2040 2944
650 182 823 215 Officium
848 180 1021 214 votivum
1046 179 1092 212 dc
1117 178 1267 212 Sanctis
1292 176 1461 218 Angelis.

260 283 316 324 Et
334 286 459 323 erunt
475 286 523 322 ut
538 279 839 332 complaceant
857 278 1031 331 eloquia

211 339 298 381 oris
316 338 414 379 mei:
432 338 456 363 *
475 342 518 379 et
535 335 761 378 meditatio
782 334 927 377 cordis
946 335 1031 377 mei

211 396 254 436 in
274 395 511 446 conspectu
528 398 605 434 tuo
625 404 808 444 semper,

262 450 446 493 Domine
472 448 644 502 adjutor
668 461 802 498 meus,
820 448 844 474 *
869 452 913 489 et
938 445 1032 489 red-

212 510 383 560 emptor
408 519 543 547 meus.

266 566 360 604 Ant.
393 561 602 604 Ascendit
626 562 767 602 fumus
791 562 1033 602 aromatum

212 621 254 661 in
274 621 513 673 conspectu
531 618 707 660 Domini
726 617 781 659 de
800 631 929 659 manu
948 617 1034 657 An-

211 677 307 727 geli.

265 736 361 776 Ant.
399 734 607 774 Immittet
630 731 825 783 Angelus
845 730 1035 782 Domini.

488 801 682 840 Psalmus
701 801 764 839 23.

304 849 435 891 omini
467 854 534 891 est
566 854 699 898 terra,
733 853 777 890 et
809 847 1035 901 plenitudo

324 907 429 958 ejus:
451 906 475 932 *
498 905 616 947 orbis
635 907 861 953 terrarum,
885 909 928 946 et
947 905 1036 946 uni-

214 964 329 1005 versi
349 963 421 1015 qui
439 962 637 1004 habitant
654 962 698 1003 in
718 974 781 1003 eo.

267 1020 377 1071 Quia
403 1019 497 1072 ipse
526 1031 657 1072 super
680 1018 816 1059 meria
840 1017 1037 1060 fundavit

217 1077 371 1119 eumz*
392 1081 435 1118 et
463 1088 594 1128 super
618 1075 795 1116 flumina
818 1076 1037 1128 praepare-

216 1134 278 1175 vit
297 1145 405 1174 eum.

268 1189 374 1240 Quis
407 1188 613 1230 ascendet
649 1188 693 1228 in
724 1191 918 1229 montem
950 1187 1037 1228 Do-

216 1244 341 1287 mini?
359 1246 383 1271 *
403 1250 477 1287 aut
496 1245 592 1297 quis
611 1244 744 1286 stabit
761 1245 805 1285 in
823 1244 922 1286 loco
942 1256 1036 1285 san-

218 1307 290 1344 cto
311 1300 423 1354 ejus?

268 1360 484 1399 Innocens
532 1357 732 1399 manibus
782 1362 826 1399 et
873 1356 1036 1398 mundo

220 1415 367 1464 corde,
394 1415 417 1441 *
446 1414 519 1467 qui
545 1427 633 1455 non
657 1414 826 1466 accepit
852 1414 896 1454 in
923 1425 1036 1454 vano

221 1472 406 1513 animam
425 1484 562 1520 suam,
585 1483 666 1512 nec
690 1471 846 1522 juravit
867 1470 911 1511 in
935 1469 1038 1511 dolo

221 1528 421 1581 proximo
443 1540 533 1569 suo.

271 1585 356 1626 Hic
396 1584 580 1637 accipiet
621 1583 971 1626 benedictionem
1015 1595 1040 1623 a

220 1641 425 1683 Domino:
438 1641 462 1666 *
478 1645 522 1682 et
539 1640 882 1682 misericordiam
900 1652 926 1681 a
943 1639 1040 1681 Deo

222 1697 401 1739 salutari
420 1710 510 1738 suo.

272 1755 382 1795 Haec
409 1759 476 1796 est
502 1754 726 1805 generatio
756 1753 1042 1806 quaerentium

222 1823 359 1908 lumb
373 1811 396 1837 *
434 1811 719 1863 quaerentium
768 1810 924 1852 faciem
958 1809 1043 1851 Dei

249 1879 328 1908 aco
362 1899 370 1907 .

275 1923 477 1965 Attollite
521 1928 673 1975 portas
717 1922 937 1976 principes
973 1935 1042 1964 ve-

225 1983 354 2029 stras,
383 1984 427 2021 et
451 1979 678 2021 elevemini
701 1985 842 2032 portae
863 1981 1043 2022 aeterna-

223 2035 301 2078 les:
319 2036 343 2062 *
363 2040 406 2077 et
423 2035 619 2078 introibit
637 2036 734 2078 Rex
753 2036 915 2087 gloriae.

277 2093 382 2143 Quis
408 2097 474 2134 est
494 2092 576 2134 iste
594 2093 691 2134 Rex
709 2091 883 2143 gloriae?
907 2094 931 2119 *
955 2093 1044 2134 Do-

225 2149 364 2190 minus
395 2148 521 2190 fortis
553 2153 597 2190 et
627 2154 799 2201 potens:
830 2149 1044 2191 Dominus

226 2210 383 2257 potens
401 2205 444 2246 in
461 2205 625 2258 praelio.

279 2261 479 2303 Attollite
523 2267 675 2314 portas
720 2262 939 2315 principes
975 2274 1044 2304 ve-

229 2321 356 2366 stras,
384 2322 427 2359 et
451 2317 678 2359 elevemini
699 2324 841 2371 portae
866 2320 1046 2360 aeternaei-

227 2372 306 2414 les:
323 2374 347 2400 *
366 2378 409 2414 et
427 2373 622 2416 introibit
641 2375 737 2417 Rex
755 2375 917 2426 gloriae.

281 2429 386 2478 Quis
410 2434 477 2470 est
499 2430 582 2472 iste
600 2431 697 2472 Rex
725 2430 898 2482 gloriae?
917 2433 941 2457 ¹⁸¹
959 2432 1047 2473 Do-

229 2485 369 2549 minus
392 2485 600 2527 virtutum
626 2487 720 2539 ipse
748 2493 815 2529 est
838 2489 935 2529 Rex
957 2488 1046 2539 glo-

230 2553 316 2582 r1ae.

282 2596 375 2635 Ant.
427 2597 627 2640 immittet
655 2600 846 2651 Angelus
873 2601 1048 2643 Domini

228 2652 271 2692 in
295 2651 476 2694 circuitu
499 2653 740 2696 timentium
764 2669 877 2709 eum,
903 2663 946 2699 et
971 2659 1048 2699 eri-

228 2709 319 2761 piet
337 2721 425 2750 eos.

1139 281 1237 321 Ant.
1265 275 1515 318 Laudemus
1534 276 1780 319 Dominum.

1352 338 1549 378 Psalmus
1569 339 1632 378 33.

1173 389 1396 433 enedicam
1429 390 1666 432 Dominum
1707 390 1752 431 in
1792 391 1909 432 omni

1195 449 1409 500 tempore:
1435 447 1460 473 *
1487 459 1662 500 semper
1691 446 1786 488 laus
1818 448 1909 499 ejus

1084 505 1128 546 in
1157 517 1234 546 ore
1261 517 1372 546 meo.

1134 561 1185 602 In
1193 561 1384 602 Domino
1391 558 1641 602 laudebitur
1649 560 1793 601 anima
1799 572 1910 602 mea:

1086 618 1110 644 *
1129 616 1308 659 audiant
1326 617 1552 665 mansueti,
1572 621 1615 658 et
1633 616 1846 658 laetentur.

1137 674 1416 725 Magnificate
1429 674 1667 715 Dominum
1684 686 1871 715 mecum:
1886 673 1911 700 *

1088 737 1131 774 et
1168 731 1410 774 exaltemus
1444 744 1606 773 nomen
1643 732 1733 783 ejus
1769 731 1813 771 in
1848 729 1909 772 id-

1087 791 1242 842 ipsum.

1139 846 1367 898 Exquisivi
1375 845 1623 895 Dominum,
1637 849 1681 887 et
1691 843 1914 886 exaudivit

1087 916 1174 945 me:
1199 903 1223 929 *
1250 907 1293 944 et
1318 916 1373 944 ex
1401 902 1601 945 omnibus
1625 901 1912 944 tribulationi-

1088 960 1172 1002 bus
1189 960 1298 1002 meis
1315 961 1474 1014 eripuit
1491 972 1573 1001 me.

1140 1016 1353 1059 Accedite
1386 1017 1442 1059 ad
1475 1030 1575 1058 eum
1586 1016 1671 1067 ‚ciet
1702 1016 1912 1058 illumina-

1088 1073 1210 1114 mini:
1238 1074 1262 1101 *
1287 1078 1330 1115 et
1356 1074 1490 1116 facies
1509 1078 1670 1115 vestrae
1697 1085 1786 1115 non
1813 1085 1912 1115 con-

1090 1129 1333 1172 fundentur.

1140 1186 1232 1228 Iste
1242 1200 1360 1240 paup
1365 1200 1411 1229 er
1421 1186 1636 1237 clamavit,
1647 1191 1692 1229 et
1698 1186 1914 1228 Dominus

1091 1243 1312 1285 exaudivit
1332 1257 1447 1285 eum:
1461 1244 1486 1270 *
1501 1248 1544 1286 et
1559 1242 1614 1285 de
1629 1242 1829 1285 omnibus
1843 1243 1914 1284 tri-

1089 1300 1386 1342 bulationibus
1406 1301 1496 1352 ejus
1515 1300 1700 1342 salvavit
1719 1313 1830 1342 eum.

1141 1358 1353 1399 Immittet
1367 1357 1563 1409 Angelus
1580 1357 1758 1398 Domini
1774 1357 1819 1398 in
1838 1356 1915 1399 cir·

1093 1414 1213 1456 cuitu
1231 1414 1476 1456 timentium
1500 1426 1618 1455 eum:
1641 1415 1666 1441 *
1691 1418 1735 1456 et
1761 1413 1917 1466 eripiet

1093 1482 1181 1512 eos.

1146 1526 1333 1569 Gustate
1356 1532 1399 1569 et
1422 1526 1569 1569 videte
1592 1527 1798 1579 queniam
1821 1528 1916 1568 sua-

1092 1584 1158 1626 vis
1187 1588 1254 1626 est
1271 1583 1503 1625 Dominus:
1526 1583 1550 1610 *
1566 1583 1723 1626 beatus
1747 1583 1823 1632 vir,
1842 1582 1918 1635 qui

1094 1645 1241 1693 sperat
1266 1640 1310 1681 in
1338 1653 1403 1682 eo.

1144 1697 1315 1740 Timete
1337 1697 1575 1739 Dominum
1602 1709 1753 1739 omnes
1780 1695 1919 1737 sancti

1096 1756 1204 1806 eius:
1239 1754 1263 1781 *
1304 1754 1510 1807 quoniam
1543 1767 1632 1796 non
1669 1757 1736 1795 est
1770 1752 1918 1805 inopia

1094 1811 1346 1853 timentibus
1375 1824 1484 1853 eum.

1148 1868 1317 1910 Divites
1346 1869 1556 1919 eguerunt
1586 1871 1630 1909 et
1661 1865 1918 1908 esurierunt:

1094 1925 1118 1952 *
1135 1925 1406 1978 inquirentes
1421 1929 1568 1966 autem
1581 1923 1818 1965 Dominum
1830 1933 1919 1963 non

1095 1983 1342 2024 minuentur
1361 1982 1478 2023 omni
1494 1981 1624 2023 bono.

1146 2039 1306 2081 Venite
1320 2038 1408 2088 filii,
1424 2037 1571 2080 audite
1586 2050 1671 2079 me:
1683 2037 1708 2063 *
1718 2037 1919 2078 timerem

1095 2095 1274 2138 Domini
1293 2094 1463 2137 docebo
1484 2107 1573 2136 vos,

1149 2153 1256 2203 Quis
1277 2156 1343 2193 est
1364 2151 1497 2193 homo
1524 2151 1598 2203 qui
1620 2150 1713 2192 vult
1730 2149 1878 2191 vitam:
1896 2147 1921 2173 *

1099 2209 1237 2260 diligit
1256 2208 1349 2250 dies
1368 2208 1517 2250 videre
1534 2206 1700 2249 bonos?

1148 2264 1339 2306 Prohibe
1357 2265 1548 2316 linguam
1566 2268 1687 2306 tuam
1706 2275 1731 2304 a
1748 2261 1879 2302 malo:
1897 2260 1921 2286 ¹⁸¹

1099 2327 1142 2364 et
1160 2322 1275 2363 labia
1293 2327 1368 2364 tua
1386 2335 1440 2364 ne
1459 2322 1694 2374 loquentur
1713 2318 1872 2361 dolum.

1150 2379 1329 2420 Diverte
1349 2391 1374 2420 a
1395 2378 1522 2427 malo,
1549 2382 1592 2419 et
1613 2377 1681 2418 fac
1698 2376 1880 2418 bonum:
1898 2374 1922 2400 *

1098 2436 1267 2488 inquire
1286 2448 1454 2488 pacem,
1474 2439 1517 2476 et
1532 2435 1795 2487 persequere
1815 2445 1922 2473 eam.

1152 2491 1279 2533 Oculi
1297 2491 1474 2533 Domini
1498 2502 1631 2543 super
1653 2490 1805 2541 justos:
1830 2489 1854 2514 *
1879 2491 1923 2529 et

1100 2561 1226 2590 aures
1247 2548 1338 2599 eius
1356 2548 1399 2588 in
1418 2559 1572 2599 preces
1593 2547 1754 2587 eorum.

1152 2603 1312 2645 Vultus
1340 2608 1485 2645 autem
1502 2601 1680 2643 Domini
1707 2613 1840 2654 super
1866 2599 1924 2641 fa·

1103 2660 1265 2701 cientes
1283 2658 1412 2700 mala:
1436 2659 1459 2684 *
1483 2663 1532 2699 ut
1555 2657 1712 2711 perdat
1732 2655 1787 2698 de
1809 2661 1925 2698 terra

1101 2715 1355 2758 memoriam
1383 2716 1542 2756 eorum.
