2040 2944
476 149 547 182 Die

184 247 293 288 duit:
334 246 446 286 hanc
483 245 526 285 in
562 243 806 286 Ezechielis
843 243 1012 285 visione

184 302 419 344 Orientalis
451 306 597 354 porta,
640 313 740 353 quae
777 299 884 341 nulli
922 313 1011 341 um·

184 372 315 412 quam
332 358 483 411 patuit,
503 357 813 410 praesignabat.

236 412 285 461 R·
323 414 543 455 Nativitas
580 418 656 455 tua
693 413 778 454 Dei
812 412 1013 454 Genitrix

181 472 321 522 Virgo
357 469 567 521 gaudium
607 469 881 511 annuntiavit
920 469 1010 510 uni-

181 530 309 569 verso
341 525 522 568 mundo:
540 524 562 546 *
583 527 650 568 Ex
676 532 720 568 te
747 526 862 567 enim
888 530 1012 567 ortus

181 590 248 626 est
267 583 335 626 sol
354 583 548 635 justitiae,
573 583 772 624 Christus
790 582 913 624 Deus
936 594 1010 623 no-

181 645 286 682 ster:
301 636 322 657 *
341 640 426 690 Qui
444 640 621 682 solvens
640 637 1011 681 maledictionem:

181 696 303 739 dedit
338 695 707 738 benedictionem:
750 699 794 736 et
833 694 1012 736 confun-

181 753 288 795 dens
306 758 506 802 mortem,
528 752 711 794 donavit
728 750 858 793 nobis
877 751 1012 792 vitam

180 810 503 863 sempiternam.
540 801 591 853 V
618 807 862 850 Benedicta
892 813 941 850 tu
967 808 1012 848 in

179 865 454 915 mulieribus,
483 870 526 907 et
553 864 813 906 benedictus
843 864 1012 906 fructus

179 923 343 964 ventris
362 922 437 964 tui.
470 921 549 962 Ex.
582 921 732 963 Gloria
751 921 882 963 Patri.
916 921 1012 971 Qui.

392 993 440 1031 In
469 994 539 1032 ΙΙΙ.
565 994 790 1034 Nocturno.

180 1057 332 1099 Lectio
357 1057 497 1098 sancti
517 1056 746 1108 Evangelii
769 1056 1012 1098 secundum

459 1114 728 1156 Matthaeum.

256 1177 410 1218 Lectio
432 1180 499 1219 vii.
782 1180 884 1231 Cap.
901 1182 930 1220 1.

179 1232 353 1339 Liber
383 1235 680 1287 generationis
711 1235 816 1276 Jesu
849 1234 1012 1277 Christi

275 1293 354 1334 filii
371 1292 531 1343 David,
555 1292 633 1333 filii
651 1291 888 1334 Abraham.
923 1292 1011 1334 Ab·

179 1350 331 1391 raham
356 1349 506 1401 genuit
530 1350 667 1390 Isaac.
708 1349 835 1390 Isaac
864 1354 1011 1391 autem

177 1407 326 1457 genuit
344 1406 494 1448 Jacob.
521 1406 578 1446 Et
595 1405 776 1458 reliqua.

212 1481 402 1523 Homilia
421 1480 561 1523 sancti
579 1479 737 1521 Hilarii
755 1480 979 1534 Episcopi.

310 1543 519 1579 Coniment.
537 1546 574 1579 in
592 1546 723 1580 Matth.
743 1556 824 1580 can.
844 1546 872 1579 1.

187 1631 191 1633 .
212 1603 458 1654 &tessus
511 1611 641 1651 quem
683 1596 920 1640 Matthaeus
966 1599 1010 1640 in

211 1644 303 1712 {ngss
328 1655 481 1697 ordine
531 1655 664 1706 regiae
715 1656 1010 1698 successionis

236 1711 260 1734 ·’-’
275 1711 297 1735 2⁸³
327 1710 536 1762 ediderat,
556 1718 601 1754 et
621 1726 752 1765 quem
766 1713 910 1754 Lucas
929 1725 1010 1765 per

176 1767 498 1810 sacerdotalem
523 1767 723 1811 ordinem
750 1769 1009 1819 dinumerat,

173 1826 359 1876 uterque
405 1826 685 1876 agnationem
730 1827 774 1867 in
815 1826 1008 1867 Domino

174 1880 403 1933 utriusque
430 1881 571 1923 tribus
601 1883 838 1934 significat,
872 1887 917 1924 et
943 1895 1007 1924 re-

173 1942 258 1978 ctae
302 1938 599 1988 generationis
640 1939 826 1990 gradum
866 1939 1008 1992 ponit:

176 1995 278 2046 quia
310 1992 597 2036 sacerdotalis
629 2001 674 2038 et
705 1996 839 2048 regiae
867 1995 1008 2038 tribus

176 2052 383 2100 societas,
425 2062 505 2102 per
537 2051 685 2093 David
718 2065 772 2093 ex
803 2053 1007 2105 conjugio

173 2106 295 2156 inita,
314 2107 399 2158 jam
419 2119 444 2148 a
463 2107 672 2150 Salathiel
691 2108 735 2149 in
754 2109 1008 2151 Zorobabel

173 2162 458 2204 confirmatur
483 2175 538 2204 ex
561 2166 732 2215 genere.
764 2165 915 2217 Atque
934 2165 1006 2216 ita,

173 2218 278 2260 dum
322 2219 558 2262 Matthaeus
603 2223 832 2274 paternam
878 2222 1006 2273 origi-

174 2287 285 2324 nem,
306 2288 405 2327 quae
426 2289 480 2318 ex
494 2277 518 2318 J
522 2276 610 2319 uda
627 2278 1006 2330 proficiscebatur,

173 2333 388 2381 recenset3
435 2333 578 2375 Lucas
623 2347 729 2376 vero
775 2337 1006 2388 acceptum

173 2400 253 2439 per
278 2387 454 2430 Nathan
490 2403 544 2431 ex
575 2390 693 2433 tribu
726 2390 836 2432 Levi
867 2404 1005 2442 genus

174 2442 345 2486 edocet:
373 2445 463 2487 suis
487 2448 673 2498 uterque
697 2446 897 2499 partibus
915 2448 1004 2489 Do-

173 2500 291 2542 mino
316 2506 470 2543 nostro
489 2502 595 2544 Jesu
620 2503 812 2554 Christo,
840 2504 915 2555 qui
938 2509 1006 2546 est

174 2558 364 2598 aeternus
384 2563 427 2599 et
443 2558 541 2600 Rex
561 2563 605 2600 et
623 2559 853 2609 SacerdOS,
872 2560 1004 2601 etiam

174 2612 216 2652 in
245 2613 410 2654 carnali
443 2619 543 2655 ortu
572 2615 803 2667 utriusque
831 2616 1003 2666 generis

173 2668 358 2718 gloriam
375 2669 684 2721 probaverunt.

574 149 620 181 11.
646 147 748 190 Sept.
796 147 939 187 Quarta
966 148 1028 181 dic
1055 148 1152 181 infra
1179 147 1258 182 Oct.
1283 148 1412 183 Nativ.
1437 149 1478 182 B.
1504 148 1551 182 M.
1576 149 1619 183 V.

1122 244 1172 294 R.
1191 242 1377 284 Beatam
1396 255 1467 284 me
1487 242 1636 284 dicent
1656 255 1808 285 omnes
1827 256 1897 294 ge-

1065 299 1330 341 nerationes:
1358 302 1380 325 ³*
1407 299 1520 349 Quia
1549 299 1655 342 fecit
1680 299 1786 341 mihi
1809 300 1898 341 Do-

1065 355 1207 396 minus
1239 368 1399 407 magna
1433 355 1509 408 qui
1540 360 1702 408 potens
1735 361 1821 406 est,
1855 361 1900 398 et

1065 417 1266 454 sanctum
1290 425 1452 454 nomen
1478 412 1580 464 ejus.
1620 406 1670 459 V.
1692 413 1750 455 Et
1772 413 1898 454 mise-

1065 466 1257 510 ricordia
1280 469 1372 520 ejus
1397 481 1422 509 a
1444 467 1691 521 progenie
1680 482 1724 510 m
1743 471 1899 522 proge—

1065 524 1159 566 nies
1177 524 1432 567 timentibus
1451 537 1563 566 eum.
1591 524 1715 575 Quia.

1355 580 1508 621 Lectio
1530 580 1613 620 viii.

1150 637 1242 679 uod
1266 650 1373 680 vero
1393 638 1418 679 J
1420 637 1563 691 oseph
1588 637 1739 691 potius
1766 649 1900 690 quam

1159 693 1312 736 Mariae
1330 694 1537 736 nativitas
1555 695 1820 744 recensetur,
1838 693 1899 735 ni·

1065 748 1126 790 hil
1154 750 1306 792 refert:
1339 750 1496 792 eadem
1524 750 1642 792 enim
1670 755 1737 792 est
1763 751 1900 792 totius

1064 805 1206 848 tribus
1226 811 1360 859 atque
1383 820 1470 849 una
1490 809 1711 858 cognatio.
1743 806 1900 848 Exem-

1065 862 1188 915 plum
1225 868 1374 905 autem
1414 864 1547 906 etiam
1582 862 1820 906 Matthaeus
1857 867 1901 905 et

1065 919 1208 961 Lucas
1245 919 1482 971 dederunt,
1523 925 1674 974 patres
1710 920 1901 962 invicem

1065 975 1354 1029 appellantes,
1367 989 1457 1018 non
1472 982 1564 1019 tam
1577 978 1750 1029 genere,
1768 990 1901 1029 quam

1064 1038 1210 1083 gente:
1244 1033 1347 1085 quia
1379 1033 1435 1075 ab
1460 1039 1554 1075 'una
1584 1033 1704 1076 tribu
1736 1039 1900 1086 coepta,

1065 1089 1147 1130 sub
1172 1091 1300 1130 unius
1326 1090 1621 1132 successionis
1650 1095 1694 1132 et
1720 1089 1900 1140 originis

1065 1145 1230 1186 familia
1261 1146 1520 1188 continetur.
1562 1146 1673 1188 Cum
1705 1146 1821 1188 enim
1851 1146 1898 1186 fi-

1064 1201 1148 1243 lius
1162 1201 1310 1244 David
1325 1207 1458 1255 atque
1473 1202 1668 1245 Abrahae
1684 1203 1740 1245 sit
1755 1207 1898 1245 osten-

1066 1258 1248 1308 dendus
1267 1259 1328 1300 ita
1342 1259 1580 1302 Matthaeus
1596 1260 1747 1312 coepit:
1765 1259 1900 1302 Liber

1064 1315 1364 1366 generationis
1387 1315 1413 1357 J
1415 1329 1494 1358 esu
1519 1315 1683 1358 Christi
1711 1316 1790 1357 filii
1813 1316 1898 1357 Da-

1065 1371 1149 1421 vid,
1168 1371 1248 1412 filii
1267 1371 1505 1414 Abraham.

1120 1430 1170 1479 R.
1194 1428 1321 1470 Felix
1344 1442 1536 1482 namque
1561 1442 1624 1481 es,
1651 1442 1778 1471 sacra
1799 1429 1898 1471 Vir-

1063 1498 1121 1536 go
1140 1485 1298 1535 Maria,
1327 1491 1371 1528 et
1396 1486 1515 1528 omni
1539 1485 1671 1528 laude
1697 1486 1898 1537 dignissi-

1063 1555 1150 1583 ma:
1173 1541 1195 1565 *
1217 1542 1330 1592 Quia
1355 1555 1410 1584 ex
1434 1548 1480 1585 te
1506 1547 1631 1585 ortus
1656 1547 1725 1585 est
1747 1542 1850 1584 sol
1838 1556 1898 1595 Ju-

1064 1599 1212 1650 stitiae,
1258 1599 1281 1623 *
1327 1599 1526 1641 Christus
1567 1599 1691 1641 Deus
1733 1604 1898 1642 noster.

1064 1647 1114 1699 V.
1137 1656 1228 1698 Ora
1251 1669 1334 1709 pro
1358 1656 1544 1710 populo,
1572 1656 1790 1698 interveni
1812 1669 1896 1709 pro

1064 1712 1199 1763 clero,
1226 1712 1453 1755 intercede
1475 1725 1559 1766 pro
1586 1712 1751 1755 devoto
1777 1712 1896 1755 femi-

1063 1781 1147 1811 neo
1166 1782 1291 1811 sexu:
1314 1770 1504 1812 sentiant
1522 1782 1675 1812 omnes
1693 1774 1819 1811 tuum
1837 1769 1896 1821 ju-

1062 1828 1230 1877 vamen,
1251 1826 1516 1879 quicumque
1535 1825 1762 1868 celebrant
1774 1830 1897 1868 tuam

1063 1888 1260 1925 sanctam
1287 1883 1587 1926 Nativitatem.
1624 1883 1748 1933 Quia.
1791 1882 1896 1924 Glo-

1062 1939 1126 1981 ria
1143 1939 1276 1982 Patri.
1306 1939 1517 1982 Christus.

1105 1995 1182 2030 Pro
1207 1995 1263 2031 Ss.
1286 1996 1395 2031 Mart.
1419 1996 1538 2031 Proto
1564 2002 1600 2031 et
1623 1997 1859 2042 Hyacinthe.

1365 2047 1519 2090 Lectio
1539 2049 1593 2089 ix.

1074 2121 1127 2161 si>
1151 2114 1276 2150 rotus
1295 2123 1297 2125 ¹
1317 2113 1362 2150 et
1402 2106 1680 2160 Hyacinthus
1719 2107 1894 2158 fratres,

1089 2166 1136 2203 lav'
1173 2164 1318 2207 beatae
1357 2165 1567 2216 Eugeniae
1603 2164 1785 2215 virginis
1821 2177 1892 2206 eu-

1059 2221 1202 2272 nuchi,
1220 2235 1308 2263 una
1327 2235 1427 2263 cum
1445 2221 1520 2263 illa
1539 2220 1595 2263 ab
1611 2220 1784 2262 Heleno
1804 2223 1893 2274 epi-

1060 2290 1201 2331 scopo
1225 2277 1458 2331 baptizati,
1491 2290 1544 2319 ac
1568 2276 1728 2319 studiis
1754 2276 1894 2319 dediti

1060 2333 1308 2376 divinarum
1330 2334 1594 2383 litterarum,
1622 2332 1893 2385 aliquamdiu

1058 2391 1102 2432 in
1125 2391 1323 2444 AEgypto
1348 2391 1462 2433 inter
1486 2391 1658 2432 ascetas
1681 2390 1792 2431 mira
1814 2389 1891 2431 hu-

1058 2447 1244 2490 militate
1260 2452 1304 2490 et
1314 2447 1418 2489 vitae
1431 2446 1667 2488 sanctitate
1677 2446 1892 2488 vixerunt.

1058 2503 1147 2546 Sed
1169 2506 1329 2557 postea
1351 2508 1550 2545 sanctam
1574 2503 1791 2554 virginem
1806 2503 1891 2544 Eu-

1057 2561 1230 2611 geniam
1272 2561 1461 2602 Romam
1499 2559 1743 2612 prosecuti,
1790 2559 1891 2601 Gal-

1058 2617 1174 2658 lieno
1193 2617 1476 2669 imperatore,
1499 2617 1543 2656 in
1563 2615 1682 2658 Urbe
1705 2621 1892 2669 propter

1058 2673 1307 2715 christianae
1322 2672 1427 2714 fidei
1437 2672 1762 2725 professionem
1773 2684 1890 2715 com-
