2040 2944
197 227 262 262 192

196 323 290 372 Dei,
311 335 409 374 quae
429 321 542 362 facta
562 325 662 361 sunt
681 332 784 370 erga
802 320 1022 371 parentes:

198 385 241 421 et
270 378 388 431 quod
417 377 496 418 sub
523 375 820 418 Sennacherib
848 380 1021 416 centum

198 437 421 485 octoginta
436 434 627 485 quinque
641 433 775 473 millia
787 432 1022 485 perierunt.

254 495 301 543 lif„
326 491 599 532 Ornaverunt
619 489 785 530 faciem.
804 489 891 529 164.

503 547 652 586 Lectio
676 547 726 585 iii.

200 600 332 705 His
381 602 526 644 verbis
577 603 829 643 constantes
880 599 1023 642 effecti

306 664 420 708 sunt,
447 664 491 700 et
509 671 592 711 pro
612 657 796 709 legibus,
820 662 863 698 et
882 656 1024 709 patria

196 716 307 757 mori
332 715 486 767 parati.
521 714 757 756 Constituit
775 715 923 764 itaque
942 712 1023 753 fra-

196 778 285 814 tres
306 785 410 813 suos
434 771 568 813 duces
588 773 761 822 utrique
781 769 938 816 ordini,
963 769 1023 810 Si-

196 831 381 878 monem,
402 833 445 869 et
463 828 487 868 J
491 827 716 880 osephum,
737 832 779 868 et
795 826 819 867 J
823 825 1024 874 onathan,

197 884 403 937 subjectis
457 884 691 935 unicuique
743 882 928 923 millenis
982 887 1024 923 et

199 941 511 994 quingentenis.
573 939 645 982 Ad
680 939 765 981 hoc
801 939 931 981 etiam
967 938 1022 980 ab

197 998 339 1039 Esdra
371 998 487 1039 lecto
520 997 604 1038 illis
634 1001 786 1038 sancto
815 995 944 1045 libro,
982 1000 1025 1037 et

198 1054 302 1096 dato
324 1054 447 1105 signo
473 1053 675 1105 adjutorii
695 1052 795 1102 Dei,
822 1052 865 1092 in
884 1052 1025 1105 prima

199 1111 292 1152 acie
316 1111 412 1163 ipse
436 1109 525 1151 dux
545 1109 761 1152 commisit
781 1122 879 1150 cum
897 1108 1023 1150 Nica-

198 1180 315 1208 nore.
346 1167 403 1208 Et
423 1167 539 1208 facto
560 1166 643 1207 sibi
663 1165 860 1217 adjutore
879 1165 1023 1206 Omni-

197 1225 392 1276 potente,
437 1223 747 1264 interfecerunt
783 1234 915 1274 super
951 1234 1025 1262 no-

199 1293 297 1321 vem
315 1279 449 1321 millia
467 1280 706 1321 hominum:
727 1279 934 1330 majorem
954 1291 1024 1319 au-

198 1342 287 1378 tem
327 1341 499 1389 partem
540 1335 758 1377 exercitus
794 1335 1026 1376 Nicanoris

199 1393 451 1434 vulneribus
477 1392 666 1434 debilem
690 1392 849 1433 factam
875 1391 1025 1442 fugere

200 1449 515 1502 compulerunt.
574 1449 774 1490 Pecuniis
811 1461 916 1489 vero
955 1450 1025 1489 eo-

199 1519 312 1554 rum,
347 1506 421 1557 qui
453 1504 510 1547 ad
538 1505 803 1557 emptionem
830 1505 1027 1557 ipsorum

200 1564 424 1612 venerant,
468 1561 666 1611 sublatis,
707 1562 829 1614 ipsos
871 1574 1026 1613 usque-

201 1621 376 1670 quaque
395 1618 617 1671 persecuti
637 1623 747 1667 sunt,
766 1616 845 1659 sed
864 1618 1027 1659 reversi

201 1680 300 1716 sunt
319 1675 428 1716 hora
448 1675 658 1716 conclusi:
684 1687 783 1715 nam
811 1680 904 1716 erat
927 1679 1027 1715 ante

201 1731 448 1773 sabbatum:
481 1744 611 1784 quam
645 1731 702 1772 ob
736 1744 912 1772 causam
940 1744 1027 1772 non

200 1790 594 1840 perseveraverunt
620 1788 911 1839 insequentes.
947 1789 1027 1829 Ar-

201 1858 272 1885 ma
291 1850 437 1886 autem
458 1845 672 1897 ipsorum,
699 1850 742 1886 et
767 1844 908 1897 spolia
927 1857 1027 1886 con-

201 1903 447 1952 gregantes,
474 1901 705 1943 sabbatum
725 1901 927 1951 agebant:
955 1901 1026 1943 be-

201 1956 455 1999 nedicentes
483 1958 736 2007 Dominum,
767 1957 841 2009 qui
872 1957 1027 1999 libera-

202 2014 264 2055 vit
296 2026 372 2055 eos
403 2014 447 2054 in
479 2014 564 2055 isto
594 2013 682 2063 die,
714 2014 1029 2056 misericordiae

202 2070 369 2111 initium
388 2070 555 2112 stillans
574 2070 617 2110 in
637 2083 724 2112 eos.
751 2070 858 2112 Post
875 2070 1029 2112 sabba-

201 2132 294 2168 tum
325 2139 430 2168 vero
464 2126 701 2176 debilibus,
734 2132 778 2168 et
810 2127 1029 2179 orphanis,

203 2188 246 2224 et
264 2182 406 2224 viduis
427 2182 665 2225 diviserunt
685 2183 840 2236 spolia:
864 2188 907 2225 et
926 2186 1028 2225 resi-

204 2239 289 2281 dua
306 2240 390 2292 ipsi
409 2253 507 2282 cum
526 2240 615 2281 suis
634 2239 836 2282 habuere.

254 2298 303 2347 Ιίι.
331 2297 381 2337 In
399 2296 580 2349 hymnis.
600 2297 689 2338 164.

414 2409 577 2445 Feria
606 2409 818 2456 Quinta.

203 2461 269 2502 De
297 2460 409 2502 libro
439 2461 632 2503 secundo
661 2461 1029 2505 Machabaeorum

307 2517 456 2557 Lectio
478 2518 500 2557 i
768 2521 814 2559 (Σ
817 2532 869 2569 lp.
886 2520 923 2558 1).

268 2576 425 2618 odem
456 2580 654 2630 tempore
687 2578 933 2620 Antiochus
969 2579 1028 2620 in-

315 2633 497 2675 honeste
522 2635 823 2677 revertebatur
849 2635 903 2676 de
929 2636 1029 2676 Per-

205 2665 583 2731 side.1ntraverat
603 2691 715 2732 enim
734 2692 778 2732 in
798 2704 910 2741 eam,
931 2704 1030 2743 quae

205 2746 363 2788 dicitur
388 2746 653 2799 Persepolis,
679 2753 726 2789 et
750 2724 935 2790 tentavit
961 2760 1030 2789 ex-

712 223 810 255 Insra
839 222 1130 255 llebclomzulam
1159 232 1188 253 v.
1215 221 1403 254 octobris.

1076 316 1268 369 spoliare
1311 317 1540 370 templum,
1593 322 1636 360 et
1682 318 1903 360 civitatem

1076 376 1339 426 opprimere:
1394 373 1473 416 sed
1522 373 1800 416 multitudine
1847 374 1904 416 ad

1075 443 1195 471 arma
1223 432 1520 479 concurrente,
1548 431 1591 471 in
1616 431 1764 482 fugam
1786 431 1903 473 versi

1076 492 1190 528 sunt:
1219 492 1263 528 et
1290 487 1350 528 ita
1377 487 1561 537 contigit
1586 492 1633 529 ut
1659 486 1903 529 Antiochus

1075 548 1179 595 post
1215 543 1361 594 fugam
1397 543 1586 595 turpiter
1621 543 1794 585 rediret.
1847 543 1904 585 Et

1076 612 1175 640 cum
1195 602 1385 641 venisset
1405 600 1521 641 circa
1538 599 1821 650 Ecbatanam,
1839 613 1903 642 re-

1077 657 1283 707 cognovit
1309 669 1407 708 quae
1427 669 1530 707 erga
1548 656 1833 706 Nicanorem,
1862 662 1905 698 et

1075 712 1356 754 Timotheum
1374 719 1499 763 gesta
1519 718 1629 754 sunt.
1661 712 1814 754 Elatus
1833 725 1904 754 au-

1075 774 1165 810 tem
1196 769 1240 809 in
1271 769 1352 818 ira,
1392 768 1686 812 arbitrabatur
1719 782 1766 811 se
1799 769 1903 821 inju-

1076 825 1183 866 riam
1215 825 1406 874 illorum,
1445 826 1519 877 qui
1556 838 1602 867 se
1639 826 1904 877 fugaverant,

1076 894 1208 933 posse
1227 882 1270 922 in
1289 881 1314 922 J
1316 881 1470 923 udaeos
1490 884 1761 934 retorquere:
1785 881 1903 924 ideo-

1078 950 1163 990 que
1199 938 1323 989 jussit
1358 938 1513 989 agitari
1551 951 1724 980 currum
1761 952 1903 988 suum,

1077 995 1171 1035 sine
1190 995 1511 1036 intermissione
1537 1007 1670 1046 agens
1689 996 1790 1045 iter,
1818 1008 1903 1037 coe·

1076 1050 1175 1092 lesti
1208 1063 1307 1092 eum
1340 1050 1500 1102 judicio
1533 1054 1812 1103 perurgente,
1851 1064 1904 1093 eo

1078 1106 1198 1159 quod
1235 1107 1296 1148 ita
1332 1106 1520 1160 superbe
1553 1107 1727 1149 locutus
1760 1113 1827 1150 est
1858 1120 1906 1149 se

1078 1167 1308 1205 venturum
1327 1164 1351 1204 J
1355 1163 1664 1216 erosolymam,
1689 1169 1732 1206 et
1752 1166 1907 1216 conge-

1078 1220 1185 1261 riem
1210 1220 1432 1272 sepulchri
1451 1220 1476 1260 J
1478 1219 1707 1262 udaeorum
1732 1234 1829 1262 eam
1847 1220 1907 1262 fa-

1079 1280 1260 1318 cturum.

1132 1337 1180 1388 R.
1209 1333 1454 1386 Adaperiat
1473 1333 1699 1374 Dominus.
1719 1333 1804 1374 187.

1388 1391 1422 1429 Ι
1426 1390 1539 1431 ectio
1560 1390 1599 1429 ii.

1155 1446 1210 1487 ed
1239 1446 1313 1498 qui
1344 1447 1547 1487 universa
1577 1446 1792 1500 conspicit
1819 1447 1907 1488 Do-

1167 1503 1310 1543 minus
1343 1503 1466 1544 Deus
1498 1502 1652 1553 Israel,
1691 1503 1909 1555 percussit

1081 1572 1181 1601 eum
1199 1559 1448 1609 insanabili,
1475 1564 1519 1600 et
1543 1559 1750 1601 invisibili
1767 1559 1909 1612 plaga.

1080 1616 1139 1658 Ut
1159 1616 1274 1657 enim
1293 1616 1433 1658 finivit
1451 1615 1566 1657 hunc
1585 1616 1730 1668 ipsum
1747 1619 1908 1658 sermo-

1080 1685 1190 1722 nem,
1210 1672 1502 1725 apprehendit
1522 1685 1621 1714 eum
1641 1672 1768 1714 dolor
1788 1671 1908 1714 dirus

1080 1731 1313 1779 viscerum,
1359 1734 1403 1770 et
1448 1731 1597 1770 amara
1638 1729 1908 1771 internorum

1080 1788 1315 1827 tormenta:
1356 1791 1399 1828 et
1432 1785 1609 1838 quidem
1642 1785 1749 1827 satis
1780 1786 1909 1838 juste,

1082 1842 1246 1895 quippe
1267 1842 1340 1894 qui
1359 1842 1518 1891 multis,
1538 1847 1582 1883 et
1600 1843 1728 1883 novis
1747 1842 1909 1884 crucia-

1081 1898 1197 1940 tibus
1223 1898 1409 1940 aliorum
1435 1901 1626 1940 torserat
1650 1900 1835 1948 viscera,
1862 1898 1909 1939 li-

1082 1960 1152 1996 cet
1180 1954 1252 1996 ille
1282 1955 1402 1996 nullo
1429 1953 1563 1996 modo
1589 1967 1614 1995 a
1641 1967 1720 1995 sua
1744 1954 1910 1997 malitia

1083 2014 1285 2053 cessaret.
1319 2012 1461 2064 Super
1485 2011 1572 2052 hoc
1594 2017 1742 2053 autem
1761 2013 1909 2064 super-

1081 2069 1154 2110 bia
1172 2068 1383 2121 repletus,
1408 2069 1554 2119 ignem
1573 2068 1744 2120 spirans
1764 2068 1910 2109 animo

1082 2126 1125 2166 in
1153 2125 1351 2175 Judaeos,
1386 2130 1429 2166 et
1455 2125 1718 2177 praecipiens
1746 2124 1909 2166 accele-

1082 2183 1169 2223 rari
1196 2182 1437 2233 negotium,
1471 2181 1654 2232 contigit
1684 2181 1806 2223 illum
1834 2184 1909 2222 im-

1082 2243 1189 2292 petu
1216 2242 1392 2280 euntem
1421 2238 1475 2280 de
1505 2251 1635 2280 curru
1663 2237 1839 2288 cadere,
1868 2244 1912 2280 et

1082 2295 1206 2347 gravi
1232 2295 1432 2348 corporis
1463 2295 1690 2336 collisione
1714 2294 1911 2337 membra

1083 2352 1242 2393 vexari.

1136 2410 1185 2460 R.
1213 2407 1431 2450 Exaudiat
1450 2407 1676 2449 Dominus.
1696 2407 1782 2447 187.

1382 2464 1535 2505 Lectio
1556 2464 1610 2503 iii.

1132 2534 1241 2573 sque
1279 2521 1353 2573 qui
1390 2520 1473 2562 sibi
1508 2519 1740 2561 videbatur
1778 2520 1911 2561 etiam

1143 2577 1349 2619 fluctibus
1368 2576 1500 2618 maris
1519 2577 1751 2629 imperare,
1779 2589 1911 2629 supra

1083 2635 1321 2676 humanum
1339 2633 1520 2675 modum
1545 2631 1752 2685 superbia
1772 2632 1909 2685 reple-

1083 2697 1170 2740 tus,
1194 2696 1238 2732 et
1260 2690 1474 2732 montium
1493 2688 1745 2731 altitudines
1764 2690 1807 2729 in
1826 2693 1909 2731 sta-

1083 2749 1178 2789 tera
1210 2745 1481 2800 appendere,
1513 2758 1628 2787 nunc
1659 2744 1910 2787 humiliatus
