2040 2944
802 230 1002 263 Dominica
1028 230 1072 264 ΙΙ.
1099 230 1340 265 Novembris.

214 340 369 377 cuncta
406 335 546 384 genua
584 330 719 370 fluent
752 340 894 380 aquae:
934 339 1037 369 ecce

211 392 343 441 venit,
377 395 420 431 et
451 388 540 436 fiet,
574 386 634 427 ait
661 385 877 426 Dominus
905 384 1037 425 Deus.

211 448 267 490 Et
303 447 441 488 factus
479 448 546 485 est
584 454 729 484 sermo
766 440 943 482 Domini
981 439 1037 481 ad

210 517 293 552 me,
314 502 477 544 dicens:
502 499 583 540 Fili
602 498 790 539 hominis
808 496 1036 550 propheta,

211 566 254 602 et
273 559 405 601 dices:
425 559 534 598 Haec
552 556 657 598 dicit
672 555 886 596 Dominus
901 554 1037 595 Deus:

210 617 424 669 Loquere:
455 613 653 662 Gladius,
682 611 854 664 gladius
881 614 1035 653 exacu-

208 679 278 714 tus
299 678 379 722 est,
397 677 440 713 et
459 671 646 712 limatus.
678 670 737 712 Ut
756 668 899 710 caedat
918 667 1036 709 victi-

208 743 317 778 mas,
355 732 565 771 exacutus
597 732 677 769 est:
713 731 761 768 ut
793 724 1035 778 splendeat,

208 786 383 828 limatus
411 791 491 827 est:
526 784 598 838 qui
630 796 783 825 moves
813 786 1036 834 sceptrum

208 842 285 883 filii
313 842 415 892 mei,
453 840 677 883 succidisti
706 851 834 881 omne
860 838 1036 889 lignum.

208 900 264 940 Et
299 898 403 942 dedi
436 912 534 940 eum
566 896 622 939 ad
654 894 950 947 levigandum,
988 899 1037 936 ut

208 959 409 998 teneatur
439 969 587 997 manu:
619 954 701 995 iste
731 955 941 994 exacutus
970 957 1036 993 est

207 1012 390 1063 gladius,
410 1018 453 1054 et
472 1012 555 1053 iste
574 1011 749 1052 limatus
769 1014 836 1051 est
855 1014 903 1050 ut
922 1009 978 1050 sit
991 1008 1035 1049 in

207 1082 339 1110 manu
359 1067 673 1110 interficientis.

262 1126 311 1178 R1.
336 1126 499 1178 Aspice
518 1125 707 1166 Domine
732 1123 786 1165 de
811 1123 916 1165 sede
941 1135 1034 1163 san-

208 1188 278 1224 cta
297 1188 387 1233 tua,
408 1188 451 1224 et
473 1182 618 1233 cogita
637 1181 692 1222 de
711 1180 852 1222 nobis:
876 1179 1035 1221 inclina

207 1240 328 1281 Deus
347 1252 470 1281 meus
491 1252 639 1280 aurem
657 1242 792 1286 tuam,
814 1242 857 1280 et
877 1235 992 1277 audi:
1012 1240 1034 1263 *

208 1297 345 1349 Aperi
366 1296 517 1338 oculos
536 1301 652 1345 tuos,
678 1300 720 1336 et
740 1293 840 1336 vide
859 1292 1035 1335 tribula-

207 1354 373 1395 tionem
398 1358 604 1394 nostram.
643 1348 692 1399 V.
726 1352 810 1402 Qui
834 1350 949 1402 regis
974 1350 1035 1390 Is-

208 1409 314 1459 rael,
350 1409 543 1458 intende,
590 1409 664 1461 qui
697 1407 881 1450 deducis
915 1406 1035 1448 velut

209 1479 337 1508 ovem
356 1467 379 1507 J
383 1466 534 1519 oseph.
563 1466 712 1519 Aperi.

510 1522 662 1562 Lectio
683 1522 737 1562 iii.

285 1580 414 1629 lama,
435 1585 478 1622 et
497 1579 615 1621 ulula
632 1579 693 1620 fili
711 1578 913 1628 hominis,
935 1578 1035 1631 quia

305 1637 375 1678 hic
402 1637 542 1678 factus
568 1641 635 1678 est
660 1636 704 1676 in
728 1635 896 1688 populo
922 1648 1034 1685 meo,

207 1693 278 1735 hic
303 1694 347 1734 in
373 1694 539 1735 cunctis
568 1692 754 1734 ducibus
779 1691 931 1741 Israel,
960 1693 1034 1744 qui

208 1750 423 1802 fugerant:
452 1749 599 1802 gladio
627 1749 778 1791 traditi
806 1754 907 1790 sunt
935 1762 1035 1790 cum

206 1807 374 1859 populo
394 1819 509 1855 meo,
534 1806 699 1848 idcirco
720 1803 881 1858 plaude
902 1818 1034 1858 super

207 1863 361 1912 femur,
391 1863 492 1914 quia
517 1862 731 1916 probatus
760 1867 842 1903 est:
870 1867 914 1903 et
937 1862 1033 1912 hoc,

209 1932 307 1960 cum
327 1924 549 1971 sceptrum
569 1918 852 1967 subverterit,
877 1923 920 1960 et
944 1931 1034 1960 non

209 1976 306 2024 erit,
327 1975 432 2017 dicit
450 1976 664 2017 Dominus
683 1975 815 2016 Deus.
843 1975 911 2016 Tu
931 1988 1035 2026 ergo

207 2032 270 2073 fili
297 2031 483 2073 hominis
510 2032 746 2085 propheta,
784 2037 827 2073 et
853 2034 1036 2085 percute

208 2102 338 2130 manu
375 2089 431 2131 ad
466 2102 659 2139 manum,
703 2094 747 2130 et
789 2088 1036 2142 duplicetur

209 2145 397 2197 gladius,
427 2159 478 2188 ac
506 2145 751 2199 triplicetur
778 2145 948 2197 gladius
974 2146 1034 2186 in-

208 2202 509 2244 terfectorum:
536 2202 606 2243 hic
635 2207 703 2244 est
725 2202 898 2254 gladius
924 2203 1035 2244 occi-

210 2258 344 2299 sionis
380 2272 566 2310 magnae,
610 2259 684 2312 qui
721 2259 1036 2312 obstupescere

211 2327 287 2355 eos
321 2314 440 2365 facit,
473 2321 516 2358 et
548 2315 682 2358 corde
714 2316 958 2366 tabescere,
993 2321 1037 2358 et

210 2370 470 2424 multiplicat
491 2375 648 2413 ruinas.

261 2427 309 2478 R.
346 2427 509 2480 Aspice
543 2429 746 2478 Domine,
787 2429 889 2481 quia
923 2429 1037 2471 facta

211 2487 278 2524 est
303 2482 503 2525 desolata
527 2485 678 2527 civitas
706 2485 836 2538 plena
862 2485 1036 2536 divitiis,

212 2538 338 2580 sedet
357 2540 401 2580 in
424 2541 601 2583 tristitia
620 2542 797 2583 domina
817 2543 1036 2584 Gentium:

208 2596 229 2618 *
253 2595 355 2637 Non
375 2601 442 2638 est
461 2598 535 2649 qui
553 2599 803 2640 consoletur
823 2611 934 2649 eam,
954 2599 1037 2640 nisi

210 2657 259 2693 tu
277 2651 399 2693 Deus
419 2659 578 2695 noster.
608 2649 657 2698 Υ.
687 2656 870 2697 Plorans
893 2655 1035 2708 plora-

211 2709 274 2750 vit
292 2709 335 2749 in
354 2714 496 2759 nocte,
515 2715 559 2751 et
577 2710 769 2753 lacrimae
785 2713 877 2764 ejus
891 2712 934 2752 in
950 2724 1036 2752 ma—

212 2764 326 2806 xillis
345 2766 448 2818 ejus.
473 2766 584 2807 Non.
607 2766 760 2809 Gloria
774 2768 904 2810 Patri.
925 2768 1037 2809 Non.

1316 329 1365 367 In
1392 329 1442 367 II.
1471 329 1693 368 Nocturno.

1092 385 1158 424 De
1180 384 1468 436 Expositione
1494 385 1634 426 sancti
1656 385 1916 438 Hieronymi

1135 439 1386 493 Prestteri
1408 441 1452 481 in
1470 441 1747 484 Ezechielem
1763 443 1868 484 Pro-

1410 497 1598 550 phetam.

1228 557 1307 591 Lib.
1325 557 1354 591 7.
1372 558 1410 590 in
1429 557 1617 593 Ezechiel.
1637 568 1718 602 cap.
1732 559 1785 593 21.

1391 610 1543 651 Lectio
1566 611 1619 650 iv.

1094 674 1110 701 ιτ
1124 675 1293 767 >jsfuid
1310 681 1443 722 supra
1460 668 1753 768 dNixerat:·(Ilpsi
1768 670 1917 720 dicunt

1237 739 1262 768 a
1325 739 1407 767 me.
1503 739 1654 778 umqu1
1718 739 1806 768 non
1838 739 1917 780 per

1103 779 1212 805 Ὗ
1236 782 1472 835 parabolas
1503 782 1699 834 loquitur
1730 782 1836 825 iste?
1873 789 1917 826 et

1088 840 1286 891 apertam
1323 839 1515 892 populus
1558 839 1786 891 flagitabat
1822 853 1916 882 sen-

1087 895 1282 937 tentiam:
1307 894 1473 937 idcirco
1497 894 1543 937 id
1563 896 1682 948 quod
1700 897 1916 938 Dominus

1087 964 1168 1004 per
1185 951 1506 1005 metaphoram,
1532 953 1624 994 sive
1647 952 1916 1005 parabolam,

1088 1013 1142 1058 et,
1166 1014 1214 1050 ut
1234 1008 1307 1050 alii
1326 1011 1508 1058 vertere,
1533 1009 1827 1062 proverbium,
1848 1015 1916 1052 est

1086 1065 1271 1115 locutus,
1290 1078 1405 1107 nunc
1422 1065 1693 1108 manifestius
1707 1065 1916 1118 loquitur:

1087 1122 1224 1163 saltus
1247 1122 1289 1163 N
1292 1122 1420 1174 ageb,
1453 1127 1497 1164 et
1520 1123 1703 1173 Darom,
1736 1127 1780 1164 et
1802 1123 1914 1165 The-

1087 1192 1187 1220 man
1216 1192 1313 1221 esse
1341 1179 1602 1229 Jerusalem,
1631 1184 1675 1221 et
1702 1179 1915 1233 templum

1086 1236 1212 1285 illius,
1233 1241 1383 1277 sancta
1400 1238 1662 1286 sanctorum,
1682 1241 1726 1278 et
1742 1248 1916 1278 omnem

1086 1298 1250 1334 terram
1273 1292 1455 1334 Judaeae:
1482 1293 1790 1345 flammamque
1816 1306 1915 1345 quae

1088 1349 1372 1391 combustura
1415 1350 1471 1391 sit
1511 1350 1687 1400 saltum,
1732 1349 1916 1402 intelligi

1086 1405 1280 1457 gladium
1305 1405 1607 1457 devorantem,
1637 1407 1711 1459 qui
1731 1406 1915 1448 eductus

1087 1463 1143 1505 sit
1183 1462 1238 1504 de
1271 1465 1428 1514 vagina
1464 1476 1559 1513 sua,
1598 1467 1646 1504 ut
1681 1463 1916 1505 interficiat

1087 1521 1246 1572 justum
1275 1525 1317 1561 et
1344 1520 1536 1572 impium.
1577 1520 1677 1562 Hoc
1705 1525 1773 1561 est
1801 1519 1916 1561 enim

1086 1576 1252 1628 lignum
1280 1575 1438 1626 viride,
1471 1581 1514 1618 et
1541 1576 1707 1629 lignum
1735 1575 1916 1618 aridum.

1088 1633 1214 1676 Unde
1234 1637 1278 1675 et
1296 1633 1527 1674 Dominus:
1551 1633 1597 1675 Si
1619 1633 1663 1674 in
1681 1633 1819 1684 ligno,
1845 1633 1915 1683 ait,

1086 1690 1213 1732 viridi
1237 1694 1360 1732 tanta
1383 1690 1561 1740 faciunt,
1595 1690 1640 1730 in
1663 1689 1782 1731 sicco
1808 1688 1917 1742 quid

1086 1745 1269 1789 facient?

1141 1803 1192 1856 R.
1216 1803 1357 1855 Super
1381 1815 1531 1844 muros
1555 1807 1655 1845 tuos
1674 1803 1916 1845 Jerusalem

1088 1860 1297 1901 constitui
1323 1858 1546 1901 custodes:
1574 1861 1596 1884 *
1626 1860 1743 1902 Tota
1775 1859 1845 1902 die
1873 1865 1917 1902 et

1088 1922 1219 1958 nocte
1234 1929 1323 1958 non
1332 1916 1547 1958 ⁴tacebunt
1560 1915 1741 1958 laudare
1755 1929 1917 1959 nomen

1086 1973 1276 2014 Domini.
1324 1967 1376 2019 V.
1401 1972 1711 2015 Praedicabunt
1738 1973 1915 2026 populis

1087 2029 1391 2072 fortitudinem
1422 2042 1582 2080 meam,
1617 2035 1660 2072 et
1693 2030 1916 2072 annuntia-

1087 2087 1195 2129 bunt
1251 2086 1466 2128 Gentibus
1523 2086 1708 2137 gloriam
1762 2099 1917 2129 meam.

1087 2143 1203 2186 Tota
1223 2143 1304 2186 die.

1400 2199 1551 2239 Lectio
1572 2213 1609 2238 v.

1090 2250 1331 2357 Primum
1351 2258 1536 2301 dixerat:
1558 2259 1827 2309 Vaticinare‚
1846 2257 1917 2300 vel

1189 2315 1304 2358 stilla
1324 2315 1381 2357 ad
1399 2315 1623 2366 Austrum,
1642 2315 1853 2364 Africum,
1874 2319 1917 2356 et

1087 2372 1333 2422 Meridiem‚
1370 2378 1415 2414 et
1445 2372 1502 2414 ad
1530 2373 1689 2414 saltum
1714 2370 1915 2413 Meridie-

1088 2443 1202 2471 num.
1236 2429 1365 2479 Quod
1390 2430 1491 2482 quia
1510 2428 1742 2471 videbatur
1761 2427 1916 2469 obseu-

1088 2499 1200 2535 rum,
1236 2491 1279 2527 et
1312 2485 1429 2528 dicta
1455 2485 1692 2538 Prophetae
1723 2484 1915 2537 populus

1088 2542 1327 2592 nesciebat,
1355 2541 1550 2584 secundo
1577 2542 1755 2595 ponitur
1783 2541 1915 2582 mani-

1089 2599 1257 2647 festius,
1294 2598 1452 2640 saltum
1489 2597 1781 2639 Meridianum
1819 2609 1915 2638 esse

1088 2656 1113 2696 J
1116 2655 1346 2704 erusalem;
1379 2659 1423 2696 et
1448 2666 1599 2695 omnes
1623 2654 1914 2695 infructuosas

1090 2711 1289 2760 arbores,
1316 2709 1373 2752 ad
1398 2723 1581 2762 quarum
1604 2709 1776 2751 radices
1795 2712 1914 2751 secu-

1089 2768 1148 2808 ris
1174 2767 1319 2820 posita
1343 2767 1415 2816 sit,
1443 2766 1625 2817 intelligi
1643 2766 1914 2808 habitatores
