2040 2944
771 194 946 228 Officium
970 193 1252 227 Defunctorum.

218 287 270 339 R.
281 285 502 328 Memento
517 288 603 329 mei
616 288 748 338 Deus,
769 288 870 340 quia
886 300 986 330 ven-

163 348 234 385 tus
266 346 332 383 est
362 342 452 383 vita
483 356 590 393 mea,
623 348 645 371 *
678 344 772 386 Nec
804 344 987 397 aspiciat

164 412 235 441 me
259 398 377 439 visus
406 398 604 441 heminis.
636 397 686 448 V.
717 401 785 442 De
811 400 986 453 profun-

166 456 233 498 dis
252 455 436 497 clamavi
450 455 507 497 ad
521 460 565 497 te
580 457 780 498 Domine:
799 457 986 498 Domine

165 511 324 554 exaudi
341 524 497 554 vocem
515 525 668 554 meam.
695 513 801 555 Nec.

269 572 418 613 Lectio
439 585 474 610 V.
721 572 741 610 J
748 571 806 611 ob
826 572 883 610 14.

167 624 356 730 Homo
387 629 514 666 natus
547 625 602 667 de
633 625 831 676 muliere⁷
863 625 986 667 brevi

266 681 417 723 vivens
433 683 648 735 tempore,
667 681 862 734 repletur
879 682 986 723 mul-

163 738 220 780 tis
238 738 433 779 miseriis.
465 739 549 789 Qui
573 738 697 791 quasi
717 738 799 779 flos
819 738 983 789 egredi-

164 799 234 836 tur
270 799 313 837 et
348 795 605 845 conteritur,
643 800 687 836 et
722 794 831 846 fugit
866 795 986 836 velut

163 851 328 901 umbra,
347 855 391 893 et
407 864 644 904 numquam
662 852 705 892 in
725 851 883 893 eedem
902 856 984 893 sta-

164 912 212 949 tu
229 909 467 960 permanet.
498 908 555 950 Et
578 908 756 959 dignum
775 907 898 949 ducis
917 921 983 949 su-

163 976 244 1017 per
282 963 582 1016 hujuscemodi
622 966 791 1017 aperire
833 964 985 1006 oculos

164 1025 281 1070 tuOS‚
314 1025 358 1062 et
389 1020 608 1063 adducere
640 1034 739 1062 eum
769 1025 915 1062 tecum
941 1022 984 1062 in

164 1076 390 1129 judicium?
416 1078 522 1127 Quis
539 1082 688 1130 potest
705 1077 849 1119 facere
867 1091 985 1119 mun-

166 1132 269 1175 dum
297 1133 352 1175 de
379 1134 602 1176 immundo
633 1136 894 1187 conceptum
924 1136 985 1175 se-
1050 1171 1052 1173 .

164 1189 300 1231 mine?
321 1190 477 1232 Nonne
495 1195 543 1232 tu
563 1191 637 1244 qui
656 1191 775 1232 solus
795 1190 863 1232 es?
883 1192 985 1233 Bre-

164 1259 242 1288 ves
276 1246 370 1288 dies
401 1246 590 1288 heminis
623 1252 739 1298 sunt,
779 1251 986 1289 numerus

164 1303 378 1344 mensium
402 1303 492 1354 ejus
516 1303 633 1356 apud
655 1308 699 1345 te
723 1308 802 1345 est:
830 1304 986 1345 consti-

164 1359 286 1400 tuisti
309 1359 519 1401 terminos
545 1360 650 1411 ejus,
677 1360 751 1412 qui
773 1361 987 1413 praeteriri

163 1428 252 1457 non
282 1417 500 1468 peterunt.
552 1416 728 1458 Recede
762 1416 985 1469 paululum

165 1471 221 1513 ab
249 1484 319 1522 eo,
350 1477 398 1513 ut
423 1472 635 1525 quiescat,
668 1472 810 1515 donec
835 1475 986 1526 optata

164 1528 325 1578 veniat;
352 1528 464 1570 sicut
486 1529 744 1570 mercenarii
767 1529 862 1571 dies
887 1531 987 1581 ejus.

218 1589 268 1640 R.
297 1584 383 1626 Hei
404 1584 510 1626 mihi
531 1585 737 1635 Demine,
762 1586 863 1637 quia
887 1598 986 1638 pec-

166 1641 262 1682 cavi
287 1641 414 1682 nimis
445 1641 490 1682 in
521 1642 612 1683 vita
642 1654 754 1683 mea:
786 1641 901 1692 Quid
926 1642 986 1682 fa-

166 1697 288 1748 ciam,
306 1697 458 1740 miser?
477 1697 552 1740 ubi
571 1698 747 1749 fugiam,
766 1698 850 1739 nisi
868 1697 925 1739 ad
942 1703 986 1740 te

165 1754 286 1795 Deus
309 1753 453 1796 meus?
478 1760 501 1783 *
522 1755 731 1796 Miserere
754 1754 856 1805 mei,
885 1753 987 1796 dum

165 1811 335 1853 veneris
358 1811 403 1852 in
429 1811 667 1854 novissimo
692 1810 773 1853 die.
810 1809 859 1860 V.
883 1811 986 1852 Ani-

165 1880 237 1908 ma
259 1880 357 1909 mea
379 1868 555 1910 turbata
579 1873 646 1910 est
664 1868 810 1919 valde,
837 1867 917 1910 sed
939 1873 987 1910 tu

166 1924 354 1966 Domine
373 1928 579 1967 succurre
598 1925 647 1967 ei.
674 1925 891 1967 Miserere.

270 1983 420 2024 Lectio
438 1984 492 2023 vi.
671 1983 690 2022 J
698 1982 754 2022 ob
776 1983 832 2021 14.
853 1995 885 2022 c.

249 2036 316 2078 uis
343 2036 449 2078 mihi
471 2036 557 2079 hoc
580 2037 760 2088 tribuat,
787 2042 836 2080 ut
859 2038 903 2078 in
928 2038 986 2078 in-

261 2093 385 2134 ferno
404 2095 612 2146 pretegas
636 2107 722 2145 me,
746 2099 789 2136 et
808 2094 987 2136 abscen-

169 2149 247 2192 das
273 2162 358 2200 me,
391 2149 532 2192 donec
564 2153 837 2202 pertranseat
867 2151 988 2192 furor

166 2211 282 2257 tuus,
308 2211 352 2248 et
370 2208 610 2248 constituas
629 2207 733 2248 mihi
750 2212 923 2260 tempus
941 2207 986 2247 in

168 2275 256 2315 quo
275 2261 519 2304 recorderis
538 2262 646 2305 mei?
668 2264 858 2306 Putasne
876 2266 987 2305 m6r-

166 2323 267 2361 tuus
289 2319 422 2361 homo
446 2332 618 2361 rursum
638 2318 778 2362 vivat?
812 2320 987 2361 Cunctis

169 2375 322 2418 diebus
347 2375 504 2428 quibus
526 2389 641 2418 nunc
659 2376 812 2426 milito,
837 2378 987 2428 exspe-

169 2436 240 2473 cto
271 2431 412 2473 donec
434 2432 580 2474 veniat
606 2433 850 2474 immutatio
881 2444 988 2473 mea.

169 2487 363 2529 Vocabis
393 2501 482 2538 me,
523 2494 566 2531 et
598 2501 680 2540 ego
713 2488 988 2540 respondebo

167 2543 263 2585 tibi:
288 2544 412 2596 Operi
434 2547 640 2586 manuum
662 2547 834 2586 tuarum
852 2543 988 2595 porri-

169 2613 245 2651 ges
266 2600 501 2642 dexteram.
530 2601 599 2643 Tu
619 2601 796 2654 quidem
813 2612 988 2650 gressus

169 2669 290 2698 meos
312 2656 610 2708 dinumerasti,
634 2657 714 2700 sed
735 2668 866 2709 parce
890 2668 987 2707 pec-

170 2712 279 2754 catis
296 2713 415 2754 meis.

1092 291 1143 343 Ru
1174 288 1242 330 Ne
1274 290 1516 331 recorderis
1547 292 1731 342 peccata
1761 304 1859 332 mea

1037 344 1240 394 Domine,
1271 352 1294 374 *
1319 346 1435 386 Dum
1465 346 1635 388 veneris
1667 346 1858 398 judicare

1039 401 1246 442 saeculum
1263 414 1343 454 per
1362 402 1516 453 ignem.
1543 401 1589 452 V.
1607 403 1757 454 Dirige
1771 404 1858 444 Do-

1037 457 1153 499 mine
1171 458 1290 499 Deus
1312 471 1434 500 meus
1458 459 1502 500 in
1525 461 1764 511 conspectu
1781 465 1856 501 tuo

1038 514 1153 555 viam
1170 527 1322 555 meam.
1349 515 1476 556 Dum.
1506 515 1555 565 V.
1574 516 1790 568 Requiem
1804 528 1858 556 εθ-

1039 572 1218 614 ternam.
1244 571 1370 612 Dum.

1092 633 1231 667 Postea
1268 635 1317 667 ad
1351 635 1519 677 Laudes,
1558 641 1597 669 ut
1638 635 1733 668 infra
1760 632 1857 675 [170]

1041 681 1195 724 quando
1221 680 1360 717 dicitur
1387 694 1504 718 unum
1531 687 1676 718 tantum
1699 680 1859 716 Noctur—

1040 739 1140 763 num.

1255 778 1303 817 In
1327 778 1397 818 ΙΙΙ.
1425 780 1645 820 Nooturno.

1138 841 1220 876 Pro
1245 841 1373 878 Fcria
1397 844 1463 879 IV.
1488 849 1528 879 et
1553 844 1757 879 Sabbato.

1095 897 1193 937 Ant.
1215 894 1498 947 Complaceat
1518 895 1541 920 *
1560 894 1640 936 tibi
1662 895 1859 945 Demine,

1040 955 1088 992 ut
1103 951 1260 1003 eripias
1274 963 1358 992 me:
1377 951 1564 993 Demine
1584 951 1640 993 ad
1659 951 1859 1004 adjuvan-

1042 1007 1145 1049 dum
1162 1020 1232 1049 me
1250 1008 1428 1060 respice.

1315 1074 1507 1114 Psalmus
1526 1075 1589 1114 39.

1156 1135 1388 1187 xspectans
1425 1135 1677 1186 exspectavi
1712 1135 1858 1176 Demi-

1049 1201 1055 1243 jg
1171 1204 1285 1240 num,
1303 1191 1327 1217 *
1347 1195 1390 1233 et
1408 1190 1592 1232 intendit
1610 1191 1724 1232 mihi.

1106 1247 1126 1261 ²
1223 1247 1280 1288 Et
1304 1246 1525 1289 exaudivit
1549 1260 1702 1300 preces
1726 1260 1860 1288 meas:

1040 1305 1064 1331 *
1083 1308 1127 1345 et
1146 1303 1296 1345 eduxit
1313 1316 1382 1345 me
1403 1303 1458 1345 de
1476 1303 1573 1344 lacu
1591 1304 1792 1353 miseriae,
1818 1308 1861 1345 et

1040 1360 1095 1402 de
1113 1360 1205 1402 luto
1225 1360 1354 1402 faecis.

1090 1418 1147 1459 Et
1177 1417 1331 1458 statuit
1363 1430 1494 1469 super
1526 1422 1696 1469 petram
1723 1416 1859 1469 pedes

1039 1486 1177 1515 meos:
1195 1474 1219 1499 *
1240 1478 1283 1515 θῖ
1305 1473 1462 1515 direxit
1483 1486 1659 1525 gressus
1676 1486 1809 1515 meos,

1090 1531 1147 1572 Et
1164 1530 1341 1571 immisit
1359 1530 1402 1570 in
1420 1543 1470 1571 os
1485 1543 1630 1571 meum
1646 1529 1860 1571 canticum

1039 1599 1211 1636 novum,
1231 1587 1254 1612 *
1274 1599 1447 1627 carmen
1466 1587 1562 1628 Deo
1581 1591 1745 1627 nostro.

1090 1642 1315 1684 Videbunt
1340 1642 1479 1691 multi,
1511 1646 1555 1683 θῖ
1583 1642 1810 1683 timebunt:
1836 1643 1860 1668 *

1040 1703 1084 1741 et
1102 1698 1341 1751 sperabunt
1357 1698 1402 1738 in
1420 1698 1621 1739 Domino.

1090 1755 1254 1796 Beatus
1272 1755 1350 1804 vir,
1374 1755 1492 1805 cujus
1512 1758 1578 1795 est
1595 1767 1754 1795 nomen
1772 1754 1857 1795 Do-

1040 1811 1144 1852 mini
1175 1823 1276 1863 spes
1309 1811 1413 1862 ejus:
1433 1811 1456 1836 *
1476 1815 1519 1852 et
1549 1823 1636 1851 non
1667 1810 1858 1862 respexit

1039 1869 1083 1909 in
1101 1868 1316 1909 vanitates
1335 1871 1378 1908 et
1395 1867 1584 1908 insanias
1603 1866 1746 1908 falsas.

1091 1923 1229 1965 Multa
1265 1923 1407 1965 fecisti
1442 1927 1490 1964 tu
1521 1923 1708 1964 Demine
1739 1922 1859 1964 Deus

1039 1992 1162 2021 meus
1184 1979 1399 2021 mirabilia
1417 1983 1505 2020 tua:
1523 1979 1547 2005 *
1566 1984 1610 2021 et
1637 1979 1859 2029 cogitatio-

1040 2036 1165 2078 nibus
1197 2035 1283 2078 tuis
1313 2047 1401 2077 non
1429 2039 1496 2077 est
1524 2035 1597 2087 qui
1624 2034 1775 2076 similis
1803 2034 1859 2076 sit

1040 2092 1130 2135 tibi.

1092 2148 1359 2189 Annuntiavi
1399 2152 1442 2189 et
1478 2147 1652 2188 locutus
1689 2159 1800 2187 sum:
1835 2146 1859 2172 *

1041 2204 1317 2257 multiplicati
1343 2208 1443 2245 sunt
1468 2216 1600 2256 super
1621 2205 1859 2243 numerum.

1092 2261 1360 2303 Sacrificium
1383 2265 1427 2301 et
1451 2259 1716 2301 oblationem
1739 2258 1858 2299 nolu-

1042 2318 1127 2359 isti:
1145 2318 1168 2344 *
1187 2330 1313 2359 aures
1338 2321 1484 2358 autem
1506 2315 1728 2368 perfecisti
1744 2314 1860 2355 mihi.

1092 2373 1410 2415 Holocaustum
1456 2377 1500 2414 et
1544 2384 1626 2424 pro
1674 2373 1859 2424 peccato

1042 2443 1131 2478 non
1158 2429 1407 2482 postulasti:
1430 2429 1454 2455 *
1478 2433 1581 2470 tunc
1610 2427 1714 2470 dixi:
1743 2427 1859 2469 Ecce

1041 2486 1178 2528 venio.

1093 2543 1143 2583 In
1175 2542 1316 2594 capite
1346 2540 1446 2582 libri
1473 2541 1684 2593 scriptum
1712 2543 1779 2581 est
1804 2538 1858 2579 de

1041 2612 1111 2641 me
1140 2602 1188 2639 ut
1219 2597 1406 2639 facerem
1433 2597 1700 2638 voluntatem
1726 2600 1857 2636 tuam:

1041 2656 1066 2682 *
1083 2656 1202 2696 Deus
1220 2666 1342 2695 meus
1359 2652 1491 2703 volui,
1517 2658 1560 2695 et
1582 2653 1723 2703 legem
1739 2655 1857 2691 tuam

1041 2712 1085 2752 in
1103 2709 1247 2752 medio
1267 2709 1412 2751 cordis
1430 2709 1528 2751 mei.
