2040 2944
590 705 1474 923 PSALTERIUM

834 970 1193 1012 DISPOSITUM

356 1063 606 1123 PER

686 1062 746 1121 H
796 1062 848 1121 E
892 1061 938 1120 Β
983 1060 1039 1119 D
1083 1059 1143 1120 O
1190 1059 1257 1119 M
1302 1061 1358 1118 A
1406 1059 1460 1117 Ι)
1503 1061 1557 1118 λ
1604 1059 1670 1118 M

520 1163 628 1199 CUM
652 1161 937 1198 ORDINARIO
963 1160 1150 1195 OFFICH
1173 1160 1242 1194 DE
1265 1160 1515 1195 TEMPORE.

736 1270 883 1306 PARS
910 1270 1304 1307 AUTUMNALIS.

643 1380 920 1429 Dominica
952 1378 1022 1428 ad
1053 1378 1390 1427 Matutinum.

203 1468 303 1502 Ante
336 1468 582 1504 Matutinum,
620 1472 655 1501 et
692 1478 825 1501 omnes
861 1467 988 1500 Horas

160 1521 418 1560 praeterquam
442 1516 490 1549 ad
509 1516 824 1558 Complctorium,
851 1516 991 1548 dicitur

336 1595 339 1603 ,,
359 1595 361 1597 .
392 1592 402 1608 ι,
494 1570 658 1598 secreto:

239 1620 505 1742 &salter
542 1622 713 1666 noster,
751 1617 825 1668 qui
864 1629 911 1657 es
947 1617 990 1656 in

342 1676 401 1720 ἐι
425 1673 567 1715 coelis:
597 1673 897 1714 sanctificetur
917 1685 991 1713 no-

246 1731 524 1807 &men
578 1734 726 1771 tuum.
785 1728 991 1769 adveniat

192 1816 198 1820 ψ
246 1748 400 1824 ὧι
426 1798 608 1837 regnum
640 1790 780 1826 tuum:
811 1784 889 1825 fiat
919 1796 990 1824 vo-

160 1806 324 1883 luntas
336 1810 435 1891 tua,
474 1842 589 1883 sicut
624 1842 669 1882 in
708 1840 823 1882 coelo
861 1845 905 1881 et
946 1841 991 1880 in

160 1902 290 1940 terra.
332 1898 498 1940 Panem
536 1903 739 1939 nostrum
776 1896 991 1948 quotidia-

159 1968 265 1996 num
298 1954 355 1996 da
390 1954 520 1996 nobis
552 1953 704 1995 hodie:
742 1958 786 1994 et
818 1953 991 1994 dimitte

160 2010 288 2052 nobis
318 2010 467 2052 debita
495 2015 661 2060 nostra,
696 2010 810 2050 sicut
839 2015 883 2050 et
911 2022 991 2050 nos

161 2066 423 2108 dimittimus
444 2066 721 2108 debitoribus
741 2066 919 2106 nostris:
949 2070 992 2106 et

161 2135 216 2164 ne
253 2135 334 2164 nos
380 2123 564 2164 inducas
603 2123 647 2163 in
685 2122 992 2164 tentationem:

162 2178 241 2220 sed
268 2178 408 2221 libera
436 2191 516 2220 nos
548 2192 574 2220 a
600 2178 729 2219 malo.
784 2177 938 2218 Amen.

238 2268 293 2296 ve
308 2255 457 2304 Maria,
472 2255 613 2306 gratia
622 2254 764 2307 plena,
775 2254 992 2294 Dominus

273 2316 437 2353 tecum:
456 2310 692 2352 benedicta
710 2315 759 2351 tu
778 2310 823 2350 in
842 2309 991 2350 mulie-

162 2367 295 2416 ribus,
307 2372 351 2408 et
362 2366 623 2408 benedictus
641 2366 810 2407 fructus
825 2365 992 2407 ventris

162 2423 227 2464 tui
240 2423 265 2463 J
267 2436 377 2464 esus.
401 2423 562 2464 Sancta
579 2422 728 2471 Maria,
743 2422 883 2462 Mater
898 2421 992 2469 Dei,

163 2492 242 2520 ora
266 2492 348 2530 pro
372 2478 499 2520 nobis
524 2477 852 2530 peccatoribus,
877 2489 992 2517 nunc

164 2540 208 2576 et
227 2536 271 2575 in
290 2535 399 2576 hora
418 2535 573 2576 mortis
593 2539 768 2575 nostrae.
796 2533 949 2573 Amen.

216 2612 259 2646 In
284 2612 477 2655 principio
503 2612 679 2645 Matutini
706 2615 741 2644 ct
767 2611 921 2653 Primae,
949 2621 991 2643 ac

166 2660 204 2693 in
221 2660 294 2693 fine
313 2659 577 2702 Completorii,
596 2659 737 2692 dicitur
754 2659 867 2691 ctiam
885 2659 991 2701 Sym-

166 2708 298 2741 bolum
322 2708 613 2750 Apostolorum.

319 2831 383 2855 Pars
395 2831 565 2855 Autumnalis.

1118 1460 1226 1502 redo
1248 1461 1292 1500 in
1309 1460 1464 1509 Deum,
1479 1460 1655 1500 Patrem
1677 1460 1872 1510 omnipo-

1132 1519 1311 1569 tentem,
1327 1516 1584 1557 Creatorem
1604 1515 1706 1556 coeli
1727 1520 1770 1556 et
1789 1520 1871 1555 ter-

1044 1587 1117 1615 rae.
1151 1574 1209 1614 Et
1232 1573 1277 1613 in
1295 1573 1318 1613 J
1322 1585 1444 1613 esum
1463 1571 1695 1619 Christum,
1713 1571 1872 1611 Filium

1045 1631 1136 1681 ejus
1165 1629 1359 1678 unicum,
1389 1628 1629 1668 Dominum
1657 1632 1871 1668 nostrum:

1045 1686 1120 1737 qui
1132 1687 1372 1736 conceptus
1385 1688 1451 1724 est
1467 1683 1522 1724 de
1533 1684 1697 1735 Sp1'ritu
1710 1688 1872 1731 saneto,

1044 1746 1173 1782 natus
1190 1753 1245 1781 ex
1259 1741 1398 1780 Maria
1412 1739 1605 1790 Virgine,
1618 1752 1773 1790 passus
1790 1738 1870 1779 sub

1043 1797 1204 1838 Pontio
1221 1796 1376 1845 Pilato,
1398 1795 1645 1844 crucifixus,
1662 1797 1872 1843 mortuus,

1045 1858 1089 1894 et
1113 1852 1326 1905 sepultus:
1355 1851 1585 1892 descendit
1613 1850 1669 1891 ad
1695 1851 1871 1891 inferos:

1044 1909 1175 1951 tertia
1196 1908 1266 1950 die
1288 1907 1529 1949 resurrexit
1553 1920 1577 1947 a
1602 1907 1804 1947 mortuis:
1831 1919 1871 1946 a·

1045 1965 1218 2007 scendit
1242 1964 1299 2005 ad
1319 1963 1468 2012 coelos,
1494 1962 1620 2004 sedet
1645 1962 1701 2003 ad
1724 1962 1871 2003 dexte·

1044 2035 1139 2062 ram
1158 2021 1242 2062 Dei
1261 2020 1406 2061 Patris
1423 2019 1754 2071 omnipotentis:
1770 2017 1871 2058 inde

1044 2080 1256 2118 ventorus
1273 2081 1339 2117 est
1354 2075 1548 2127 judicare
1564 2075 1689 2114 vivos
1705 2079 1749 2115 et
1759 2075 1871 2114 mor-

1045 2138 1157 2175 tuos.
1190 2131 1333 2173 Credo
1358 2132 1402 2171 in
1426 2131 1637 2183 Spiritum
1661 2135 1872 2179 sanctum,

1045 2194 1243 2230 sanctam
1302 2187 1547 2228 Ecclesiam
1597 2185 1871 2234 catholicam,

1046 2246 1300 2286 sanctorum
1328 2243 1695 2291 communionem,
1723 2241 1871 2282 remis-

1046 2302 1216 2342 sionem
1239 2301 1536 2352 peccatorum,
1561 2298 1704 2338 carnis
1730 2309 1870 2337 resur-

1045 2357 1298 2405 rectionem,
1314 2356 1450 2396 vitam
1469 2355 1690 2395 aeternam.
1717 2352 1870 2393 Amen.

1098 2416 1269 2457 Deinde
1298 2416 1415 2456 clara
1445 2429 1552 2456 voce
1582 2416 1662 2456 dic.
1694 2411 1741 2461 V.

1045 2467 1289 2572 Domine,
1303 2469 1419 2510 labia
1433 2482 1530 2510 mea
1546 2469 1726 2521 aperies.
1748 2472 1797 2521 R„
1815 2467 1871 2507 Et

1159 2539 1208 2567 os
1228 2539 1374 2567 meum
1397 2525 1673 2566 annuntiabit
1696 2522 1870 2564 laudem

1045 2589 1176 2624 tuam.
1198 2580 1247 2630 Y.
1262 2582 1382 2622 Deus
1394 2582 1437 2621 in
1450 2581 1715 2633 adjutorium
1726 2590 1870 2619 meum

1045 2637 1235 2679 intende.
1289 2641 1339 2691 Rg.
1365 2637 1555 2678 Domine
1583 2636 1640 2677 ad
1667 2634 1868 2685 adjuvan-

1016 2711 1020 2753 Ι
1047 2694 1151 2736 dum
1179 2705 1248 2734 me
1276 2693 1444 2734 festina.
