2040 2944
836 218 1007 252 Sabbato
1034 218 1080 251 ad
1108 217 1270 251 Laudes,

204 334 318 363 meo:
337 322 359 346 *
382 326 425 362 et
444 320 487 360 in
510 317 656 359 medio
682 317 921 358 multorum
941 315 1028 356 133-

205 377 320 419 dabo
341 390 448 418 eum.

257 434 367 484 Quia
393 432 531 473 astitit
560 443 586 472 a
614 430 781 472 dextris
809 429 1029 483 pauperis,

204 492 227 515 *
246 495 294 531 ut
314 489 479 530 salvam
499 488 663 529 faceret
681 500 707 528 a
729 485 1028 540 persequenti-

203 546 285 588 bus
309 545 495 586 animam
514 557 666 586 316313.

257 605 353 643 Ant.
390 601 645 643 Confitebor
676 600 868 641 Domino
900 598 1029 640 nimis

203 661 246 701 in
267 672 343 701 ore
362 671 473 700 meo.

256 716 337 756 Per
360 716 542 755 Annum.
580 707 629 759 V.
659 714 849 755 Domine
869 711 1030 754 exaudi

203 772 448 814 orationem
483 784 637 813 meam.
690 770 740 821 R.
773 770 830 811 Et
864 769 1030 811 clamor

202 842 324 870 meus
344 828 401 870 ad
419 833 464 870 te
482 828 638 869 veniat.

256 889 340 927 Pro
380 889 426 927 B.
466 888 612 927 Maria.
660 885 707 934 Y.
750 886 921 928 Diffusa
964 890 1031 928 est

202 946 343 998 gratia
365 946 410 986 in
432 945 561 986 labiis
584 945 682 986 tuis.
720 947 767 996 Ru
787 944 1031 996 Propterea

202 1002 428 1044 benedixit
446 1007 491 1043 te
510 1002 631 1043 Deus
651 1002 695 1042 in
715 1003 939 1042 aeternum.

566 1093 823 1119 visam—-

457 1174 537 1215 Ad
562 1173 770 1215 Laudes.

258 1246 357 1285 Ant.
391 1246 580 1296 Benigne
605 1244 673 1285 fac
697 1245 720 1270 *
745 1244 788 1285 in
814 1244 930 1285 bona
958 1257 1031 1286 vo-

203 1303 370 1344 luntate
388 1306 466 1343 tua
483 1301 684 1342 Domine.

256 1363 324 1403 Ps.
352 1362 571 1404 Miserere.
599 1363 665 1402 49.

258 1426 358 1465 Ant.
389 1424 559 1465 Bonum
579 1427 656 1464 est.

484 1495 681 1535 Psalmus
702 1495 760 1534 91.

217 1596 220 1599 .
240 1564 450 1601 *³
473 1563 540 1600 est
563 1558 764 1600 confiteri
782 1557 990 1599 Domino:
1008 1558 1032 1583 *

335 1621 378 1658 et
400 1615 590 1669 psaHere
611 1615 778 1657 nomini
803 1620 880 1656 tuo
899 1615 1031 1656 Altis-

219 1674 221 1682 ’
335 1673 454 1715 81316.

254 1730 326 1772 Ad
348 1728 694 1771 annuntiandum
713 1741 842 1770 mane
866 1729 1031 1771 miseri-

206 1786 403 1828 cordiam
418 1790 556 1827 tuam:
570 1786 594 1811 *
611 1790 655 1827 et
668 1785 901 1827 veritatem
911 1790 1034 1827 tuam

206 1856 284 1896 per
303 1847 490 1885 noctem.

258 1900 310 1940 In
329 1898 626 1949 decachordo,
645 1899 873 1951 psalterio:
892 1900 915 1925 *
935 1912 1034 1941 6313

209 1956 393 2006 6331160,
412 1956 456 1996 13
473 1955 650 1997 61111313.

261 2013 373 2063 Quia
407 2011 639 2054 delectasti
671 2025 742 2054 me
767 2013 958 2054 Demine
990 2013 1034 2054 in

209 2070 377 2125 factura
403 2074 494 2110 tua:
517 2069 540 2094 *
566 2074 610 2110 61
637 2068 681 2109 13
709 2069 919 2122 0116111138
947 2072 1034 2111 ma-

208 2139 342 2167 nuum
360 2127 534 2167 tuarum
558 2125 801 2167 exsultabo.

262 2183 403 2232 Quam
439 2182 718 2233 magnificata
755 2187 856 2224 sunt
899 2185 1035 2236 opera

210 2244 285 2280 tua
303 2238 507 2280 Domine!
527 2239 550 2264 *
569 2238 698 2280 nimis
723 2239 956 2291 profundae
976 2240 1034 2281 fa-

210 2300 293 2337 ctae
313 2300 413 2336 8331
431 2295 722 2347 cogitationes
741 2300 840 2337 tuae.

263 2351 344 2393 Vir
372 2352 582 2404 insipiens
610 2364 698 2393 non
726 2355 984 2404 cognoscet:
1012 2354 1035 2379 *

211 2413 255 2450 et
277 2407 436 2450 stultus
463 2421 550 2449 non
578 2408 791 2461 intelliget
819 2409 927 2454 haee.

263 2464 374 2506 Cum
407 2465 550 2506 exorti
583 2465 743 2507 fuerint
776 2469 1035 2519 peccatores

212 2521 325 2563 sicut
349 2521 529 2562 foenum:
556 2522 579 2546 *
608 2526 651 2563 61
680 2523 964 2576 3111131361131
993 2536 1036 2565 0-

210 2590 350 2627 mnes,
378 2577 453 2629 qui
480 2580 717 2630 operantur
744 2579 1037 2631 iniquitatem:

263 2633 324 2675 Ut
365 2633 581 2675 intereant
618 2634 661 2675 in
708 2635 918 2677 saeculum
959 2638 1035 2677 sae-

213 2690 314 2732 culi:
336 2690 359 2715 *
379 2694 427 2731 13
455 2694 602 2732 autem
628 2690 882 2733 Altissimus
910 2692 954 2732 in
982 2705 1036 2734 36-

211 2749 384 2788 1613313
404 2746 603 2788 Domine.

1135 316 1352 367 Quoniam
1389 328 1492 357 6666
1528 314 1693 356 inimici
1728 314 1794 355 131
1823 314 1912 355 Do-

1082 374 1219 423 mine,
1266 372 1474 425 quoniam
1510 383 1613 413 6666
1649 370 1812 412 inimici
1848 370 1913 411 tui

1082 430 1304 483 peribunt:
1318 430 1342 455 *
1358 434 1402 471 61
1421 428 1729 481 dispergentur
1749 439 1914 477 omnes,

1084 487 1158 539 qui
1187 488 1425 539 operantur
1452 485 1740 537 iniquitatem.

1133 543 1190 584 Et
1231 542 1497 584 exaltabitur
1539 541 1653 582 sicut
1688 539 1913 582 unicornis

1083 613 1221 642 60133
1254 613 1416 641 1116313;
1444 599 1468 624 *
1497 602 1541 640 61
1575 599 1780 639 86366138
1815 609 1915 638 1363

1083 657 1127 698 13
1154 655 1459 698 misericordia
1485 654 1622 696 uberi.

1135 714 1193 755 Et
1221 713 1425 766 despexit
1453 711 1606 753 oculus
1629 723 1753 752 31638
1775 709 1914 751 inimi-

1084 782 1160 811 cos
1192 782 1333 811 meos:
1367 770 1391 794 *
1430 774 1473 810 61
1505 769 1549 809 13
1587 765 1915 819 insurgentibus

1083 827 1128 868 in
1153 840 1224 868 me
1250 824 1592 878 malignantibus
1619 824 1770 866 audiet
1798 823 1916 864 auris

1083 896 1192 925 mea.

1135 940 1301 990 Justus,
1330 943 1379 980 ut
1406 938 1554 991 palma
1581 937 1774 980 florebit:
1793 938 1817 963 *
1837 937 1917 979 816-

1085 1002 1133 1038 31
1162 996 1321 1038 cedrus
1348 995 1506 1036 Libani
1537 993 1916 1048 multiplicabitur.

1136 1052 1330 1094 Plantati
1358 1052 1401 1092 in
1432 1051 1565 1093 domo
1593 1051 1792 1101 D6mini,
1819 1050 1844 1076 *
1871 1050 1916 1091 in

1085 1110 1208 1152 atriis
1238 1109 1397 1151 domus
1416 1108 1501 1150 Dei
1522 1108 1665 1150 nostri
1684 1107 1917 1150 florebunt.

1136 1166 1296 1208 Adhuc
1310 1164 1721 1217 multiplicabuntur
1735 1164 1781 1205 in
1796 1164 1916 1206 sene-

1085 1228 1156 1265 cta
1165 1223 1308 1264 uberi:
1318 1223 1342 1248 *
1354 1226 1398 1263 et
1411 1221 1526 1263 bene
1542 1221 1762 1275 patientes
1778 1225 1918 1271 erunt,

1084 1285 1132 1322 ut
1152 1279 1428 1321 annuntient:

1137 1336 1355 1387 Quoniam
1382 1339 1531 1377 rectus
1554 1334 1773 1376 Dominus
1791 1334 1915 1376 Deus

1083 1398 1250 1435 noster:
1263 1393 1287 1418 *
1303 1397 1347 1434 et
1367 1404 1458 1433 non
1476 1396 1544 1433 est
1561 1391 1770 1443 iniquitas
1790 1391 1836 1432 in
1851 1404 1917 1433 eo.

1138 1455 1238 1494 Ant.
1279 1454 1452 1494 Bonum
1480 1457 1548 1494 est
1575 1453 1778 1494 confiteri
1804 1453 1918 1494 Dfio.

1138 1515 1237 1555 Ant.
1259 1514 1458 1555 Metuant
1468 1513 1708 1555 Deminum
1722 1514 1747 1540 *
1763 1526 1918 1556 omnes

1084 1572 1194 1614 fines
1213 1576 1355 1613 terrae.

1138 1632 1204 1672 Ps.
1232 1632 1354 1674 Deus
1373 1632 1495 1673 Deus
1512 1643 1648 1673 meus.
1669 1632 1728 1673 15.

1139 1693 1240 1733 Ant.
1269 1693 1385 1734 Date
1406 1692 1764 1744 magnitudinem.

1139 1770 1367 1811 Canticum
1387 1768 1566 1821 Moysis.
1655 1767 1783 1809 Deut.
1801 1768 1866 1808 32.

1086 1841 1284 1949 Α111116
1303 1846 1406 1888 60611
1424 1858 1524 1898 quae
1540 1845 1716 1898 loquor:
1729 1846 1753 1872 *
1770 1844 1920 1888 audiat

1194 1908 1313 1945 terra
1330 1902 1466 1945 verba
1488 1902 1579 1944 oris
1597 1903 1695 1945 mei.

1138 1960 1404 2001 Concrescat
1438 1963 1489 2001 31
1528 1959 1680 2012 pluvia
1721 1959 1921 2001 doctrina

1086 2029 1194 2066 mea,
1205 2016 1229 2042 *
1240 2016 1348 2057 fluat
1366 2020 1415 2057 ut
1434 2028 1508 2057 ros
1523 2015 1749 2068 eloquium
1762 2028 1919 2065 meum,

1140 2073 1277 2123 Quasi
1303 2072 1445 2114 imber
1473 2085 1606 2125 super
1634 2072 1839 2123 herbam,
1877 2077 1921 2114 et

1089 2129 1214 2182 quasi
1234 2129 1365 2171 stillae
1385 2141 1517 2182 super
1536 2129 1744 2180 gramina.
1762 2129 1786 2155 *
1808 2129 1921 2179 Quia

1087 2198 1247 2227 nomen
1265 2185 1446 2227 Demini
1464 2185 1698 2228 invocabo:

1139 2243 1254 2284 Date
1264 2242 1635 2294 magnificentiam
1642 2243 1740 2284 Deo
1752 2246 1919 2284 nostro.

1087 2299 1111 2325 *
1122 2299 1206 2340 Dei
1216 2299 1413 2352 perfecta
1429 2304 1530 2340 sunt
1541 2301 1688 2352 opera,
1707 2303 1752 2341 et
1767 2311 1919 2340 omnes

1088 2355 1172 2397 viae
1193 2356 1284 2408 ejus
1303 2355 1478 2408 judicia:

1140 2413 1263 2454 Deus
1287 2412 1447 2462 fidelis,
1476 2416 1520 2454 et
1546 2411 1715 2464 absque
1733 2411 1824 2453 ulla
1840 2412 1916 2453 ini-

1089 2469 1276 2521 quitate,
1302 2470 1442 2521 justus
1469 2473 1513 2511 et
1538 2474 1697 2511 rectus.
1717 2469 1741 2495 ²⁸¹
1759 2469 1918 2510 Pecca-

1089 2527 1245 2567 verunt
1274 2526 1332 2578 61,
1365 2530 1409 2567 61
1431 2538 1522 2567 non
1547 2525 1627 2566 filii
1651 2526 1742 2578 ejus
1762 2525 1808 2566 in
1829 2527 1919 2566 801-

1090 2582 1237 2624 dibus:

1142 2639 1382 2680 Generatio
1398 2651 1538 2691 prava
1551 2643 1684 2691 atque
1699 2640 1920 2691 perversa.

1090 2695 1113 2721 *
1131 2695 1341 2737 Haeccine
1367 2695 1518 2737 reddis
1537 2695 1730 2736 Domino
1754 2695 1921 2748 popule

1090 2752 1225 2793 stulte
1245 2757 1289 2794 et
1307 2751 1544 2805 insipiens?
