2040 2944
215 324 338 367 mini?
358 326 380 349 *
401 329 473 364 aut
493 322 587 374 quis
607 318 737 360 stabit
756 318 798 358 in
817 316 916 357 loco
936 327 1029 371 san-

216 387 287 423 cto
309 378 420 432 ejus?

266 439 478 478 Innocens
526 431 725 474 manibus
775 434 819 471 et
867 426 1029 468 mundo

217 493 362 541 corde,
390 493 412 517 *
442 490 512 542 qui
540 501 626 530 non
651 486 819 539 accepit
847 485 889 525 in
918 495 1030 524 vano

217 550 399 598 animam
419 559 555 594 suam,
580 557 660 586 nec
684 542 838 595 juravit
862 541 904 582 in
928 539 1030 581 dolo

216 605 412 659 proximo
434 615 524 643 suo.

266 661 348 702 Hic
389 659 573 711 accipiet
613 654 963 698 benedictionem
1007 663 1032 691 a

215 717 417 758 Domino:
431 716 454 741 *
471 720 514 756 et
532 711 873 755 misericordiam
892 722 916 749 a
935 709 1031 749 Deo

216 772 393 814 salutari
413 784 503 812 suo.

266 829 375 870 Haec
403 833 469 869 est
495 826 717 878 generatio
749 820 1033 876 quaerentium

217 899 330 934 eum,
366 886 389 910 *
428 883 711 936 quaerentium
760 880 915 921 facicm
950 876 1033 918 Dei

215 941 362 983 Jacob.
701 956 704 958 v

269 996 469 1038 Attollite
514 1001 665 1048 portas
710 993 928 1046 principes
965 1003 1033 1031 ve-

218 1059 346 1102 stras,
375 1058 418 1094 et
443 1051 668 1093 elevamini
692 1055 834 1103 portae
855 1047 1034 1089 aeterna-
1054 1058 1059 1080 ι

217 1110 294 1151 les:
312 1110 335 1134 *
355 1114 398 1150 et
416 1107 611 1150 introibit
630 1108 726 1148 Rex
745 1105 906 1157 gloriae.

270 1166 374 1216 Quis
400 1170 466 1207 est
486 1165 568 1206 iste
587 1164 680 1205 Rex
701 1160 874 1213 gloriae?
899 1162 922 1186 *
948 1160 1035 1200 Do-

217 1223 356 1263 minus
388 1222 512 1263 fortis
546 1226 589 1262 et
620 1225 791 1272 potens:
823 1217 1036 1258 Dominus

218 1284 375 1331 potens
394 1278 436 1318 in
454 1277 617 1330 praelio.

271 1334 471 1376 Attollite
515 1338 666 1386 portas
710 1331 931 1385 principes
968 1341 1036 1370 ve-

221 1396 348 1439 stras,
377 1395 420 1432 et
444 1390 669 1431 elevamini
692 1393 833 1441 portae
858 1387 1038 1427 aeterna-

220 1447 297 1488 les:
316 1449 339 1474 *
358 1452 401 1488 et
420 1446 614 1488 introibit
635 1446 729 1487 Rex
747 1444 908 1495 gloriae.

274 1503 378 1553 Quis
404 1508 470 1544 est
493 1503 575 1544 iste
594 1503 691 1543 Rex
718 1498 890 1552 gloriae?
909 1500 932 1525 *
952 1499 1039 1539 Do-

221 1559 361 1600 minus
372 1560 580 1600 virtutum
590 1559 683 1611 ipse
695 1563 762 1599 est
772 1558 868 1598 Rex
877 1556 1038 1607 gloriae.

419 1648 585 1685 Feria
623 1647 838 1684 Tertia.

488 1709 682 1749 l'szllmus
702 1710 766 1748 24.

318 1778 346 1820 d
382 1784 425 1820 te
460 1779 646 1820 Domine
678 1778 820 1820 levavi
856 1779 1042 1819 animam

343 1848 498 1876 meam:
513 1836 535 1860 *
551 1836 670 1876 Deus
684 1848 807 1876 meus
822 1835 864 1875 in
884 1840 928 1876 te
944 1847 1042 1875 con-

226 1890 326 1939 fido,
346 1904 431 1932 non
451 1891 714 1932 erubescam.

276 1947 430 1999 Neque
449 1947 655 1989 irrideant
678 1961 746 1989 me
769 1947 927 1988 inimici
946 1947 1045 1988 mei:

226 2004 249 2028 ¹⁸¹
269 2003 426 2044 etenim
446 2004 644 2053 universi,
665 2004 737 2056 qui
757 2004 972 2045 sustinent
991 2008 1045 2052 te,

228 2072 314 2100 non
334 2059 660 2101 confundentur.

276 2115 603 2157 Confundantur
611 2116 1046 2168 omnesiniquaagen-

229 2176 296 2212 tes
315 2173 337 2196 *
358 2174 637 2224 supervacue.

281 2228 386 2268 Vias
427 2233 524 2269 tuas
565 2228 751 2270 Domine
797 2228 1048 2270 demonstra

231 2283 347 2324 mihi:
366 2285 389 2309 *
409 2289 452 2326 et
472 2285 648 2326 semitas
668 2290 765 2326 tuas
786 2284 921 2326 edoce
941 2298 1021 2326 me.

282 2339 430 2390 Dirige
445 2353 513 2381 me
527 2341 570 2381 in
586 2341 768 2382 veritate
784 2346 868 2390 tua,
884 2346 927 2382 et
939 2341 1048 2383 doce

231 2408 319 2437 me:
351 2396 373 2420 ¹⁸¹
407 2396 506 2448 quia
542 2402 589 2438 tu
626 2410 672 2438 es
704 2398 824 2439 Deus
858 2397 1050 2439 salvator

232 2464 365 2500 meuS,
385 2458 428 2493 et
446 2457 489 2493 te
509 2454 691 2494 sustinui
710 2458 804 2495 tota
824 2453 903 2495 die.

286 2508 578 2550 Reminiscere
605 2509 931 2551 miserationum
958 2511 1050 2552 tua-

234 2576 328 2604 rum
347 2563 543 2613 Domine,
558 2566 580 2589 *
596 2570 639 2606 et
658 2565 1052 2607 misericordiarum

234 2621 417 2667 tuarum,
439 2633 535 2672 quae
554 2633 578 2661 a
599 2621 758 2662 saeculo
779 2627 889 2663 sunt.

285 2675 455 2716 Delicta
466 2676 698 2727 juventutis
713 2691 833 2727 meae,
843 2680 866 2703 *
878 2683 922 2719 et
935 2678 1052 2728 igno-

235 2732 397 2772 rantias
416 2745 536 2773 meas
555 2746 608 2774 ne
627 2735 883 2776 memineris.

741 222 778 254 ln
807 219 927 254 feriali
954 217 1089 250 (micio
1115 215 1162 249 ad
1189 214 1363 248 Primam.

1134 307 1382 351 Secundum
1414 303 1759 347 misericordiam
1791 308 1911 345 tuam

1083 368 1302 408 memento
1322 363 1407 405 mei
1426 368 1488 404 tu:
1502 362 1525 387 *
1541 365 1725 414 propter
1744 359 1911 401 bonita-

1084 429 1173 465 tem
1194 427 1314 464 tuam
1333 419 1532 461 Domine.

1135 478 1287 520 Dulcis
1308 482 1351 519 et
1367 480 1514 518 rectus
1529 473 1760 515 Dominus:
1774 473 1798 498 *
1813 484 1912 525 pro-

1083 541 1182 589 pter
1206 535 1291 576 hoc
1314 533 1458 584 legem*
1480 530 1603 572 dabit
1627 528 1913 582 delinquenti-

1083 592 1166 634 bus
1186 592 1229 632 in
1248 591 1328 631 via.

1136 648 1308 698 Diriget
1335 645 1589 686 mansuetos
1616 643 1660 683 in
1688 641 1863 694 judicio:
1890 641 1914 666 *

1085 704 1262 746 docebit
1280 703 1409 743 mites
1428 701 1521 741 vias
1541 712 1654 740 suas.

1137 761 1363 803 Universae
1374 758 1456 798 viae
1467 756 1656 805 Domini,
1670 754 1914 796 misericor-

1087 817 1158 859 dia
1187 822 1231 858 et
1256 815 1434 864 veritas,
1459 814 1482 839 *
1507 811 1830 865 requirentibus
1854 815 1915 852 te·

1087 875 1351 916 stamentum
1371 872 1461 923 ejus
1482 875 1525 911 et
1545 868 1796 911 testimonia
1814 868 1915 919 ejus.

1137 931 1325 982 Propter
1367 939 1527 969 nomen
1567 931 1691 967 tuum
1727 923 1916 965 Domine

1086 985 1398 1040 propitiaberis
1422 984 1608 1036 peccato
1632 994 1747 1023 meo:
1767 982 1790 1007 *
1810 979 1916 1021 mul-

1087 1049 1180 1084 tum
1200 1047 1268 1084 est
1288 1039 1412 1083 enim.

1140 1099 1246 1150 Quis
1272 1103 1339 1140 est
1364 1097 1497 1138 homo
1524 1095 1598 1148 qui
1621 1095 1746 1136 timet
1768 1093 1917 1134 Domi-

1088 1154 1217 1197 num?
1250 1156 1273 1180 *
1305 1154 1448 1205 legem
1485 1151 1639 1194 statuit
1676 1150 1716 1192 ei
1751 1150 1796 1191 in
1831 1150 1918 1200 via,

1091 1225 1221 1265 quam
1241 1211 1383 1262 elegit.

1141 1268 1300 1310 Anima
1328 1268 1418 1319 ejus
1445 1266 1489 1306 in
1517 1265 1645 1306 bonis
1674 1261 1918 1305 demorabi-

1090 1331 1180 1367 tur:
1207 1326 1231 1351 *
1260 1329 1303 1366 et
1336 1336 1485 1365 semen
1517 1322 1607 1373 ejus
1639 1318 1919 1361 haereditabit

1091 1387 1264 1424 terram.

1142 1438 1486 1479 Firmamentum
1524 1438 1591 1476 est
1621 1433 1838 1475 Dominus
1870 1432 1920 1473 ti-

1091 1494 1310 1536 mentibus
1339 1506 1456 1534 eum:
1484 1492 1507 1517 *
1537 1495 1580 1532 et
1608 1490 1922 1532 testamentum

1092 1551 1230 1604 ipsius
1250 1556 1298 1592 ut
1317 1548 1620 1590 manifestetur
1638 1545 1734 1586 illis.

1146 1606 1271 1649 Oculi
1290 1606 1376 1647 mei
1401 1616 1575 1657 semper
1595 1602 1652 1644 ad
1670 1601 1922 1643 Dominum:

1093 1665 1116 1690 *
1143 1663 1348 1716 quoniam
1371 1662 1466 1714 ipse
1497 1659 1655 1702 evellet
1683 1657 1738 1700 de
1761 1657 1922 1710 laqueo

1094 1719 1232 1773 pedes
1251 1731 1387 1761 meos.

1147 1776 1335 1829 Respice
1354 1775 1397 1815 in
1416 1786 1502 1823 me,
1526 1778 1571 1814 et
1593 1771 1801 1813 miserere
1824 1769 1924 1811 mei:

1095 1834 1118 1859 *
1140 1834 1239 1885 quia
1258 1832 1412 1874 unicus
1432 1835 1476 1872 et
1494 1841 1663 1883 pauper
1682 1841 1780 1869 sum
1799 1838 1893 1878 ego.

1148 1888 1474 1930 Tribulationes
1499 1885 1646 1928 cordis
1674 1884 1761 1926 mei
1783 1882 1925 1924 multi-

1096 1946 1271 1998 plicatae
1300 1949 1415 1985 sunt:
1446 1944 1469 1968 *
1502 1942 1558 1986 de
1586 1938 1923 1983 necessitatibus

1097 2015 1205 2043 mels
1226 2014 1328 2042 erue
1347 2013 1428 2042 me.

1150 2057 1264 2100 Vide
1291 2056 1583 2098 humilitatem
1609 2067 1768 2103 meam,
1797 2057 1841 2095 et
1868 2051 1926 2093 la-

1099 2114 1252 2156 borem
1266 2114 1458 2156 meum:*
1471 2117 1515 2154 et
1534 2111 1705 2154 dimitte
1724 2110 1928 2152 universa

1101 2170 1261 2212 delicta
1279 2183 1386 2212 mea.

1152 2227 1341 2280 Respice
1361 2226 1558 2267 inimicos
1577 2237 1701 2266 meos
1722 2221 1928 2276 quoniam

1100 2283 1377 2336 multiplicati
1402 2287 1518 2331 sunt,
1537 2283 1560 2307 *
1581 2286 1625 2323 et
1650 2279 1752 2322 odio
1778 2279 1928 2331 iniquo

1102 2339 1289 2381 oderunt
1308 2352 1389 2381 me.

1156 2395 1338 2438 Custodi
1364 2395 1552 2436 animam
1576 2406 1734 2442 meam,
1762 2396 1807 2433 et
1827 2392 1929 2432 erue

1102 2466 1187 2494 me:
1202 2453 1224 2477 *
1240 2465 1327 2493 non
1343 2451 1599 2493 erubescam
1615 2448 1822 2502 quoniam
1834 2459 1930 2500 spe-

1103 2509 1196 2549 ravi
1216 2509 1258 2549 in
1279 2514 1333 2550 te.

1155 2566 1416 2606 Innocentes
1445 2569 1488 2605 et
1515 2563 1624 2605 recti
1652 2561 1932 2603 adhaeserunt

1104 2621 1222 2662 mihi:
1240 2622 1263 2647 *
1285 2621 1385 2673 quia
1406 2620 1590 2661 sustinui
1609 2624 1664 2661 te.

1156 2677 1315 2719 Libera
1342 2677 1463 2718 Deus
1490 2675 1643 2725 Israel,
1666 2675 1691 2700 *
1716 2687 1771 2715 ex
1799 2673 1932 2715 omni-

1106 2733 1188 2775 bus
1207 2732 1561 2775 tribulationibus
1581 2732 1682 2773 suis.
