2040 2944
183 183 259 226 [20]

393 281 440 317 In
469 280 539 317 III.
568 279 790 317 Nocturno.

182 347 333 390 Le'ctio
361 343 745 441 sanctiIlEvangelii
770 341 1011 384 secundum

544 413 682 442 ucam.

286 469 434 508 Lectio
456 468 521 507 vii.

718 467 821 518 Cap.
842 468 904 506 lO.

183 523 259 628 In
286 526 360 567 illo
388 528 604 578 tempore:
639 522 898 573 Designavit
924 522 1013 562 Do-

248 583 390 623 minus
410 587 454 623 et
470 581 579 622 alios
595 581 871 632 septuaginta
887 577 1013 619 duos:

183 645 226 681 et
244 639 361 679 misit
385 638 484 678 illos
503 637 630 678 binos
650 640 750 677 ante
768 634 927 675 faciem
946 647 1013 674 su-

183 708 264 744 am,
292 695 335 735 in
355 706 530 736 omnem
550 693 773 734 civitatem
792 695 836 732 et
856 690 1014 739 locum,

184 764 271 804 quo
292 756 386 792 erat
404 750 499 802 ipse
514 752 736 790 venturus.
764 747 822 787 Et
836 746 1013 797 reliqua.

227 832 418 875 Homilia
438 831 578 872 sancti
598 828 802 879 Gregorii
819 828 965 879 Papae.

366 905 536 939 llomilia
556 904 603 938 17.
624 905 661 937 in
679 905 823 946 Evang.

220 993 276 1010 ,
289 974 305 1009 ’κ
317 962 487 1003 ominus
529 965 573 1002 et
613 960 814 1001 Salvator
853 963 1015 1008 noster,

220 1014 277 1066 3513·
340 1018 497 1059 fratres
521 1016 749 1065 carissimi,
778 1014 1015 1067 aliquando

196 1073 303 1101 '³2²
340 1087 421 1115 nos
450 1071 744 1121 sermonibus,
778 1070 1015 1122 aliquando

184 1143 290 1171 vero
318 1130 526 1182 operibus
556 1128 774 1170 admonet.
820 1128 924 1179 Ipsa
957 1129 1015 1168 et-

185 1187 299 1228 enim
340 1186 455 1227 facta
496 1186 586 1236 ejus
630 1186 857 1236 praecepta
897 1187 1016 1224 sunt:

186 1242 287 1293 quia
302 1242 407 1283 dum
423 1240 588 1293 aliquid
602 1241 761 1281 tacitus
776 1239 890 1288 facit,
911 1238 1016 1290 quid

186 1301 316 1349 agere
345 1297 585 1339 debeamus
613 1295 856 1337 innotescit.
898 1296 1014 1336 Ecce

185 1355 299 1396 enim
313 1354 441 1395 binos
455 1354 500 1394 in
513 1352 875 1405 praedicationem
890 1350 1015 1392 disci-

184 1410 313 1463 pulos
333 1410 480 1451 mittit:
509 1409 611 1461 quia
630 1408 718 1450 duo
735 1413 835 1449 sunt
852 1409 1015 1460 praece-

184 1472 261 1519 pta
290 1466 500 1515 caritatis,
537 1465 622 1506 Dei
649 1464 854 1506 videlicet
881 1476 1016 1512 amor,

187 1527 230 1563 et
258 1522 462 1575 proximi:
501 1526 544 1563 et
571 1521 713 1561 minus
743 1533 874 1572 quam
903 1519 1016 1561 inter

188 1578 299 1619 duos
343 1578 503 1619 caritas
543 1576 695 1618 haberi
734 1589 822 1617 non
857 1580 1017 1628 potest.

185 1634 328 1675 Nemo
362 1634 478 1675 enim
508 1633 687 1686 proprie
721 1631 778 1673 ad
815 1634 1016 1684 semetip-

186 1703 283 1731 sum
302 1689 465 1731 habere
485 1689 713 1730 caritatem
733 1687 909 1729 dicitur:
938 1687 1017 1728 sed

187 1746 364 1787 dilectio
383 1746 427 1786 in
447 1745 633 1787 alterum
654 1743 809 1794 tendit,
841 1749 890 1785 ut
909 1743 1016 1784 cari-

185 1808 253 1845 tas
274 1815 370 1844 esse
389 1802 540 1854 possit.

241 1869 286 1918 R.
302 1863 382 1904 Isti
396 1867 497 1903 sunt
513 1862 587 1913 qui
601 1861 797 1903 viventes
815 1861 860 1902 in
875 1874 1016 1911 carne,

186 1919 494 1970 plantaverunt
528 1917 773 1959 Ecclesiam
805 1917 1016 1969 sanguine

187 1987 287 2015 suo:
317 1980 337 2002 *
371 1973 563 2015 Calicem
590 1973 770 2014 Domini
801 1973 1015 2023 biberunt,

188 2035 231 2071 et
258 2030 386 2071 amici
413 2030 497 2071 Dei
525 2030 628 2071 facti
655 2034 766 2070 sunt.
807 2026 858 2077 Y.
892 2030 943 2070 In
972 2042 1015 2070 o—

186 2099 332 2127 mnem
355 2091 518 2127 terram
543 2085 675 2126 exivit
699 2098 832 2126 sonus
852 2087 1015 2135 eorum,

188 2147 230 2183 et
244 2142 287 2182 in
299 2141 408 2183 fines
424 2141 543 2183 orbis
558 2146 688 2183 terrae
702 2141 837 2182 verba
852 2143 1015 2183 eorum.

189 2197 390 2238 Calicem.

475 2250 623 2290 Lectio
645 2250 727 2289 viii.

271 2325 346 2354 cce
379 2313 492 2354 enim
523 2313 652 2354 binos
685 2313 742 2355 ad
772 2313 1014 2366 praedican-

290 2368 393 2410 dum
418 2369 656 2421 discipulos
680 2370 896 2410 Dominus
919 2370 1014 2411 mit-

187 2424 254 2465 tit:
283 2426 496 2475 quatenus
519 2425 605 2466 hoc
622 2425 756 2475 [nobis
775 2426 935 2467 tacitus
953 2428 1014 2466 in-

746 183 956 217 Commune
982 183 1329 225 Evangelistarum.

1064 276 1180 321 nuat,
1205 273 1307 324 quia
1327 273 1402 324 qui
1421 273 1650 315 caritatem
1669 285 1773 324 erga
1792 272 1895 314 alte-

1064 340 1161 368 rum
1180 341 1268 369 non
1286 328 1430 378 habet,
1454 327 1784 381 praedicationis
1804 327 1895 369 offi-

1065 383 1179 424 cium
1215 387 1439 437 suscipere
1471 384 1718 426 nullatenus
1753 384 1896 426 debet.

1066 439 1186 481 Bene
1206 445 1352 482 autem
1372 440 1542 490 dicitur,
1571 441 1673 493 quia
1687 440 1805 482 misit
1820 453 1896 482 eos

1066 501 1166 538 ante
1194 496 1351 538 faciem
1375 510 1500 538 suam
1524 497 1569 538 in
1593 509 1769 538 omnem
1797 497 1897 538 civi-

1065 554 1201 594 tatem
1221 558 1265 594 et
1282 552 1440 603 locum,
1461 565 1548 604 quo
1570 557 1664 594 erat
1682 553 1777 605 ipse
1796 565 1896 594 ven-

1066 611 1202 649 turus.
1220 608 1542 651 Praedicatores
1559 609 1675 650 enim
1690 621 1794 650 suos
1807 608 1896 649 Do-

1066 665 1210 705 minus
1246 665 1462 717 sequitur:
1506 665 1607 716 quia
1638 664 1897 717 praedicatio

1067 721 1292 772 praevenit,
1310 726 1354 762 et
1367 726 1472 762 tunc
1487 720 1543 762 ad
1557 721 1717 762 mentis
1731 725 1898 762 nostrae

1067 775 1365 818 habitaculum
1378 777 1595 818 Dominus
1614 777 1743 826 venit,
1766 789 1898 829 quan-

1069 832 1126 873 do
1172 832 1307 874 verba
1348 832 1668 875 exhortationis
1707 836 1898 885 praecur-

1068 892 1186 929 runt:
1231 893 1364 941 atque
1404 901 1485 941 per
1526 888 1613 930 hoc
1651 889 1814 930 veritas
1854 889 1899 931 in

1068 949 1214 986 mente
1243 945 1491 997 suscipitur.

1116 1007 1166 1058 R.
1199 1005 1280 1046 Isti
1303 1009 1404 1046 sunt
1422 1005 1504 1046 viri
1523 1005 1664 1047 sancti
1685 1017 1796 1057 quos
1816 1005 1899 1046 ele-

1069 1061 1131 1111 git
1154 1061 1371 1102 Dominus
1396 1061 1440 1101 in
1465 1062 1647 1103 caritate
1670 1073 1759 1102 non
1786 1061 1900 1112 ficta,

1070 1121 1114 1158 et
1134 1116 1255 1158 dedit
1273 1117 1357 1157 illis
1372 1117 1557 1167 gloriam
1573 1117 1900 1170 sempiternam:

1065 1175 1087 1199 *
1109 1174 1307 1223 Quorum
1322 1172 1523 1215 doctrina
1541 1173 1679 1224 fulget
1692 1173 1900 1224 Ecclesia,

1069 1234 1117 1270 ut
1138 1229 1232 1271 sole
1250 1229 1363 1270 luna.
1396 1224 1446 1275 V.
1484 1230 1633 1271 Sancti
1659 1242 1739 1282 per
1766 1229 1901 1271 fidem

1070 1285 1267 1327 vicerunt
1290 1298 1438 1336 regna:
1466 1286 1637 1338 operati
1661 1291 1763 1328 sunt
1784 1287 1900 1337 justi-

1068 1341 1185 1382 tiam.
1214 1342 1423 1392 Quorum.
1449 1342 1615 1383 Gloria.
1644 1342 1851 1392 Quorum.

1366 1407 1519 1448 Lectio
1538 1407 1591 1446 ix.
1743 1457 1745 1459 ι

1164 1466 1235 1508 inc
1254 1479 1443 1523 namque
1459 1466 1627 1509 eisdem
1640 1467 1900 1520 praedicato-

1183 1522 1304 1564 ribus
1319 1523 1457 1564 Isaias
1473 1522 1594 1564 dicit:
1610 1523 1770 1565 Parate
1784 1524 1900 1566 viam

1068 1579 1261 1630 Domini,
1290 1583 1434 1620 rectas
1458 1579 1589 1620 facite
1615 1579 1793 1621 semitas
1815 1580 1900 1622 Dei

1069 1635 1218 1676 nostri.
1263 1635 1380 1676 Hinc
1417 1634 1518 1676 filiis
1553 1635 1787 1677 Psalmista
1823 1637 1901 1678 ait:

1068 1691 1159 1732 Iter
1185 1691 1315 1733 facite
1344 1691 1400 1741 ei,
1439 1691 1514 1743 qui
1540 1691 1740 1733 ascendit
1767 1705 1901 1745 super

1070 1749 1288 1788 occasum.
1324 1747 1465 1800 Super
1485 1749 1692 1789 occasum
1709 1760 1899 1800 namque

1069 1803 1285 1845 Dominus
1314 1803 1530 1845 ascendit:
1572 1804 1674 1855 quia
1705 1803 1824 1846 unde
1855 1805 1900 1846 in

1068 1860 1274 1912 passione
1302 1859 1525 1910 occubuit,
1560 1859 1664 1901 inde
1690 1861 1900 1912 majorem

1069 1928 1193 1957 suam
1219 1915 1405 1967 gloriam
1429 1915 1698 1967 resurgendo
1724 1916 1900 1958 manife-

1069 1972 1212 2013 stavit.
1266 1972 1406 2024 Super
1449 1974 1655 2013 occasum
1695 1971 1900 2014 videlicet

1069 2027 1282 2077 ascendit3
1312 2028 1413 2080 quia
1436 2032 1626 2069 mortem
1650 2040 1781 2080 quam
1803 2030 1899 2081 per-

1068 2083 1177 2133 tulit,
1201 2083 1472 2134 resurgendo
1493 2083 1688 2125 calcavit.
1721 2084 1774 2124 Ei
1793 2096 1898 2134 ergo

1070 2140 1144 2191 qui
1171 2139 1370 2181 ascendit
1398 2152 1531 2192 super
1559 2141 1782 2189 occasum,
1815 2139 1898 2181 iter

1068 2195 1262 2245 facimus,
1290 2208 1390 2237 cum
1413 2208 1494 2237 nos
1514 2196 1604 2247 ejus
1624 2195 1807 2246 gloriam
1828 2208 1897 2237 ve-

1068 2251 1169 2292 stris
1188 2251 1408 2293 mentibus
1427 2251 1732 2304 praedicamus,
1755 2256 1805 2292 ut
1823 2264 1898 2292 eas

1069 2312 1112 2349 et
1138 2307 1234 2360 ipse
1261 2313 1366 2360 post
1394 2308 1588 2357 veniens,
1628 2320 1708 2359 per
1735 2308 1898 2348 amoris

1069 2364 1135 2405 sui
1153 2364 1434 2416 praesentiam
1451 2363 1651 2404 ilhistret.

1123 2424 1185 2465 Te
1203 2425 1347 2466 Deum
1365 2423 1605 2465 laudamus
1624 2424 1682 2463 14.
