2040 2944
211 204 251 238 16
824 204 1026 239 Dominica
1049 203 1098 237 ad
1124 202 1285 237 Laudes.

262 299 562 340 Confiteantur
581 295 659 337 tibi
679 294 832 347 pepuli
851 294 987 335 Deus:
1006 294 1029 319 *

210 356 499 397 confiteantur
519 351 597 393 tibi
616 351 769 403 populi
790 363 952 391 omnes.

260 411 483 452 Laetentur
501 414 543 450 et
563 407 781 448 exsultent
802 407 983 448 Gentes:
1006 408 1029 431 *

210 467 414 519 queniam
440 464 602 515 judicas
623 463 812 515 pepulos
833 463 876 503 in
897 463 1029 515 aequi-

208 526 308 570 tate,
328 528 370 564 et
385 522 547 562 Gentes
566 520 609 560 in
628 525 745 560 terra
765 519 924 569 dirigis.

260 578 556 620 Confiteantur
592 575 669 617 tibi
709 575 862 628 pepuli
898 576 1029 623 Deus,

208 635 494 676 confiteantur
522 632 599 674 tibi
629 631 781 684 pepuli
814 644 978 672 omnes:
1006 633 1029 657 *

207 697 321 732 terra
340 689 460 731 dedit
480 689 666 729 fructum
686 701 822 728 suum.

258 745 494 787 Benedicat
506 758 585 785 nos
596 745 726 793 Deus,
740 745 859 785 Deus
869 749 1028 793 noster,

206 801 434 844 benedicat
462 814 541 842 nos
568 801 702 842 Deus:
722 801 744 826 *
770 805 813 842 et
835 802 1030 842 metuant

207 871 304 900 eum
325 870 475 899 omnes
495 857 602 898 fines
622 862 762 898 terrae.

258 919 408 960 Gloria
428 918 555 959 Patri.

260 979 340 1019 l‘er
361 979 541 1018 Annum.
574 980 669 1018 Ant.
704 978 903 1029 Alleluja,
928 979 1027 1020 alle-

206 1036 301 1086 lilia.

260 1099 356 1137 Ant.
385 1097 495 1136 Tres
515 1096 649 1146 paeri.

297 1179 518 1219 Canticum
540 1180 666 1219 trium
690 1194 934 1231 puerorum.

483 1245 654 1278 Danielis
671 1246 700 1279 3.
720 1256 748 1279 e.

289 1308 500 1350 enedicite
525 1310 669 1350 emnia
694 1311 828 1362 Opera
853 1310 1029 1351 Demini

314 1365 518 1406 Demino:
549 1366 572 1391 *
604 1365 778 1407 laudate
807 1371 850 1408 et
882 1379 1028 1419 super-

208 1420 395 1462 exaltate
415 1434 513 1473 eum
532 1422 574 1462 in
595 1422 764 1462 saecula.

259 1476 510 1518 Benedicite
543 1478 699 1528 Angeli
734 1479 910 1519 Demini
941 1479 1029 1520 Dc-

207 1532 339 1573 mino:
358 1533 382 1558 *
400 1533 642 1575 benedicite
663 1534 762 1575 coeli
780 1535 982 1577 Demino.

260 1589 509 1631 Benedicite
525 1603 650 1642 aquae
667 1603 828 1640 omneS,
849 1605 946 1644 quae
963 1606 1029 1634 su-

207 1658 286 1696 per
305 1645 442 1686 coelos
462 1652 570 1695 sunt,
590 1647 795 1688 Deminoz
815 1649 837 1673 *
856 1648 1029 1690 benedi-

208 1701 291 1742 cite
328 1713 480 1743 omnes
515 1703 698 1744 virtutes
734 1704 910 1745 Domini
942 1706 1029 1746 De-

207 1757 334 1798 mino.

259 1813 510 1855 Benedicite
539 1815 605 1856 sol
633 1821 676 1857 et
700 1816 802 1857 luna
825 1818 1030 1859 D6mino:

208 1869 231 1894 *
249 1868 492 1911 benedicite
512 1871 649 1912 stellae
670 1872 770 1913 coeli
788 1873 990 1915 Domino.

261 1925 511 1967 Benedicite
543 1928 682 1968 omnis
714 1928 852 1970 imber
884 1934 927 1971 et
959 1942 1031 1971 ros

209 1981 414 2022 D6min0:
432 1983 455 2007 *
474 1982 717 2026 benedicite
738 1997 890 2027 omnes
909 1986 1030 2038 spiri-

207 2042 277 2078 tus
297 2038 378 2079 Dei
397 2038 597 2080 D6mino.

259 2093 510 2136 Benedicite
547 2095 657 2146 ignis
693 2102 737 2138 et
772 2102 906 2139 aestus
942 2098 1030 2139 Do-

207 2149 339 2190 mino:
357 2150 380 2175 *
403 2149 647 2194 benedicite
670 2153 806 2203 frigus
830 2158 873 2195 et
897 2160 1030 2196 aestus

207 2204 407 2246 Domino.

259 2261 509 2304 Benedicite
540 2275 663 2304 rores
691 2269 734 2305 et
760 2268 915 2317 pruina
943 2267 1030 2307 De-

207 2316 339 2357 mino:
366 2318 389 2343 *
417 2317 660 2361 benedicite
692 2321 791 2370 gelu
825 2327 868 2363 et
896 2322 1030 2372 frigus

208 2372 409 2414 deino.

258 2428 508 2471 Benedicite
535 2431 696 2480 glacies
725 2438 768 2475 et
794 2434 915 2476 nives
939 2436 1026 2477 Βό-

206 2484 337 2525 mino:
365 2486 387 2511 *
414 2485 656 2529 benedicite
683 2494 835 2531 noctes
864 2496 907 2532 et
935 2491 1028 2534 dies

206 2540 408 2582 Demino.

258 2596 508 2639 Benedicite
540 2599 614 2640 lux
646 2605 689 2642 et
720 2602 912 2644 tenebrae
941 2604 1029 2644 Do-

207 2652 338 2693 mino:
365 2653 388 2679 *
418 2653 659 2697 benedicite
688 2657 856 2707 fulgura
886 2665 929 2700 et
955 2674 1029 2701 nu-

206 2707 283 2749 bes
302 2709 502 2750 DOmino.

1136 291 1375 333 Benedicat
1389 295 1507 332 terra
1519 289 1774 330 Deminum:
1787 290 1811 315 *
1826 289 1914 330 lau-

1083 348 1167 397 det,
1189 353 1232 389 et
1251 346 1549 399 superexaltet
1569 358 1669 387 eum
1683 346 1726 386 in
1742 345 1914 388 saecula.

1135 403 1389 446 Benedicite
1413 407 1587 444 montes
1607 407 1651 444 et
1671 401 1807 443 colles
1826 402 1914 443 De-

1082 461 1215 501 min0:
1247 461 1271 486 *
1298 459 1544 501 benedicite
1581 459 1784 499 universa
1821 471 1914 509 ger-

1082 517 1290 558 minantia
1308 517 1351 556 in
1371 521 1489 557 terra
1508 515 1712 556 Demino.

1135 573 1390 614 Benedicite
1411 572 1554 613 fontes
1573 571 1779 612 Demino:
1798 572 1822 597 *
1841 570 1914 613 be-

1082 629 1270 671 nedicite
1290 629 1427 670 maria
1451 634 1495 670 et
1514 628 1693 669 flumina
1711 628 1915 669 deino.

1136 685 1390 727 Benedicite
1415 690 1527 734 cete,
1560 690 1603 726 et
1623 683 1784 734 emnia,
1815 697 1914 737 quae

1082 743 1314 783 moventur
1338 742 1381 782 in
1406 741 1547 793 aquis,
1572 741 1781 782 Demino:
1799 742 1823 767 *
1842 740 1914 782 be-

1081 798 1269 839 nedicite
1295 810 1446 839 omnes
1471 797 1674 839 volucres
1702 797 1803 839 coeli
1825 798 1914 838 Do-

1082 855 1211 896 mino.

1133 910 1388 952 Benedicite
1417 922 1570 952 omnes
1594 909 1749 952 bestiae
1774 915 1818 952 et
1841 912 1914 964 pe-

1082 980 1185 1008 cora
1205 967 1413 1008 Demino:
1432 967 1456 992 *
1475 966 1723 1009 benedicite
1742 966 1821 1008 filii
1838 966 1914 1010 ho-

1080 1023 1245 1064 minum
1263 1023 1467 1064 Demino.

1134 1079 1375 1121 Benedicat
1385 1080 1786 1122 Isra'eldeinum:
1778 1081 1915 1123 ·*l-au

1082 1136 1157 1177 det
1176 1141 1220 1177 et
1240 1136 1540 1188 superexaltet
1558 1149 1658 1178 eum
1676 1137 1719 1178 in
1742 1137 1915 1189 saecula.

1134 1192 1389 1234 Benedicite
1436 1193 1692 1235 sacerdotes
1736 1194 1916 1235 deini

1082 1249 1289 1290 Deminoz
1304 1249 1327 1274 *
1341 1248 1723 1292 benedicite-servi
1737 1251 1916 1292 Domini

1082 1305 1285 1347 Demino.

1134 1361 1389 1404 Benedicite
1426 1363 1626 1415 spiritus,
1672 1368 1716 1405 et
1757 1364 1914 1406 animae

1082 1418 1295 1469 justcrum
1339 1419 1554 1460 D6min0:
1598 1420 1622 1445 *
1667 1419 1915 1462 benedicite

1083 1475 1241 1524 sancti,
1270 1480 1314 1516 et
1340 1474 1527 1517 humiles
1552 1475 1686 1518 corde
1710 1477 1915 1518 D6mino.

1135 1531 1391 1573 Benedicite
1416 1531 1604 1582 Anania,
1634 1532 1810 1582 Azaria‚
1838 1533 1915 1574 Mi-

1083 1587 1175 1628 sael
1201 1587 1409 1629 Demino:
1437 1588 1461 1614 *
1488 1588 1666 1631 laudate
1695 1594 1740 1631 et
1767 1602 1915 1643 super-

1084 1643 1273 1685 exaltate
1293 1657 1393 1686 eum
1411 1644 1455 1685 in
1474 1645 1647 1687 saecula.

1135 1700 1456 1742 Benedicamus
1483 1702 1660 1744 Patrem
1689 1707 1733 1744 et
1752 1703 1915 1758 ‚Filium

1084 1769 1183 1798 cum
1206 1762 1359 1798 sancto
1379 1758 1558 1810 Spiritu:
1577 1759 1601 1785 *
1619 1758 1848 1801 laudemus
1873 1764 1917 1802 et

1083 1813 1461 1865 superexaltemus
1481 1827 1580 1856 eum
1598 1815 1642 1856 in
1661 1815 1834 1857 saecula.

1135 1869 1402 1911 Benedictus
1427 1883 1474 1912 es
1493 1872 1683 1914 Demine
1706 1873 1751 1913 in
1773 1872 1916 1915 firma-

1083 1927 1231 1967 me'nto
1252 1926 1368 1967 coeli:
1387 1927 1411 1953 *
1431 1932 1475 1969 et
1492 1927 1742 1978 laudabilis,
1762 1934 1806 1971 et
1824 1929 1915 1980 glo-

1084 1981 1236 2031 riesus,
1257 1987 1300 2024 et
1316 1984 1695 2036 superexaltatus'
1683 1999 1727 2026 1n
1742 1985 1916 2028 saecula.

1135 2052 1205 2086 llic
1245 2063 1319 2086 non
1353 2052 1596 2089 die.G16ria
1625 2053 1748 2098 Patri,
1784 2066 1909 2100 neque

1084 2099 1224 2142 Amen;
1247 2101 1283 2134 in
1310 2101 1398 2134 aliis
1423 2102 1465 2135 C
1457 2102 1596 2136 inticis
1622 2102 1811 2138 dicuntur.

1139 2156 1219 2196 Per
1257 2157 1441 2198 Annum.
1492 2159 1592 2200 Ant.
1639 2158 1752 2199 Tres
1788 2159 1915 2211 pueri

1082 2211 1201 2262 jussu
1220 2211 1334 2261 regis
1353 2211 1396 2251 in
1416 2212 1640 2254 fornacem
1663 2214 1785 2255 missi
1804 2220 1916 2265 sunt,

1083 2280 1169 2307 non
1202 2268 1405 2309 timentes
1438 2269 1657 2310 flammam
1690 2270 1821 2320 ignis,
1854 2271 1914 2313 di-

1084 2325 1247 2365 centes:
1267 2324 1533 2366 Benedictus
1552 2326 1684 2367 Deus.

1136 2387 1232 2427 Ant.
1264 2388 1457 2440 Alleluja.

1346 2482 1540 2523 l'salmus
1562 2485 1647 2524 148.

1149 2550 1308 2592 audate
1319 2552 1557 2594 Deminum
1573 2553 1628 2595 de
1644 2554 1913 2596 coelis:*lau-

1186 2606 1288 2648 date
1309 2620 1407 2648 eum
1426 2609 1469 2649 in
1490 2610 1686 2651 excelsis.

1133 2662 1331 2704 Laudate
1351 2677 1450 2705 eum
1467 2678 1619 2708 omnes
1635 2666 1791 2715 Angeli
1808 2667 1930 2718 ejus:.

1082 2717 1296 2760 *laudate
1316 2732 1415 2760 eum
1434 2733 1587 2764 omnes
1608 2723 1792 2764 virtutes
1811 2724 1912 2774 ejus.
