2040 2944
739 214 777 246 In
804 213 1055 246 llcdicationc
1082 213 1275 246 Ecclesiam.

204 304 418 347 Dominus
451 303 645 344 narrabit
674 303 718 343 in
751 302 976 355 scripturis

153 360 429 414 populorum,
450 365 492 401 et
506 359 765 412 principum:
775 360 799 385 *
809 358 976 408 horum,

155 418 228 470 qui
247 417 421 459 fuerunt
441 417 484 457 in
503 429 565 457 ea.

204 474 324 516 Sicut
342 473 583 515 laetzintium
606 472 800 513 omnium
818 473 842 499 *
860 471 977 513 habi-

152 531 262 572 tatio
283 536 349 572 est
367 531 411 571 in
430 535 485 572 te.

210 588 309 628 Ant.
338 586 458 628 Vidit
485 586 622 628 Jacob
656 585 828 634 scalam,
864 586 975 624 sum-

153 643 284 685 mitas
309 644 398 696 ejus
424 643 562 685 coelos
583 641 806 694 tangebat,
835 644 878 681 et
906 639 977 680 de-

121 738 123 740 .
155 699 412 742 scendentes
431 699 636 752 Angelos,
657 703 701 740 et
720 697 842 739 dixit:
861 696 978 737 Vere

154 756 277 798 locus
297 757 379 798 iste
398 762 574 798 sanctus
593 760 670 797 est.

210 815 308 855 Ant.
330 813 485 854 Erexit
507 811 643 854 Jacob
668 812 692 837 *
718 810 907 863 lapidem
935 811 979 852 in

155 870 339 920 titulum,
359 868 545 911 fundens
565 869 710 910 oleum
728 867 927 920 desuper.

426 929 625 969 Psalmus
655 929 716 968 87.

246 983 390 1024 omine
417 983 538 1024 Deus
567 982 719 1024 salutis
743 994 868 1023 meae:
890 983 914 1008 *
935 981 980 1021 in

260 1038 331 1080 die
346 1038 541 1089 clamavi,
554 1044 597 1080 et
616 1043 746 1080 nocte
761 1050 909 1079 coram
924 1042 980 1078 te.

208 1096 349 1137 Intret
385 1096 429 1136 in
457 1097 696 1148 conspectu
727 1100 804 1136 tuo
838 1094 979 1136 oratio

157 1165 270 1194 mea:
289 1154 312 1179 *
330 1152 489 1194 inclina
506 1165 655 1194 aurem
674 1157 794 1193 tuam
813 1150 870 1192 ad
884 1163 979 1203 pre-

159 1222 254 1250 cem
280 1222 437 1250 meam:

209 1265 320 1316 Quia
364 1265 532 1318 repleta
569 1269 635 1306 est
671 1264 797 1305 malis
839 1263 982 1304 {mima

159 1335 270 1364 mea:
296 1323 319 1349 *
343 1325 390 1364 et'
409 1322 499 1363 vita
522 1334 620 1363 mea
636 1321 804 1362 inferno
825 1333 981 1372 appro-

159 1378 399 1431 pinqueivit.

209 1435 472 1476 AEstimzitus
492 1448 587 1475 sum
603 1447 701 1476 cum
719 1433 981 1485 descenden-

159 1490 277 1533 tibus
304 1492 348 1532 in
375 1491 533 1532 lacum:
561 1492 584 1518 *
611 1491 752 1532 factus
781 1503 877 1531 sum
904 1490 982 1531 sic-

160 1552 208 1589 ut
224 1547 356 1590 homo
376 1548 469 1589 sine
488 1547 717 1600 adjutorio,
738 1547 852 1588 inter
870 1548 982 1587 mer-

160 1609 261 1646 tuos
289 1604 410 1646 liber.
434 1630 447 1639 ι

212 1661 332 1702 Sicut
347 1660 562 1703 vulnerati
578 1660 845 1702 dormientes
860 1660 904 1700 in
920 1672 983 1700 se-

160 1716 373 1769 pulchris,
406 1729 591 1769 quorum
623 1729 710 1758 non
744 1730 790 1758 es
816 1728 983 1757 memor

163 1773 364 1826 emplius:
396 1775 420 1800 ¹⁸¹
456 1778 499 1815 et
533 1773 617 1826 ipsi
654 1772 709 1815 de
745 1786 876 1814 manu
908 1777 985 1813 tua

162 1829 327 1882 repulsi
353 1834 464 1871 sunt.

212 1886 458 1927 Posuerunt
482 1898 552 1927 me
580 1885 625 1926 in
649 1885 748 1927 lacu
775 1884 983 1927 inferiOri:

161 1943 185 1968 *
229 1942 274 1983 in
322 1941 588 1991 tenebrosis,
644 1947 687 1983 et
736 1942 781 1982 in
829 1940 985 1982 umbra

160 1999 327 2040 mortis.

213 2055 353 2108 Super
372 2067 442 2096 me
468 2054 750 2096 confirmatus
773 2058 839 2096 est
863 2053 982 2094 furor

162 2115 278 2152 tuus:
310 2113 334 2139 *
363 2116 407 2153 et
435 2123 586 2152 omnes
614 2111 772 2153 fluctus
796 2115 896 2151 tuos
923 2109 983 2149 in-

162 2166 326 2209 duxisti
353 2181 483 2220 super
509 2181 589 2210 me.

214 2223 366 2276 Longe
381 2224 522 2266 fecisti
536 2229 668 2266 notos
682 2237 803 2266 meos
820 2237 845 2265 a
862 2236 946 2264 me:
961 2224 985 2250 *

163 2282 403 2332 posuerunt
417 2294 486 2322 me
502 2280 871 2322 abominatiOnem
891 2279 984 2320 sibi.
1041 2322 1042 2325 Ἴ

214 2336 422 2378 Traditus
450 2350 561 2387 sum,
597 2342 640 2378 et
671 2349 760 2378 non
793 2335 984 2388 egredie-
1039 2331 1109 2360 1123

164 2391 259 2456 bar:
286 2394 309 2420 *
338 2393 453 2434 oculi
486 2394 572 2434 mei
605 2393 863 2445 languerunt
891 2404 984 2444 prae

165 2461 322 2501 1nop1a.

216 2504 409 2547 Clamavi
424 2506 480 2548 ad
493 2511 538 2547 te
552 2506 739 2547 Demine
754 2510 850 2547 tota
864 2505 950 2547 die:
962 2509 985 2534 *

166 2561 355 2613 expandi
382 2562 438 2604 ad
465 2567 509 2604 te
535 2576 688 2604 manus
716 2575 846 2603 meas.

216 2617 442 2670 Numquid
459 2619 643 2660 mortuis
663 2619 794 2660 facies
813 2618 986 2660 mirabi-

166 2673 239 2714 lia:
273 2675 297 2701 *
329 2680 404 2715 aut
429 2675 589 2717 medici
617 2675 905 2724 suscitabunt,
942 2679 986 2716 et

167 2730 490 2772 confitebuntur
516 2731 620 2773 tibi?

319 2872 382 2897 Pars
398 2873 566 2897 Autumnalis.

1756 205 1848 250 [117]

1078 301 1303 354 Numquid
1323 302 1518 344 narrabit
1537 303 1695 355 aliquis
1718 303 1762 343 in
1786 315 1849 344 se-

1027 358 1212 411 pulchro
1239 358 1584 400 misericordiam
1605 364 1736 409 tuam,
1759 360 1783 386 *
1807 364 1850 400 et

1029 415 1257 456 veritatem
1284 419 1404 456 tuam
1431 415 1475 456 in
1499 415 1772 468 perditi6ne?

1079 471 1304 523 Numquid
1329 474 1645 523 cognoscentur
1666 472 1710 512 in
1734 473 1850 513 tene-

1028 527 1120 569 bris
1138 527 1354 569 mirabilia
1372 533 1463 569 tua:
1484 530 1508 555 *
1532 534 1576 570 et
1594 529 1756 581 justitia
1775 533 1850 570 tua

1029 584 1074 624 in
1099 589 1216 625 terra
1244 583 1500 626 oblivionis?

1082 641 1139 681 Et
1159 653 1241 692 ego
1267 640 1324 682 ad
1341 646 1385 682 te
1404 641 1591 682 Demine
1611 641 1809 683 clamavi:
1828 643 1851 668 *

1034 701 1078 738 et
1094 710 1221 738 mane
1247 697 1388 738 oratio
1413 710 1512 739 mea
1535 698 1775 750 praeveniet
1795 703 1850 738 te.

1080 754 1140 795 Ut
1168 753 1274 805 quid
1300 754 1489 795 Domine
1516 754 1692 807 repellis
1724 754 1851 795 orati-

1032 812 1160 851 onem
1173 823 1331 851 meam:
1346 812 1370 837 *
1386 811 1547 852 avertis
1562 811 1717 852 faciem
1731 816 1851 852 tuam

1032 880 1057 907 a
1082 866 1179 908 me?
1373 883 1376 886 ·

1081 923 1254 976 Pauper
1282 937 1378 964 sum
1406 936 1505 974 ego,
1541 928 1584 965 et
1619 924 1663 964 in
1696 923 1852 964 labori-

1031 979 1113 1020 bus
1142 993 1168 1020 a
1195 981 1419 1032 juventute
1446 993 1556 1022 mea:
1584 982 1607 1007 *
1637 980 1853 1022 exaltatus

1032 1041 1188 1086 autem,
1212 1036 1463 1078 humiliatus
1488 1050 1583 1078 sum
1610 1042 1653 1078 et
1681 1042 1853 1078 contur-

1031 1092 1170 1134 batus.

1083 1149 1135 1189 In
1158 1162 1228 1191 me
1251 1149 1516 1191 transierunt
1539 1150 1616 1191 irae
1640 1155 1743 1191 tuae:
1768 1151 1792 1176 *
1812 1154 1855 1190 et

1032 1207 1226 1247 terreres
1253 1206 1317 1247 tui
1346 1206 1716 1248 conturbaverunt
1743 1219 1823 1247 me.

1087 1262 1476 1304 Circumdederunt
1503 1276 1573 1304 me
1601 1263 1713 1304 sicut
1742 1275 1855 1314 aqua

1033 1323 1127 1360 tota
1165 1319 1254 1360 die:
1298 1321 1321 1346 *
1362 1319 1742 1361 circumdederunt
1786 1331 1855 1359 me

1035 1375 1174 1416 simul.

1085 1432 1311 1484 Elongaisti
1335 1445 1361 1473 a
1385 1446 1454 1474 me
1479 1435 1665 1474 amicum
1691 1438 1734 1473 et
1758 1433 1856 1484 pro-

1035 1488 1216 1529 ximum:
1235 1491 1259 1516 *
1278 1495 1321 1530 et
1336 1494 1466 1530 notos
1484 1502 1607 1530 meos
1626 1502 1651 1530 a
1672 1489 1857 1530 miseria.

1088 1550 1188 1589 Ant.
1211 1550 1362 1591 Erexit
1379 1550 1517 1592 Jacob
1536 1549 1727 1602 lapidem
1747 1549 1790 1590 in
1809 1551 1857 1590 ti-

1035 1606 1183 1667 tulum,
1202 1606 1386 1648 fundens
1406 1607 1550 1648 eleum
1570 1607 1767 1659 desuper.

1090 1661 1139 1707 Y.
1163 1663 1333 1703 Domus
1358 1675 1465 1704 mea.
1501 1664 1550 1714 R».
1572 1663 1741 1704 Domus
1765 1675 1857 1703 ora-

1035 1718 1166 1759 tionis
1184 1718 1423 1760 vocabitur.
1851 1722 1853 1724 “

1093 1775 1218 1816 Pater
1238 1780 1398 1817 noster.

1092 1835 1336 1876 Absolutio.
1366 1837 1504 1889 Ipsius
1523 1837 1674 1887 pietas.

1092 1888 1141 1939 V.
1167 1891 1279 1933 Jube
1304 1892 1474 1934 domne.

1091 1953 1251 1994 Bened.
1281 1954 1399 1995 Deus
1421 1953 1551 1994 Pater
1575 1954 1859 2005 omnipotens.

1040 2031 1189 2072 Sermo
1218 2031 1356 2072 sancti
1382 2031 1613 2081 Augustini
1640 2030 1859 2083 Episcopi.

1197 2100 1312 2134 Scrm.
1336 2102 1408 2134 252.
1434 2101 1480 2134 de
1505 2101 1713 2143 Tempore.-

1336 2162 1487 2201 Lectio
1507 2162 1559 2200 iv.

1048 2222 1858 2331 wffeiftsffissssiifigssssii{3353}

1138 2330 1158 2361 ’ἡ
1173 2339 1310 2378 tatem
1329 2336 1524 2385 cdlimus,
1549 2336 1585 2376 si
1603 2334 1788 2376 fideliter
1808 2348 1859 2376 ac

1039 2393 1267 2444 diligenter
1286 2392 1559 2441 attendimus,
1579 2396 1622 2433 et
1641 2396 1790 2432 sancte
1808 2404 1858 2432 ac

1038 2451 1148 2501 juste
1166 2449 1364 2499 vivimus,
1391 2447 1602 2501 quidquid
1620 2447 1663 2488 in
1685 2447 1858 2500 templis

1038 2506 1294 2547 manufactis
1320 2505 1474 2556 agitur,
1501 2509 1643 2546 totum
1665 2504 1709 2544 in
1733 2503 1858 2544 nobis

1039 2561 1223 2615 spiritali
1268 2561 1558 2603 aedificatione
1605 2559 1858 2612 completur.

1037 2619 1138 2660 Non
1159 2618 1271 2659 enim
1289 2619 1496 2659 mentitus
1516 2622 1582 2658 est
1600 2616 1686 2665 ille,
1708 2615 1780 2667 qui
1798 2614 1857 2654 di-

1038 2675 1114 2716 xit:
1152 2673 1383 2726 Templum
1411 2674 1524 2715 enim
1551 2673 1635 2714 Dei
1663 2675 1858 2712 sanctum

984 2778 986 2781 ,
1039 2736 1116 2781 est,
1137 2729 1256 2783 quod
1275 2730 1380 2771 estis
1399 2742 1492 2779 vos3
1519 2734 1562 2770 et
1579 2731 1749 2770 iterum:
1773 2725 1856 2765 Ne-
