2040 2944
586 172 695 206 Dom.
720 172 747 206 Ι.
773 171 853 206 Oct.
894 171 951 206 Ss.
976 170 1132 205 Rosarii
1155 171 1197 205 B.
1222 170 1356 205 Mariae
1380 170 1424 205 V.

201 268 225 307 J
226 278 313 316 esu,
332 266 412 307 tibi
432 267 488 307 sit
506 266 657 317 gloria,

250 322 333 372 Qui
352 328 481 364 natus
500 335 548 364 es
568 320 623 364 de
643 321 837 372 Virgine,

251 378 362 420 Cum
380 379 511 420 Patre
530 382 574 420 et
590 377 706 419 almo
726 377 891 429 Spiritu

248 435 300 475 In
319 436 587 488 sempiterna
606 433 779 475 saecula.

460 492 612 532 Amen.

385 566 434 604 In
461 566 491 604 Ι.
520 565 743 605 Nocturno.

200 638 301 678 Ant.
345 638 538 689 Angelus
580 636 759 678 Gabriel
812 637 978 678 nuntia-

147 696 208 737 vit
237 695 406 735 Mariae:
435 699 479 735 et
507 693 710 746 concepit
739 691 794 734 de
813 693 979 745 Spiritu

147 756 311 793 sancto.

435 813 635 854 Psalmus
663 815 699 854 8

160 903 162 933 :
181 894 204 899 n
180 888 268 938 ἡ
280 876 647 918 omineDominus
654 877 840 926 noster,*
849 890 979 929 quam

160 906 203 978 ’ἓξ
202 930 249 981 {fl
297 932 553 974 admirabile
580 937 646 974 est
671 945 831 974 nomen
856 938 978 974 tuum

183 986 186 990 “
204 988 225 996 ²
295 989 339 1030 in
358 989 562 1031 universa
580 989 714 1030 terra!

199 1050 417 1101 Quoniam
433 1050 604 1091 elevata
619 1055 686 1091 est
700 1050 978 1101 magnificen-

147 1107 208 1148 tia
226 1111 312 1156 tua,
332 1107 355 1132 *
375 1119 508 1159 super
528 1106 677 1147 coelos.

199 1168 267 1208 Ex
296 1181 373 1209 ore
400 1167 630 1208 infantium
656 1172 700 1209 et
723 1167 978 1209 lactentium

148 1224 372 1276 perfecisti
386 1223 563 1265 laudem
580 1229 763 1276 propter
778 1224 978 1266 inimicos

148 1285 260 1330 tuos
278 1281 302 1307 *
322 1285 370 1322 ut
389 1279 592 1321 destruas
611 1280 835 1321 inimicum
856 1286 899 1323 et
918 1281 978 1322 ul-

148 1339 301 1378 torem.

200 1398 417 1449 Quoniam
435 1396 597 1438 videbo
624 1397 763 1439 coelos
787 1402 904 1447 tuOS‚
933 1400 977 1439 o—

146 1467 254 1508 pera
282 1454 520 1506 digitorum
547 1455 740 1495 tuorum:
774 1454 797 1479 *
830 1454 978 1496 lunam

147 1515 191 1553 et
210 1511 369 1560 stellas,
390 1523 488 1563 quae
507 1515 555 1552 tu
574 1510 778 1552 fundasti.

199 1573 315 1623 Quid
334 1577 401 1614 est
419 1572 569 1622 homo,
597 1571 716 1624 quod
739 1584 908 1613 memor
931 1584 977 1613 es

148 1627 261 1680 ejus?
280 1629 303 1655 *
324 1634 399 1670 aut
417 1629 531 1670 filius
550 1628 750 1677 hominis,
771 1628 977 1680 quoniam

147 1685 297 1727 visitas
318 1683 444 1727 eum?

199 1745 393 1787 Minuisti
430 1758 530 1787 eum
570 1745 703 1798 paulo
741 1745 884 1786 minus
921 1745 976 1786 ab

147 1801 344 1853 Angelis,
369 1801 509 1853 gloria
534 1807 578 1844 et
601 1801 770 1843 honore
795 1803 976 1843 corona-

149 1858 204 1899 sti
219 1871 334 1900 eum:
349 1858 372 1884 *
392 1863 436 1900 et
451 1858 715 1900 constituisti
731 1871 830 1899 eum
845 1870 977 1910 super

150 1916 286 1966 opera
305 1916 514 1956 manuum
532 1916 717 1956 tuarum.

200 1975 358 2016 Omnia
403 1975 625 2027 subjecisti
671 1974 751 2016 sub
788 1973 977 2026 pedibus

149 2032 250 2083 ejus,
268 2031 292 2057 *
312 2044 418 2073 oves
437 2036 481 2073 et
499 2031 638 2072 boves
658 2031 898 2071 universas:
917 2033 977 2071 in-

148 2100 280 2140 super
300 2092 344 2129 ct
361 2089 526 2140 pecora
545 2087 699 2139 campi.

198 2148 417 2190 Volucres
437 2147 548 2197 coeli,
569 2152 612 2189 et
629 2148 774 2200 pisces
794 2147 937 2195 maris,
953 2147 976 2172 *

150 2205 223 2257 qui
245 2204 553 2257 perambulant
573 2204 750 2245 semitas
769 2203 912 2245 maris.

199 2265 389 2307 Domine
400 2265 618 2306 Dominus
634 2269 794 2313 noster,
805 2264 829 2290 *
846 2277 978 2316 quam

149 2321 405 2363 admirabile
426 2326 492 2363 est
511 2333 672 2363 nomen
686 2325 810 2361 tuum
828 2320 872 2360 in
887 2320 978 2361 uni-

149 2379 277 2419 versa
296 2377 428 2419 terra!

199 2446 298 2488 Ant.
349 2446 544 2497 Angelus
588 2445 768 2487 Gabriel
811 2445 978 2486 nuntia-

148 2502 406 2600 ἔὲῒῃέιῒίέτίεει
433 2507 478 2544 et
506 2502 709 2554 concepit
736 2500 790 2543 de
814 2501 979 2554 Spiritu

201 2623 302 2665 Ant.
339 2626 523 2668 Intravit
553 2627 692 2668 Maria
724 2627 768 2666 in
800 2625 979 2667 domum

149 2681 384 2731 Zachariae,
405 2687 448 2724 et
468 2682 675 2724 salutavit
695 2681 931 2723 Elisabeth.

1311 266 1511 307 Psalmus
1532 267 1590 305 18.

1109 320 1184 362 oeli
1212 323 1416 363 enarrant
1442 321 1635 372 gloriam.
1650 321 1745 370 Dei,
1770 321 1793 345 *
1820 324 1864 361 et

1135 379 1272 429 opera
1295 380 1502 419 manuum
1522 378 1613 429 ejus
1633 377 1863 418 annuntiat

1030 433 1365 475 firmamentum.

1082 489 1190 531 Dies
1220 489 1306 531 diei
1340 493 1511 532 eructat
1538 490 1740 540 verbum,
1768 491 1792 518 *
1820 495 1865 532 et

1030 558 1119 587 nox
1139 546 1260 587 nocti
1278 545 1444 588 indicat
1462 547 1700 588 scientiam.

1081 601 1183 643 Non
1202 607 1303 644 sunt
1321 602 1523 654 loquelae,
1542 615 1686 654 neque
1702 605 1863 644 sermo-

1030 671 1124 707 nes,
1152 660 1175 685 *
1203 670 1392 710 quorum
1417 671 1505 700 non
1529 658 1764 700 audiantur
1790 672 1863 700 vo-

1030 727 1105 756 ces
1128 717 1291 756 eorum.

1082 771 1133 812 In
1166 784 1342 813 omnem
1374 777 1539 814 terram
1567 772 1702 813 exivit
1731 784 1864 812 sonus

1032 829 1200 869 eorum:
1230 829 1253 855 *
1282 832 1326 869 et
1357 828 1401 868 in
1436 828 1545 869 fines
1579 828 1699 869 orbis
1733 832 1864 869 terrae

1031 883 1167 926 verba
1186 886 1350 926 eorum.

1083 941 1133 980 In
1158 940 1252 982 sole
1276 941 1426 993 posuit
1445 940 1778 983 tabernaculum
1797 953 1863 982 su-

1030 1010 1119 1037 um:
1147 997 1170 1022 *
1205 1002 1248 1038 et
1281 997 1378 1049 ipse
1412 1002 1639 1049 tamquam
1673 1010 1863 1049 sponsus

1030 1053 1279 1105 procedens
1301 1052 1356 1095 de
1375 1052 1571 1094 thalamo
1591 1066 1687 1094 suo:

1081 1109 1332 1151 Exsultavit
1365 1115 1412 1151 ut
1444 1110 1567 1161 gigas
1606 1109 1663 1151 ad
1691 1112 1863 1151 curren-

1030 1164 1132 1207 dam
1151 1165 1282 1215 viam,
1302 1166 1325 1191 *
1346 1178 1371 1206 a
1391 1178 1563 1207 summo
1584 1166 1698 1207 coelo
1719 1168 1862 1218 egres-

1030 1222 1095 1263 sio
1117 1223 1222 1274 ejus:

1080 1278 1137 1319 Et
1162 1281 1373 1319 occursus
1399 1280 1490 1330 ejus
1515 1291 1655 1330 usque
1675 1279 1732 1320 ad
1753 1292 1864 1321 sum-

1029 1347 1148 1375 mum
1166 1336 1272 1387 ejus:
1288 1335 1312 1360 *
1327 1347 1409 1376 nec
1429 1340 1496 1376 est
1516 1335 1591 1387 qui
1612 1348 1659 1376 se
1680 1335 1863 1377 abscon-

1030 1389 1106 1432 dat
1126 1404 1151 1432 a
1171 1391 1319 1433 calore
1339 1392 1441 1442 ejus.

1081 1447 1175 1489 Lex
1195 1448 1282 1488 Dfii
1302 1447 1582 1489 immaculata
1604 1450 1866 1490 convertens

1030 1504 1214 1544 animas:
1224 1505 1248 1530 *
1261 1504 1561 1545 testimonium
1576 1504 1756 1545 Domini
1769 1504 1867 1546 fide·

1029 1560 1080 1608 le,
1103 1560 1366 1612 sapientiam
1385 1565 1603 1612 praestans
1623 1560 1830 1613 parvulis.

1081 1616 1105 1656 J
1108 1616 1270 1657 ustitiae
1286 1616 1465 1657 Domini
1479 1621 1625 1666 rectae,
1641 1616 1865 1658 laetifican-

1030 1676 1097 1713 tes
1135 1671 1286 1713 corda:
1319 1673 1342 1697 *
1375 1674 1650 1725 praeceptum
1686 1673 1864 1714 Domini

1030 1728 1239 1778 lucidum3
1258 1728 1508 1770 illuminans
1530 1729 1693 1770 oculos.

1083 1785 1236 1826 Timor
1263 1784 1442 1825 Domini
1471 1791 1666 1835 sanctus,
1695 1788 1864 1838 perma-

1030 1853 1139 1882 nens
1165 1841 1208 1881 in
1235 1841 1446 1882 saeculum
1473 1842 1638 1883 saeculi:
1659 1843 1682 1867 *
1704 1841 1864 1893 judicia

1030 1897 1207 1938 Domini
1232 1909 1353 1946 vera,
1380 1898 1613 1949 justificata
1638 1899 1681 1939 in
1710 1904 1864 1940 semet-

1030 1956 1136 2006 ipsa.

1082 2010 1406 2052 Desiderabilia
1425 2023 1558 2063 super
1577 2023 1730 2052 aurum
1746 2016 1789 2052 et
1803 2011 1862 2052 la-

1031 2066 1180 2118 pidem
1199 2067 1444 2119 pretiosum
1458 2067 1657 2108 multum:
1673 2067 1697 2093 *
1712 2073 1756 2109 et
1771 2067 1862 2108 dul-

1031 2123 1151 2163 ciora
1170 2135 1303 2176 super
1322 2123 1409 2165 mel
1428 2128 1472 2164 et
1491 2123 1648 2164 favum.

1082 2178 1257 2220 Etenim
1283 2192 1436 2221 servus
1457 2184 1558 2220 tuus
1582 2179 1776 2221 custodit
1802 2193 1864 2227 ea,

1030 2235 1053 2260 *
1088 2235 1132 2275 in
1170 2235 1471 2277 custodiendis
1507 2235 1592 2276 illis
1630 2236 1863 2278 retributio

1030 2291 1178 2333 multa.

1083 2347 1258 2389 Delicta
1278 2348 1375 2400 quis
1394 2346 1622 2397 intelligit?
1643 2347 1700 2390 ab
1720 2349 1863 2390 occul-

1031 2403 1087 2444 tis
1106 2403 1215 2444 meis
1234 2403 1398 2445 munda
1416 2416 1500 2444 me:
1519 2403 1543 2429 *
1564 2408 1607 2445 et
1631 2403 1687 2445 ab
1713 2405 1863 2446 alienis

1030 2472 1163 2511 parce
1183 2472 1314 2501 servo
1333 2464 1421 2501 tuo.

1085 2515 1130 2556 Si
1143 2516 1230 2557 mei
1244 2528 1333 2556 non
1346 2516 1506 2557 fuerint
1521 2515 1745 2566 dominati,
1759 2522 1863 2558 tune

1031 2571 1337 2613 immaculatus
1363 2584 1455 2613 ero:
1475 2573 1498 2596 *
1520 2577 1563 2613 et
1588 2572 1862 2614 emundabor

1032 2639 1057 2667 a
1077 2626 1240 2669 delicto
1260 2628 1463 2669 maximo.

1083 2683 1141 2724 Et
1162 2687 1287 2724 erunt
1306 2688 1354 2724 ut
1368 2683 1673 2736 complaceant
1689 2682 1863 2734 eloquia
