2040 2944
753 191 957 225 Dominica
984 191 1033 225 ad
1057 191 1295 226 Matutinum.
1843 185 1884 220 13

167 281 191 306 *
227 281 270 321 in
308 281 607 323 custodiendis
643 282 727 323 illis
768 281 998 323 retributio

167 337 314 378 multa.

219 393 393 435 Delicta
414 394 510 446 quis
529 393 751 445 intelligit?
779 394 834 436 ab
855 394 998 435 occul-

167 449 222 490 tis
240 450 349 491 meis
372 450 535 492 munda
554 464 638 492 me:
657 452 680 477 *
701 456 744 492 et
768 450 823 492 ab
848 450 999 491 alienis

167 518 300 557 parce
321 519 449 548 servo
468 512 557 548 tuo.

218 563 263 603 Si
277 563 364 604 mei
378 576 467 604 non
481 563 642 604 fuerint
657 563 880 613 dominati,
895 568 999 604 tunc

166 619 472 660 immaculatus
497 633 589 662 ero:
609 620 632 645 *
657 625 701 661 et
726 619 999 661 emundabor

167 688 193 715 a
212 674 374 716 delicto
393 676 597 717 maximo.

218 732 276 772 Et
295 737 422 773 erunt
440 737 489 773 ut
504 733 810 785 complaceant
825 732 1000 784 eloquia

168 788 255 829 oris
274 789 374 829 mei:
393 788 417 814 *
438 793 482 830 et
500 789 728 831 meditatio
749 789 894 831 cordis
912 789 999 829 mei

166 844 210 884 in
230 846 471 897 conspectu
490 850 567 886 tuo
588 859 773 898 semper.

218 901 407 942 Domine
432 901 604 953 adji1tor
627 916 767 952 meus,
787 903 810 928 *
835 907 878 943 et
902 901 998 943 red-

168 959 342 1009 emptor
360 971 495 999 meus.

222 1016 306 1056 Per
325 1016 510 1055 Annum.
549 1016 647 1056 Ant.
690 1015 788 1056 Non
814 1019 914 1055 sunt
938 1014 998 1055 lo-

168 1070 324 1122 quelae,
356 1083 500 1123 neque
533 1074 774 1121 sermones,
812 1083 999 1123 quorum

166 1138 255 1167 non
275 1126 507 1168 audiantur
526 1141 659 1170 voces
680 1130 843 1170 eorum.

222 1185 323 1224 Ant.
345 1183 578 1225 Exaudiat.

450 1240 646 1281 Psalmus
667 1242 724 1280 19.

254 1296 435 1338 xaudiat
453 1301 497 1338 te
520 1297 736 1338 Dominus
761 1298 805 1338 in
832 1296 902 1338 die
926 1297 998 1337 tri-

260 1353 510 1395 bulationis:
525 1354 549 1379 *
565 1355 771 1406 protegat
784 1358 828 1395 te
839 1366 998 1394 nomen

166 1410 251 1451 Dei
268 1409 419 1451 Jacob.

217 1466 364 1507 Mittat
381 1465 462 1507 tibi
481 1465 689 1507 auxilium
713 1466 767 1508 de
788 1470 955 1507 sancto:
974 1466 998 1491 *

166 1526 210 1563 et
229 1521 285 1564 de
304 1522 409 1563 Sion
427 1524 603 1564 tueatur
621 1527 676 1564 te.

217 1579 388 1619 Memor
412 1579 468 1619 sit
491 1579 633 1620 omnis
657 1579 859 1620 sacrificii
877 1579 955 1620 tui:
974 1580 997 1605 *

166 1639 210 1676 et
228 1634 538 1676 holocaustum
555 1640 680 1676 tuum
698 1636 859 1688 pingue
877 1636 966 1677 fiat.

218 1690 404 1732 Tribuat
417 1690 497 1732 tibi
512 1691 754 1732 secundum
769 1704 846 1733 cor
860 1696 998 1732 tuum:

165 1747 197 1840 'f'
227 1751 271 1788 et
294 1759 436 1840 tomne
473 1747 702 1789 consilium
737 1753 861 1789 tuum
897 1760 997 1788 con-

183 1811 292 1840 1rme
314 1831 321 1839 .

217 1855 487 1897 Laetabimur
514 1855 559 1896 in
588 1855 768 1896 salutari
790 1860 882 1896 tuo:
906 1855 929 1881 *
954 1860 998 1896 et

165 1912 210 1953 in
233 1912 409 1953 nomine
433 1912 518 1953 Dei
540 1912 680 1953 nostri
703 1911 997 1963 magnificabi-

166 1981 274 2009 mur.

218 2024 407 2077 Impleat
420 2025 636 2065 Dominus
654 2037 806 2066 omnes
825 2025 997 2077 petitio-

166 2094 245 2122 nes
263 2085 376 2122 tuas:
395 2081 419 2107 *
437 2094 553 2122 nunc
578 2081 766 2131 cognovi
792 2081 998 2133 quoniam

168 2137 338 2178 salvum
377 2137 480 2179 fecit
523 2138 740 2178 Dominus
777 2137 999 2179 Christum

168 2207 306 2235 suum.

219 2249 438 2291 Exaudiet
467 2249 590 2290 illum
618 2248 673 2290 de
702 2249 817 2290 coelo
846 2254 998 2291 sancto

169 2319 263 2347 suo:
274 2307 349 2347 *in
359 2305 660 2358 potentatibus
675 2305 792 2346 salus
804 2305 997 2347 dexterae

169 2362 270 2414 ejus.

220 2419 280 2459 Hi
302 2418 346 2459 in
371 2417 585 2467 curribus,
611 2422 654 2459 et
678 2417 723 2458 hi
745 2418 789 2458 in
814 2418 956 2469 equis:
975 2418 998 2443 *

168 2487 250 2515 nos
275 2479 420 2516 autem
443 2475 488 2514 in
514 2474 690 2515 nemine
713 2474 893 2514 Domini
915 2474 1000 2515 Dei

168 2531 308 2572 nostri
325 2530 637 2571 invocabimus.

220 2587 312 2639 Ipsi
332 2586 513 2637 obligati
532 2591 646 2635 sunt,
671 2590 714 2627 et
734 2585 999 2627 ceciderunt:

169 2643 193 2669 *
217 2655 298 2684 nos
323 2647 468 2684 autem
497 2642 763 2683 surreximus
793 2646 837 2682 et
867 2642 1000 2683 erecti

171 2710 331 2740 sumus.

325 2831 389 2856 Pars
405 2830 574 2855 Autumnalis.

1105 282 1292 322 Domine
1318 282 1486 322 salvum
1511 282 1579 323 fac
1604 295 1766 332 regem:
1791 282 1814 307 *
1840 288 1882 324 et

1054 337 1213 378 exaudi
1230 351 1311 378 nos
1330 338 1374 378 in
1395 337 1479 388 die,
1506 350 1591 390 qua
1615 339 1880 380 invocaveri-

1052 407 1150 434 mus
1169 399 1223 435 te.

1110 453 1188 493 l’cr
1224 453 1406 492 Annum.
1452 454 1547 492 Ant.
1595 451 1807 492 1‹3xa1'1diat
1838 456 1882 492 te

1052 506 1268 547 Deminus
1287 506 1330 546 in
1350 505 1419 547 die
1439 506 1741 548 tribulationis.

1108 565 1204 604 Ant.
1240 562 1433 603 Domine.

1330 622 1525 661 psalmus
1545 623 1581 659 2<
1594 626 1613 659 ).

1055 672 1288 776 Domine
1311 674 1355 713 in
1378 673 1538 714 virttite
1563 678 1638 714 tua
1662 674 1882 716 laetabitur

1173 743 1264 771 rex:
1288 730 1312 755 *
1337 734 1380 771 et
1399 742 1531 781 super
1551 730 1739 772 salutare
1758 736 1881 772 tuum

1053 786 1289 827 exsultabit
1307 785 1599 827 vehementer.

1104 842 1383 883 Desiderium
1408 842 1553 883 cordis
1579 843 1669 894 ejus
1692 844 1881 886 tribuisti

1053 899 1106 939 ei:
1121 899 1144 924 *
1161 903 1204 940 et
1218 899 1442 940 voluntate
1457 898 1674 940 labierum
1690 901 1778 951 ejus
1794 914 1881 942 non

1053 954 1265 996 fraudasti
1284 968 1394 996 eum.

1105 1012 1321 1061 Quoniam
1343 1012 1596 1063 praevenisti
1621 1025 1720 1053 eum
1743 1013 1786 1053 in
1809 1012 1880 1054 be-

1051 1067 1373 1109 nedictiombus
1387 1067 1643 1109 dulcedinis:
1658 1069 1681 1094 *
1696 1070 1882 1121 posuisti

1051 1125 1095 1164 in
1124 1125 1267 1177 capite
1296 1125 1386 1176 ejus
1415 1126 1624 1165 coronam
1653 1125 1707 1166 de
1735 1126 1880 1178 lapide
1934 1170 1935 1173 ,

1018 1229 1020 1231 ¹
1052 1181 1260 1233 pretioso.

1103 1238 1253 1278 Vitam
1272 1237 1397 1289 petiit
1417 1249 1442 1277 a
1460 1241 1518 1278 te:
1538 1237 1561 1263 *
1581 1242 1624 1278 et
1638 1237 1827 1279 tribuisti
1843 1239 1881 1279 ei

1051 1293 1368 1344 longitUdinem
1394 1292 1562 1334 dierum
1589 1294 1632 1334 in
1661 1294 1880 1344 saeculum,

1052 1355 1096 1391 et
1113 1350 1157 1390 in
1177 1349 1387 1390 saeculum
1411 1349 1571 1390 saeculi.

1103 1407 1262 1457 Magna
1287 1411 1354 1447 est
1371 1406 1511 1456 gloria
1530 1407 1620 1457 ejus
1639 1406 1683 1446 in
1702 1406 1881 1447 salutari

1051 1467 1143 1504 tuo:
1157 1463 1180 1488 *
1196 1462 1380 1513 gloriam
1396 1467 1439 1503 et
1453 1475 1659 1512 magnum
1675 1462 1881 1505 decorem

1050 1519 1252 1571 impones
1273 1531 1404 1571 super
1424 1531 1534 1559 eum.

1104 1576 1320 1626 Quoniam
1353 1574 1478 1616 dabis
1509 1587 1608 1616 eum
1635 1575 1679 1615 in
1706 1575 1879 1617 benedi-

1052 1632 1242 1673 ctionem
1261 1632 1304 1672 in
1325 1630 1534 1672 saeculum
1551 1631 1714 1672 saeculi:
1733 1632 1756 1657 *
1775 1631 1879 1673 laeti-

1050 1687 1203 1729 ficabis
1215 1701 1315 1729 eum
1325 1688 1368 1727 in
1378 1686 1540 1738 gaudio
1552 1700 1651 1728 cum
1659 1687 1780 1728 vultu
1792 1693 1879 1728 tuo.

1103 1745 1319 1794 Quoniam
1343 1756 1421 1784 rex
1445 1748 1593 1795 sperat
1611 1744 1654 1783 in
1673 1744 1879 1784 Domino:

1050 1801 1073 1826 *
1099 1805 1142 1841 et
1165 1801 1209 1840 in
1231 1798 1531 1841 misericerdia
1554 1799 1769 1840 Altissimi
1791 1813 1879 1841 non

1050 1856 1409 1898 commovebitur.

1101 1913 1353 1954 Inveniatur
1385 1925 1538 1953 manus
1570 1916 1646 1953 tua
1678 1912 1878 1954 omnibus

1049 1970 1234 2011 inimicis
1249 1969 1349 2011 tuis:
1364 1969 1387 1994 *
1403 1968 1585 2010 dextera
1598 1973 1674 2010 tua
1688 1968 1878 2010 inveniat

1051 2039 1214 2075 omnes,
1236 2026 1310 2078 qui
1327 2030 1371 2066 te
1391 2024 1588 2066 oderunt.

1101 2083 1246 2123 Pones
1275 2094 1351 2123 eos
1378 2085 1427 2122 ut
1454 2080 1672 2122 clibanum
1699 2081 1810 2131 ignis
1833 2081 1877 2121 in

1050 2140 1249 2190 ternpore
1273 2137 1418 2178 vultus
1442 2137 1519 2178 tui:
1543 2137 1566 2162 *
1590 2137 1805 2177 Dominus
1834 2137 1877 2177 in

1050 2195 1115 2235 ira
1134 2207 1213 2235 sua
1232 2192 1511 2235 conturbabit
1530 2205 1617 2242 eos,
1637 2197 1681 2234 et
1697 2192 1876 2234 devora-

1050 2250 1115 2291 bit
1135 2263 1211 2291 eos
1230 2250 1352 2300 ignis.

1102 2306 1312 2347 Fructum
1332 2307 1484 2346 eorum
1503 2303 1558 2345 de
1573 2308 1690 2345 terra
1703 2303 1876 2357 perdes:

1050 2362 1074 2388 *
1090 2366 1133 2403 et
1152 2374 1300 2403 semen
1321 2363 1472 2403 eorum
1487 2373 1513 2401 a
1526 2360 1627 2401 filiis
1641 2360 1875 2402 heminum.

1094 2416 1875 2467 Queniamdeclinaveruntintemala:

1050 2473 1074 2499 *
1102 2473 1405 2523 cogitaverunt
1435 2471 1629 2521 consilia,
1663 2484 1760 2524 quae
1789 2485 1876 2513 non

1050 2531 1288 2581 potuerunt
1307 2528 1512 2570 stabilire.

1104 2584 1318 2634 Quoniam
1354 2596 1492 2636 pones
1529 2596 1605 2624 eos
1638 2582 1829 2624 dorsum:
1851 2581 1875 2608 *

1050 2641 1094 2681 in
1113 2640 1306 2691 reliquiis
1324 2640 1411 2681 tuis
1425 2638 1696 2691 praeparabis
1711 2638 1875 2678 vultum

1052 2709 1214 2738 eorum.

1626 2813 1670 2847 2*
