2040 2944
555 186 625 220 Die
652 186 701 220 14.
726 186 828 229 Sept.
875 186 918 219 In
942 186 1188 220 Exultatione
1214 186 1248 219 S.
1274 186 1418 220 Crucis.

186 275 236 326 V.
273 279 493 321 Nativitas
532 285 599 322 est
635 279 768 321 hodie
799 285 964 322 sanctae

134 335 285 376 Mariae
310 336 514 387 Virginis.
548 337 598 389 R.
630 335 763 388 Cujus
788 337 879 379 vita
903 339 963 377 in-

133 392 250 444 clyta
269 398 448 435 cunctas
467 393 655 435 illustrat
674 393 895 435 ecclesias.

469 453 633 494 Oratio.

132 503 368 611 Famulis
382 509 480 560 tuis,
497 511 748 562 quaesumus
762 510 964 561 Domine,

229 565 422 608 coelestis
447 567 600 617 gratiae
623 579 781 607 munus
805 567 962 620 imper-

132 624 229 664 tire:
248 627 296 664 ut
316 622 475 674 quibus
493 622 638 664 beatae
653 623 848 674 Virginis
867 637 963 676 par-

132 683 204 720 tus
230 679 399 722 exstitit
422 679 576 721 salutis
603 679 849 730 exordium,
877 681 920 722 N
922 694 962 722 a-

132 735 315 777 tivitatis
335 736 425 788 ejus
444 738 596 777 votiva
617 736 871 778 solemnitas
889 750 962 789 pa-

133 792 196 833 cis
221 791 385 834 tribuat
409 791 735 834 incrementum.
769 793 854 835 Per
874 794 962 835 Do-

132 849 297 891 minum
314 854 522 891 nostrum.

403 923 471 960 Ad
494 923 698 961 Tertiam.

183 976 284 1018 Ant.
313 975 441 1018 Salva
459 989 550 1018 nos.

184 1037 324 1090 Capit.
351 1037 543 1102 Fratres:
563 1039 663 1080 Hoc
683 1039 807 1080 enim.
827 1039 927 1079 290.

183 1094 234 1145 R.
254 1094 316 1134 br.
343 1094 444 1135 Hoc
462 1095 634 1145 signum
653 1095 804 1137 Crucis
825 1098 847 1121 *
867 1095 962 1137 Erit

130 1151 174 1192 in
203 1150 328 1193 coelo.
369 1151 479 1192 Hoc.
521 1146 571 1197 V.
607 1151 716 1193 Cum
745 1152 961 1193 Deminus

130 1207 187 1249 ad
211 1206 490 1260 judicandum
509 1209 687 1250 venerit.
720 1208 824 1251 Erit.
861 1208 960 1250 Glo-

129 1264 195 1306 ria
212 1263 344 1305 Patri.
371 1263 483 1305 Hoc.

184 1314 236 1366 V.
259 1319 512 1361 Adoramus
537 1325 582 1363 te
604 1320 793 1371 Christe,
820 1326 864 1363 et
887 1321 959 1363 be-

129 1375 372 1418 nedicimus
399 1376 490 1418 tibi.
529 1378 579 1429 R·.
609 1377 721 1428 Quia
747 1390 828 1430 per
858 1378 960 1419 Cru-

130 1445 228 1474 cem
246 1438 369 1475 tuam
387 1432 613 1476 redemisti
631 1434 852 1476 mundum.

409 1506 476 1543 Ad
501 1507 688 1544 Sextam.

183 1558 282 1599 Ant.
314 1559 430 1600 Ecce
451 1562 636 1603 Crucem
654 1561 844 1602 Domini.

184 1618 446 1670 Capitulum.
534 1630 535 1633 ’
657 1619 798 1660 Galat.
815 1621 851 1659 6.
869 1619 907 1660 d.

130 1672 297 1779 Mihi
315 1684 462 1721 autem
480 1678 596 1720 absit
612 1677 800 1729 gloriari,
820 1677 903 1718 nisi
916 1677 960 1718 in

273 1736 413 1778 Cruce
454 1734 635 1777 Domini
674 1734 816 1776 nostri
855 1734 880 1774 J
883 1746 961 1775 esu

131 1790 306 1834 Christi:
347 1804 428 1845 per
465 1803 597 1844 quem
631 1789 737 1832 mihi
771 1789 960 1832 mundus

132 1848 367 1890 crucifixus
387 1852 465 1898 est,
485 1852 529 1890 et
548 1860 629 1898 ego
647 1846 824 1888 mundo.

183 1902 235 1954 R.
264 1902 328 1942 br.
361 1905 613 1946 Adoramus
643 1908 687 1945 te
717 1903 908 1953 Christe,
936 1902 958 1926 *

131 1960 188 2002 Et
219 1960 521 2003 benedicimus
553 1960 644 2002 tibi.
698 1958 960 2001 Adoramus.

130 2007 181 2060 Ys-
201 2017 313 2067 Quia
331 2030 412 2070 per
432 2017 619 2058 Crucem
637 2021 758 2058 tuam
777 2015 959 2057 redemi-

131 2073 187 2114 sti
205 2072 427 2115 mundum.
455 2073 522 2114 Et.
552 2071 705 2114 Gldria
718 2072 848 2114 Patri.
872 2071 960 2114 Ad-

132 2131 320 2171 oramus.

182 2185 233 2232 V.
248 2186 401 2227 Omnis
415 2190 534 2227 terra
548 2183 705 2226 adoret
719 2189 773 2234 te,
788 2190 832 2227 et
846 2185 959 2238 psal-

130 2242 192 2284 lat
209 2243 302 2284 tibi.
338 2242 389 2293 Ru
411 2241 634 2283 Psalmum
658 2240 776 2283 dicat
795 2242 960 2283 nomini

130 2303 208 2341 tuo
227 2299 428 2341 Domine.

406 2372 474 2408 Ad
497 2372 682 2407 Nonam.

182 2421 283 2465 Ant.
316 2424 396 2466 Per
416 2424 587 2475 signum
608 2422 770 2464 Crucis.

185 2483 446 2536 Capitulum.
668 2485 856 2537 Philipp.
871 2485 907 2524 2.

225 2541 438 2583 umiliaVit
488 2543 773 2594 semetipsum
819 2541 959 2582 factus

244 2596 456 2640 obediens
491 2611 633 2650 usque
669 2597 726 2639 ad
760 2601 959 2646 mortem,

131 2658 318 2695 mortem
363 2659 510 2696 autem
555 2654 718 2696 Crucis.
771 2654 959 2705 Propter

133 2709 255 2762 quod
282 2714 326 2752 et
351 2711 473 2752 Deus
502 2710 711 2752 exaltavit
738 2709 877 2759 illum,
915 2713 959 2750 et

1779 187 1845 222 291

1016 280 1197 323 donavit
1215 282 1278 323 illi
1296 296 1467 334 nomen,
1489 283 1610 335 quod
1629 288 1696 325 est
1712 296 1846 336 super

1015 349 1145 380 omne
1163 351 1335 381 nomen.

1069 395 1119 435 R.
1144 395 1205 436 br.
1233 395 1385 437 Omnis
1410 402 1528 438 terra
1553 395 1710 438 adoret
1735 401 1796 447 te,
1821 398 1843 421 *

1014 450 1072 491 Et
1086 450 1246 503 psallat
1260 452 1351 494 tibi.
1372 452 1535 494 Omnis.
1554 449 1603 499 V.
1620 453 1845 494 Psalmum

1016 505 1135 548 dicat
1151 508 1407 550 nominituo
1422 509 1622 551 Demine.
1651 510 1717 551 Et.
1742 510 1844 551 Glo-

1015 563 1078 605 ria
1097 564 1228 606 Patri.
1256 565 1420 607 Omnis.

1070 615 1120 667 V.
1160 621 1261 663 Hoc
1298 622 1469 673 signum
1503 623 1654 664 Crucis
1686 623 1770 665 erit
1802 624 1844 664 in

1016 676 1142 718 coelo.
1184 678 1234 729 R.
1265 678 1375 720 Cum
1402 679 1618 721 Deminus
1651 679 1708 721 ad
1739 679 1844 731 judi-

1016 732 1204 775 candum
1222 736 1403 777 venerit.

1217 812 1278 852 In
1304 812 1366 853 ΙΙ.
1390 812 1641 861 vesperis.

1070 870 1207 906 Omnia
1230 876 1272 907 ut
1296 873 1335 907 in
1359 873 1386 907 I.
1409 874 1527 917 Vesp.
1547 874 1626 909 281.

1069 924 1140 966 Ad
1164 925 1338 975 Magnis.
1373 927 1471 966 Ant.
1508 926 1546 966 O
1569 926 1688 967 Crux
1713 926 1840 969 bene-

1015 980 1148 1031 dicta,
1190 994 1289 1034 quae
1317 982 1413 1023 sola
1440 983 1559 1024 fuisti
1587 983 1719 1034 digna
1746 997 1844 1036 por—

1013 1039 1114 1135 ‘talllrel
1122 1039 1293 1089 Regem
1310 1038 1525 1081 coelorum
1540 1044 1584 1082 et
1598 1040 1845 1090 Dominum,

1014 1107 1039 1134 a
1074 1107 1098 1136 e
1117 1108 1197 1147 uja.

1068 1152 1231 1193 Oratio.
1259 1152 1390 1202 Deus,
1412 1153 1487 1205 qui
1504 1165 1595 1194 nos.
1614 1155 1714 1195 290.

1069 1214 1219 1248 Deinde
1260 1214 1300 1247 fit
1339 1224 1535 1247 commem.
1573 1214 1650 1247 clici
1687 1213 1845 1248 Oetavae
1893 1242 1896 1246 .

1016 1262 1242 1297 Nativitatis
1267 1262 1309 1296 B.
1332 1262 1477 1295 Mariae.

1068 1313 1170 1352 Ant.
1213 1311 1428 1354 Gloriosae
1464 1313 1658 1364 Virginis
1693 1314 1845 1356 Mariae

1014 1372 1160 1409 ortum
1220 1366 1525 1420 dignissimum
1580 1371 1845 1421 recolamus,

1015 1437 1114 1476 quae
1134 1429 1178 1466 et
1199 1425 1434 1467 Genitricis
1456 1426 1715 1478 dignitatem
1735 1427 1844 1470 obti-

1013 1481 1118 1531 nuit,
1139 1486 1182 1524 et
1203 1482 1459 1534 virginalem
1481 1481 1739 1535 pudicitiam
1758 1497 1846 1525 non

1014 1537 1168 1579 amisit.
1896 1580 1898 1582 ,

1068 1590 1117 1641 V.
1151 1594 1371 1637 Nativitas
1409 1600 1477 1638 est
1514 1595 1646 1638 hodie
1677 1602 1843 1639 sanctae

1012 1650 1163 1692 Mariae
1187 1651 1393 1702 Virginis.
1439 1652 1488 1702 Ην.
1514 1652 1645 1704 Cujus
1671 1653 1760 1694 vita
1783 1656 1844 1694 in-

1014 1706 1130 1758 clyta
1152 1712 1332 1749 cunctas
1350 1707 1540 1750 illustrat
1559 1708 1779 1751 ecclesias.

1069 1765 1235 1806 Oratio.
1264 1764 1454 1806 Famulis
1472 1765 1570 1807 tuis.
1593 1768 1641 1803 ut
1661 1776 1802 1814 supra.

1066 1825 1208 1860 Postea
1233 1825 1268 1860 S.
1293 1824 1519 1859 Nicomedis
1544 1824 1651 1858 Mart.

1067 1878 1166 1918 Ant.
1202 1878 1292 1920 Iste
1322 1883 1498 1920 sanctus
1526 1890 1608 1930 pro
1636 1877 1733 1928 lege
1760 1878 1844 1919 Dei

1014 1933 1081 1974 sui
1107 1935 1292 1976 certavit
1315 1947 1457 1987 usque
1483 1934 1539 1975 ad
1566 1939 1768 1983 mortem,
1797 1938 1841 1975 et

1014 2001 1040 2030 a
1058 1989 1204 2031 verbis
1223 1990 1459 2044 impiorum
1472 2003 1562 2032 non
1575 1990 1732 2032 timuit:
1751 1990 1841 2031 fun-

1014 2045 1145 2087 datus
1168 2047 1282 2088 enim
1307 2052 1400 2089 erat
1424 2060 1558 2100 supra
1577 2047 1748 2088 firmam
1769 2059 1842 2098 pe-

1012 2107 1135 2144 tram.

1067 2153 1118 2205 V.
1148 2159 1301 2201 Glo'ria
1335 2164 1380 2201 et
1414 2159 1582 2201 honore
1619 2160 1842 2201 coronasti

997 2227 1114 2257 ‘eum
1147 2216 1346 2257 Demine.
1405 2215 1455 2266 Βι-
1483 2216 1541 2256 Et
1577 2216 1843 2258 constituisti

1014 2285 1114 2314 eum
1131 2285 1265 2325 super
1283 2274 1418 2368 epeOra
1434 2274 1641 2314 manuum
1659 2274 1843 2314 tuarum.

1395 2327 1516 2368 ratio.

1089 2383 1216 2426 desto
1248 2384 1437 2426 Domine
1469 2384 1637 2437 pepulo
1670 2389 1762 2427 tuo:
1794 2390 1843 2427 ut

1123 2441 1243 2482 beati
1267 2439 1523 2482 Nicomedis
1546 2440 1753 2493 Martyris
1778 2442 1842 2483 tui

1011 2497 1168 2539 merita
1186 2496 1402 2549 praeclara
1421 2497 1676 2550 suscipiens,
1695 2496 1752 2539 ad
1767 2498 1840 2538 im—

1011 2553 1271 2605 petrandam
1326 2553 1672 2595 misericordiam
1719 2559 1841 2596 tuam

1012 2623 1186 2663 semper
1211 2610 1302 2662 eJus
1321 2610 1579 2662 patrociniis
1603 2608 1840 2662 adjuvetur.

1010 2666 1095 2708 Per
1115 2666 1362 2708 Dominum.
