2040 2944
691 184 893 218 Dominicu
920 183 1003 218 XV.
1028 188 1117 227 post
1140 183 1404 218 Pentecosten.

194 278 250 320 da
269 285 385 322 sunt:
404 293 515 328 nam,
537 280 610 331 qui
630 280 716 322 sint
735 278 824 321 duo
844 279 1018 329 domini,

196 335 404 388 deinceps
424 335 630 386 ostendit,
657 349 756 378 cum
775 336 895 378 dicit:
919 336 1020 378 Non

193 392 381 444 potestis
400 392 497 433 Deo
518 395 698 441 servire,
725 397 768 434 et
793 395 1020 434 mamonae.

192 448 441 489 Mammona
465 448 583 501 apud
607 449 825 492 Hebraeos
856 449 1020 491 divitiae

193 505 407 558 appellari
445 505 658 547 dicuntur.
722 507 934 559 Congruit
977 511 1021 548 et

191 561 403 602 Punicum
427 574 600 604 nomen:
626 576 726 604 nam
750 563 918 604 lucrum
938 564 1020 604 Pu-

191 617 286 658 nice
306 630 527 660 mammon
547 618 715 661 dicitur.

476 678 627 718 Lectio
648 677 731 717 viii.

189 728 316 836 Sed
354 731 429 783 qui
467 732 604 773 servit
634 734 914 783 mammonae,
958 733 1019 774 illi

276 787 429 839 utique
462 788 612 837 servit,
655 788 728 840 qui
759 788 892 830 rebus
923 790 1020 832 istis

190 844 376 885 terrenis
408 844 564 885 merito
598 857 689 886 suae
717 846 1019 897 perversitatis

189 900 473 952 praepositus,
492 901 776 951 magistratus
795 901 920 954 hujus
941 905 1018 944 sa'e-

192 955 278 997 culi
305 969 330 997 a
357 957 549 999 Domino
578 958 746 1000 dicitur.
787 958 878 1000 Aut
905 960 1020 1000 enim

190 1025 324 1053 unum
356 1012 458 1054 odio
492 1013 672 1055 habebit
705 1014 856 1065 homo,
890 1021 933 1057 et
962 1016 1019 1057 al-

190 1074 333 1110 terum
366 1069 531 1121 diliget,
564 1069 610 1112 id
642 1076 723 1120 est,
755 1071 914 1113 Deum:
947 1078 1021 1114 aut

192 1124 378 1166 alterum
401 1127 611 1179 patietur,
640 1132 684 1169 et
709 1127 894 1170 alterum
920 1141 1019 1170 con-

190 1183 366 1224 temnet.
410 1183 607 1225 Patietur
639 1184 754 1226 enim
788 1185 945 1226 durum
977 1191 1020 1227 et

190 1239 488 1291 perniciosum
533 1240 775 1292 dominum,
823 1242 1020 1295 quisquis

191 1296 327 1337 servit
352 1299 628 1347 mammonae3
656 1311 735 1339 sua
761 1299 877 1340 enim
902 1300 1019 1352 cupi-

191 1352 327 1394 ditate
339 1353 599 1406 implicatus,
614 1354 817 1397 subditur
828 1355 1018 1407 diabolo,

190 1414 234 1450 et
257 1422 345 1450 non
370 1422 470 1451 eum
495 1411 646 1462 diligit.
683 1412 789 1462 Quis
814 1412 929 1453 enim
953 1418 1020 1454 est

191 1466 265 1518 qui
293 1466 445 1518 diligat
474 1466 722 1509 diabolum?
761 1467 840 1510 sed
872 1474 1019 1511 tamen

188 1523 363 1575 patitur.

487 1579 638 1619 Lectio
660 1580 712 1619 ix.

237 1636 339 1686 deo,
366 1637 522 1689 inquit,
551 1637 651 1679 dieo
671 1638 815 1690 vobis,
840 1652 927 1680 non
946 1639 1018 1681 ha-

253 1693 359 1735 bere
394 1693 736 1736 sollicitudinem
763 1696 919 1737 animae
947 1710 1018 1739 ve-

189 1755 291 1792 strae
325 1749 431 1802 quid
468 1750 628 1801 edatis,
667 1764 811 1805 neque
844 1753 1020 1806 corpori

190 1812 339 1848 vestro
383 1806 489 1859 quid
530 1807 738 1850 induatis:
791 1821 846 1850 ne
889 1809 1019 1860 forte,

192 1864 392 1916 quamvis
419 1865 505 1917 iam
536 1865 758 1918 superflua
786 1878 874 1907 non
904 1879 1019 1918 quae-

188 1923 349 1969 rantur,
368 1926 552 1973 propter
569 1921 665 1974 ipsa
680 1923 929 1964 necessaria
944 1935 1020 1965 cor

189 1976 448 2029 duplicetur,
468 1982 512 2019 et
527 1977 583 2020 ad
597 1978 694 2031 ipsa
709 1979 1019 2031 conquirenda,

189 2038 341 2075 nostra
361 2033 678 2086 detorqueatur
695 2035 892 2086 intentio,
921 2048 1020 2077 cum

190 2089 357 2141 aliquid
392 2091 517 2142 quasi
543 2091 886 2133 misericorditer
915 2105 1018 2145 ope-

188 2148 351 2187 ramur:
385 2146 431 2188 id
465 2151 548 2197 est,
580 2153 629 2189 ut
661 2161 760 2189 cum
788 2148 1019 2191 consulere

189 2203 318 2244 alicui
366 2203 506 2245 videri
550 2205 769 2255 volumus,
820 2210 1020 2247 nostrum

190 2260 531 2303 emolumentum
550 2261 610 2303 ibi
629 2262 792 2314 potius,
821 2275 953 2314 quam
971 2261 1018 2302 il-

189 2316 272 2357 lius
290 2317 525 2359 utilitatem
542 2318 838 2369 attendamus3
859 2323 903 2360 et
916 2317 1018 2360 ideo

189 2372 318 2414 nobis
337 2386 424 2415 non
443 2373 672 2416 videamur
691 2378 896 2428 peecare,
917 2375 1019 2427 quia

189 2441 277 2470 non
297 2431 527 2482 superflua,
548 2431 627 2473 sed
642 2432 891 2474 necessaria
906 2436 1017 2482 sunt,

191 2498 290 2538 quae
310 2487 519 2539 consequi
539 2489 751 2530 volumus.

246 2544 308 2584 Te
326 2543 470 2585 Deum
490 2543 731 2586 laudamus.
751 2547 811 2586 14.

246 2600 314 2641 Ad
340 2601 501 2642 Bened.
540 2603 636 2642 Ant.
675 2602 820 2644 Nolite
845 2602 1019 2644 solliciti

194 2669 308 2706 esse,
327 2656 350 2682 *
371 2655 579 2698 dicentes:
605 2658 719 2708 Quid
739 2658 1018 2700 manducabi-

190 2726 304 2763 mus,
331 2718 405 2755 aut
425 2712 531 2765 quid
550 2713 774 2756 bibemus?
800 2715 883 2757 scit
903 2715 1019 2757 enim

1071 278 1203 319 Pater
1230 283 1394 328 vester,
1432 278 1538 331 quid
1565 279 1692 322 vobis
1718 283 1900 324 necesse

1072 335 1138 384 sit,
1158 334 1341 386 alleluja.

1125 389 1174 441 V.
1207 391 1424 433 Dominus
1452 392 1666 443 regnavit,
1694 393 1900 436 decorem

1072 447 1222 489 induit.
1278 450 1327 502 Bt·
1359 447 1507 490 Induit
1534 448 1749 491 Dominus
1780 450 1899 492 forti-

1072 504 1278 555 tudinem,
1300 510 1344 546 et
1363 505 1596 558 praecinxit
1613 518 1662 547 se
1681 506 1853 548 virtute.

1125 564 1195 604 Ad
1228 563 1401 613 Magnis.
1444 564 1543 604 Ant.
1589 563 1784 614 Quaerite
1816 564 1902 616 pri-

1071 631 1191 659 mum
1223 619 1246 644 *
1278 630 1460 669 regnum
1491 618 1575 660 Dei
1613 623 1656 660 et
1692 619 1899 671 justitiam

1072 674 1180 725 ejus,
1207 680 1250 716 et
1273 674 1369 716 haec
1389 675 1534 716 omnia
1552 674 1808 727 adjicientur
1826 689 1899 718 vo-

1071 730 1155 780 bis,
1175 731 1357 783 alleluja.

1126 784 1175 836 V.
1190 787 1415 839 Dirigatur
1429 788 1618 829 Domine
1634 787 1776 830 oratio
1792 801 1900 830 mea.

1073 847 1123 897 Rz.
1160 844 1282 885 Sicut
1318 844 1544 885 incensum
1577 845 1620 885 in
1659 847 1901 897 conspectu

1071 903 1162 941 tuo.

1351 970 1354 971 γ
1368 970 1377 971 „
1414 958 1642 985 ,νῷ-θῇ

1280 1031 1690 1082 DominicaXV.

1180 1098 1321 1145 post
1362 1093 1791 1133 Pentecosten.

1406 1158 1570 1199 Oratio.

1072 1217 1359 1322 Ecclesiam
1395 1223 1515 1260 tuam
1550 1219 1740 1261 Domine
1775 1220 1902 1262 mise-

1172 1275 1287 1317 ratio
1334 1275 1588 1317 continuata
1631 1276 1814 1318 mundet
1859 1281 1903 1318 et

1071 1332 1252 1373 muniat:
1285 1336 1329 1373 et
1361 1331 1464 1383 quia
1496 1332 1589 1373 sine
1616 1337 1660 1374 te
1688 1345 1777 1374 non
1805 1337 1901 1386 pot-

1072 1394 1139 1430 est
1172 1388 1294 1430 salva
1326 1390 1584 1438 consistere,
1620 1394 1698 1430 tuo
1729 1401 1903 1442 semper

1071 1448 1252 1486 munere
1263 1444 1541 1495 gubernetur.
1559 1445 1645 1486 Per
1654 1445 1902 1487 Dominum.

1072 1515 1224 1557 Lectio
1250 1514 1389 1556 sancti
1398 1514 1637 1612 Iljlvangelii
1661 1515 1903 1558 secundum

1436 1583 1574 1612 ucam.

1175 1633 1328 1674 Lectio
1348 1633 1417 1673 vii.
1589 1631 1693 1683 Cap.
1707 1630 1742 1671 7.
1758 1629 1798 1671 b.

1070 1688 1147 1795 In
1166 1693 1242 1735 illo
1265 1695 1481 1747 tempore:
1504 1693 1605 1736 Ibat
1623 1694 1648 1735 J
1651 1706 1752 1736 esus
1776 1694 1820 1736 in
1845 1694 1902 1736 ci-

1137 1751 1335 1800 vitatem,
1362 1763 1462 1803 quae
1486 1751 1671 1792 vocatur
1685 1750 1833 1793 Na’im:
1859 1755 1903 1793 et

1071 1806 1193 1848 ibant
1212 1820 1311 1848 cum
1331 1819 1384 1848 eo
1405 1806 1610 1860 discipuli
1629 1807 1731 1859 ejus,
1753 1812 1797 1850 et
1814 1812 1902 1849 tur-

1071 1862 1129 1905 ba
1148 1863 1340 1916 copiosa.
1368 1863 1426 1905 Et
1444 1863 1624 1916 reliqua.

1074 1932 1264 1975 Homih'a
1279 1933 1419 1975 sancti
1430 1932 1665 1984 Augustini
1678 1931 1901 1986 Episcopi.

1148 1997 1331 2031 Sermone
1352 1995 1403 2029 44.
1426 1994 1473 2028 de
1490 1993 1631 2027 Verbis
1654 1992 1825 2028 Domini.

1347 2043 1448 2077 circa
1466 2042 1627 2076 initium.

1083 2106 1228 2196 '‘f-x?
1255 2094 1412 2162 juvene
1439 2093 1514 2135 illo
1541 2093 1803 2192 resuiscitago
1824 2106 1900 2191 lga-

1083 2171 1157 2209 ’Ψ
1219 2154 1901 2260 ζίἓῗῑξίἒᾞὲῒὲἱῇἒῒέᾞηοῖωἳὲ

1071 2263 1294 2305 suscitatis
1326 2263 1489 2314 gaudet
1519 2269 1661 2305 mater
1692 2263 1901 2304 Ecclesia.

1070 2319 1150 2362 Ille
1172 2319 1349 2372 quidem
1367 2322 1565 2362 mortuus
1585 2324 1678 2362 erat
1698 2321 1900 2372 corpore:

1071 2376 1132 2418 illi
1157 2381 1302 2418 autem
1325 2381 1481 2419 mente.
1514 2375 1637 2417 Illius
1660 2388 1781 2417 mors
1801 2376 1900 2417 visi-

1071 2432 1171 2474 bilis
1203 2433 1436 2475 visibiliter
1466 2431 1770 2486 plangebatur:
1807 2431 1899 2473 illo-

1071 2502 1167 2530 rum
1186 2502 1305 2531 mors
1323 2489 1552 2531 invisibilis
1574 2501 1656 2530 nec
1675 2488 1899 2540 quaereba-

1072 2551 1158 2596 tur,
1186 2559 1268 2588 nec
1294 2545 1535 2588 videbatur.
1577 2545 1790 2596 Quaesivit
1816 2544 1900 2596 ille,

1073 2604 1147 2656 qui
1178 2605 1363 2645 noverat
1393 2604 1604 2644 mortuos.
1666 2601 1747 2643 Ille
1779 2601 1899 2643 solus

1071 2662 1255 2701 noverat
1280 2660 1496 2708 mortuOS‚
1531 2658 1604 2710 qui
1636 2660 1812 2711 poterat
1839 2657 1898 2699 fa-

1071 2728 1170 2758 cere
1190 2716 1327 2757 vivos.
1361 2714 1458 2756 Nisi
1485 2715 1599 2757 enim
1623 2715 1680 2757 ad
1699 2717 1899 2757 mortuos
