2040 2944
687 186 896 219 Commune
923 184 1168 218 Confessoris
1193 183 1398 217 Pontificis.

186 297 308 326 mnes
332 284 403 325 isti
426 283 469 323 in
493 281 847 333 generationibus
873 282 1014 333 gentis

188 354 278 382 suae
296 340 480 392 gloriam
499 338 648 391 adepti
669 343 779 387 sunt,
803 343 846 380 et
864 339 907 379 in
928 338 1014 380 die-

186 397 267 439 bus
287 397 376 437 suis
395 395 610 437 habentur
629 395 672 435 in
691 394 905 436 laudibus.
931 395 1014 445 Qui

187 453 241 495 de
266 453 350 493 illis
377 452 466 494 nati
493 457 607 501 sunt,
644 451 913 503 reliquerunt
939 464 1014 492 no-

186 523 286 551 men
321 508 529 550 narrandi
568 507 720 549 laudes
763 510 930 549 eorum:
972 513 1015 549 et

187 571 286 607 sunt
330 578 517 617 quorum
552 577 639 606 non
683 570 750 606 est
786 564 1014 606 memoria:

186 622 408 675 perierunt
444 621 568 674 quasi
606 621 679 673 qui
714 633 802 662 non
839 620 1015 662 fuerint:

187 684 230 720 et
254 679 344 719 nati
363 683 473 727 sunt,
502 677 625 730 quasi
644 690 731 719 non
751 677 851 727 nati,
876 682 920 719 et
938 676 1014 717 filii

186 736 382 788 ipsorum
411 747 509 776 cum
537 734 655 786 ipsis.

242 796 290 847 Rg.
326 793 441 833 Ecce
469 790 678 832 sacerdos
705 802 906 841 magnus,
940 789 1014 841 qui

186 850 228 889 in
258 838 412 890 diebus
440 849 529 889 suis
548 847 713 900 placuit
731 847 843 888 Deo:
866 850 887 872 *
906 845 1014 887 Ideo

187 905 463 958 jurejurando
501 905 604 945 fecit
642 903 764 945 illum
800 903 1015 943 Dominus

187 964 384 1004 crescere
401 962 445 1002 in
464 960 640 1030 plebem
660 973 794 1001 suam.
821 954 865 1005 N.
886 960 1016 1001 Bene-

186 1019 422 1061 dictionem
452 1018 645 1059 omnium
672 1017 867 1068 gentium
893 1015 1015 1058 dedit

186 1076 264 1125 illi,
295 1080 338 1116 et
366 1075 676 1116 testamentum
704 1087 831 1114 suum
860 1073 1014 1114 confir-

186 1132 322 1174 mavit
349 1144 482 1184 super
510 1135 643 1184 caput
671 1131 772 1182 ejus.
808 1129 929 1171 Ideo.

490 1194 641 1234 Lectio
663 1194 714 1232 iii.

192 1247 314 1354 Sed
348 1250 409 1290 illi
443 1249 525 1291 viri
557 1248 871 1290 misericordiae
905 1252 1015 1296 sunt,

285 1319 471 1359 quorum
511 1306 700 1359 pietates
741 1317 829 1346 non
871 1303 1016 1345 defue-

187 1368 305 1404 runt:
347 1376 446 1404 cum
475 1363 639 1403 semine
669 1363 820 1403 eorum
848 1362 1015 1413 perma-

188 1424 292 1461 nent
325 1419 458 1469 bona,
494 1418 729 1460 haereditas
763 1422 915 1458 sancta
946 1429 1016 1458 ne-

188 1479 317 1528 potes
367 1478 519 1517 eorum
569 1481 613 1516 et
655 1475 699 1515 in
743 1473 1016 1516 testamentis

190 1533 311 1574 stetit
331 1545 479 1574 semen
500 1534 669 1573 eorum:
698 1535 742 1572 et
765 1530 843 1571 fssii
865 1532 1017 1571 eorum

188 1594 373 1642 propter
409 1589 509 1630 illos
545 1601 685 1641 usque
722 1588 767 1628 in
804 1588 1017 1628 aeternum

189 1650 384 1686 manent:
434 1657 583 1687 semen
616 1646 767 1686 eorum
801 1648 845 1685 et
877 1642 1018 1694 gloria

190 1704 342 1743 eorum
382 1715 470 1744 non
512 1701 852 1753 derelinquetur.
915 1699 1017 1740 Cor-

189 1771 300 1811 pora
319 1759 516 1811 ipsorum
531 1759 574 1799 in
589 1770 699 1811 pace
715 1757 887 1810 sepulta
907 1760 1018 1805 sunt,

191 1820 234 1856 et
261 1828 421 1857 nomen
453 1817 606 1857 eorum
634 1814 742 1855 vivit
769 1814 814 1854 in
841 1825 1018 1865 genera-

189 1872 355 1913 tionem
387 1877 431 1913 et
464 1871 803 1924 generationem.
843 1870 1018 1922 Sapien-

191 1929 298 1969 tiam
324 1929 522 1981 ipsorum
554 1933 732 1969 narrent
765 1926 935 1980 populi,
977 1931 1020 1967 et

192 1984 367 2026 laudem
396 1987 548 2026 eorum
575 1984 747 2025 nuntiet
774 1982 983 2024 Ecclesia.

246 2044 295 2095 R.
321 2042 488 2083 Juravit
507 2041 734 2082 Dominus.
763 2039 845 2093 [52]

463 2124 478 2125 e
483 2123 509 2125 -
515 2112 648 2134 --κοψο-

347 2174 408 2215 11.
445 2174 573 2216 Aliae
600 2174 864 2216 Lectiones

196 2241 275 2278 pro
298 2226 582 2267 Pontificibus
611 2230 652 2266 et
673 2222 1020 2264 Confessoribus.

428 2300 476 2338 In
495 2299 545 2338 ΙΙ,
566 2299 788 2337 Nocturno.

217 2366 369 2406 Sermo
398 2367 539 2407 sancti
566 2366 747 2407 Maximi
774 2366 997 2418 Episcopi.

282 2429 339 2462 Ex
359 2428 498 2462 Homil.
515 2430 579 2465 59..
606 2429 651 2462 de
671 2428 705 2463 S.
726 2428 896 2462 Eusebio
912 2426 941 2459 2.

497 2485 646 2526 Lectio
666 2486 717 2524 iv.

209 2556 273 2594 3221„
300 2542 397 2583 eati
425 2543 569 2584 Patris
605 2543 656 2583 N.
681 2544 835 2585 merita
866 2545 951 2596 jam
980 2544 1022 2584 in

209 2601 302 2661 45²³
334 2603 429 2639 tuto
467 2600 613 2651 posita
650 2601 793 2642 securi
829 2600 1022 2651 magnifi-

209 2655 213 2663 ’
335 2657 502 2695 cemus:
557 2656 631 2707 qui
679 2656 1023 2707 gubernaculum

198 2711 302 2753 fidei
343 2711 524 2752 viriliter
565 2717 739 2762 tenens,
785 2713 1023 2755 anchoram

1067 281 1163 334 spei
1202 281 1437 333 tranquilla
1482 282 1566 333 jam
1610 281 1655 322 in
1702 281 1893 322 statione

1067 338 1329 391 composuit,
1364 342 1408 379 et
1434 337 1610 390 plenam
1637 336 1893 379 coelestibus

1068 394 1233 436 divitiis
1270 399 1313 435 et
1349 394 1525 435 aeternis
1560 393 1779 435 mercibus
1821 406 1892 434 na-

1067 463 1165 492 vem
1199 452 1354 504 optato
1388 450 1433 491 in
1465 449 1613 491 littore
1641 449 1893 492 collocavit:

1068 508 1142 559 qui
1162 512 1316 549 contra
1336 519 1490 548 omnes
1510 506 1788 548 adversarios
1807 519 1894 548 scu-

1067 569 1161 605 tum
1187 564 1360 605 timoris
1387 563 1471 604 Dei
1499 562 1667 604 tamdiu
1698 562 1893 615 infatiga-

1066 620 1213 662 biliter
1238 620 1388 669 tenuit,
1417 619 1559 661 donec
1582 619 1639 661 ad
1664 619 1893 660 victoriam

1067 679 1328 729 perveniret.
1376 676 1493 726 Quid
1522 676 1637 717 enim
1664 675 1746 717 fuit
1772 680 1894 717 totus

1068 733 1171 775 vitae
1198 733 1313 775 illius
1341 745 1511 783 cursus,
1545 733 1628 773 nisi
1655 745 1767 773 unus
1795 744 1895 773 cum

1068 790 1189 841 vigili
1216 790 1346 832 hoste
1379 789 1636 831 conflictus?

1126 848 1174 898 R.
1197 847 1350 888 Inveni
1369 845 1515 888 David
1538 858 1712 887 servum
1739 857 1895 895 meum,

1069 903 1169 945 oleo
1216 908 1369 945 sancto
1414 915 1513 944 meo
1559 902 1664 943 unxi
1708 914 1826 943 eum:
1875 900 1897 923 *

1068 960 1223 1001 Manus
1256 960 1372 1001 enim
1402 972 1502 1001 mea
1533 958 1816 1000 auxiliabitur
1845 957 1895 999 ei.

1073 1011 1121 1062 V.
1144 1016 1266 1058 Nihil
1293 1017 1498 1069 proficiet
1525 1015 1727 1057 inimicus
1758 1015 1803 1055 in
1832 1027 1895 1064 eo,

1069 1078 1112 1114 et
1139 1073 1256 1114 filius
1280 1073 1524 1126 iniquitatis
1541 1084 1630 1113 non
1647 1071 1826 1113 nocebit
1846 1071 1896 1112 ei.

1068 1130 1234 1171 Manus.

1382 1179 1533 1219 Lectio
1554 1193 1590 1218 v.

1075 1224 1300 1345 Quantis
1325 1239 1396 1281 hic
1416 1240 1545 1281 caecis
1565 1252 1590 1280 a
1609 1239 1680 1280 via
1698 1238 1896 1280 veritatis

1178 1296 1437 1345 errantibus,
1466 1301 1510 1338 et
1536 1295 1591 1337 de
1619 1307 1788 1336 summa
1811 1295 1897 1346 jam

1069 1354 1112 1394 in
1151 1352 1419 1406 profundum
1455 1365 1565 1417 rupe
1601 1350 1896 1405 pendentibus

1069 1413 1277 1451 amissum
1305 1409 1498 1451 reddidit
1521 1409 1674 1458 visum,
1703 1413 1746 1450 et
1763 1407 1896 1457 illum,

1070 1480 1158 1519 quo
1179 1466 1378 1508 Christus
1398 1465 1638 1523 videretur,
1675 1464 1897 1517 reparavit

1068 1522 1295 1565 intuitum?
1321 1516 1595 1573 Quantorum
1610 1521 1790 1563 auribus
1806 1533 1896 1561 sur-

1071 1580 1158 1630 dis,
1207 1585 1250 1622 et
1295 1579 1568 1620 infidelitatis
1615 1577 1897 1620 obturatione

1071 1637 1300 1687 damnatis,
1318 1635 1375 1677 ad
1393 1634 1723 1689 percipiendam
1741 1646 1898 1676 vocem

1071 1694 1317 1735 coelestium
1362 1692 1691 1741 mandatorum,
1736 1690 1897 1744 pretio-

1071 1764 1168 1792 sum
1196 1749 1355 1791 infudit
1383 1748 1600 1798 auditum,
1641 1753 1690 1790 ut
1722 1747 1899 1789 vocanti

1071 1808 1169 1849 Deo
1204 1806 1261 1848 ad
1287 1805 1635 1847 misericordiam
1662 1803 1898 1857 responde-

1072 1868 1170 1906 rent
1210 1876 1290 1916 per
1326 1859 1649 1904 obedientiam?
1700 1861 1899 1911 Quantos

1072 1921 1333 1962 intrinsecus
1385 1918 1656 1968 vulneratos,
1714 1916 1899 1969 angelici

1074 1977 1163 2018 oris
1191 1981 1286 2018 arte
1315 1981 1358 2018 et
1387 1975 1654 2024 orationum,
1695 1973 1750 2015 ab
1785 1973 1899 2014 infir-

1073 2034 1226 2075 mitate
1255 2031 1451 2074 curavit?

1126 2089 1177 2140 Rg.
1209 2089 1343 2130 Posui
1371 2088 1637 2141 adjutorium
1665 2099 1796 2140 super
1823 2099 1899 2138 po-

1074 2148 1259 2196 tentem,
1302 2151 1346 2187 et
1388 2144 1580 2187 exaltavi
1619 2144 1807 2186 electum
1845 2142 1900 2184 de

1074 2202 1205 2256 plebe
1244 2215 1360 2244 mea:
1399 2201 1421 2223 *
1461 2202 1618 2242 Manus
1654 2200 1768 2241 enim
1803 2212 1901 2240 mea

1075 2258 1357 2300 auxiliabitur
1389 2258 1439 2300 ei.
1482 2249 1533 2300 lv.
1571 2256 1723 2298 Inveni
1754 2255 1901 2297 David

1076 2328 1251 2357 servum
1284 2327 1449 2364 meum,
1491 2313 1589 2355 oleo
1618 2317 1772 2354 sancto
1800 2324 1899 2353 meo

1075 2372 1180 2414 unxi
1208 2385 1319 2414 eum.
1364 2371 1531 2412 Manus.

1378 2429 1528 2469 Lectio
1549 2427 1600 2466 vi.

1162 2492 1320 2529 uantos
1351 2498 1432 2539 per
1472 2484 1649 2535 longam
1689 2482 1901 2524 incuriam

1179 2543 1351 2596 peccati
1370 2541 1469 2583 labe
1487 2539 1719 2589 resolutos,
1735 2544 1779 2581 et
1800 2551 1900 2591 qua-

1077 2601 1178 2642 dam
1214 2600 1286 2653 lep
1289 2612 1350 2640 rae
1387 2597 1651 2648 contagione
1687 2596 1901 2649 perfusos,

1077 2654 1438 2708 castigationibus
1457 2659 1501 2695 et
1522 2652 1901 2695 exhortationibus

1077 2711 1315 2765 expiando,
1362 2711 1458 2752 Deo
1503 2710 1547 2750 in
1589 2722 1636 2752 se
1678 2711 1901 2762 operante,
