2040 2944
627 198 800 232 Officium
827 210 986 241 parvum
1015 200 1054 233 B.
1083 201 1210 233 Mau-ize
1239 202 1338 238 Vim„

133 292 256 346 plum
282 291 476 342 Demini,
508 294 745 335 sacrarium
772 294 960 347 Spiritus

134 349 285 390 sancti:
310 348 403 391 sola
423 349 516 391 sine
537 350 737 403 exemplo
757 351 961 404 placuisti

132 405 324 447 Demino
351 409 504 447 nostro
532 406 636 448 Jesu
663 406 855 449 Christo:
883 420 961 449 ora

131 474 214 514 pro
250 461 436 514 pepulo‚
471 461 684 504 interveni
713 476 796 515 pro
829 463 958 514 clero,

132 517 355 560 intercede
368 530 449 571 pro
463 518 624 570 deveto
637 519 824 561 femineo
841 533 959 561 sexu.

182 575 319 627 Kyrie
353 574 525 616 eleison.
577 574 753 618 Christe
783 576 958 618 eleison.

133 631 266 683 Kyrie
286 631 460 673 eleison.

183 684 234 735 V.
270 688 484 730 Deminus
520 688 758 731 vobiscum.
809 690 859 741 R.
902 690 958 731 Et

132 756 232 785 cum
250 745 404 797 spiritu
422 749 510 787 tuo.

462 803 626 843 Oratio.

130 853 312 959 Deus,
342 858 416 910 qui
441 858 496 900 de
521 859 664 901 beatae
687 859 838 902 Mariae
861 861 957 902 Vir-

233 914 345 965 ginis
363 917 490 956 utero
504 915 702 958 Verbum
720 921 854 966 tuum,
870 918 955 958 An-

130 969 229 1021 gelo
257 971 498 1022 nuntiante,
530 985 706 1014 carnem
733 976 956 1026 suscipere

130 1026 325 1069 voluisti:
360 1033 524 1081 praesta
555 1029 825 1081 supplicibus
853 1031 955 1080 tuis;

129 1088 177 1125 ut
206 1084 280 1136 qui
314 1097 418 1126 vere
455 1098 551 1126 eam
579 1086 846 1128 Genitricem
872 1087 956 1129 Dei

129 1139 365 1191 credimus,
404 1142 494 1193 ejus
528 1141 646 1194 apud
677 1147 721 1184 te
751 1143 955 1185 interces-

129 1196 324 1238 sienibus
348 1197 611 1250 adjuvemur.
645 1199 730 1240 Per
753 1199 957 1241 eumdem

129 1251 350 1299 Christum
367 1254 605 1296 Deminum
622 1260 831 1297 nostrum.

180 1310 230 1360 R.
257 1309 410 1352 Amen.

178 1366 262 1406 Pro
284 1366 461 1407 Sanctis.
495 1369 594 1411 Ant.
616 1371 766 1413 Sancti
785 1370 880 1411 Dei.
906 1376 952 1411 ut

126 1434 267 1474 supra.
299 1422 405 1476 [149]

398 1489 466 1526 Ad
488 1490 689 1530 Primam.

182 1539 274 1581 Ave
292 1539 440 1583 Maria.

176 1593 226 1642 V.
251 1596 373 1639 Deus
391 1598 435 1639 in
454 1598 728 1652 adjuterium.

434 1662 644 1714 Hymnus.

259 1725 445 1774 emento‚
463 1738 610 1767 rerum
632 1726 854 1778 Cenditor,

277 1779 430 1821 Nostri
450 1781 570 1833 quod
589 1782 693 1824 olim
712 1784 910 1836 cerporis

200 1835 381 1878 Sacrata
400 1836 455 1879 ab
475 1838 574 1880 alvo
594 1839 788 1890 Virginis

199 1891 242 1933 N
243 1892 434 1935 ascendo
453 1894 639 1937 formam
658 1898 908 1950 sumpseris.

151 1956 287 1998 Maria
305 1957 445 2000 Mater
462 1961 626 2011 gratiae,

200 2013 353 2055 Dulcis
371 2015 535 2057 Parens
555 2017 807 2069 clementiae,

200 2069 269 2111 Tu
288 2083 369 2111 nos
389 2070 443 2113 ab
461 2071 590 2114 hoste
609 2076 803 2126 pretege,

199 2125 255 2167 Et
273 2127 426 2168 mortis
444 2127 554 2169 hora
573 2131 759 2183 suscipe.

150 2188 171 2228 J
174 2203 262 2241 esu,
281 2191 362 2233 tibi
381 2192 436 2234 sit
454 2193 603 2245 gleria,

201 2248 285 2297 Qui
303 2253 431 2290 natus
452 2262 498 2291 es
518 2250 573 2292 de
591 2252 784 2304 Virgine,

201 2304 310 2345 Cum
328 2305 470 2355 Patre,
490 2311 534 2348 et
552 2307 666 2349 almo
686 2309 860 2361 Spiritu,

198 2361 249 2401 In
267 2361 534 2413 sempiterna
554 2364 726 2405 saecula.

435 2419 589 2461 Amen.

178 2476 273 2518 Ant.
305 2478 547 2532 Assumpta
566 2485 643 2522 est.

394 2545 585 2586 l'salmus
613 2548 678 2587 53.

160 2605 218 2659 {5253ss
229 2617 247 2662 ῃ
256 2615 331 2645 eus
351 2604 395 2645 in
412 2605 588 2647 nomine
604 2611 681 2648 tuo
697 2605 864 2647 salvum
878 2618 949 2647 me

166 2658 223 2710 »fi-‘1
244 2683 247 2695 ι
270 2659 357 2701 fac:
389 2662 413 2688 *
445 2666 489 2703 et
519 2662 563 2702 in
593 2662 754 2704 virtute
785 2666 860 2703 tua
889 2662 947 2714 ju-

205 2710 241 2736 -²²‘'
271 2715 370 2757 dica
395 2729 476 2758 me.

1749 200 1839 245 [153]
1884 212 1886 217 ’

1065 296 1185 338 Deus
1218 297 1377 339 exaudi
1409 298 1652 340 oratienem
1682 311 1839 340 meam:

1013 352 1037 378 *
1055 353 1233 394 auribus
1252 354 1432 406 percipe
1451 354 1585 396 verba
1606 355 1694 396 oris
1714 355 1809 396 mei.

1060 409 1282 458 Queniam
1331 410 1460 452 alieni
1511 411 1839 453 insurrexerunt

1013 464 1245 507 adversum
1259 480 1339 516 me,
1360 472 1403 508 et
1420 467 1556 509 fortes
1573 468 1839 519 quaesierunt

1013 521 1201 562 animam
1232 536 1392 564 meam:
1425 524 1448 549 *
1482 529 1525 565 et
1556 536 1644 565 non
1677 537 1837 576 propo-

1012 579 1193 620 suerunt
1229 579 1373 620 Deum
1413 585 1513 621 ante
1555 582 1838 633 conspectum

1012 648 1149 675 suum.

1062 691 1178 733 Ecce
1208 693 1322 733 enim
1346 693 1466 734 Deus
1495 693 1671 744 adjuvat
1698 707 1784 735 me:
1813 695 1836 719 *

1012 752 1056 788 et
1082 748 1297 790 Deminus
1329 751 1560 801 susceptor
1588 755 1655 791 est
1681 750 1836 791 animae
1881 803 1883 806 Α

1010 817 1132 845 meae.
1764 846 1772 850 ,

1063 861 1227 903 Averte
1250 862 1365 903 mala
1389 863 1574 904 inimicis
1598 863 1721 905 meis:
1746 863 1770 889 *
1794 868 1837 904 et
1881 891 1883 893 -

1010 918 1054 959 in
1073 919 1257 960 veritate
1276 923 1351 959 tua
1371 919 1576 971 disperde
1596 920 1704 961 illos.

1062 975 1321 1016 Voluntarie
1347 976 1603 1018 sacrificabo
1627 976 1721 1026 tibi,
1746 977 1770 1002 *
1794 982 1837 1018 et

1012 1031 1254 1073 confitebor
1299 1033 1462 1073 nemini
1508 1038 1585 1074 tuo
1630 1033 1836 1074 Demine:

1011 1088 1217 1140 quoniam
1244 1087 1408 1129 bonum
1437 1093 1518 1130 est:

1062 1145 1278 1195 Queniam
1312 1157 1366 1186 ex
1403 1146 1521 1186 omni
1555 1145 1835 1187 tribulatiene

1010 1201 1207 1254 eripuisti
1233 1214 1322 1242 me:
1354 1202 1377 1226 *
1407 1207 1449 1243 et
1477 1215 1610 1254 super
1636 1202 1835 1244 inimicos

1007 1270 1131 1299 meos
1152 1257 1353 1310 despexit
1373 1258 1524 1299 eculus
1543 1271 1677 1300 meus.

1061 1318 1212 1359 Gleria
1231 1318 1361 1359 Patri.

1284 1392 1475 1431 l'salmus
1497 1395 1560 1431 >542
1880 1435 1881 1439 ,

1007 1446 1321 1550 Benedixisti
1351 1458 1540 1500 Domine
1572 1464 1734 1500 terram
1770 1464 1833 1501 tu-

1111 1527 1196 1555 am:
1232 1514 1255 1539 *
1292 1515 1488 1556 avertisti
1533 1516 1833 1568 captivitatem

1005 1571 1154 1612 Jacob.

1059 1628 1284 1669 Remisisti
1294 1628 1566 1679 iniquitatem
1578 1627 1719 1680 plebis
1730 1632 1832 1670 tuae:

1005 1685 1029 1711 *
1054 1684 1267 1736 operuisti
1292 1684 1438 1724 emnia
1462 1686 1645 1736 peccata
1670 1686 1832 1725 eerum.

1055 1744 1266 1795 Mitigasti
1297 1756 1472 1785 omnem
1502 1744 1612 1784 iram
1643 1749 1779 1785 tuam:
1806 1745 1830 1771 *

1005 1800 1200 1842 avertisti
1227 1800 1282 1841 ab
1310 1800 1375 1841 ira
1398 1799 1707 1850 indignatienis
1730 1806 1828 1842 tuae.

1058 1861 1275 1902 Converte
1293 1874 1374 1902 nos
1392 1861 1514 1902 Deus
1533 1861 1735 1902 salutaris
1754 1874 1828 1902 no-

1004 1918 1141 1959 sterz*
1153 1922 1197 1959 et
1216 1919 1365 1959 averte
1383 1917 1492 1958 iram
1511 1922 1633 1959 tuam
1651 1930 1677 1958 a
1691 1917 1828 1959 nobis.

1054 1978 1279 2030 Numquid
1311 1978 1355 2019 in
1387 1980 1598 2020 aeternum
1628 1979 1828 2020 irasceris

1003 2033 1152 2076 nobis?
1178 2035 1202 2060 '⁸¹
1230 2039 1305 2076 aut
1333 2034 1543 2076 extendes
1571 2035 1681 2076 iram
1708 2039 1828 2076 tuam

1003 2104 1028 2132 a
1047 2091 1328 2142 generatiOne
1347 2091 1391 2131 in
1409 2090 1758 2142 generationem?

1053 2151 1174 2192 Deus
1215 2156 1263 2192 tu
1300 2153 1538 2192 conversus
1582 2151 1826 2194 vivificabis

1002 2220 1098 2248 nos:
1116 2208 1139 2233 *
1161 2212 1204 2249 et
1227 2206 1353 2260 plebs
1374 2212 1450 2249 tua
1468 2207 1690 2248 laetabitur
1709 2208 1753 2248 in
1771 2213 1826 2250 te.

1056 2267 1249 2309 Ostende
1284 2267 1413 2309 nobis
1444 2267 1633 2309 Demine
1664 2269 1826 2310 miseri-

1003 2323 1199 2365 cordiam
1221 2329 1356 2365 tuam:
1374 2325 1398 2351 *
1423 2329 1466 2365 et
1490 2324 1679 2366 salutare
1703 2330 1826 2367 tuum

1003 2380 1059 2421 da
1077 2379 1214 2421 nobis.

1054 2435 1245 2477 Audiam
1288 2435 1391 2487 quid
1431 2435 1635 2488 loquutur
1677 2437 1721 2478 in
1755 2451 1825 2479 me

1000 2492 1214 2533 Deminus
1237 2491 1371 2532 Deus:
1396 2492 1420 2518 *
1446 2492 1651 2544 queniam
1677 2493 1823 2546 loque-

983 2553 1071 2589 ,tur
1090 2560 1245 2600 pacem
1263 2547 1307 2588 in
1324 2547 1500 2599 plebem
1519 2561 1652 2589 suam.

1053 2605 1110 2645 Et
1140 2616 1271 2656 super
1303 2608 1479 2645 sanctos
1511 2617 1630 2646 suos:
1656 2606 1680 2632 *
1705 2609 1749 2645 et
1778 2604 1822 2644 in

1001 2674 1088 2709 eos
1109 2661 1183 2712 qui
1202 2663 1514 2702 convertuntur
1533 2660 1590 2702 ad
1608 2673 1694 2702 cor.

1051 2717 1365 2759 Verumtamen
1421 2729 1562 2769 prope
1619 2716 1820 2757 timentes
