2040 2944
780 172 1020 205 Itincrarium
1047 171 1292 205 Clericorum.

234 267 283 317 Y.
326 267 513 309 Domine
558 265 717 308 exaudi
763 265 1007 307 orati6nem

181 337 332 366 meam.

235 386 283 436 R.
310 381 366 422 Et
385 380 548 422 elamor
566 392 689 421 meus
713 378 770 421 ad
787 384 831 421 te
850 378 1006 420 veniat.

235 437 282 487 Y.
309 441 522 482 Dominus
540 440 780 483 vobiscum.

232 499 282 549 R.
307 498 364 540 Et
384 511 483 539 cum
507 497 663 551 spiritu
685 503 773 539 tuo.

286 578 482 618 Oremus.
743 578 861 618 orati
869 590 904 618 o.

271 654 363 693 eus,
384 642 459 694 qui
481 641 596 683 filios
615 641 753 683 Israel
775 654 855 694 per
873 641 1006 682 maris

282 698 474 741 medium
502 699 619 740 sicco
647 698 833 749 vestigio
858 698 921 739 ire
947 698 1005 739 fe-

179 757 291 806 cisti,
313 756 482 808 -quique
511 754 650 797 tribus
674 755 814 806 Magis
842 755 925 796 iter
950 753 1007 796 ad

178 819 222 855 te
246 812 373 854 stella
398 811 510 854 duce
533 811 739 864 pandisti:
763 811 907 854 tribue
931 824 1005 853 no-

179 870 245 912 bis
263 871 512 922 quaesumus
526 869 608 910 iter
622 870 885 921 pr6sperum
900 872 1006 910 tem-

178 929 351 979 pusque
390 925 687 977 tranquillum,
729 930 792 975 ut,
833 924 1005 976 Angelo

180 988 255 1024 tuo
294 987 445 1024 sancto
479 982 655 1032 comite,
697 981 754 1023 ad
786 994 885 1023 eum
919 993 1006 1034 quo

180 1039 401 1093 pergimus
438 1038 601 1089 locum,
647 1051 698 1080 ac
737 1037 914 1080 demum
951 1037 1008 1080 ad

179 1098 356 1140 aeternae
388 1095 540 1138 salutis
571 1099 750 1148 portum
777 1097 1008 1148 pervenire

178 1152 361 1194 feliciter
380 1152 615 1194 valeaimus.

181 1223 361 1328 Deus,
389 1230 464 1282 qui
486 1229 712 1272 Abraham
735 1233 921 1283 puerum
944 1235 1008 1271 tu-

284 1301 358 1329 um
390 1286 445 1329 de
472 1287 536 1329 Ur
565 1285 873 1328 Chaldaeorum
905 1285 1007 1329 edu-

181 1350 298 1387 ctum
333 1357 414 1398 per
451 1357 601 1386 omnes
639 1357 729 1386 suae
760 1343 1007 1397 peregrina-

179 1402 310 1444 tionis
328 1402 421 1443 vias
439 1401 624 1443 illaesum
644 1401 885 1451 custodisti,
901 1403 1010 1453 quae-

181 1472 344 1508 sumus,
367 1464 416 1500 ut
438 1471 519 1500 nos
539 1458 725 1500 famulos
743 1463 845 1500 tuos
865 1462 1007 1499 eusto-

181 1515 274 1558 dire
303 1515 505 1567 digneris:
538 1522 632 1559 esto
665 1516 792 1558 nobis
820 1515 1009 1557 Domine

180 1573 224 1614 in
242 1575 471 1626 procinctu
490 1573 759 1625 suffragium,
787 1573 832 1614 in
850 1572 921 1615 via
940 1585 1007 1614 so-

181 1629 346 1680 latium,
389 1629 433 1670 in
465 1635 576 1672 aestu
610 1629 927 1679 umbraculum,
965 1629 1010 1670 in

184 1686 332 1739 pluvia
360 1691 403 1729 et
431 1687 592 1740 frigore
619 1689 933 1740 tegumentum,
965 1686 1010 1727 in

1060 265 1316 308 lassitudine
1338 265 1603 316 vehiculum,
1629 266 1673 308 in
1697 266 1887 309 adversi-

1059 324 1151 364 tate
1166 321 1430 376 praesidium,
1449 323 1493 364 in
1507 322 1677 365 lubrico
1695 323 1889 373 baculus,

1060 379 1103 420 in
1135 379 1361 432 naufragio
1395 384 1565 433 portus3
1596 385 1660 430 ut',
1690 385 1736 422 te
1765 380 1888 430 duce,

1062 449 1149 489 quo
1169 435 1402 487 tendimus,
1427 438 1641 490 pr6spere
1664 436 1888 490 pervenia-

1060 506 1172 543 mus,
1196 498 1240 534 et
1259 492 1436 535 demum
1453 493 1695 535 ineOlumes
1715 492 1772 536 ad
1789 495 1888 546 pro-

1060 549 1156 602 pria
1174 549 1417 591 redeamus.

1141 627 1279 678 desto,
1303 630 1554 681 quaesumus
1571 628 1771 680 Domine,
1791 642 1890 683 sup·

1163 684 1473 738 plicationibus
1500 685 1676 727 nostris:
1705 690 1749 728 et
1775 685 1891 728 viam

1060 741 1323 783 famulorum
1349 744 1526 784 tuorum
1552 742 1596 782 in
1624 741 1777 785 salutis
1801 747 1890 785 tuae

1059 798 1356 851 prosperitate
1390 798 1591 852 dispone3
1623 804 1672 841 ut
1702 799 1815 841 inter
1846 812 1890 841 o-

1060 868 1183 896 mnes
1206 855 1290 897 viae
1316 861 1360 898 et
1382 856 1486 898 vitae
1510 855 1637 908 hujus
1655 855 1892 898 varietates

1060 917 1137 954 tuo
1157 925 1332 966 semper
1350 914 1634 965 protegamur
1654 912 1827 954 auxilio.

1147 1000 1295 1046 raesta,
1332 997 1582 1048 quaesumus
1615 997 1892 1048 omnipotens

1161 1052 1299 1094 Deus:
1322 1057 1371 1094 ut
1394 1052 1557 1094 familia
1578 1057 1655 1095 tua
1676 1065 1757 1105 per
1776 1052 1893 1094 viam

1062 1109 1214 1151 salutis
1250 1109 1438 1161 incedat3
1479 1114 1523 1151 et
1560 1109 1681 1151 beati
1711 1109 1892 1152 Joannjs

1061 1166 1354 1208 Praecursoris
1372 1166 1649 1208 hortamenta
1670 1165 1893 1216 sectando,

1063 1222 1120 1265 ad
1161 1236 1261 1265 eum
1305 1237 1436 1276 quem
1471 1222 1693 1276 praedixit,
1738 1225 1894 1265 secura

1062 1281 1304 1333 perveniat,
1333 1280 1573 1322 Dominum
1599 1285 1799 1322 nostrum
1824 1280 1892 1321 Je-

1063 1350 1160 1378 sum
1192 1337 1412 1380 Christum
1442 1337 1601 1379 Filium
1630 1342 1768 1379 tuum:
1809 1337 1894 1388 Qui

1062 1399 1208 1436 tecum
1239 1395 1347 1436 vivit
1384 1400 1428 1436 et
1465 1398 1619 1446 regnat
1650 1394 1695 1434 in
1725 1393 1892 1436 unitate

1062 1451 1249 1504 Spiritus
1282 1452 1421 1494 sancti
1451 1451 1589 1502 Deus,
1629 1463 1710 1504 per
1748 1450 1893 1492 Omnia

1063 1508 1224 1550 saecula
1245 1509 1518 1551 saeculorum.

1117 1566 1167 1617 R.
1192 1567 1346 1607 Amen.

1115 1623 1165 1674 Y.
1192 1626 1492 1669 Procedamus
1522 1626 1568 1667 in
1599 1636 1721 1678 pace.

1115 1685 1164 1735 R'·
1191 1685 1243 1726 In
1269 1684 1444 1726 n6mine
1463 1682 1652 1725 Domini.
1704 1681 1858 1724 Amen.
