2040 2944
653 212 757 246 Infra
780 212 1077 247 Hebdomadam
1100 215 1149 249 iv.
1171 215 1359 250 Octobris.

160 308 326 361 dicens,
355 312 615 354 hortabatur
634 326 687 354 ne
707 313 849 364 legem
869 327 985 355 amo-

157 367 311 408 verent
330 381 355 409 a
376 368 510 411 corde
530 381 622 410 suo.

204 424 255 476 Rz.
286 423 409 467 Dixit
428 426 453 466 J
454 424 565 466 udas
583 426 757 467 Simoni.
777 427 865 467 164.

464 481 616 522 Lectio
636 481 676 521 ii.

150 529 309 636 Erat
350 543 495 580 autem
536 539 580 579 in
619 538 716 591 ipsa
753 539 984 591 scriptura,

253 594 478 646 quomodo
497 595 840 645 tabernaculum,
859 601 904 637 et
922 609 985 637 ar-

156 663 253 692 cam
270 651 395 702 jussit
408 652 628 705 propheta
643 650 791 693 divino
807 656 984 705 respon-

156 719 206 748 so
227 707 284 749 ad
303 720 350 749 se
369 708 486 750 facto
512 709 710 750 comitari
729 722 892 760 secum,
916 713 984 751 us-

158 776 334 817 quequo
363 765 469 806 exiit
499 765 543 805 in
570 769 781 815 montem,
818 766 862 807 in
896 780 983 819 quo

154 820 331 872 Moyses
355 820 568 871 ascendit,
598 822 641 863 et
664 821 774 863 vidit
792 823 875 864 Dei
899 823 982 865 hae-

153 876 397 918 reditatem.
424 878 482 920 Et
499 879 678 920 veniens
696 879 757 920 ibi
772 879 796 919 J
799 882 983 921 eremias

153 933 318 982 invenit
341 933 487 976 locum
507 935 746 987 spelancae:
773 940 817 977 et
840 936 981 978 taber—

151 990 373 1041 naculum,
407 996 451 1033 et
483 1005 644 1042 arcam,
678 996 722 1034 et
753 992 889 1035 altare
921 995 982 1034 in-

152 1047 272 1088 censi
285 1048 430 1089 intulit
444 1048 557 1098 illuc,
578 1054 621 1090 et
637 1050 797 1090 ostium
812 1050 982 1093 obstru-

152 1103 227 1144 xit.
259 1104 316 1146 Et
339 1107 620 1147 accesserunt
645 1106 824 1158 quidam
843 1108 981 1158 simul,

155 1160 229 1212 qui
253 1161 566 1213 sequebantur,
594 1167 644 1204 ut
668 1165 873 1205 notarent
899 1165 982 1206 sibi

153 1216 314 1258 locum:
340 1222 384 1259 et
406 1231 495 1260 non
518 1221 758 1271 potuerunt
776 1220 982 1262 invenire.

198 1273 250 1325 Rz.
283 1273 561 1316 Ornaverunt
579 1276 747 1317 faciem.
765 1277 854 1317 164.

234 1329 237 1331 ⁴
446 1331 599 1374 Lectio
620 1333 676 1374 iii.

243 1390 262 1427 t
306 1393 452 1429 autem
501 1389 709 1440 cognovit
753 1390 777 1430 J
781 1392 980 1440 eremias,

248 1443 431 1496 culpans
445 1445 557 1496 illos,
577 1445 700 1488 dixit:
721 1446 852 1496 Quod
869 1447 982 1497 igno-

150 1502 221 1539 tus
258 1500 340 1542 erit
375 1501 515 1553 locus,
562 1503 704 1545 donec
742 1505 981 1555 congreget

149 1555 271 1597 Deus
304 1559 691 1610 congregationem
721 1560 895 1612 populi,
938 1566 981 1602 et

149 1613 368 1665 propitius
404 1615 495 1656 fiat:
541 1620 584 1657 et
626 1620 731 1658 tunc
764 1617 979 1658 Dominus

150 1669 356 1712 ostendet
379 1670 491 1721 haec,
527 1677 570 1713 et
596 1672 827 1725 apparebit
850 1674 977 1725 maje-

150 1730 240 1766 stas
258 1726 447 1778 Domini,
469 1732 513 1770 et
531 1728 671 1770 nubes
691 1730 782 1779 erit,
803 1729 916 1771 sicut
936 1735 979 1772 et

147 1781 293 1834 Moysi
306 1785 678 1835 manifestabatur,
694 1790 737 1827 et
751 1786 864 1827 sicut
880 1800 978 1827 cum

147 1838 356 1881 Salomon
373 1842 502 1894 petiit
524 1846 573 1884 ut
591 1842 716 1884 locus
737 1843 977 1884 sanctifica·

146 1896 267 1936 retur
308 1910 467 1950 magno
507 1899 623 1948 Deo,
668 1899 977 1941 manifestabat

146 1949 253 1993 haec.
285 1953 518 2005 Magnifice
538 1955 699 1996 etenim
718 1956 976 2008 sapientiam

146 2009 380 2052 tractabat:
399 2016 444 2053 et
461 2016 510 2053 ut
525 2012 785 2065 sapientiam
799 2012 975 2062 habens,

148 2065 306 2109 obtulit
331 2067 594 2109 sacrificium
620 2067 908 2110 dedicationis
933 2074 977 2110 et

149 2124 536 2166 consummationis
555 2124 720 2178 templi.

196 2178 247 2231 Rz.
275 2180 327 2220 In
345 2180 529 2233 hymnis.
550 2182 639 2221 164.

341 2289 525 2325 Feria
553 2289 784 2326 Tertia.

146 2338 215 2380 De
242 2339 356 2382 libro
385 2340 578 2383 secundo
609 2341 974 2383 Machabaeorum.

245 2401 399 2442 Lectio
419 2401 444 2441 i.
710 2401 812 2452 Cap.
830 2402 866 2440 3.
967 2399 970 2404 '

199 2480 223 2499 ψ.
234 2461 350 2512 gitur
376 2476 475 2504 cum
500 2467 652 2503 sancta
676 2462 829 2503 civitas
854 2461 972 2503 habi-

153 2520 165 2536 ”
262 2520 430 2560 taretur
460 2519 504 2559 in
537 2519 654 2560 omni
685 2530 814 2570 pace,
853 2517 972 2568 leges

147 2574 279 2615 etiam
298 2574 441 2616 adhuc
457 2575 621 2627 optime
638 2572 972 2623 custodirentur,

146 2635 330 2682 propter
355 2631 479 2672 Oniae
502 2631 724 2684 pontificis
749 2630 971 2683 pietatem,

146 2689 190 2726 et
235 2686 402 2727 animos
449 2686 552 2728 odio
595 2686 806 2728 habentes
846 2685 971 2734 mala,

145 2740 280 2784 fiebat
296 2746 346 2783 ut
364 2747 408 2784 et
425 2743 511 2795 ipsi
529 2755 669 2793 reges,
689 2747 734 2784 et
751 2741 972 2795 principes

1800 228 1866 262 183

1037 314 1183 356 locum
1208 329 1378 359 summo
1403 318 1570 360 honore
1590 318 1769 371 dignum
1789 321 1864 363 da-

1039 377 1204 422 cerent,
1242 378 1285 414 et
1315 375 1526 427 templum
1549 377 1750 417 maximis
1775 391 1864 419 mu—

1037 428 1213 470 neribus
1239 430 1524 473 illustrarent:
1557 433 1618 474 ita
1646 438 1694 474 ut
1718 434 1862 476 Seleu-

1039 496 1115 525 cus
1151 485 1272 527 Asiae
1314 500 1393 528 rex
1435 488 1489 529 de
1526 488 1739 531 reditibus
1774 491 1863 532 suis

1037 545 1270 592 praestaret
1297 556 1447 585 omnes
1476 550 1675 598 sumptus
1707 546 1764 588 ad
1787 548 1862 588 mi-

1038 597 1264 640 nisterium
1295 601 1608 642 sacrificiorum
1645 604 1861 655 pertinen—

1037 658 1115 694 tes.
1152 655 1301 697 Simon
1327 661 1473 698 autem
1498 656 1552 698 de
1575 658 1691 700 tribu
1710 660 1860 712 Benia-

1037 711 1125 750 min
1140 713 1407 764 praepositus
1422 714 1574 766 templi
1590 716 1862 767 constitutus,

1038 767 1347 818 contendebat,
1376 769 1618 812 obsistente
1641 771 1724 813 sibi
1746 775 1860 824 prin-

1037 823 1134 875 cipe
1154 824 1449 875 sacerdotum,
1476 827 1671 879 iniquum
1696 829 1861 881 aliquid

1035 880 1079 920 in
1099 880 1276 922 civitate
1294 882 1448 923 moliri.

1084 937 1135 988 R.
1165 937 1250 978 Hic
1270 944 1336 980 est
1355 939 1547 980 fratrum.
1567 941 1654 980 165.

1342 995 1494 1037 Lectio
1514 996 1553 1036 ii.
1916 1042 1925 1046 ‚

1034 1043 1161 1151 Sed
1181 1063 1280 1092 cum
1299 1054 1471 1093 vincere
1487 1053 1643 1094 Oniam
1659 1067 1746 1095 non
1760 1068 1858 1107 pos—

1122 1112 1199 1156 set,
1219 1108 1337 1149 venit
1356 1108 1412 1150 ad
1427 1109 1710 1161 Apollonium
1726 1111 1859 1153 Thar-

1035 1165 1137 1204 sa‘eae
1165 1164 1319 1214 filium,
1355 1166 1428 1217 qui
1456 1179 1509 1207 eo
1537 1168 1737 1219 tempore
1767 1175 1859 1210 erat

1035 1219 1124 1260 dux
1158 1220 1430 1273 Coelesy'riae,
1469 1227 1513 1263 et
1544 1223 1779 1265 Phoenicis:
1816 1230 1859 1266 et

1033 1277 1249 1318 nuntiavit
1269 1279 1324 1328 ei,
1350 1279 1548 1331 pecuniis
1564 1280 1858 1323 ‘innumerabi-

1033 1332 1148 1374 libus
1176 1334 1355 1386 plenum
1383 1347 1480 1376 esse
1509 1336 1711 1377 aerarium
1739 1337 1858 1378 Jero-

1034 1389 1231 1442 solymis,
1259 1396 1302 1432 et
1332 1395 1585 1433 communes
1610 1393 1760 1444 copias
1783 1394 1858 1435 im-

1032 1448 1206 1487 mensas
1239 1460 1352 1498 esse,
1392 1461 1490 1500 quae
1522 1462 1609 1490 non
1640 1450 1859 1501 pertinent

1033 1503 1090 1545 ad
1131 1504 1346 1546 rationem
1387 1505 1717 1546 sacrificiorum:
1763 1520 1858 1548 esse

1033 1565 1179 1602 autem
1204 1560 1416 1612 possibile
1441 1561 1521 1603 sub
1548 1565 1768 1613 potestate
1794 1576 1856 1604 re-

1031 1616 1098 1667 gis
1127 1616 1287 1658 cadere
1314 1618 1526 1658 universa.
1570 1618 1766 1670 Cumque
1794 1632 1856 1661 re-

1031 1672 1204 1714 tulisset
1235 1674 1291 1714 ad
1325 1686 1473 1724 regem
1506 1674 1768 1726 Apollonius
1802 1675 1856 1717 de

1030 1730 1244 1781 pecuniis,
1286 1742 1383 1781 quae
1417 1728 1575 1771 delatae
1610 1735 1748 1776 erant,
1784 1731 1856 1772 ille

1031 1787 1220 1827 accitum
1238 1784 1545 1835 Heliodorum,
1575 1787 1649 1838 qui
1673 1791 1765 1827 erat
1789 1800 1854 1828 su-

1029 1854 1109 1893 per
1135 1842 1311 1892 negotia
1336 1843 1444 1894 ejus,
1472 1842 1590 1883 misit
1616 1855 1714 1883 cum
1739 1856 1854 1883 man-

1031 1897 1162 1947 datis,
1216 1903 1264 1939 ut
1314 1897 1574 1950 praedictam
1626 1899 1856 1950 pecuniam

1028 1956 1362 2006 transportaret.
1428 1954 1670 2006 Statimque
1707 1955 1854 1996 Helio-

1030 2009 1165 2051 dorus
1201 2011 1284 2051 iter
1321 2016 1387 2052 est
1420 2012 1668 2060 aggressus,
1708 2011 1854 2063 specie

1031 2067 1207 2118 quidem
1234 2067 1358 2120 quasi
1384 2079 1464 2118 per
1485 2066 1784 2118 CoeleSYriam,
1812 2071 1854 2108 et

1027 2123 1267 2165 Phoenicen
1293 2123 1492 2165 civitates
1518 2127 1634 2163 esset
1651 2135 1852 2174 peragra-

1027 2182 1163 2230 turus,
1185 2182 1338 2221 revera
1356 2184 1502 2220 autem
1521 2179 1635 2229 regis
1654 2179 1853 2231 proposi-

1027 2239 1120 2276 tum
1138 2236 1424 2288 perfecturus.

1077 2292 1129 2343 Re.
1158 2293 1227 2333 Tu
1245 2293 1445 2334 Domine.
1463 2291 1551 2332 165.

1324 2346 1477 2386 Lectio
1498 2345 1553 2385 iii.

1026 2398 1166 2505 Sed,
1193 2416 1292 2444 cum
1310 2406 1502 2445 venisset
1521 2403 1546 2443 J
1548 2403 1850 2454 erosolymam‚

1108 2464 1151 2500 et
1177 2458 1362 2510 benigne
1385 2472 1409 2500 a
1429 2472 1599 2500 summo
1620 2458 1849 2500 sacerdote

1024 2516 1069 2556 in
1089 2515 1264 2556 civitate
1285 2519 1402 2556 esset
1417 2517 1639 2568 exceptus,
1657 2515 1850 2555 narravit

1026 2572 1080 2613 de
1113 2571 1217 2613 dato
1249 2571 1411 2612 indicio
1446 2572 1747 2624 pecuniarum:
1788 2574 1847 2619 et,

1026 2629 1147 2679 cujus
1179 2627 1242 2668 rei
1270 2628 1409 2678 gratia
1437 2627 1629 2677 adesset,
1662 2626 1847 2677 aperuit:

1024 2682 1322 2734 interrogabat
1352 2688 1516 2733 autem,
1549 2684 1587 2724 si
1618 2695 1720 2723 vere
1751 2681 1846 2721 haec

1023 2740 1086 2781 ita
1103 2744 1260 2782 essent.
1287 2739 1410 2780 Tunc
1429 2751 1623 2780 summus
1639 2736 1846 2778 sacerdos
