2040 2944
675 181 779 215 Ordo
804 181 1163 216 Commendationis
1188 183 1350 216 Animam

163 275 327 317 Omnes
344 276 484 316 sancti
496 274 702 316 Monachi
717 278 759 315 et
772 274 991 323 Eremitae,

854 331 990 371 orate.

161 386 322 427 Sancta
340 385 477 427 Maria
495 385 766 436 Magdalena,
902 397 991 426 ora.

160 441 321 483 Sancta
338 441 485 491 Lucia,
902 453 991 482 ora.

162 497 326 539 Omnes
346 501 511 539 sanctae
529 497 735 548 Virgines
758 501 801 539 et
818 496 991 545 Viduae,

854 555 990 594 orate.

163 607 328 649 Omnes
355 609 503 650 Sancti
531 613 575 650 et
601 609 774 650 Sanctae
801 609 902 658 Dei,
930 609 990 648 in-

212 663 425 705 tercedite
443 676 526 716 pro
546 676 610 705 eo.

160 719 384 771 Propitius
403 724 510 769 esto,
530 732 663 772 parce
683 721 723 761 ei
740 721 941 762 Domine.

160 774 384 826 Propitius
401 781 507 825 esto,
522 775 661 817 libera
676 788 774 818 eum
790 777 991 818 Domine.

160 830 385 882 Propitius
405 835 513 880 esto,
841 832 990 873 libera.

161 884 232 926 Ab
251 885 316 926 ira
333 890 420 935 tua,

161 941 204 981 A
221 941 418 993 periculo
438 942 603 992 mortis,

161 997 204 1037 A
221 996 337 1037 mala
355 1001 508 1047 morte,

162 1052 204 1093 A
222 1053 368 1105 poenis
386 1053 553 1103 inferni,

161 1108 233 1150 Ab
253 1108 372 1150 omni
388 1108 516 1158 malo,

160 1165 203 1205 A
222 1166 446 1216 potestate
465 1164 642 1214 diaboli,

160 1220 245 1261 Per
264 1219 538 1261 nativitatem
556 1225 687 1269 tuam,

841 888 990 929 libera.

841 943 990 985 libera.

841 999 991 1041 libera.

841 1055 990 1096 libera.

841 1110 991 1152 libera.

841 1166 991 1207 libera.

843 1221 990 1262 libera.

160 1276 246 1317 Per
266 1287 440 1316 crucem
459 1280 503 1316 et
521 1276 773 1328 passionem
791 1281 924 1326 tuam,
945 1277 991 1317 li-

214 1331 321 1373 bera
339 1344 439 1373 eum
456 1331 655 1373 Domine.

162 1388 246 1429 Per
263 1391 451 1428 mortem
470 1392 514 1429 et
533 1387 804 1440 sepulturam
822 1392 952 1437 tuam,

842 1442 991 1484 libera.

162 1498 247 1539 Per
271 1498 511 1548 gloriosam
535 1499 901 1540 resurrectionem
927 1503 991 1539 tu-

213 1565 294 1603 am,
842 1554 992 1595 libera.

162 1609 248 1650 Per
272 1608 575 1650 admirabilem
599 1609 904 1651 ascensionem
927 1613 991 1650 tu-

214 1677 296 1715 am,
842 1664 993 1706 libera.

163 1720 250 1761 Per
275 1721 461 1770 gratiam
484 1720 672 1772 Spiritus
699 1721 838 1762 sancti
861 1721 991 1761 Para-

215 1775 316 1825 cliti,
335 1776 474 1817 libera
493 1788 593 1817 eum
611 1776 811 1817 Domine.

164 1831 216 1870 In
237 1830 309 1872 die
327 1831 484 1883 judicii,
842 1831 992 1874 libera.

162 1886 438 1937 PeccatoreS,
456 1892 501 1928 te
519 1889 725 1938 rogamus
745 1887 847 1929 audi
865 1899 958 1928 nos.

164 1941 224 1982 Ut
244 1942 284 1983 ei
301 1954 470 1993 parcas,
488 1947 532 1984 te
549 1945 768 1993 rogamus.

164 1997 302 2049 Kyrie
317 1997 493 2038 eleison.
517 1998 688 2040 Christe
703 1998 879 2039 eleison.
902 1998 991 2048 Ky-

217 2053 279 2094 rie
300 2052 477 2094 eleison.

221 2121 389 2163 Deinde,
426 2132 511 2155 cum
543 2122 581 2155 in
616 2132 739 2165 agone
777 2123 837 2156 sui
868 2123 994 2157 exitus

169 2168 297 2202 anima
336 2168 531 2211 anxiatur,
571 2169 750 2204 dicuntur
788 2174 994 2213 sequentes

169 2215 382 2249 Orationes.

505 2266 667 2308 Oratio.

251 2328 501 2370 roficiscere
520 2329 664 2369 anima
683 2329 921 2371 christiana
940 2329 995 2370 de

263 2384 348 2425 hoc
365 2384 542 2433 mundo,
561 2385 605 2424 in
623 2385 799 2426 nomine
818 2385 902 2425 Dei
916 2385 995 2424 Pa-

170 2440 251 2480 tris
279 2440 608 2491 omnipotentis,
642 2441 717 2491 qui
743 2445 788 2481 te
815 2440 995 2481 creavit:

170 2495 215 2534 in
247 2495 423 2536 nomine
454 2495 479 2535 J
482 2508 559 2536 esu
592 2495 752 2536 Christi
783 2495 882 2535 Filii
913 2495 996 2536 Dei

170 2550 273 2598 vivi,
302 2550 376 2600 qui
397 2563 480 2601 pro
504 2555 548 2591 te
566 2563 723 2602 passus
743 2555 825 2591 est:
853 2551 897 2590 in
921 2552 1007 2590 no-v

171 2606 287 2646 mine
302 2605 486 2656 Spiritus
506 2606 654 2655 sancti,
675 2607 749 2658 qui
768 2606 811 2646 in
829 2611 874 2646 te
893 2605 996 2646 effu-

173 2674 247 2701 sus
272 2664 353 2701 est:
384 2660 428 2700 in
454 2662 630 2702 nomine
655 2661 926 2711 Angelorum
953 2665 997 2701 et

1777 173 1873 217 [189]

1044 273 1438 323 Archangelorum:
1465 272 1509 312 in
1533 271 1711 312 nomine
1736 270 1874 311 Thro-

1043 331 1200 370 norum
1234 333 1278 370 et
1310 327 1684 368 Dominationum:
1725 326 1769 367 in
1800 327 1876 367 no-

1042 385 1159 425 mine
1172 384 1507 435 Principatuum
1526 387 1570 424 et
1583 383 1877 424 Potestatum:
1924 383 1926 386 ’

1043 440 1088 480 in
1110 440 1287 481 nomine
1308 438 1544 480 Cherubim
1569 443 1614 479 et
1632 438 1876 490 Seraphim:

1044 496 1088 536 in
1114 495 1290 536 nomine
1315 494 1670 535 Patriarcharum
1701 498 1745 535 et
1770 494 1874 535 Pro-

1043 550 1291 603 phetarum:
1327 551 1372 590 in
1407 551 1584 590 nomine
1622 551 1876 590 sanctorum

1045 606 1366 659 Apostolorum
1402 610 1447 647 et
1478 605 1876 655 Evangelistarum:

1043 663 1087 703 in
1105 662 1280 704 nomine
1301 664 1553 703 sanctorum
1571 661 1813 713 Martyrum
1832 665 1876 702 et

1045 719 1376 760 Confessorum:
1411 717 1456 757 in
1492 717 1668 758 nomine
1706 718 1875 757 sancto-

1043 787 1141 815 rum
1158 773 1479 815 Monachorum
1504 778 1548 814 et
1566 773 1875 814 Eremitarum:

1043 831 1087 871 in
1105 831 1281 871 nomine
1300 831 1551 871 sanctarum
1570 829 1812 878 virginum,
1832 833 1876 869 et

1046 887 1238 927 omnium
1263 886 1524 926 Sanctorum
1550 890 1593 926 et
1616 885 1874 925 Sanctarum

1043 942 1141 983 Dei:
1170 941 1304 982 hodie
1329 941 1385 982 sit
1410 941 1455 981 in
1480 953 1590 992 pace
1613 940 1738 981 locus
1762 944 1874 988 tuus,

1045 1002 1089 1038 et
1127 997 1341 1038 habitatio
1379 1001 1455 1038 tua
1490 997 1535 1036 in
1571 1000 1723 1036 sancta
1759 995 1874 1036 Sion.

1043 1054 1128 1094 Per
1158 1052 1361 1094 eumdem
1390 1052 1612 1093 Christum
1635 1051 1874 1092 Dominum

1043 1114 1252 1150 nostrum.
1282 1113 1333 1162 R.
1350 1109 1504 1150 Amen.

1378 1193 1542 1234 Oratio.

1135 1267 1212 1295 eus
1235 1254 1500 1303 misericors,
1526 1254 1647 1295 Deus
1672 1253 1874 1301 clemens,

1150 1310 1288 1359 Deus,
1318 1310 1392 1361 qui
1418 1309 1661 1351 secundum
1684 1308 1874 1349 multitu-

1045 1364 1192 1407 dinem
1217 1365 1546 1406 miserationum
1572 1367 1747 1406 tuarum
1773 1376 1873 1415 pec-

1046 1423 1144 1462 cata
1175 1421 1484 1473 poenitentium
1516 1420 1654 1469 deles,
1688 1424 1732 1461 et
1762 1432 1873 1471 prae-

1039 1477 1276 1518 'teritorum
1307 1477 1538 1518 criminum
1567 1476 1719 1528 culpas
1748 1475 1876 1515 venia

1044 1533 1315 1574 remissionis
1344 1534 1546 1574 evacuas:
1575 1531 1748 1583 respice
1775 1543 1875 1582 pro-

1044 1588 1179 1640 pitius
1207 1601 1341 1640 super
1371 1587 1488 1629 hunc
1515 1587 1725 1628 famulum
1752 1590 1876 1627 tuum

1047 1648 1088 1687 N
1092 1675 1110 1692 .,
1130 1648 1174 1684 et
1190 1643 1494 1684 remissionem
1513 1643 1705 1683 omnium
1723 1653 1876 1693 pecca-

1044 1701 1193 1741 torum
1216 1701 1397 1740 suorum
1420 1702 1516 1739 tota
1539 1697 1687 1738 cordis
1707 1696 1875 1737 confes-

1046 1755 1169 1795 sione
1206 1755 1465 1806 poscentem
1502 1753 1767 1805 deprecatus
1804 1763 1875 1792 ex-

1050 1809 1162 1851 audi.
1202 1810 1387 1850 Renova
1410 1809 1455 1849 in
1481 1821 1550 1858 eo,
1576 1807 1773 1859 piissime
1796 1806 1875 1846 Pa-

1052 1870 1139 1915 ter,
1185 1863 1401 1917 quidquid
1435 1865 1610 1905 terrena
1642 1862 1876 1913 fragilitate

1047 1924 1314 1972 corruptum,
1334 1919 1405 1961 vel
1425 1918 1640 1971 quidquid
1659 1917 1877 1960 diabolica

1046 1976 1200 2017 fraude
1218 1975 1431 2017 violatum
1450 1979 1530 2016 est:
1550 1979 1594 2015 et
1612 1973 1769 2015 unitati
1783 1974 1875 2014 cor-

1045 2032 1167 2084 poris
1194 2031 1405 2072 Ecclesiae
1433 2029 1677 2071 membrum
1709 2027 1875 2069 redem-

1045 2087 1209 2139 ptionis
1228 2088 1423 2127 annecte.
1459 2085 1669 2126 Miserere
1686 2084 1875 2125 Domine

1046 2144 1303 2193 gemituum,
1347 2141 1554 2182 miserere
1598 2139 1877 2180 lacrimarum

1047 2199 1152 2249 ejus:
1190 2202 1234 2238 et
1266 2209 1354 2238 non
1387 2195 1622 2237 habentem
1653 2194 1876 2242 fiduciam,

1047 2254 1131 2293 nisi
1163 2253 1208 2293 in
1239 2257 1316 2293 tua
1348 2250 1664 2299 misericordia,
1698 2249 1756 2290 ad
1787 2254 1876 2290 tuae

1048 2309 1368 2349 sacramentum
1402 2305 1770 2347 reconciliationis
1803 2304 1876 2346 ad-

1047 2366 1182 2404 mitte.
1205 2363 1291 2403 Per
1310 2361 1531 2403 Christum
1544 2361 1784 2401 Dominum
1801 2373 1875 2401 no-

1049 2423 1197 2459 strum.
1226 2418 1277 2468 R.
1295 2417 1447 2458 Amen.

1052 2489 1362 2595 Commendo
1385 2498 1430 2535 te
1454 2493 1744 2545 omnipotenti
1767 2493 1876 2539 Deo,

1140 2549 1363 2590 carissime
1387 2549 1535 2598 frater,
1561 2553 1605 2589 et
1625 2549 1664 2590 ei
1689 2549 1809 2598 cujus
1829 2559 1875 2586 es

1050 2607 1250 2646 creatura
1271 2607 1514 2644 committo:
1531 2608 1591 2653 ut,
1611 2617 1710 2644 curn
1728 2603 1874 2642 huma-

1048 2660 1197 2701 nitatis
1217 2659 1413 2701 debitum
1431 2663 1573 2700 morte
1589 2656 1874 2699 intervenien-
