2040 2944
619 204 721 238 Infra
747 205 1041 239 Hebdomadam
1065 218 1098 240 v.
1124 208 1369 250 Septembris.

1788 208 1851 244 159

147 300 311 343 dicavit
339 301 379 343 ei
407 300 553 342 omnia
581 313 680 352 quae
709 299 973 350 acciderant,

148 356 372 410 quomodo
393 358 536 398 Aman
555 356 846 410 promisisset,
864 361 913 398 ut
930 356 974 397 in

145 414 378 456 thesauros
427 414 542 464 regis
590 425 672 466 pro
719 412 974 454 Judaeorum

145 483 253 512 nece
273 470 452 512 inferret
471 472 709 521 argentum.
737 468 973 521 Exemplar

147 539 324 579 quoque
353 527 504 577 edicti,
535 526 654 579 quod
681 525 904 578 pendebat
930 526 974 566 in

114 597 118 601 ’
145 584 302 634 Susan,
331 583 452 625 dedit
481 584 537 633 ei,
565 587 612 624 ut
639 584 802 633 reginae
831 583 972 623 osten-

147 639 288 690 deret,
315 646 358 682 et
377 642 575 682 moneret
596 652 707 689 eam,
726 644 774 680 ut
793 639 974 680 intraret

146 697 202 738 ad
238 709 402 748 regem,
446 701 489 738 et
526 696 838 748 deprecaretur
875 707 973 735 eum

145 766 228 806 pro
238 753 406 806 populo
419 766 510 795 suo.
530 753 776 804 Regressus
787 751 972 801 Athach‚

145 810 361 851 nuntiavit
379 809 537 851 Esther
557 809 718 858 omnia,
745 821 843 860 quae
862 809 973 850 Mar-

146 866 355 908 docha'eus
383 866 564 908 dixerat.
606 867 714 916 Quae
743 865 973 918 respondit

145 923 195 972 ei,
215 928 258 965 et
277 923 400 975 jussit
420 928 468 964 ut
488 922 656 964 diceret
674 921 973 963 Mardoehaeo:

145 979 309 1021 Omnes
328 979 443 1021 servi
462 979 588 1031 regis,
608 983 652 1020 et
671 984 851 1027 cunctae,
875 991 973 1030 quae

145 1035 226 1078 sub
252 1035 416 1077 ditione
441 1037 532 1087 ejus
552 1039 668 1084 sunt,
694 1040 854 1076 norunt
872 1047 971 1087 pro-

143 1093 316 1142 vinciae,
344 1091 464 1144 quod
483 1092 575 1133 sive
595 1092 676 1142 vir,
706 1092 798 1132 sive
817 1091 973 1132 mulier

143 1162 232 1190 non
251 1151 453 1198 vocatus,
478 1149 660 1190 interius
680 1148 837 1190 atrium
857 1148 972 1198 regis

142 1205 380 1256 intraverit,
400 1205 568 1257 absque
586 1205 675 1246 ulla
695 1205 972 1246 cunctatione

144 1263 292 1304 statim
319 1262 620 1303 interficiatur:
647 1262 730 1302 nisi
755 1261 869 1303 forte
895 1274 973 1302 rex

143 1322 321 1360 auream
344 1318 511 1370 virgam
535 1318 591 1360 acl
615 1331 714 1360 eum
736 1318 972 1359 tetenderit

141 1388 224 1428 pro
266 1375 390 1426 signo
435 1375 694 1424 clementiae,
739 1379 871 1427 atque
911 1375 972 1416 ita

142 1432 285 1485 possit
309 1435 467 1473 vivere.
511 1432 604 1483 Ego
632 1432 763 1483 igitur
791 1434 969 1484 quomo-

143 1487 201 1529 do
226 1487 284 1530 ad
309 1500 458 1540 regem
480 1488 642 1530 intrare
665 1490 842 1540 potero,
872 1501 970 1540 quae

141 1546 319 1596 triginta
334 1546 418 1596 jam
433 1544 587 1587 diebus
602 1558 689 1586 non
705 1558 800 1586 sum
814 1547 971 1587 vocata

142 1602 199 1644 ad
218 1601 340 1643 eum?

196 1662 247 1713 R.
273 1658 483 1701 Consorta
503 1672 573 1701 me
594 1660 702 1701 Rex.
721 1660 808 1701 155.

446 1718 598 1759 Lectio
618 1718 673 1758 iii.

147 1751 319 1876 Quod
346 1784 446 1813 cum
477 1771 673 1813 audisset
699 1771 969 1814 Mardochae-

242 1840 310 1877 us,
343 1841 517 1870 rursum
546 1828 771 1871 mandavit
798 1829 969 1879 Esther,

141 1883 306 1926 dicens:
349 1884 418 1926 Ne
457 1890 586 1938 putes
625 1885 745 1938 quod
781 1886 969 1927 animam

139 1946 261 1983 tuam
287 1945 459 1983 tantum
485 1941 661 1992 liberes,
692 1943 794 1995 quia
820 1943 864 1983 in
894 1942 968 1984 do—

139 2010 213 2039 mo
233 1998 348 2050 regis
367 2010 415 2039 es
433 2011 527 2051 prae
547 1999 714 2040 cunctis
730 1998 912 2040 Judaeis:
933 2000 969 2040 si

141 2054 257 2096 enim
279 2068 395 2096 nunc
421 2055 607 2106 silueris,
635 2068 715 2108 per
741 2055 869 2096 aliam
898 2068 967 2097 oc-

142 2111 362 2153 casionem
400 2111 703 2154 liberabuntur
732 2111 890 2153 Judaei:
926 2117 969 2154 et

139 2171 204 2218 tu,
235 2173 279 2210 et
314 2167 471 2210 domus
502 2169 640 2221 patris
668 2169 731 2211 tui
759 2168 968 2221 peribitis.

139 2225 197 2266 Et
234 2225 330 2278 quis
367 2225 490 2266 novit
525 2230 672 2266 utrum
708 2224 874 2267 idcirco
912 2224 969 2267 ad

139 2293 321 2332 regnum
342 2281 526 2330 veneris,
545 2286 594 2322 ut
610 2281 654 2322 in
672 2282 749 2323 tali
767 2283 967 2334 tempore

65 2351 67 2355 ⁴
138 2336 379 2390 parareris?
400 2338 681 2390 Rursumque
695 2337 855 2380 Esther
872 2338 968 2379 haec

139 2394 422 2436 Mardochaeo
450 2393 586 2435 verba
612 2394 853 2435 mandavit:
880 2394 965 2435 Va-

140 2450 195 2492 de
241 2456 285 2492 et
329 2453 548 2501 congrega
587 2463 739 2491 omnes
776 2450 965 2500 Judaeos,

140 2520 252 2559 quos
277 2508 322 2548 in
346 2508 485 2549 Susan
511 2507 743 2559 repereris,
772 2511 816 2548 et
842 2508 966 2548 orate

138 2576 220 2616 pro
247 2577 329 2605 me.
386 2563 487 2605 Non
516 2562 774 2611 comedatiS,
807 2567 850 2604 et
878 2575 966 2603 non

139 2619 300 2661 bibatis
318 2620 458 2662 tribus
479 2619 648 2669 diebus,
673 2625 715 2661 et
734 2618 873 2660 tribus
891 2621 965 2660 no-

140 2675 296 2717 ctibus:
336 2681 380 2717 et
411 2689 494 2727 ego
527 2690 626 2718 cum
657 2675 824 2717 ancillis
855 2675 964 2715 meis

140 2731 337 2774 similiter
368 2732 584 2784 jejunabo,
615 2737 658 2774 et
690 2738 793 2774 tunc
825 2731 963 2782 ingre-

1026 299 1120 341 diar
1147 299 1203 341 ad
1227 313 1374 351 regem
1402 306 1555 342 contra
1580 301 1723 353 legem
1749 303 1849 345 faci-

1027 368 1120 405 ens,
1152 369 1239 397 non
1271 359 1445 407 vocata,
1483 358 1748 410 tradensque
1780 373 1850 402 me

1026 412 1158 453 morti
1177 418 1221 454 et
1238 413 1446 465 periculo.
1474 414 1558 455 Ivit
1577 417 1726 467 itaque
1740 416 1850 457 Mar-

1027 467 1252 519 dochaeus,
1285 474 1329 510 et
1356 469 1459 511 fecit
1487 471 1649 521 omnia,
1683 485 1782 523 quae
1812 473 1851 514 ei

1025 524 1185 566 Esther
1206 527 1489 578 praeceperat.

1079 585 1128 636 R.
1155 582 1287 634 Spem
1305 582 1349 622 in
1368 582 1509 623 alium.
1529 583 1617 624 156.

1225 686 1395 722 Feria
1430 686 1653 733 Quinta.

1248 740 1313 779 De
1332 738 1444 780 libro
1464 738 1632 780 Esther.

1129 805 1279 845 Lectio
1303 805 1325 845 i.
1590 809 1690 860 Cap.
1706 811 1742 849 5,

1060 869 1108 917 335
1126 864 1165 904 ie
1210 868 1357 905 autem
1406 865 1536 906 tertio
1587 864 1738 906 induta
1783 871 1849 906 est

1051 886 1117 964 CL)
1143 920 1302 962 Esther
1325 921 1545 971 regalibus
1569 921 1849 972 vestimentis,

1026 983 1069 1018 et
1115 978 1236 1019 stetit
1280 978 1323 1018 in
1365 978 1475 1019 atrio
1514 977 1670 1019 domus
1707 979 1848 1029 regiae,

1027 1033 1147 1085 quod
1175 1039 1268 1075 erat
1295 1034 1491 1083 interius,
1529 1040 1681 1076 contra
1708 1035 1849 1077 basili-

1026 1102 1122 1130 cam
1151 1090 1279 1141 regis:
1324 1096 1367 1132 at
1399 1091 1471 1132 ille
1504 1091 1687 1132 sedebat
1718 1105 1850 1144 super

1026 1146 1183 1187 solium
1207 1160 1334 1188 suum
1356 1147 1399 1188 in
1420 1147 1680 1189 consistorio
1700 1148 1850 1200 palatii

1026 1208 1179 1244 contra
1200 1204 1361 1245 ostium
1380 1203 1546 1246 domus.
1576 1204 1772 1256 Cumque
1791 1205 1849 1244 vi—

1026 1258 1163 1300 disset
1201 1259 1361 1302 Esther
1406 1263 1599 1311 reginam
1644 1266 1849 1310 stantem,

1024 1315 1189 1368 placuit
1235 1317 1373 1358 oculis
1419 1318 1525 1368 ejus,
1571 1322 1614 1359 et
1656 1316 1850 1358 extendit

1026 1378 1179 1414 contra
1199 1386 1294 1415 eam
1314 1374 1480 1425 virgam
1499 1377 1691 1422 auream,
1720 1386 1850 1425 quam

1024 1429 1203 1471 tenebat
1227 1443 1368 1471 manu.
1409 1431 1518 1480 Quae
1543 1430 1756 1472 accedens
1783 1443 1848 1471 os-

1025 1486 1169 1528 culata
1189 1492 1257 1528 est
1282 1487 1576 1529 summitatem
1595 1487 1729 1537 virgae
1749 1487 1851 1538 ejus.

1023 1543 1233 1595 Dixitque
1270 1543 1326 1585 ad
1363 1557 1459 1585 eam
1496 1557 1587 1585 rex:
1633 1543 1748 1593 Quid
1785 1545 1850 1585 vis

1023 1599 1183 1641 Esther
1198 1600 1367 1651 regina?
1388 1614 1486 1653 quae
1502 1606 1568 1642 est
1583 1600 1738 1652 petitio
1754 1599 1849 1642 tua?

1025 1656 1155 1697 etiam
1193 1657 1229 1697 si
1266 1656 1490 1698 dimidiam
1526 1662 1696 1710 partem
1727 1658 1849 1707 regni

1023 1713 1221 1764 petieris,
1255 1713 1430 1755 dabitur
1458 1714 1546 1755 tibi.
1600 1714 1660 1754 At
1685 1713 1758 1754 illa
1785 1726 1847 1754 re-

1024 1769 1217 1822 spondit:
1243 1770 1288 1812 Si
1307 1771 1397 1821 regi
1417 1770 1575 1823 placet,
1596 1769 1782 1811 obsecro
1802 1775 1849 1811 ut

1023 1826 1173 1867 venias
1197 1826 1254 1867 ad
1279 1839 1348 1868 me
1374 1827 1524 1876 hodie,
1553 1831 1596 1867 et
1620 1827 1762 1867 Aman
1787 1831 1847 1867 te-

1023 1895 1123 1923 cum
1151 1882 1207 1924 ad
1236 1883 1499 1932 convivium,
1533 1882 1652 1935 quod
1685 1883 1848 1935 paravi.

1023 1939 1267 1991 Statimque
1282 1952 1369 1989 rex,
1391 1939 1573 1989 Vocate‚
1592 1940 1741 1991 inquit,
1761 1939 1846 1980 cito

1024 1996 1166 2036 Aman
1186 2001 1233 2037 ut
1251 1996 1410 2037 Esther
1429 1995 1607 2037 obediat
1626 1996 1848 2037 voluntati.

1077 2054 1128 2104 R.
1153 2053 1339 2094 Domine
1358 2053 1417 2093 mi
1435 2053 1542 2094 Rex.
1563 2053 1650 2093 155.

1334 2114 1486 2155 Lectio
1507 2114 1547 2154 ii.

1108 2167 1283 2216 gressus
1338 2170 1405 2206 est
1459 2167 1606 2216 itaque
1656 2163 1731 2204 illo
1777 2163 1847 2204 die

1117 2224 1260 2263 Aman
1287 2222 1414 2263 laetus
1443 2227 1486 2263 et
1514 2221 1668 2262 alacer.
1722 2221 1846 2262 Cum-

1023 2292 1108 2331 que
1134 2278 1316 2320 vidisset
1341 2277 1667 2318 Mardochaeum
1695 2277 1845 2318 seden-

1020 2341 1111 2377 tem
1138 2339 1238 2376 ante
1266 2334 1382 2375 fores
1409 2334 1575 2386 palatii,
1604 2339 1647 2375 et
1671 2346 1758 2374 non
1778 2346 1844 2375 so-

1019 2392 1109 2432 lum
1127 2404 1215 2432 non
1234 2392 1526 2431 assurrexisse
1547 2389 1640 2436 sibi,
1666 2389 1745 2431 sed
1764 2402 1844 2431 nec

1020 2453 1188 2489 motum
1217 2445 1393 2498 quidem
1426 2446 1481 2488 de
1508 2446 1608 2488 loco
1638 2446 1843 2487 sessionis

1020 2517 1126 2552 suae,
1145 2503 1392 2554 indignatus
1412 2507 1478 2543 est
1497 2502 1639 2543 valde:
1660 2508 1702 2543 et
1721 2501 1842 2543 dissi-

1019 2560 1183 2601 mulata
1219 2559 1302 2608 ira,
1346 2561 1548 2600 reversus
1584 2559 1628 2598 in
1664 2557 1841 2599 domum

1020 2630 1160 2666 suam,
1206 2615 1467 2657 convocavit
1503 2614 1559 2656 ad
1596 2627 1642 2656 se
1678 2615 1840 2654 amicos

1019 2686 1140 2722 suos,
1173 2678 1216 2714 et
1246 2672 1382 2713 Zares
1413 2673 1595 2712 uxorem
1626 2682 1762 2711 suam:
1797 2673 1841 2709 et

1019 2729 1222 2781 exposuit
1248 2728 1332 2768 illis
1365 2726 1708 2779 magnitudinem
1735 2723 1839 2766 divi-
