2040 2944
603 160 669 193 Dic
698 160 723 192 1.
749 157 993 191 Novembris,
1042 155 1218 189 Omnium
1243 156 1481 189 Sanctorum.

180 268 277 297 suo:
310 262 330 283 ¹⁸
359 253 551 295 Calicem
584 250 762 292 Demini
795 249 1013 299 biberunt,

181 317 225 354 et
253 310 379 353 amici
406 309 490 350 Dei
519 308 622 349 facti
651 312 762 348 sunt.
810 308 859 359 v,
887 307 938 347 In
969 320 1012 348 o-

181 381 327 409 mnem
351 372 513 407 terram
538 364 672 405 exivit
691 376 826 404 sonus
850 365 1013 413 eerum,

181 429 225 466 et
235 425 278 464 in
292 423 400 464 fines
417 421 538 463 orbis
552 426 683 462 terrae
698 419 835 461 verba
850 422 1013 461 eorum.

180 480 383 521 Calicem.

478 548 630 588 Lectio
652 547 702 587 vi.

272 618 312 660 ei
340 618 455 659 enim
478 615 710 658 ineffabilis
735 620 779 657 et
803 615 1015 655 immensa

290 674 466 716 benitas
486 674 619 715 etiam
638 672 723 714 hoc
741 670 948 725 providit,
967 675 1015 712 ut

180 731 383 773 laborum
404 730 582 783 quidem
603 734 779 782 tempus
799 732 842 769 et
861 727 1014 778 agonis

181 801 269 830 non
293 787 561 837 extenderet,
589 799 671 828 nec
697 785 878 836 longum
902 784 1014 826 face-

181 850 260 895 ret,
285 850 359 886 aut
384 846 607 893 aeternum,
633 841 714 884 sed
736 841 883 890 breve,
903 845 947 882 et
965 845 1016 882 ut

180 902 242 944 ita
261 901 415 951 dicam,
430 901 799 942 momentaneum:
815 897 920 939 utin
933 896 1016 938 hac

182 958 307 1000 brevi
331 963 375 1000 et
397 959 554 1008 exigua
574 956 663 998 vita
683 957 847 1006 agones
868 959 1015 995 essent

182 1019 226 1056 et
244 1014 435 1064 labores3
454 1014 499 1054 in
517 1013 591 1054 illa
609 1025 715 1054 vero
733 1024 831 1064 quae
851 1012 1016 1053 aeterna

184 1076 262 1120 est,
282 1073 459 1112 corenae
481 1075 524 1112 et
542 1068 726 1122 praemia
744 1067 1016 1109 meritorum:

182 1133 231 1169 ut
254 1127 431 1169 labores
457 1126 635 1179 quidem
661 1125 749 1167 cito
778 1124 1016 1173 finirentur,

184 1184 441 1226 meritarum
468 1196 574 1225 vero
598 1181 782 1235 praemia
810 1181 903 1222 sine
931 1180 1016 1221 fine

185 1239 410 1283 durarent:
436 1246 484 1282 ut
507 1245 611 1293 post
634 1239 761 1291 hujus
784 1236 937 1279 mundi
955 1238 1015 1279 te-

184 1297 343 1339 nebras
354 1297 492 1339 visuri
503 1302 650 1339 essent
662 1294 1018 1337 candidissimam

184 1355 337 1406 lucem,
367 1360 410 1397 et
437 1354 663 1407 accepturi
686 1354 896 1405 majorem
919 1364 1016 1405 pas-

185 1412 357 1454 sienum
402 1413 659 1454 cunctarum
705 1408 1018 1452 acerbitatibus

184 1468 520 1518 beatitudinem,
556 1470 747 1510 testante
783 1466 869 1508 hoc
900 1465 1019 1507 idem

187 1525 420 1579 Apostolo,
438 1525 515 1568 ubi
535 1525 609 1566 ait:
627 1524 731 1566 Non
751 1528 852 1564 sunt
871 1521 1018 1564 condi—

185 1595 283 1634 gnae
310 1582 540 1635 passiones
567 1582 693 1633 hujus
721 1580 933 1633 temporis
962 1579 1019 1622 ad

187 1643 553 1693 superventuram
571 1638 767 1690 gloriam,
783 1650 882 1690 quae
899 1649 1018 1679 reve-

187 1696 348 1739 labitur
366 1697 410 1737 in
429 1696 567 1738 nobis.

241 1771 290 1821 R.
317 1766 466 1808 Sancti
493 1767 591 1816 mei,
621 1766 694 1818 qui
717 1766 761 1806 in
787 1777 916 1807 carne
943 1766 1019 1816 pe-

187 1824 270 1874 siti,
297 1826 521 1866 certamen
548 1823 780 1864 habuistis:
805 1827 825 1848 *
855 1821 1019 1862 Merce-

188 1880 289 1923 dem
329 1880 494 1923 laberis
537 1892 620 1931 ego
660 1878 844 1921 reddam
882 1877 1020 1919 vobis.

189 1934 237 1983 Y.
275 1937 436 1979 Venite
481 1936 705 1979 benedicti
741 1935 887 1978 Patris
924 1934 1020 1984 mei,

188 1994 402 2047 percipite
417 2007 610 2045 regnum.
634 1992 898 2036 Mercedem.
917 1991 1020 2033 Glo-

188 2052 252 2093 ria
271 2051 402 2093 Patri.
431 2050 692 2093 Mercedem.

413 2143 462 2181 In
482 2142 552 2180 ΙΙΙ.
572 2140 796 2180 Nocturno.

242 2213 339 2253 Ant.
368 2211 541 2254 Timete
566 2212 807 2252 Deminum
825 2212 848 2237 *
868 2223 1022 2252 omnes

192 2269 339 2311 Sancti
359 2269 461 2319 ejus,
477 2268 684 2320 queniam
703 2267 811 2308 nihil
827 2267 953 2309 deest
971 2268 1021 2309 ti-

192 2324 409 2367 mentibus
433 2337 548 2367 eum:
573 2337 676 2366 ecce
701 2324 818 2366 oculi
844 2324 1022 2366 Domini

193 2394 325 2434 super
344 2382 493 2433 justos
518 2386 562 2424 et
587 2394 716 2424 aures
740 2381 832 2432 ejus
851 2380 908 2423 ad
926 2394 1022 2434 pre-

193 2450 267 2480 ces
290 2440 452 2480 eorum.

465 2510 661 2550 Psalmus
689 2510 753 2549 33.

207 2613 210 2630 ἶ
236 2605 270 2627 a„
307 2577 534 2619 enedicam
561 2578 798 2618 Dominum
830 2578 873 2617 in
907 2577 1023 2617 omni

236 2634 301 2698 55⁴]
323 2636 542 2699 tempore:
565 2635 588 2659 *
613 2647 789 2686 semper
811 2634 907 2675 laus
933 2634 1023 2685 ejus

252 2711 259 2714 Δ
323 2704 367 2732 111
387 2703 465 2732 ore
483 2703 594 2731 meo.

1114 249 1165 290 In
1174 248 1366 290 Domino
1374 246 1624 290 laudabitur
1633 248 1777 289 anima
1784 259 1895 289 mea:

1065 306 1088 332 *
1108 304 1288 347 audiant
1307 304 1535 354 mansueti,
1554 309 1598 346 et
1616 304 1830 345 laetentur.

1117 361 1396 412 Magnificate
1406 361 1523 401 Dfim
1537 373 1724 402 mecum:
1738 361 1762 386 *
1774 365 1818 402 et
1833 372 1897 402 ex·

1066 419 1251 460 alternus
1271 430 1431 459 nomen
1452 418 1543 469 ejus
1561 418 1606 458 in
1623 416 1827 470 idipsum.

1118 475 1347 527 Exquisivi
1356 474 1605 524 DOminum,
1619 478 1664 515 et
1674 472 1897 516 exaudivit

1065 545 1152 574 me:
1177 533 1200 558 *
1228 536 1272 573 et
1297 544 1352 573 ex
1381 530 1582 573 amnibus
1608 529 1896 572 tribulatieni-

1066 588 1149 630 bus
1167 588 1277 630 meis
1294 588 1454 641 eripuit
1473 600 1554 629 me.

1118 644 1332 686 Accedite
1365 644 1422 686 ad
1455 656 1575 693 eum,
1610 647 1654 684 et
1686 642 1896 684 illumina-

1065 701 1188 742 mini:
1216 702 1240 728 *
1265 705 1309 742 et
1335 701 1471 742 facies
1490 704 1651 741 vestrae
1680 711 1768 741 non
1797 711 1896 740 con-

1067 756 1312 799 fundentur.

1118 814 1210 855 Iste
1220 826 1390 867 pauper
1401 813 1617 863 clamavit,
1630 817 1673 854 et
1681 811 1898 853 Dominus

1068 870 1291 912 exaudivit
1311 883 1427 912 eum:
1442 870 1465 895 *
1480 875 1525 911 et
1540 868 1595 911 de
1611 868 1813 911 amnibus
1827 867 1898 910 tri-

1068 926 1365 968 bulatienibus
1386 927 1476 978 ejus
1495 926 1682 967 salvavit
1702 939 1812 967 eum.

1119 984 1332 1025 Immittet
1347 982 1544 1034 Angelus
1553 983 1642 1023 Dfii
1655 982 1700 1023 in
1715 981 1900 1023 circuitu

1068 1040 1316 1082 timentium
1339 1052 1458 1080 eum:
1482 1040 1506 1066 *
1532 1043 1576 1081 et
1602 1038 1758 1091 eripiet
1777 1050 1865 1080 eos.

1123 1096 1311 1138 Gustate
1335 1101 1379 1137 et
1402 1094 1550 1137 videte
1574 1095 1781 1147 quoniam
1804 1095 1900 1135 sua-

1069 1155 1135 1197 vis
1164 1158 1232 1194 est
1250 1152 1483 1194 Dominus:
1507 1152 1531 1177 *
1548 1150 1705 1193 beatus
1730 1150 1805 1200 vir,
1826 1149 1902 1202 qui

1070 1214 1218 1264 sperat
1244 1209 1289 1250 in
1318 1221 1382 1250 eo.

1121 1267 1293 1308 Timete
1316 1265 1555 1306 Deminum
1583 1277 1735 1306 omnes
1763 1263 1902 1305 sancti

1072 1326 1181 1376 ejus:
1217 1323 1241 1349 *
1282 1322 1490 1375 queniam
1524 1333 1614 1363 non
1650 1325 1718 1362 est
1753 1319 1902 1373 inopia

1070 1379 1325 1423 timentibus
1354 1392 1464 1421 eum.

1125 1437 1296 1479 Divites
1325 1437 1536 1487 eguerunt
1567 1439 1610 1477 et
1643 1433 1902 1476 esurierunt:

1071 1495 1095 1521 *
1113 1493 1385 1547 inquirentes
1400 1497 1549 1534 autem
1562 1491 1800 1532 Dominum
1814 1502 1903 1531 non

1071 1552 1320 1593 minuentur
1340 1549 1459 1591 omni
1474 1549 1605 1591 bono.

1123 1608 1284 1650 Venite
1299 1606 1388 1656 filii,
1403 1605 1552 1647 audite
1567 1617 1653 1647 me:
1666 1604 1690 1630 *
1701 1604 1904 1645 timerem

1072 1664 1252 1707 Domini
1271 1662 1443 1704 docebo
1463 1674 1555 1703 vos.

1125 1721 1234 1772 Quis
1253 1724 1321 1761 est
1343 1719 1477 1760 homo
1504 1718 1579 1770 qui
1601 1717 1695 1759 vult
1712 1716 1862 1758 vitam:
1879 1715 1904 1741 *

1074 1778 1214 1829 diligit
1233 1776 1327 1818 dies
1346 1775 1496 1817 videre
1514 1773 1681 1817 bonos?

1124 1833 1317 1875 Prohibe
1334 1832 1528 1883 linguam
1546 1835 1668 1873 tuam
1687 1842 1714 1871 a
1730 1828 1862 1870 malo:
1880 1827 1904 1854 *

1074 1896 1118 1934 et
1136 1891 1252 1933 labia
1271 1895 1346 1932 tua
1364 1902 1419 1931 ne
1438 1889 1675 1941 loquantur
1694 1886 1855 1928 dolum.

1126 1948 1307 1990 Diverte
1335 1959 1362 1987 a
1387 1945 1520 1995 malo,
1550 1950 1594 1987 et
1623 1944 1692 1986 fac
1723 1943 1905 1986 bonum:

1074 2008 1097 2031 *
1134 2005 1304 2057 inquire
1342 2015 1519 2056 pacem,
1564 2006 1607 2043 et
1639 2001 1906 2054 persequere

1076 2074 1184 2103 eam.

1129 2117 1257 2159 Oculi
1275 2116 1454 2158 Demini
1478 2128 1612 2169 super
1635 2114 1788 2167 justos:
1813 2113 1837 2139 *
1862 2116 1906 2154 et

1076 2187 1203 2216 aures
1225 2174 1316 2225 ejus
1335 2173 1378 2214 in
1398 2185 1554 2225 preces
1575 2173 1737 2213 eorum.

1126 2230 1288 2272 Vultus
1316 2234 1463 2271 autem
1481 2228 1660 2270 Domini
1687 2238 1821 2279 super
1847 2225 1905 2266 fa-

1077 2288 1241 2329 cientes
1259 2286 1389 2327 mala:
1413 2286 1437 2311 *
1462 2290 1511 2327 ut
1535 2283 1692 2338 perdat
1712 2281 1767 2324 de
1790 2286 1907 2324 terra

1076 2343 1333 2386 memoriam
1361 2344 1522 2384 eorum.

1129 2400 1437 2442 Clamaverunt
1471 2397 1587 2450 justi,
1622 2400 1665 2438 et
1691 2395 1906 2436 Deminus

1077 2456 1300 2500 exaudivit
1320 2468 1414 2498 eos:
1434 2455 1456 2481 *
1478 2458 1523 2496 et
1541 2466 1596 2495 ex
1614 2451 1817 2494 amnibus
1835 2451 1907 2493 tri·

1077 2511 1374 2557 bulati6nibus
1395 2513 1547 2552 eorum
1564 2508 1767 2550 liberavit
1786 2520 1875 2550 eos·

1128 2575 1260 2616 Juxta
1279 2578 1347 2615 est
1365 2572 1580 2614 Deminus
1598 2570 1662 2619 iis,
1682 2570 1756 2622 qui
1774 2569 1906 2611 tribu-

1077 2632 1167 2673 lato
1192 2634 1294 2672 sunt
1318 2628 1467 2671 corde:
1493 2628 1516 2653 *
1543 2632 1587 2669 et
1611 2626 1798 2668 humiles
1823 2628 1907 2679 spi-

1077 2689 1163 2730 ritu
1189 2686 1388 2728 salvabit.
