2040 2944
154 165 220 200 316

157 261 391 312 stringitur,
410 272 507 301 cum
523 258 694 300 dicitur:
713 257 881 308 Diliges
895 257 983 298 Do-

157 319 319 360 minum
338 317 479 358 Deum
502 320 625 356 tuum
650 327 704 356 ex
726 319 823 356 toto
849 312 983 355 corde

156 380 244 423 tuo,
264 387 318 415 ex
339 378 431 414 tota
451 371 593 412 anima
611 375 698 420 tua,
718 383 772 412 ex
790 375 884 412 tota
902 370 983 411 vir-

157 434 249 473 tute
273 435 358 472 tua.
398 428 500 470 Non
529 428 643 469 enim
670 427 842 479 jubetur
871 427 984 479 quis-

159 499 242 539 que
264 490 472 538 quantum
493 484 654 535 diligat,
680 483 759 525 sed
779 496 834 525 ex
854 496 984 536 quan-

157 549 218 592 to,
247 555 346 584 cum
365 541 537 591 dicitur,
566 541 633 582 Ex
651 545 763 589 toto;
794 540 895 592 quia
914 539 985 580 ille

157 599 370 641 veraciter
389 598 532 639 Deum
553 597 707 647 diligit,
736 597 810 649 qui
829 595 911 637 sibi
931 594 986 636 de

159 668 206 697 se
225 654 330 696 nihil
349 654 566 706 relinquit.
593 654 693 695 Duo
714 665 818 703 ergo
837 653 985 693 neces·
1044 640 1086 685 (fs
1103 641 1112 680 ’ἒ

159 725 205 754 se
226 717 292 753 est
312 717 360 764 ut
384 711 576 752 caritatis
595 712 820 763 praecepta
844 710 986 750 custo-

159 769 260 818 diat,
283 768 479 821 quisquis
497 767 660 808 habere
679 767 722 807 in
737 766 902 818 nuptiis
916 778 986 807 ve-

160 832 273 868 stem
290 824 529 877 nuptialem
549 829 682 865 curat.

215 883 277 924 Te
297 883 439 923 Deum
458 880 698 922 laudamus.
717 881 775 920 14.

216 940 285 980 Ad
319 938 474 979 Bened.
516 941 612 980 Ant.
651 937 857 979 Ostendit
883 937 990 978 mihi

161 996 376 1038 Dominus
388 995 568 1037 fluvium
579 1009 707 1048 aquae
718 996 842 1045 vivae,
855 994 991 1047 splen—

162 1052 312 1095 didum
339 1057 564 1104 tamquam
593 1052 860 1105 crystallum,
890 1064 989 1104 pro-

163 1109 391 1151 cedentem
411 1108 465 1150 de
485 1109 590 1151 sede
610 1110 694 1151 Dei
713 1114 757 1151 et
775 1109 903 1160 Agni.

216 1170 379 1210 Oratio.
411 1169 538 1216 Deus,
560 1167 644 1218 qui.
663 1167 743 1208 311.

220 1230 333 1273 Vesp.
373 1242 391 1263 a
427 1230 549 1272 Capit.
586 1230 632 1263 de
672 1230 866 1272 sequenti,
909 1240 994 1263 cum

166 1289 361 1312 commem.
387 1279 549 1321 praeced.

349 1355 431 1396 Die
451 1355 511 1395 19.
530 1354 811 1408 Septembris.

264 1420 331 1460 Ss.
356 1418 586 1460 Januarii
612 1418 823 1471 Episcopi
852 1425 894 1460 et

319 1475 575 1517 Sociorum
595 1476 846 1529 Martyrum.

498 1538 659 1582 Duplex.

220 1595 354 1629 Omnia
381 1595 426 1628 dc
446 1595 648 1629 Communi
670 1594 867 1638 plurimor.
885 1594 993 1629 Mart.

167 1637 236 1682 [35]
262 1649 401 1686 praeter
423 1654 527 1687 sequ.

502 1700 665 1739 Oratio.

254 1768 346 1805 eus,
374 1757 447 1809 qui
470 1769 552 1798 nos
578 1759 720 1798 annua
744 1758 996 1798 sanctorum

268 1813 510 1865 Martyrum
534 1816 710 1855 tuorum
733 1814 757 1854 J
761 1813 927 1855 anuarii
953 1818 997 1855 et

170 1869 397 1911 Sociorum
429 1871 519 1921 ejus
554 1870 830 1912 solemnitate
858 1870 996 1912 laetifi-

170 1938 258 1967 cas:
299 1926 493 1968 concede
530 1927 762 1979 propitius3
806 1932 854 1969 ut
891 1940 996 1979 quo-

170 1995 266 2023 rum
298 1981 539 2033 gaudemus
571 1983 754 2034 meritis,
787 1983 996 2026 accenda-

171 2051 267 2080 mur
287 2039 509 2092 exemplis.
536 2040 620 2081 Per
639 2040 886 2082 Dominum.

227 2101 269 2135 Et
295 2102 333 2135 iit
359 2111 553 2135 commem.
580 2100 744 2143 praeced.

227 2153 323 2193 Ant.
355 2152 567 2194 Existimo
593 2153 739 2195 omnia
764 2153 997 2195 detrimen-

171 2213 265 2249 tum
281 2221 376 2250 esse
391 2214 574 2262 propter
590 2210 851 2252 eminentem
865 2211 999 2253 scien-

174 2264 278 2306 tiam
297 2265 320 2305 J
324 2278 401 2307 esu
420 2265 580 2308 Christi
599 2266 777 2308 Domini
793 2267 890 2309 mei.

206 2376 215 2384 .
227 2316 276 2367 V.
296 2321 320 2361 J
322 2326 467 2363 ustum
485 2322 667 2364 deduxit
686 2324 900 2366 Dominus
920 2338 1000 2378 per

175 2389 267 2418 vlas
291 2382 445 2419 rectas.
484 2378 533 2429 Rv-
555 2379 612 2421 Et
637 2380 829 2423 ostendit
852 2381 913 2423 illi
936 2395 999 2424 re-

175 2445 307 2483 gnum
327 2433 420 2476 Dei.

229 2492 390 2532 Oratio.
422 2493 551 2541 Deus,
572 2493 654 2545 qui.
682 2494 762 2534 311.

231 2552 271 2585 In
302 2551 328 2585 Ι.
360 2551 559 2586 Noc-turno
591 2553 791 2587 Lectiones
827 2552 872 2586 de
904 2552 1001 2586 Scri-

179 2604 288 2643 ptura
315 2606 545 2634 occurrente.

230 2651 273 2686 In
307 2652 479 2692 Quatuor
510 2652 767 2695 Temporibus
799 2652 1002 2686 Lectiones

182 2701 346 2735 Fratres:
381 2699 586 2735 Debitores
615 2711 757 2736 sumus.
788 2701 834 2734 de
867 2700 1003 2734 codem

441 171 508 204 Die
539 171 588 203 15³.
614 171 715 210 Sept.
763 168 818 200 ὃς.
844 166 1019 199 Januarii
1050 164 1172 207 lsspisc.
1199 169 1234 197 et
1259 164 1342 196 Soc.
1370 163 1588 206 Martyrum.

1041 259 1204 293 Comuni
1225 256 1304 300 [37]‚
1334 263 1370 292 et
1396 258 1443 291 ix.
1467 257 1597 291 Lectio
1624 257 1670 290 de
1695 255 1866 290 Ilomilia

1040 308 1163 341 Feriie
1194 317 1337 341 occurr.
1367 317 1452 340 cum
1481 306 1563 347 ejus
1593 315 1788 339 commem.
1819 304 1868 338 ad

1043 356 1193 390 Laudes
1219 360 1375 389 tantum.

1274 424 1323 462 In
1350 424 1400 462 II.
1425 423 1648 462 Nocturno.

1345 492 1497 533 Lectio
1518 492 1571 531 iv.

1114 555 1369 605 anuariuS,
1414 553 1656 595 Beneventi
1700 556 1868 606 episco—

1168 626 1263 666 pus,
1283 611 1562 653 Diocletiano
1583 614 1626 652 et
1642 609 1868 651 Maximia-

1166 682 1224 711 no
1260 669 1304 710 in
1342 667 1614 709 Christianos
1655 666 1870 708 saevienti-

1040 726 1139 776 bus,
1189 725 1246 767 ad
1291 724 1574 766 Timotheum
1619 723 1871 776 Campaniae

1040 781 1276 837 praesidem
1302 781 1360 824 ob
1380 780 1629 823 christianae
1649 779 1754 821 fidei
1771 792 1871 832 pro-

1042 840 1279 882 fessionem
1302 838 1464 889 Nolam
1489 836 1760 890 perducitur.
1803 836 1873 878 Ibi

1043 897 1134 948 ejus
1153 895 1399 938 constantia
1412 894 1532 936 varie
1549 896 1728 944 tentata,
1748 893 1793 934 in
1807 906 1871 935 ar-

1044 953 1221 995 dentem
1239 953 1466 994 fornacem
1485 951 1723 1003 conjectuS,
1746 950 1807 992 ita
1825 949 1871 991 il-

1042 1011 1174 1052 laesus
1207 1009 1360 1059 evasit,
1398 1013 1447 1050 ut
1476 1021 1532 1050 ne
1563 1008 1873 1049 vestimentum

1044 1072 1119 1109 aut
1144 1066 1350 1120 capillum
1377 1064 1555 1118 quidem
1582 1064 1758 1106 flamma
1781 1063 1872 1105 vio-

1044 1124 1210 1166 laverit.
1238 1123 1354 1164 Hine
1375 1134 1545 1176 praeses
1564 1122 1773 1163 accensus
1790 1119 1871 1162 ira-

1046 1180 1222 1230 cundia,
1253 1179 1460 1233 Martyris
1493 1191 1655 1231 corpus
1686 1179 1876 1230 imperat

1044 1250 1186 1290 usque
1219 1249 1271 1278 eo
1306 1235 1508 1286 distrahi,
1541 1233 1691 1288 quoad
1720 1235 1874 1276 nervo-

1045 1308 1142 1336 rum
1162 1296 1401 1348 compages
1423 1295 1685 1344 artuumque
1705 1290 1875 1333 solvan-

1045 1357 1127 1394 tur.
1161 1351 1320 1393 Festus
1344 1351 1512 1392 interea
1536 1349 1627 1402 ejus
1653 1348 1876 1398 diaconus,

1048 1414 1092 1451 et
1114 1407 1372 1450 Desiderius
1395 1407 1535 1448 lector
1560 1403 1877 1458 comprehensi,

1046 1465 1286 1518 vinctique,
1314 1477 1401 1506 una
1425 1476 1524 1506 cum
1543 1464 1755 1515 episeopo
1775 1465 1877 1502 ante

1046 1521 1231 1564 rhedam
1252 1519 1456 1574 praesidis
1474 1517 1686 1560 Puteolos
1712 1521 1878 1571 pertra-

1046 1579 1225 1628 huntur,
1259 1583 1303 1620 et
1333 1577 1378 1618 in
1409 1574 1614 1619 eumdem
1645 1576 1879 1623 carcerem,

1047 1636 1092 1676 in
1119 1648 1207 1688 quo
1233 1635 1386 1677 sosius
1409 1633 1620 1682 Misenas,
1649 1636 1694 1673 et
1717 1631 1878 1672 Procu-

1047 1693 1115 1734 lus
1130 1691 1402 1734 Puteolanus
1418 1689 1639 1739 diaconuS,
1653 1686 1879 1740 Eutyches

1049 1755 1093 1791 et
1107 1749 1295 1790 Acutius
1313 1747 1415 1789 laici
1431 1745 1488 1788 ad
1501 1745 1668 1787 bestias
1685 1743 1880 1786 damnati

1049 1804 1370 1854 detinebantur,
1390 1802 1520 1845 simul
1538 1801 1836 1854 conjiciuntur.

1103 1875 1154 1927 R.
1187 1870 1335 1912 Sancti
1366 1869 1431 1911 tui
1457 1867 1647 1909 Domine
1677 1864 1878 1907 mirabile

1050 1927 1277 1971 consecuti
1292 1931 1393 1968 sunt
1407 1926 1501 1974 iter,
1515 1923 1756 1965 servientes
1767 1934 1878 1975 prae-

1050 1985 1189 2038 ceptis
1217 1984 1320 2034 tuis,
1353 1987 1402 2024 ut
1428 1980 1726 2023 invenirentur
1752 1977 1880 2020 illaesi

1049 2042 1093 2083 in
1117 2041 1243 2094 aquis
1268 2038 1440 2090 validis;
1468 2042 1491 2066 *
1509 2037 1650 2079 Terra
1674 2035 1880 2089 apparuit

1050 2099 1189 2150 arida,
1229 2103 1274 2140 et
1310 2098 1355 2138 in
1379 2095 1491 2138 Mari
1518 2093 1652 2137 rubro
1683 2093 1756 2135 via
1787 2092 1879 2134 sine

1051 2155 1380 2210 impedimento.
1401 2150 1452 2203 V.
1468 2151 1686 2203 Quoniam
1703 2151 1879 2202 percus-

1052 2214 1108 2256 sit
1132 2218 1320 2266 petram,
1349 2215 1393 2252 et
1419 2210 1638 2251 fluxerunt
1662 2218 1808 2259 aquae,
1837 2209 1881 2246 et

1051 2272 1271 2313 torrentes
1290 2266 1621 2309 inundaverunt.
1648 2262 1796 2304 Terra.

1365 2341 1518 2382 Lectio
1538 2355 1574 2382 v.

1140 2411 1289 2451 ostero
1306 2407 1376 2450 die
1391 2419 1544 2449 omnes
1558 2405 1603 2445 in
1619 2401 1882 2456 amphithea-

1158 2471 1229 2508 tro
1248 2465 1353 2507 feris
1373 2463 1532 2516 objecti
1554 2466 1671 2503 sunt:
1690 2472 1789 2512 quae
1807 2471 1879 2499 na·
1951 2464 1957 2472 ·

1051 2523 1205 2566 turalis
1224 2521 1373 2564 oblitae
1392 2519 1588 2569 feritatis,
1612 2516 1670 2559 ad
1688 2517 1712 2557 J
1714 2515 1882 2557 anuarii

1052 2579 1191 2633 pedes
1225 2591 1274 2620 se
1304 2577 1596 2630 prostravere.
1649 2573 1703 2615 Id
1735 2573 1880 2614 Timo-

1053 2637 1183 2678 theus
1196 2634 1378 2686 magicis
1389 2632 1665 2675 cantionibus
1674 2631 1882 2680 tribuens,

1054 2707 1154 2735 cum
1179 2691 1441 2734 sententiam
1466 2690 1625 2743 capitis
1650 2690 1694 2730 in
1721 2688 1883 2731 Christi
