2040 2944
714 218 822 252 Feria
849 224 984 263 quarta
1011 221 1059 253 ad
1085 221 1321 256 Matutinum.
1821 227 1866 263 67

149 311 322 354 virtutis
359 318 447 354 tuae
489 315 753 356 mentientur
790 316 869 357 tibi
905 317 981 357 ini—

147 368 249 409 mici
266 369 340 410 tui.

202 423 355 465 Omnis
374 430 491 467 terra
511 426 666 468 aderet
683 432 738 476 te,
759 433 802 469 et
820 428 980 480 psallat

147 479 241 521 tibi:
260 481 284 506 *
302 481 522 533 psalmum
541 482 658 524 dicat
677 484 841 525 nemini
860 489 949 526 tuo.

199 536 379 587 Venite,
418 543 462 580 et
488 538 634 580 videte
668 541 804 592 Opera
830 541 928 582 Dei:
955 542 979 566 *

146 592 352 634 terribilis
388 594 432 635 in
469 595 662 636 consiliis
698 609 831 648 super
864 597 979 638 filios

146 647 382 691 huminum.

199 706 283 755 Qui
302 707 519 748 convertit
536 720 657 749 mare
675 708 719 749 in
738 709 916 759 aridam,
935 710 978 750 in

146 760 325 803 flumine
353 763 682 815 pertransibunt
709 765 839 817 pede:
867 767 890 791 *
918 765 978 807 ibi

145 816 393 859 laetabimur
411 819 454 859 in
472 820 582 872 ipso.

198 874 282 924 Qui
307 874 557 917 dominatur
580 877 623 917 in
648 878 808 919 virtute
832 891 911 919 sua
934 879 978 919 in

145 931 372 981 aeternum,
401 932 517 973 eculi
545 933 636 984 ejus
660 947 792 986 super
811 935 977 975 Gentes

144 987 398 1038 respiciunt:
430 989 454 1013 *
488 989 561 1040 qui
594 992 858 1043 exasperant
888 1004 976 1032 non

145 1041 390 1084 exaltentur
408 1044 452 1084 in
472 1047 730 1098 semetipsis.

198 1098 454 1141 Benedicite
500 1101 667 1143 Gentes
712 1103 857 1144 Deum
902 1116 976 1144 no-

144 1158 297 1195 strum:
321 1156 345 1181 *
370 1161 413 1197 et
441 1156 636 1198 auditam
663 1159 793 1200 facite
820 1172 976 1201 vocem

142 1209 284 1252 laudis
305 1212 406 1263 ejus.

197 1267 281 1317 Qui
299 1269 448 1320 p6suit
467 1270 655 1311 animam
679 1284 823 1312 meam
841 1271 899 1312 ad
918 1272 976 1313 vi-

142 1326 248 1364 tam:
271 1324 294 1348 *
323 1329 368 1366 et
394 1338 482 1366 non
509 1326 631 1368 dedit
653 1327 697 1367 in
722 1328 976 1369 commotie-

142 1391 243 1420 nem
262 1379 400 1432 pedes
422 1395 557 1424 meos.

195 1436 412 1486 Queniam
443 1438 644 1490 probasti
671 1453 752 1481 nos
786 1441 923 1481 Deus:
952 1441 975 1466 *

126 1491 242 1543 ¹igne
265 1505 347 1534 nos
373 1495 648 1545 examinasti,
677 1496 790 1537 sicut
818 1497 975 1537 exami-

141 1550 271 1589 natur
290 1551 530 1601 argentum.

195 1604 412 1647 Induxisti
431 1619 512 1648 nos
532 1607 576 1647 in
599 1607 821 1660 laqueum,
845 1622 975 1661 posu-

141 1660 215 1701 isti
233 1660 537 1704 tribulationes
556 1664 600 1704 in
620 1663 753 1706 dorso
773 1667 974 1706 nostrot*

142 1716 391 1769 imposuisti
426 1718 626 1761 hemines
663 1733 796 1773 super
830 1722 975 1773 capita

142 1778 303 1815 nostra.
594 1806 599 1810 .

190 1829 491 1872 Transivimus
501 1845 582 1884 per
590 1832 735 1883 ignem
747 1838 791 1875 et
801 1846 974 1886 aquam:

115 1916 118 1917 ν
142 1885 166 1910 *
186 1890 231 1927 et
250 1885 441 1928 eduxisti
458 1900 540 1929 nos
559 1888 603 1929 in
622 1889 904 1940 refrigerium.

194 1942 394 1985 Introibo
418 1943 463 1984 in
493 1944 673 1986 domum
696 1950 817 1987 tuam
835 1946 880 1987 in
898 1946 974 1988 ho-

142 1997 367 2041 locaustis:
386 2000 410 2025 *
430 1999 613 2042 reddam
636 2001 715 2043 tibi
738 2007 843 2043 vota
865 2015 974 2052 mea,

143 2067 243 2106 quae
263 2055 554 2098 distinxerunt
572 2057 688 2099 labia
709 2071 818 2100 mea.

194 2111 252 2152 Et
278 2111 476 2153 locutum
505 2118 572 2154 est
606 2126 656 2154 os
689 2127 851 2164 meum,
879 2115 903 2140 *
930 2115 974 2155 in

141 2166 422 2210 tribulatiene
442 2181 551 2210 mea.

193 2223 470 2265 Holocausta
513 2224 754 2267 medullata
792 2226 973 2268 efferam

142 2278 222 2320 tibi
249 2292 348 2321 cum
378 2281 557 2322 incenso
591 2283 790 2323 arietum:
818 2283 841 2307 *
871 2282 972 2324 effe-

142 2347 235 2375 ram
253 2335 334 2377 tibi
352 2335 491 2378 boves
511 2349 610 2378 cum
629 2337 771 2379 hircis.

194 2392 365 2442 Venite,
381 2393 539 2442 audite,
551 2397 595 2434 et
604 2393 804 2443 narrabo,
821 2407 973 2435 omnes

145 2448 219 2500 qui
245 2449 408 2490 timetis
435 2449 596 2499 Deum,
623 2450 646 2474 *
676 2455 839 2501 quanta
871 2451 973 2492 fecit

142 2504 299 2545 animae
317 2517 440 2546 meae.

195 2560 268 2601 Ad
286 2561 431 2613 ipsum
450 2574 527 2602 ore
545 2574 645 2602 meo
667 2561 867 2611 clamavi,
886 2562 910 2586 *
929 2566 973 2603 et

143 2616 333 2658 exaltavi
352 2617 432 2658 sub
452 2617 599 2668 lingua
617 2630 725 2658 mea.

193 2672 476 2724 Iniquitatem
510 2674 547 2714 si
578 2674 730 2726 aspexi
760 2674 803 2713 in
838 2673 971 2715 corde

141 2740 253 2778 me0‚
271 2729 403 2770 *non
422 2729 627 2770 exaudiet
645 2729 872 2770 Dominus.

1085 318 1326 370 Propterea
1355 321 1577 363 exaudivit
1603 323 1740 372 Deus,
1768 324 1791 349 *
1820 330 1863 366 et

1035 374 1220 416 attendit
1238 377 1337 417 voci
1357 377 1679 430 deprecatienis
1699 393 1819 420 meae.

1086 430 1352 473 Benedictus
1366 433 1499 483 Deus,
1514 435 1537 459 *
1554 435 1627 486 qui
1642 448 1730 476 non
1746 438 1861 477 ame-

1033 485 1095 526 vit
1115 488 1357 529 oratienem
1377 502 1535 539 meam,
1556 496 1599 532 et
1619 491 1861 533 misericer-

1033 540 1151 582 diam
1170 556 1293 584 suam
1313 557 1339 585 a
1357 558 1438 586 me.

1311 603 1506 644 psalmus
1527 607 1587 645 (57.

1030 652 1297 757 Exsurgat
1332 657 1470 707 Deus,
1516 664 1559 699 et
1595 658 1861 712 dissipentur

1134 712 1296 753 inimici
1325 714 1432 764 ejus,
1461 715 1483 739 *
1512 720 1555 755 et
1588 715 1752 766 fugiant
1786 718 1860 769 qui

1032 766 1220 809 oderunt
1239 782 1349 818 eum,
1369 783 1393 810 a
1412 770 1522 811 facie
1543 771 1643 822 ejus.

1083 824 1203 865 Sicut
1231 824 1379 866 deficit
1405 826 1568 876 fumus,
1598 826 1815 870 deficiant:
1835 830 1858 855 *

1031 879 1144 921 sicut
1175 881 1271 922 fluit
1302 894 1403 922 cera
1435 895 1460 922 a
1491 883 1601 924 facie
1633 884 1761 934 ignis,
1797 885 1859 926 sic

1030 937 1214 987 pereant
1232 940 1490 989 peccateres
1510 952 1535 979 a
1554 939 1664 980 facie
1683 940 1776 981 Dei.

1082 992 1139 1034 Et
1165 993 1265 1044 justi
1294 994 1539 1046 epulentur,
1569 1001 1612 1036 et
1641 996 1859 1038 exsultent

1029 1047 1073 1088 in
1097 1051 1337 1101 conspectu
1359 1051 1458 1091 Dei:
1477 1052 1500 1076 *
1521 1056 1564 1092 et
1588 1051 1859 1094 delectentur

1028 1104 1072 1144 in
1091 1104 1254 1146 laetitia.

1084 1161 1267 1203 Cantate
1308 1163 1426 1211 Deo,
1470 1163 1685 1215 psalmum
1727 1165 1857 1207 dicite

1029 1217 1194 1258 nemini
1227 1219 1335 1269 ejus:
1363 1219 1386 1243 *
1414 1219 1497 1260 iter
1528 1220 1657 1261 facite
1692 1221 1746 1270 ei,
1785 1222 1858 1273 qui

1030 1273 1226 1314 ascendit
1250 1287 1383 1326 super
1402 1277 1621 1316 occasum:
1644 1277 1858 1318 Deminus

1029 1341 1189 1370 nomen
1208 1330 1280 1370 illi.

1081 1386 1310 1428 Exsultate
1348 1387 1390 1427 in
1429 1390 1669 1440 conspectu
1702 1389 1806 1440 ejus:
1835 1390 1857 1414 *

1029 1441 1322 1483 turbabuntur
1359 1457 1384 1484 a
1420 1443 1531 1485 facie
1573 1445 1680 1496 ejus,
1721 1445 1858 1497 patris

1030 1497 1337 1550 orphanerum‚
1359 1504 1402 1540 et
1421 1499 1574 1551 judicis
1594 1500 1833 1541 viduarum.

1080 1554 1202 1595 Deus
1221 1555 1265 1595 in
1288 1555 1387 1596 loco
1409 1562 1560 1598 sancto
1582 1570 1675 1597 suo:
1695 1558 1718 1582 *
1737 1557 1858 1598 Deus

1030 1610 1104 1661 qui
1139 1610 1384 1652 inhabitare
1420 1612 1523 1653 facit
1559 1615 1684 1653 unius
1725 1613 1858 1654 moris

1027 1666 1071 1706 in
1091 1665 1238 1707 domo:

1081 1723 1164 1772 Qui
1185 1722 1332 1764 educit
1347 1724 1515 1765 vinctos
1531 1724 1574 1764 in
1589 1724 1857 1765 fortitudine:

1027 1778 1050 1803 *
1071 1778 1269 1820 similiter
1290 1792 1366 1820 eos
1388 1780 1462 1831 qui
1482 1783 1759 1833 exasperant,
1785 1780 1857 1832 qui

1027 1833 1226 1876 habitant
1246 1835 1289 1875 in
1309 1835 1564 1888 sepulchris.

1079 1890 1220 1940 Deus,
1254 1904 1353 1932 eum
1385 1892 1655 1943 egredereris
1684 1893 1727 1932 in
1757 1905 1855 1933 con-

1028 1948 1182 1999 spectu
1202 1948 1356 2000 pepuli
1380 1948 1458 1997 tui,
1478 1950 1501 1974 *
1521 1962 1619 1990 cum
1638 1954 1855 2001 pertrans-

1026 2004 1113 2043 ires
1141 2003 1184 2043 in
1212 2003 1407 2045 deserto:

1078 2059 1217 2100 Terra
1241 2065 1362 2101 mota
1387 2065 1468 2109 est,
1498 2060 1657 2101 etenim
1676 2060 1776 2101 coeli
1795 2059 1854 2101 di-

1027 2114 1299 2157 stillaverunt
1327 2129 1352 2156 a
1380 2116 1491 2157 facie
1520 2116 1604 2157 Dei
1631 2116 1762 2165 Sinai,
1782 2116 1805 2141 *
1829 2129 1855 2156 a

1026 2170 1137 2212 facie
1156 2171 1241 2212 Dei
1258 2171 1405 2212 Israel.

1077 2226 1276 2268 Pluviam
1295 2227 1584 2268 voluntariam
1602 2227 1853 2279 segregabis

1024 2282 1147 2323 Deus
1166 2282 1413 2324 haereditati
1431 2288 1533 2324 tuae:
1544 2285 1567 2309 *
1580 2289 1623 2325 et
1637 2284 1853 2325 infirmata

1026 2342 1102 2387 est,
1121 2343 1170 2379 tu
1188 2352 1294 2380 vero
1314 2339 1537 2391 perfecisti
1557 2352 1664 2381 eam.

1076 2394 1294 2436 Animalia
1312 2401 1387 2436 tua
1405 2395 1663 2437 habitabunt
1682 2396 1725 2436 in
1745 2409 1810 2437 ea:
1828 2396 1851 2421 *

1024 2451 1190 2502 parasti
1222 2451 1266 2491 in
1299 2450 1529 2493 dulcedine
1562 2457 1637 2493 tua
1667 2451 1850 2504 pauperi

1023 2506 1157 2547 Deus.

1075 2563 1290 2603 Dominus
1315 2562 1436 2604 dabit
1460 2563 1642 2604 verbum
1670 2574 1848 2612 evange-

1024 2617 1265 2667 lizantibus,
1285 2619 1308 2644 *
1328 2619 1487 2660 virtute
1507 2619 1653 2660 multa.

1076 2674 1174 2714 Rex
1192 2674 1398 2715 virtutum
1420 2674 1567 2716 dilecti
1586 2673 1744 2715 dilecti:
1762 2673 1785 2698 *
1805 2677 1849 2714 et

1024 2730 1187 2782 speciei
1207 2729 1363 2770 domus
1383 2729 1578 2771 dividere
1598 2729 1748 2781 spelia.
