2040 2944
499 190 674 222 Officium
701 188 874 222 votivum
900 187 946 219 dc
972 187 1028 219 ὃς.
1052 185 1308 218 Eucharistiae
1333 186 1592 219 Sam-amento.

473 285 623 325 Lectio
647 284 730 323 viii.

187 344 330 448 Nos
349 359 465 395 vero,
485 346 522 386 si
537 345 672 386 vitam
687 346 899 385 aeternam
915 345 1015 384 cen-

305 403 429 455 sequi
454 401 674 449 volumus,
702 400 740 440 si
763 400 1017 450 largitorem

185 458 526 500 immortalitatis
547 456 710 498 habere
729 456 773 496 in
795 455 924 497 nobis
945 455 1016 496 de-

185 515 446 563 sideramus,
477 513 534 555 ad
561 512 862 565 recipiendam
888 511 1017 553 bene-

186 571 423 613 dictienem
461 570 650 611 libenter
688 570 1018 610 concurramus:

186 630 509 678 caveamusque
541 638 596 667 ne
632 625 734 666 loco
766 624 913 676 laquei
945 623 1018 665 da-

185 685 385 724 mnesam
416 682 675 732 religienem
708 680 912 722 diabolus
943 693 1018 721 no-

185 739 252 780 bis
267 737 526 791 praetendat.
553 738 693 779 Recte
708 737 878 789 (inquit)
895 735 1019 778 dicis:

186 795 398 847 scriptum
427 800 575 836 tamen
605 806 703 835 esse
731 806 821 834 non
848 793 1018 843 ignora-

185 864 293 899 mus,
313 850 520 903 judicium
536 850 619 891 sibi
636 849 870 891 comedere
885 854 1019 901 atque

186 907 338 948 bibere
358 906 495 955 illum,
522 907 597 958 qui
616 905 672 947 de
690 918 804 958 pane
825 905 1020 946 cemedit

187 968 230 1004 et
249 963 304 1004 de
324 963 461 1004 calice
480 962 592 1004 bibit
610 961 799 1013 indigne.
829 963 924 1013 Ego
943 961 1019 1011 igi-

187 1024 256 1060 tur
283 1018 427 1071 probo
456 1021 691 1070 meipsum,
723 1023 766 1060 et
793 1018 1022 1068 indignum

187 1075 372 1116 invenio.
393 1073 579 1125 Quando
595 1075 738 1125 igitur,
755 1075 1021 1127 quicumque

186 1136 234 1172 tu
262 1143 309 1171 es
338 1131 413 1182 qui
444 1131 530 1171 ista
563 1130 690 1180 dicis,
725 1130 882 1181 dignus
911 1127 1019 1170 eris?

188 1186 364 1238 quando
400 1186 573 1228 Christo
611 1189 803 1239 teipsum
836 1184 1019 1227 offeres?

187 1242 302 1283 Nam
330 1243 366 1283 si
394 1241 622 1294 peccando
650 1242 854 1293 indignus
881 1254 948 1291 eS,
977 1247 1021 1283 et

187 1301 375 1350 peccare
412 1311 501 1339 non
536 1298 719 1347 desinis,
758 1299 872 1350 (quis
906 1298 1020 1339 enim

188 1354 349 1395 delicta
376 1352 600 1404 intelligit?
634 1354 877 1395 secundum
901 1353 1019 1394 Psal-

187 1411 377 1460 mistam)
406 1422 566 1461 expers
595 1412 771 1450 omnino
801 1410 888 1450 eris
916 1410 1020 1450 vivi-

189 1465 285 1506 ficae
305 1465 431 1516 hujus
451 1465 821 1506 sanctificationis.

245 1527 291 1576 Rg.
319 1525 438 1566 Misit
456 1539 526 1567 me
545 1526 709 1567 vivens.
737 1526 846 1577 [227]

488 1601 640 1642 Lectio
664 1602 716 1641 ix.

190 1644 377 1767 Quare
408 1669 505 1721 pias
541 1681 693 1721 quaeso
731 1669 1021 1719 cogitatienes

298 1726 529 1777 suscipias,
558 1725 755 1766 studiese
781 1726 1020 1776 sancteque

188 1780 320 1829 vivas,
339 1786 383 1822 et
397 1780 752 1822 benedictionem
766 1781 1020 1833 participes:

189 1848 288 1886 quae
313 1836 432 1886 (mihi
456 1836 602 1887 crede)
627 1849 715 1877 non
739 1842 927 1878 mortem
951 1849 1018 1877 so-

187 1886 294 1936 lum,
322 1900 475 1929 verum
503 1888 635 1929 etiam
658 1888 840 1929 morbos
867 1901 1019 1929 omnes

188 1941 379 1994 depellit.
413 1943 547 1984 Sedat
567 1944 692 1993 enim,
712 1957 810 1985 cum
830 1944 873 1984 in
892 1943 1020 1985 nobis

187 2000 362 2040 maneat
381 1998 591 2048 Christus,
612 2001 868 2041 saevientem
887 2013 1019 2041 mem-

188 2053 367 2095 brerum
401 2057 653 2096 nostrorum
684 2055 845 2107 legem:
883 2056 1019 2108 pieta-

188 2114 276 2150 tem
323 2110 611 2161 correborat‚
663 2112 1018 2164 perturbationes

189 2165 319 2206 animi
356 2167 611 2217 exstinguit,
653 2170 847 2218 aegr6tos
884 2173 1018 2217 curat,

189 2220 366 2262 collisos
397 2221 701 2274 redintegratz‘
724 2231 767 2265 et
799 2225 912 2265 sicut
943 2237 1018 2277 pa-

189 2281 281 2316 stor
302 2276 455 2326 bonus,
480 2279 554 2330 qui
578 2280 767 2320 animam
792 2293 916 2320 suam
934 2293 1016 2332 pro

189 2331 344 2372 evibus
369 2335 532 2384 pesuit,
559 2335 614 2379 ab
641 2336 760 2376 omni
784 2349 865 2376 nos
891 2337 1018 2387 erigit

188 2399 302 2427 casu.
361 2390 424 2429 Te
443 2390 585 2430 Deum
603 2391 843 2432 laudamus.
864 2393 923 2432 14.

452 2474 531 2514 Ad
552 2475 750 2516 Laudes

396 2533 447 2561 et
487 2538 582 2570 per
623 2529 815 2562 Horas.

243 2583 275 2620 Α
284 2588 339 2621 nt.
359 2584 385 2621 1.
406 2582 628 2634 Sapientia
643 2586 666 2609 *
682 2584 918 2626 aedificavit
933 2585 1015 2626 sibi

187 2635 383 2685 domum,
411 2639 584 2679 miscuit
610 2640 772 2690 vinum,
800 2646 844 2681 et
867 2642 1018 2693 pesuit

186 2704 392 2733 mensam.

1128 284 1194 322 Ps.
1228 281 1438 323 Deminus
1461 283 1675 334 regnavit.
1696 284 1756 324 15.

1127 349 1162 385 2.
1200 346 1465 397 Angelorum
1496 359 1597 389 esca
1627 349 1652 375 *
1683 348 1905 390 nutrivisti

1070 403 1286 456 pepulum
1309 408 1443 454 tuum,
1467 409 1512 446 et
1533 416 1694 457 panem
1714 404 1770 446 de
1788 405 1904 446 coelo

1071 459 1319 512 praestitisti
1339 460 1412 501 eis.

1126 526 1162 563 3.
1188 524 1366 575 Pinguis
1387 530 1454 566 est
1473 525 1601 577 panis
1620 527 1644 551 *
1666 524 1841 575 Christi,
1862 530 1906 566 et

1071 580 1290 634 praebebit
1310 580 1491 622 delicias
1510 580 1697 632 regibus.

1127 648 1163 686 4.
1188 646 1455 688 Sacerdetes
1475 646 1617 687 sancti
1636 648 1660 672 *
1679 646 1907 687 incensum

1074 707 1117 744 et
1136 715 1274 755 panes
1295 701 1485 744 efferunt
1503 702 1614 744 Deo.

1128 770 1165 808 5.
1197 767 1400 809 Vincenti
1429 766 1546 809 dabo
1574 770 1598 795 *
1623 780 1783 809 manna
1810 767 1906 809 abs-

1074 822 1311 871 conditum,
1333 828 1377 865 et
1396 837 1557 866 nomen
1577 837 1752 866 novum.

1129 897 1389 948 Capitulum.
1596 899 1624 937 i.
1642 898 1737 938 Cor.
1754 899 1804 937 11.
1821 910 1854 938 e.

1153 967 1307 1004 ratres:
1335 963 1432 1014 Ego
1456 963 1570 1005 enim
1595 963 1746 1016 accepi
1770 975 1796 1004 a
1818 963 1906 1004 De-

1172 1019 1311 1069 mino,
1345 1019 1466 1072 quod
1499 1024 1543 1061 et
1573 1019 1738 1061 tradidi
1768 1018 1908 1068 vobis,

1075 1075 1283 1127 quoniam
1318 1076 1537 1117 Deminus
1573 1076 1701 1117 Jesus
1739 1075 1785 1116 in
1821 1087 1908 1127 qua

1074 1136 1204 1172 nocte
1231 1131 1508 1182 tradebatur,
1537 1132 1710 1185 accepit
1735 1144 1907 1184 panem,

1075 1193 1118 1229 et
1132 1188 1296 1238 gratias
1311 1201 1446 1239 agens
1461 1188 1601 1239 fregit,
1621 1193 1665 1230 et
1680 1187 1804 1230 dixit:
1822 1187 1906 1229 Ac·

1075 1245 1218 1297 cipite,
1243 1250 1287 1286 et
1310 1243 1587 1286 manducate:
1611 1244 1698 1286 hoc
1721 1250 1790 1286 est
1813 1255 1906 1285 cor-

1073 1314 1157 1353 pus
1180 1313 1337 1349 meum,
1363 1299 1484 1353 quod
1504 1313 1588 1353 pro
1612 1301 1740 1342 vobis
1763 1299 1906 1341 trade-

1073 1362 1163 1398 tur:
1195 1356 1281 1397 hoc
1309 1357 1440 1398 facite
1472 1358 1517 1397 in
1545 1370 1689 1399 meam
1718 1369 1906 1398 comme-

1073 1413 1376 1454 moratienem.

1389 1487 1601 1537 Hymnus.

1165 1543 1319 1584 erbum
1338 1546 1577 1597 supernum
1595 1543 1817 1596 prodiens,

1106 1638 1109 1641 Α
1184 1599 1280 1641 Nec
1291 1600 1435 1642 Patris
1449 1600 1652 1653 linquens
1668 1599 1907 1649 dexteram,

1125 1655 1198 1697 Ad
1217 1668 1330 1708 opus
1350 1669 1477 1698 suum
1497 1657 1660 1706 exiens,

1125 1711 1261 1754 Venit
1280 1712 1336 1754 ad
1355 1713 1459 1754 vitae
1478 1715 1722 1765 vesperam.

1077 1791 1123 1830 In
1142 1795 1332 1831 mortem
1351 1803 1376 1831 a
1397 1790 1614 1842 discipulo

1123 1846 1222 1887 Suis
1241 1846 1484 1888 tradendus
1504 1846 1684 1896 aemulis,

1124 1902 1252 1944 Prius
1271 1903 1315 1943 in
1334 1903 1438 1944 vitae
1458 1903 1625 1944 ferculo

1124 1959 1180 2001 Se
1199 1958 1382 2000 tradidit
1402 1958 1642 2011 discipulis.

1075 2037 1241 2087 Quibus
1262 2037 1342 2078 sub
1363 2036 1466 2078 bina
1486 2037 1633 2089 specie

1124 2094 1311 2134 Carnem
1332 2092 1454 2134 dedit
1473 2098 1518 2134 et
1537 2093 1810 2143 sanguinem3

1124 2150 1183 2191 Ut
1202 2149 1393 2202 duplicis
1412 2148 1671 2190 substantiae

1123 2206 1289 2247 Totum
1309 2205 1476 2247 cibaret
1495 2205 1729 2247 heminem.

1073 2286 1127 2324 Se
1146 2296 1331 2324 nascens
1352 2283 1474 2324 dedit
1493 2283 1673 2333 socium,

1125 2340 1405 2381 Convescens
1424 2340 1467 2380 in
1488 2339 1692 2389 edulium,

1123 2396 1179 2436 Se
1198 2395 1392 2436 meriens
1411 2396 1455 2436 in
1473 2395 1675 2448 pretium,

1122 2451 1178 2493 Se
1198 2464 1386 2502 regnans
1407 2450 1482 2492 dat
1499 2451 1543 2491 in
1562 2451 1803 2503 praemium.

1076 2532 1111 2570 O
1131 2528 1334 2569 salutaris
1354 2528 1510 2576 hestia,

1123 2586 1231 2634 Quae
1252 2584 1354 2625 coeli
1372 2583 1531 2636 pandis
1552 2584 1724 2633 estium,

1122 2640 1247 2682 Bella
1266 2644 1471 2692 premunt
1489 2639 1676 2690 hostilia,

1119 2697 1191 2739 Da
1209 2696 1355 2745 robur,
1373 2695 1438 2738 fer
1458 2695 1678 2737 auxilium.
