2040 2944
789 220 990 254 Dominica
1016 220 1065 254 ad
1090 219 1293 261 Yesperus.

199 320 463 369 commodat,
484 318 687 370 disponet
708 317 933 357 sermones
952 328 1019 356 su-

200 391 250 419 os
279 378 322 418 in
350 376 524 429 judicio:
553 374 576 399 *
607 373 709 424 quia
736 373 781 413 in
807 374 1019 413 aeternum

159 428 162 432 ’
199 447 286 475 11011
306 430 658 475 commovebitur.

251 492 299 531 In
318 487 527 531 memoria
546 488 711 528 aeterna
731 486 813 528 erit
831 485 1019 538 justusz*

200 547 254 588 ab
274 545 497 588 auditione
515 542 629 584 mala
647 555 734 584 non
756 542 938 583 timebit.

249 603 454 643 Paratum
473 612 550 641 601·
570 601 660 651 ejus
683 601 862 652 sperare
878 598 922 639 in
932 598 1019 639 Do·

198 659 331 709 mino,
357 657 663 699 confirmatum
688 660 754 697 est
778 667 853 696 601·
873 655 977 707 ejus:
997 655 1019 679 *

199 728 286 756 non
321 712 669 755 commovebitur
703 711 842 753 donec
878 711 1019 764 despi-

199 772 285 813 ciat
304 771 503 812 inimicos
525 781 640 810 suos.

249 827 487 880 Dispe'rsit,
507 824 632 867 dedit
651 824 935 878 pauperibus:
962 825 1020 876 ju-

199 884 319 926 stitia
347 884 436 935 ejus
463 887 609 924 manet
636 882 681 922 in
711 881 919 922 saeculum
944 883 1021 922 sae-

200 941 304 990 culi,
331 940 354 966 *
383 952 520 981 cornu
553 939 643 990 ejus
681 937 943 980 exaltabitur
976 938 1021 978 in

199 997 349 1048 gloria.

251 1054 465 1095 Peccator
499 1051 683 1102 videbit,
720 1056 763 1093 et
799 1052 1021 1101 irascetur,

202 1109 405 1152 dentibus
439 1109 530 1150 suis
557 1108 711 1150 fremet
739 1113 783 1149 et
809 1107 1022 1149 tabescet:

202 1167 225 1192 *
254 1166 518 1208 desiderium
546 1167 828 1218 peccatorum
850 1164 1022 1217 peribit.

252 1229 286 1267 Α
294 1232 350 1268 nt.
365 1229 377 1267 1
386 1241 413 1267 n
423 1226 640 1268 mandatis
652 1226 742 1278 ejus
753 1226 873 1279 cupit
883 1225 1022 1266 nimis.

253 1292 349 1331 Ant.
371 1288 437 1329 Sit
455 1300 613 1329 nomen
631 1287 818 1328 Domini.

464 1359 662 1399 Psalmus
683 1360 759 1399 112.

267 1416 426 1458 audate
453 1416 579 1469 pueri
603 1416 858 1457 Dominum:
884 1417 908 1442 *
935 1416 1023 1457 lau-

295 1473 396 1515 date
414 1485 572 1514 nomen
589 1473 777 1514 Domini.

255 1530 319 1571 Sit
333 1542 493 1571 nomen
507 1529 685 1570 Domini
699 1528 990 1579 benedictum,
1001 1529 1024 1554 *

205 1599 258 1628 ex
277 1586 361 1627 hoe
378 1598 503 1636 nune,
523 1590 566 1627 et
585 1598 724 1638 usque
743 1586 787 1626 in
807 1585 1025 1626 saeculum.

255 1643 296 1683 A
321 1642 427 1683 solis
452 1644 710 1694 ortu'usque
735 1642 791 1684 ad
810 1644 1025 1691 occasum,

204 1699 227 1724 *
247 1698 467 1740 laudabile
488 1711 647 1740 nomen
665 1698 853 1740 Domini.

255 1755 465 1796 Excelsus
504 1768 635 1808 super
674 1768 825 1797 omnes
859 1755 1025 1796 Gentes

204 1812 429 1876 Dominus,
447 1812 471 1838 *
491 1816 534 1853 61
562 1825 694 1865 super
722 1812 859 1853 coelos
886 1811 1026 1863 gloria

206 1881 305 1919 ejus.

258 1924 364 1974 Quis
379 1924 492 1966 sicut
503 1924 719 1966 Dominus
728 1925 850 1966 Deus
864 1930 1026 1977 noster,

206 1981 280 2032 qui
308 1980 351 2021 in
379 1980 479 2022 altis
507 1980 691 2030 habitat,
718 1981 742 2006 *
771 1985 815 2022 et
847 1980 1027 2023 humilia

205 2037 384 2089 respicit
402 2037 446 2077 in
466 2037 579 2078 coelo
599 2042 642 2079 et
661 2038 704 2078 in
723 2036 864 2079 terra?

256 2093 478 2135 Suscitans
507 2106 532 2135 a
559 2098 677 2135 terra
709 2097 902 2147 inopem,
930 2095 954 2120 *
983 2099 1027 2136 61

206 2149 261 2191 (16
280 2151 474 2191 stercore
495 2150 665 2202 erigens
685 2154 941 2203 pauperem:

256 2206 314 2248 Ut
325 2206 513 2248 collocet
525 2219 623 2248 eum
635 2219 734 2249 cum
744 2207 1026 2260 principibus,

204 2263 228 2288 *
248 2275 345 2303 cum
364 2262 634 2315 principibus
654 2263 807 2316 populi
827 2264 904 2305 sui.

257 2319 340 2369 Qui
359 2318 556 2361 habitare
571 2319 674 2361 facit
689 2320 882 2362 sterilem
892 2320 936 2360 in
951 2320 1025 2362 do—

204 2387 287 2425 mo,
302 2376 326 2401 *
343 2379 527 2417 matrem
546 2375 735 2418 filiorum
753 2376 987 2418 laetantem.

261 2437 357 2476 Ant.
379 2436 445 2477 Sit
466 2449 625 2478 nomen
648 2437 827 2479 Domini
849 2437 1025 2480 benedi-

205 2495 325 2533 ctum
344 2492 387 2533 in
407 2493 578 2534 saecula.

259 2551 357 2591 Ant.
389 2551 479 2594 Nos
498 2554 572 2605 qui
591 2554 787 2596 vivimus.

470 2618 666 2661 l'salmus
687 2622 763 2662 113.

206 2672 283 2779 In
305 2686 423 2728 e'xitu
445 2687 581 2728 Israiil
604 2687 658 2730 de
678 2689 892 2742 AEgyptm
908 2689 931 2715 *
950 2688 1025 2730 do-

272 2756 368 2784 mus
389 2743 527 2785 Jacob
555 2743 610 2785 de
635 2746 800 2797 populo
820 2745 1025 2788 barbaro:

1123 313 1259 354 Facta
1305 316 1371 354 est
1407 311 1432 352 J
1434 310 1563 352 udaea
1609 309 1899 352 sanctificatio

1073 368 1899 475 ‘²¹¹¹52ss0¹85?ssPzssessssagsst5¹²30rdaffis

1073 485 1311 525 conversus
1332 486 1399 524 est
1417 482 1670 523 retrorsum.
1887 481 1890 484 ’

1123 539 1299 581 Montes
1317 538 1646 580 exsultaverunt
1664 541 1713 578 ut
1729 538 1900 585 arietes,

1072 597 1095 622 *
1115 601 1160 638 et
1178 596 1313 638 colles
1333 596 1446 636 sicut
1465 594 1566 646 agni
1586 593 1744 635 ovium.

1125 652 1241 703 Quid
1261 658 1328 694 est
1346 651 1429 693 tibi
1447 663 1569 692 mare
1596 649 1715 702 quod
1734 649 1900 701 fugisti:

1073 710 1096 735 *
1114 714 1157 751 et
1173 714 1221 750 tu
1235 709 1259 750 J
1262 708 1453 758 ordanis‚‘
1471 707 1574 760 quia
1593 708 1834 749 conversus
1853 718 1900 748 es

1073 764 1339 808 retrorsum?

1124 823 1300 864 Montes
1321 820 1574 863 exsultastis
1595 820 1708 862 sicut
1728 821 1900 870 arietes,

1073 879 1097 905 *
1117 883 1160 920 et
1179 878 1316 920 colles
1335 878 1448 920 sieut
1468 877 1568 929 agni
1587 877 1746 918 ovium.

1125 935 1166 976 A
1185 935 1295 976 faeie
1313 934 1492 976 Domini
1512 938 1633 975 mota
1649 938 1716 975 est
1733 937 1863 983 terra,
1877 932 1900 959 *

1074 1005 1100 1033 a
1116 991 1228 1033 faeie
1246 991 1332 1033 Dei
1349 990 1500 1033 Jacob.

1126 1048 1210 1098 Qui
1238 1047 1457 1089 convertit
1483 1051 1656 1100 petram
1683 1047 1728 1088 in
1747 1051 1901 1098 stagna

1075 1107 1303 1157 aquarum,
1320 1105 1343 1131 *
1364 1108 1408 1146 et
1435 1116 1590 1157 rupem
1617 1104 1661 1144 in
1688 1103 1831 1145 fontes
1859 1116 1901 1144 a·

1076 1163 1270 1213 quarum.

1126 1217 1229 1259 Non
1244 1217 1374 1259 nobis
1392 1217 1592 1268 Domine,
1611 1231 1700 1260 non
1719 1216 1864 1259 nobis:
1878 1216 1902 1242 *

1076 1274 1156 1316 sed
1174 1274 1340 1315 nomini
1357 1279 1434 1316 tuo
1455 1274 1512 1316 da
1529 1274 1725 1326 gloriam.

1128 1331 1268 1383 Super
1289 1330 1593 1372 misericordia
1610 1336 1703 1382 tua,
1732 1335 1776 1373 et
1794 1330 1903 1372 veri-

1075 1389 1167 1429 tate
1194 1392 1284 1429 tua:
1303 1388 1327 1413 *
1347 1387 1582 1440 nequando
1613 1387 1761 1430 dicant
1789 1387 1902 1429 Gen-

1076 1449 1161 1486 tes:
1188 1443 1276 1486 Ubi
1297 1450 1364 1485 est
1382 1444 1504 1486 Deus
1525 1443 1702 1486 eorum?

1127 1501 1250 1543 Deus
1283 1505 1430 1542 autem
1462 1506 1614 1543 noster
1646 1501 1691 1542 in
1720 1500 1850 1542 coelo:
1879 1500 1904 1527 *

1078 1557 1224 1598 omnia
1245 1561 1537 1610 quaecumque
1557 1557 1707 1608 voluit,
1729 1557 1844 1600 fecit.

1129 1614 1371 1655 Simulacra
1415 1614 1624 1656 Gentium
1665 1615 1904 1666 argentum,

1079 1675 1123 1712 et
1142 1683 1311 1721 aurum,
1330 1670 1354 1696 *
1374 1672 1510 1723 opera
1533 1673 1742 1712 manuum
1768 1670 1905 1712 homi-

1077 1740 1192 1768 num.

1131 1783 1194 1825 Os
1215 1783 1396 1834 habent,
1425 1787 1469 1825 et
1497 1795 1586 1825 non
1612 1783 1863 1837 loquentur:
1881 1784 1906 1810 *

1079 1840 1231 1882 oeulos
1250 1840 1425 1891 habent,
1446 1844 1490 1882 et
1506 1852 1594 1882 non
1612 1840 1836 1883 videbunt.

1130 1897 1274 1939 Aures
1293 1897 1474 1948 habent,
1495 1901 1539 1939 et
1558 1910 1647 1939 non
1665 1897 1862 1940 audient:
1882 1898 1906 1923 *

1078 1956 1206 1995 nares
1225 1954 1399 2004 habent,
1419 1958 1464 1996 et
1481 1967 1571 1995 non
1590 1953 1851 1996 odorAbunt.

1130 2010 1286 2052 Manus
1300 2010 1475 2061 habent,
1491 2015 1535 2052 et
1548 2023 1637 2052 non
1646 2010 1908 2064 palpabunt:

1078 2067 1216 2120 pedes
1236 2067 1412 2118 habent,
1435 2072 1479 2110 et
1497 2080 1587 2110 non
1607 2067 1908 2110 ambulabunt:

1078 2125 1102 2150 *
1121 2137 1209 2165 non
1228 2124 1479 2166 clamabunt
1498 2124 1544 2165 in
1564 2127 1741 2177 gutture
1760 2137 1851 2166 suo.

1072 2212 1074 2214 ψ
1130 2181 1304 2223 Similes
1322 2181 1410 2222 illis
1431 2181 1540 2223 fiant
1561 2181 1636 2234 qui
1654 2181 1821 2223 faciunt
1839 2193 1907 2223 ea:

1078 2238 1102 2264 *
1121 2243 1164 2279 et
1184 2251 1336 2280 omnes
1357 2238 1431 2290 qui
1451 2237 1680 2280 confidunt
1699 2237 1744 2279 in
1763 2238 1838 2280 eis.

1130 2295 1299 2336 Domus
1336 2294 1475 2336 Israel
1511 2294 1707 2347 speravit
1739 2294 1783 2335 in
1819 2295 1907 2336 Do-

1078 2351 1214 2392 mino:
1241 2351 1265 2377 *
1293 2351 1468 2404 adjutor
1500 2353 1653 2393 eorum
1685 2356 1730 2393 et
1761 2353 1906 2404 prote-

1078 2412 1175 2449 ctor
1197 2409 1350 2450 eorum
1369 2412 1447 2449 est.

1131 2464 1302 2505 Domus
1334 2464 1486 2506 Aaron
1519 2464 1714 2517 speravit
1744 2464 1790 2504 in
1818 2463 1907 2505 Do-

1078 2520 1213 2562 mino:
1240 2521 1264 2547 *
1293 2521 1468 2574 adjutor
1503 2523 1655 2563 eorum
1690 2525 1734 2562 et
1761 2522 1907 2573 prote-

1079 2582 1176 2618 ctor
1196 2579 1349 2619 eorum
1369 2582 1446 2628 est,

1131 2634 1215 2684 Qui
1239 2634 1396 2675 timent
1423 2634 1678 2684 Dominum,
1706 2634 1907 2686 sperave-

1078 2695 1179 2731 runt
1204 2690 1248 2730 in
1275 2690 1482 2732 Domino:
1505 2691 1529 2717 *
1555 2690 1729 2742 adjutor
1755 2684 1907 2732 eorum

1079 2751 1122 2787 et
1149 2748 1378 2799 protector
1407 2749 1559 2788 eorum
1588 2751 1666 2789 est.
