<?xml version="1.0" encoding="UTF-8"?>
<!DOCTYPE html PUBLIC "-//W3C//DTD XHTML 1.0 Transitional//EN"
    "http://www.w3.org/TR/xhtml1/DTD/xhtml1-transitional.dtd">
<html xmlns="http://www.w3.org/1999/xhtml" xml:lang="en" lang="en">
 <head>
  <title>
</title>
<meta http-equiv="Content-Type" content="text/html;charset=utf-8" />
  <meta name='ocr-system' content='tesseract 3.04.00' />
  <meta name='ocr-capabilities' content='ocr_page ocr_carea ocr_par ocr_line ocrx_word'/>
</head>
<body>
  <div class='ocr_page' id='page_1' title='image "./p4breviariumroma00cathuoft_0561.png"; bbox 0 0 2040 2944; ppageno 0'>
   <div class='ocr_carea' id='block_1_1' title="bbox 640 209 1355 245">
    <p class='ocr_par' dir='ltr' id='par_1_1' title="bbox 640 209 1355 245">
     <span class='ocr_line' id='line_1_1' title="bbox 640 209 1355 245; baseline 0 -2"><span class='ocrx_word' id='word_1_1' title='bbox 640 209 849 243; x_wconf 75' lang='lat' dir='ltr'>Commune</span> <span class='ocrx_word' id='word_1_2' title='bbox 877 210 1123 245; x_wconf 66' lang='lat' dir='ltr'>Confessoris</span> <span class='ocrx_word' id='word_1_3' title='bbox 1149 211 1355 245; x_wconf 62' lang='lat' dir='ltr'>Pontiticis.</span> 
     </span>
    </p>
   </div>
   <div class='ocr_carea' id='block_1_2' title="bbox 149 299 978 868">
    <p class='ocr_par' dir='ltr' id='par_1_2' title="bbox 149 299 978 868">
     <span class='ocr_line' id='line_1_2' title="bbox 150 299 977 351; baseline -0.002 -7"><span class='ocrx_word' id='word_1_4' title='bbox 150 299 402 344; x_wconf 86' lang='lat' dir='ltr'>mundavit?</span> <span class='ocrx_word' id='word_1_5' title='bbox 439 301 713 351; x_wconf 83' lang='lat' dir='ltr'>Quantorum</span> <span class='ocrx_word' id='word_1_6' title='bbox 732 301 899 343; x_wconf 89' lang='lat' dir='ltr'>animas</span> <span class='ocrx_word' id='word_1_7' title='bbox 917 301 977 344; x_wconf 83' lang='lat' dir='ltr'>vi-</span> 
     </span>
     <span class='ocr_line' id='line_1_3' title="bbox 151 357 977 410; baseline -0.001 -10"><span class='ocrx_word' id='word_1_8' title='bbox 151 360 306 400; x_wconf 87' lang='lat' dir='ltr'>ventes</span> <span class='ocrx_word' id='word_1_9' title='bbox 333 358 378 399; x_wconf 93' lang='lat' dir='ltr'>in</span> <span class='ocrx_word' id='word_1_10' title='bbox 406 359 594 410; x_wconf 86' lang='lat' dir='ltr'>corpore</span> <span class='ocrx_word' id='word_1_11' title='bbox 625 358 710 410; x_wconf 90' lang='lat' dir='ltr'>jam</span> <span class='ocrx_word' id='word_1_12' title='bbox 738 357 977 409; x_wconf 80' lang='lat' dir='ltr'>defunctas,</span> 
     </span>
     <span class='ocr_line' id='line_1_4' title="bbox 152 413 978 458; baseline -0.002 0"><span class='ocrx_word' id='word_1_13' title='bbox 152 419 195 458; x_wconf 92' lang='lat' dir='ltr'>et</span> <span class='ocrx_word' id='word_1_14' title='bbox 233 414 495 456; x_wconf 81' lang='lat' dir='ltr'>delicterum</span> <span class='ocrx_word' id='word_1_15' title='bbox 536 413 654 456; x_wconf 89' lang='lat' dir='ltr'>mole</span> <span class='ocrx_word' id='word_1_16' title='bbox 700 414 882 456; x_wconf 80' lang='lat' dir='ltr'>ebrutas</span> <span class='ocrx_word' id='word_1_17' title='bbox 926 427 978 456; x_wconf 91' lang='lat' dir='ltr'>ac</span> 
     </span>
     <span class='ocr_line' id='line_1_5' title="bbox 150 470 977 524; baseline -0.002 -10"><span class='ocrx_word' id='word_1_18' title='bbox 150 470 364 524; x_wconf 75' lang='lat' dir='ltr'>sepaltas,</span> <span class='ocrx_word' id='word_1_19' title='bbox 407 470 464 512; x_wconf 85' lang='lat' dir='ltr'>ad</span> <span class='ocrx_word' id='word_1_20' title='bbox 492 470 842 512; x_wconf 81' lang='lat' dir='ltr'>emendatienem</span> <span class='ocrx_word' id='word_1_21' title='bbox 870 475 977 513; x_wconf 86' lang='lat' dir='ltr'>tam-</span> 
     </span>
     <span class='ocr_line' id='line_1_6' title="bbox 152 527 976 580; baseline 0 -11"><span class='ocrx_word' id='word_1_22' title='bbox 152 541 283 580; x_wconf 89' lang='lat' dir='ltr'><strong>quam</strong></span> <span class='ocrx_word' id='word_1_23' title='bbox 329 527 387 569; x_wconf 90' lang='lat' dir='ltr'>ad</span> <span class='ocrx_word' id='word_1_24' title='bbox 426 527 570 569; x_wconf 92' lang='lat' dir='ltr'>lucem</span> <span class='ocrx_word' id='word_1_25' title='bbox 611 527 835 578; x_wconf 88' lang='lat' dir='ltr'>vocando,</span> <span class='ocrx_word' id='word_1_26' title='bbox 878 527 976 569; x_wconf 93' lang='lat' dir='ltr'>Deo</span> 
     </span>
     <span class='ocr_line' id='line_1_7' title="bbox 150 583 977 626; baseline -0.001 0"><span class='ocrx_word' id='word_1_27' title='bbox 150 584 446 626; x_wconf 64' lang='lat' dir='ltr'>resuscitavit:</span> <span class='ocrx_word' id='word_1_28' title='bbox 472 588 522 625; x_wconf 92' lang='lat' dir='ltr'>ut</span> <span class='ocrx_word' id='word_1_29' title='bbox 544 583 725 625; x_wconf 81' lang='lat' dir='ltr'>Demini</span> <span class='ocrx_word' id='word_1_30' title='bbox 749 584 816 625; x_wconf 89' lang='lat' dir='ltr'>sui</span> <span class='ocrx_word' id='word_1_31' title='bbox 844 584 977 626; x_wconf 89' lang='lat' dir='ltr'>admi-</span> 
     </span>
     <span class='ocr_line' id='line_1_8' title="bbox 151 640 976 692; baseline 0.001 -11"><span class='ocrx_word' id='word_1_32' title='bbox 151 640 315 683; x_wconf 88' lang='lat' dir='ltr'>randus</span> <span class='ocrx_word' id='word_1_33' title='bbox 330 640 536 690; x_wconf 90' lang='lat' dir='ltr'>imitator,</span> <span class='ocrx_word' id='word_1_34' title='bbox 555 641 640 692; x_wconf 85' lang='lat' dir='ltr'>jam</span> <span class='ocrx_word' id='word_1_35' title='bbox 654 642 851 682; x_wconf 81' lang='lat' dir='ltr'>mertuas</span> <span class='ocrx_word' id='word_1_36' title='bbox 867 641 976 691; x_wconf 89' lang='lat' dir='ltr'>Deo,</span> 
     </span>
     <span class='ocr_line' id='line_1_9' title="bbox 151 696 976 739; baseline 0 0"><span class='ocrx_word' id='word_1_37' title='bbox 151 710 175 739; x_wconf 93' lang='lat' dir='ltr'>e</span> <span class='ocrx_word' id='word_1_38' title='bbox 195 697 417 739; x_wconf 87' lang='lat' dir='ltr'>contrario</span> <span class='ocrx_word' id='word_1_39' title='bbox 437 696 674 739; x_wconf 89' lang='lat' dir='ltr'>mortificet</span> <span class='ocrx_word' id='word_1_40' title='bbox 692 696 816 738; x_wconf 86' lang='lat' dir='ltr'>vitali</span> <span class='ocrx_word' id='word_1_41' title='bbox 833 703 976 739; x_wconf 88' lang='lat' dir='ltr'>morte</span> 
     </span>
     <span class='ocr_line' id='line_1_10' title="bbox 149 752 361 806; baseline -0.009 -10"><span class='ocrx_word' id='word_1_42' title='bbox 149 752 361 806; x_wconf 88' lang='lat' dir='ltr'>peceato?</span> 
     </span>
     <span class='ocr_line' id='line_1_11' title="bbox 198 809 682 868; baseline -0.008 -14"><span class='ocrx_word' id='word_1_43' title='bbox 198 818 248 868; x_wconf 70' lang='lat' dir='ltr'>R.</span> <span class='ocrx_word' id='word_1_44' title='bbox 280 811 370 852; x_wconf 86' lang='lat' dir='ltr'>Iste</span> <span class='ocrx_word' id='word_1_45' title='bbox 396 815 463 852; x_wconf 85' lang='lat' dir='ltr'>est</span> <span class='ocrx_word' id='word_1_46' title='bbox 489 810 573 863; x_wconf 91' lang='lat' dir='ltr'>qui.</span> <span class='ocrx_word' id='word_1_47' title='bbox 598 809 682 862; x_wconf 88' lang='lat'>[54]</span> 
     </span>
    </p>
   </div>
   <div class='ocr_carea' id='block_1_3' title="bbox 368 888 749 930">
    <p class='ocr_par' dir='ltr' id='par_1_3' title="bbox 368 888 749 930">
     <span class='ocr_line' id='line_1_12' title="bbox 368 888 749 930; baseline 0.005 -3"><span class='ocrx_word' id='word_1_48' title='bbox 368 888 418 927; x_wconf 90' lang='lat' dir='ltr'>In</span> <span class='ocrx_word' id='word_1_49' title='bbox 436 888 506 928; x_wconf 93' lang='lat' dir='ltr'>III.</span> <span class='ocrx_word' id='word_1_50' title='bbox 526 889 560 928; x_wconf 93' lang='lat' dir='ltr'>N</span> <span class='ocrx_word' id='word_1_51' title='bbox 563 891 749 930; x_wconf 78' lang='lat' dir='ltr'>octurno.</span> 
     </span>
    </p>
   </div>
   <div class='ocr_carea' id='block_1_4' title="bbox 145 949 976 2784">
    <p class='ocr_par' dir='ltr' id='par_1_4' title="bbox 145 949 976 1422">
     <span class='ocr_line' id='line_1_13' title="bbox 145 949 976 1000; baseline 0.001 -7"><span class='ocrx_word' id='word_1_52' title='bbox 145 949 297 994; x_wconf 86' lang='lat' dir='ltr'>Lectio</span> <span class='ocrx_word' id='word_1_53' title='bbox 321 950 460 992; x_wconf 87' lang='lat' dir='ltr'>sancti</span> <span class='ocrx_word' id='word_1_54' title='bbox 484 949 711 1000; x_wconf 85' lang='lat' dir='ltr'>Evangelii</span> <span class='ocrx_word' id='word_1_55' title='bbox 734 951 976 994; x_wconf 78' lang='lat' dir='ltr'>secundum</span> 
     </span>
     <span class='ocr_line' id='line_1_14' title="bbox 422 1007 692 1050; baseline 0 -2"><span class='ocrx_word' id='word_1_56' title='bbox 422 1007 692 1050; x_wconf 73' lang='lat' dir='ltr'>Mattha‘eum.</span> 
     </span>
     <span class='ocr_line' id='line_1_15' title="bbox 248 1070 869 1122; baseline 0.002 -12"><span class='ocrx_word' id='word_1_57' title='bbox 248 1070 401 1112; x_wconf 83' lang='lat' dir='ltr'>Lectio</span> <span class='ocrx_word' id='word_1_58' title='bbox 422 1070 489 1111; x_wconf 87' lang='lat' dir='ltr'>vii.</span> <span class='ocrx_word' id='word_1_59' title='bbox 630 1072 731 1122; x_wconf 87' lang='lat' dir='ltr'>Cap.</span> <span class='ocrx_word' id='word_1_60' title='bbox 749 1074 815 1112; x_wconf 72' lang='lat'>24.</span> <span class='ocrx_word' id='word_1_61' title='bbox 831 1072 869 1113; x_wconf 91' lang='lat' dir='ltr'>d.</span> 
     </span>
     <span class='ocr_line' id='line_1_16' title="bbox 147 1123 975 1230; baseline 0.004 -61"><span class='ocrx_word' id='word_1_62' title='bbox 147 1123 225 1230; x_wconf 89' lang='lat' dir='ltr'>In</span> <span class='ocrx_word' id='word_1_63' title='bbox 239 1128 315 1170; x_wconf 93' lang='lat' dir='ltr'>illo</span> <span class='ocrx_word' id='word_1_64' title='bbox 330 1130 545 1181; x_wconf 88' lang='lat' dir='ltr'>tempore:</span> <span class='ocrx_word' id='word_1_65' title='bbox 567 1128 690 1170; x_wconf 81' lang='lat' dir='ltr'>Dixit</span> <span class='ocrx_word' id='word_1_66' title='bbox 703 1129 728 1170; x_wconf 89' lang='lat' dir='ltr'><strong>J</strong></span> <span class='ocrx_word' id='word_1_67' title='bbox 731 1141 832 1171; x_wconf 93' lang='lat' dir='ltr'>esus</span> <span class='ocrx_word' id='word_1_68' title='bbox 849 1129 975 1172; x_wconf 86' lang='lat' dir='ltr'>disci-</span> 
     </span>
     <span class='ocr_line' id='line_1_17' title="bbox 211 1184 976 1238; baseline 0.003 -12"><span class='ocrx_word' id='word_1_69' title='bbox 211 1185 328 1238; x_wconf 91' lang='lat' dir='ltr'>pulis</span> <span class='ocrx_word' id='word_1_70' title='bbox 343 1185 449 1227; x_wconf 88' lang='lat' dir='ltr'>suis:</span> <span class='ocrx_word' id='word_1_71' title='bbox 459 1184 663 1237; x_wconf 89' lang='lat' dir='ltr'>Vigilate,</span> <span class='ocrx_word' id='word_1_72' title='bbox 680 1185 783 1237; x_wconf 89' lang='lat' dir='ltr'>quia</span> <span class='ocrx_word' id='word_1_73' title='bbox 796 1187 976 1228; x_wconf 89' lang='lat' dir='ltr'>nescitis</span> 
     </span>
     <span class='ocr_line' id='line_1_18' title="bbox 151 1241 976 1294; baseline 0.002 -11"><span class='ocrx_word' id='word_1_74' title='bbox 151 1254 237 1294; x_wconf 92' lang='lat' dir='ltr'>qua</span> <span class='ocrx_word' id='word_1_75' title='bbox 251 1241 360 1283; x_wconf 91' lang='lat' dir='ltr'>hora</span> <span class='ocrx_word' id='word_1_76' title='bbox 373 1241 589 1283; x_wconf 80' lang='lat' dir='ltr'>Dominus</span> <span class='ocrx_word' id='word_1_77' title='bbox 604 1246 751 1284; x_wconf 86' lang='lat' dir='ltr'>vester</span> <span class='ocrx_word' id='word_1_78' title='bbox 766 1246 976 1285; x_wconf 82' lang='lat' dir='ltr'>venturus</span> 
     </span>
     <span class='ocr_line' id='line_1_19' title="bbox 149 1297 500 1350; baseline 0.003 -11"><span class='ocrx_word' id='word_1_79' title='bbox 149 1297 217 1340; x_wconf 86' lang='lat' dir='ltr'>sit.</span> <span class='ocrx_word' id='word_1_80' title='bbox 245 1298 303 1340; x_wconf 90' lang='lat' dir='ltr'>Et</span> <span class='ocrx_word' id='word_1_81' title='bbox 321 1298 500 1350; x_wconf 89' lang='lat' dir='ltr'>reliqua.</span> 
     </span>
     <span class='ocr_line' id='line_1_20' title="bbox 173 1367 942 1422; baseline 0 -11"><span class='ocrx_word' id='word_1_82' title='bbox 173 1367 367 1411; x_wconf 87' lang='lat' dir='ltr'>Homilia</span> <span class='ocrx_word' id='word_1_83' title='bbox 384 1369 525 1410; x_wconf 88' lang='lat' dir='ltr'>sancti</span> <span class='ocrx_word' id='word_1_84' title='bbox 543 1369 702 1410; x_wconf 89' lang='lat' dir='ltr'>Hilarii</span> <span class='ocrx_word' id='word_1_85' title='bbox 720 1369 942 1422; x_wconf 81' lang='lat' dir='ltr'>Episcopi.</span> 
     </span>
    </p>

    <p class='ocr_par' dir='ltr' id='par_1_5' title="bbox 199 1435 921 1474">
     <span class='ocr_line' id='line_1_21' title="bbox 199 1435 921 1474; baseline 0.003 -4"><span class='ocrx_word' id='word_1_86' title='bbox 199 1435 370 1471; x_wconf 73' lang='lat' dir='ltr'>Coment.</span> <span class='ocrx_word' id='word_1_87' title='bbox 388 1437 426 1471; x_wconf 92' lang='lat' dir='ltr'>in</span> <span class='ocrx_word' id='word_1_88' title='bbox 443 1436 574 1471; x_wconf 79' lang='lat' dir='ltr'>Matth.</span> <span class='ocrx_word' id='word_1_89' title='bbox 593 1447 673 1471; x_wconf 77' lang='lat' dir='ltr'>can.</span> <span class='ocrx_word' id='word_1_90' title='bbox 693 1438 756 1474; x_wconf 77' lang='grc'>26..</span> <span class='ocrx_word' id='word_1_91' title='bbox 783 1438 821 1472; x_wconf 89' lang='lat' dir='ltr'>in</span> <span class='ocrx_word' id='word_1_92' title='bbox 839 1439 921 1473; x_wconf 81' lang='lat' dir='ltr'>fine.</span> 
     </span>
    </p>

    <p class='ocr_par' dir='ltr' id='par_1_6' title="bbox 145 1490 975 2502">
     <span class='ocr_line' id='line_1_22' title="bbox 161 1490 975 1549; baseline 0.004 -18"><span class='ocrx_word' id='word_1_93' title='bbox 161 1531 165 1549; x_wconf 43' lang='lat' dir='ltr'>l</span> <span class='ocrx_word' id='word_1_94' title='bbox 196 1494 246 1546; x_wconf 50' lang='lat'>3235,</span> <span class='ocrx_word' id='word_1_95' title='bbox 263 1494 298 1532; x_wconf 91' lang='lat' dir='ltr'>t</span> <span class='ocrx_word' id='word_1_96' title='bbox 331 1490 626 1542; x_wconf 86' lang='lat' dir='ltr'>ignorantiam</span> <span class='ocrx_word' id='word_1_97' title='bbox 657 1490 777 1532; x_wconf 90' lang='lat' dir='ltr'>illam</span> <span class='ocrx_word' id='word_1_98' title='bbox 811 1491 899 1533; x_wconf 89' lang='lat' dir='ltr'>diei</span> <span class='ocrx_word' id='word_1_99' title='bbox 932 1495 975 1534; x_wconf 83' lang='grc' dir='ltr'>ό-</span> 
     </span>
     <span class='ocr_line' id='line_1_23' title="bbox 158 1538 975 1607; baseline 0.01 -24"><span class='ocrx_word' id='word_1_100' title='bbox 158 1538 247 1607; x_wconf 47' lang='lat'>4¹:2³3?</span> <span class='ocrx_word' id='word_1_101' title='bbox 261 1554 270 1594; x_wconf 54' lang='lat' dir='ltr'><strong><em>J</em></strong></span> <span class='ocrx_word' id='word_1_102' title='bbox 304 1547 478 1589; x_wconf 89' lang='lat' dir='ltr'>mnibus</span> <span class='ocrx_word' id='word_1_103' title='bbox 495 1547 630 1598; x_wconf 89' lang='lat' dir='ltr'>taciti,</span> <span class='ocrx_word' id='word_1_104' title='bbox 656 1560 746 1589; x_wconf 91' lang='lat' dir='ltr'>non</span> <span class='ocrx_word' id='word_1_105' title='bbox 774 1548 867 1590; x_wconf 88' lang='lat' dir='ltr'>sine</span> <span class='ocrx_word' id='word_1_106' title='bbox 894 1550 975 1591; x_wconf 78' lang='lat' dir='ltr'>uti-</span> 
     </span>
     <span class='ocr_line' id='line_1_24' title="bbox 164 1601 975 1647; baseline 0.004 -3"><span class='ocrx_word' id='word_1_107' title='bbox 164 1611 168 1614; x_wconf 51' lang='lat'><em>*</em></span> <span class='ocrx_word' id='word_1_108' title='bbox 221 1622 231 1626; x_wconf 70' lang='lat'><strong>·</strong></span> <span class='ocrx_word' id='word_1_109' title='bbox 252 1601 273 1620; x_wconf 50' lang='lat'>³*</span> <span class='ocrx_word' id='word_1_110' title='bbox 305 1603 359 1644; x_wconf 91' lang='lat' dir='ltr'>lis</span> <span class='ocrx_word' id='word_1_111' title='bbox 388 1603 551 1645; x_wconf 87' lang='lat' dir='ltr'>silentii</span> <span class='ocrx_word' id='word_1_112' title='bbox 578 1604 749 1646; x_wconf 83' lang='lat' dir='ltr'>ratione</span> <span class='ocrx_word' id='word_1_113' title='bbox 771 1617 868 1647; x_wconf 87' lang='lat' dir='ltr'>esse</span> <span class='ocrx_word' id='word_1_114' title='bbox 895 1606 975 1647; x_wconf 91' lang='lat' dir='ltr'>sci-</span> 
     </span>
     <span class='ocr_line' id='line_1_25' title="bbox 145 1660 974 1714; baseline 0.006 -15"><span class='ocrx_word' id='word_1_115' title='bbox 145 1661 303 1710; x_wconf 88' lang='lat' dir='ltr'>remus,</span> <span class='ocrx_word' id='word_1_116' title='bbox 329 1660 512 1711; x_wconf 87' lang='lat' dir='ltr'>vigilare</span> <span class='ocrx_word' id='word_1_117' title='bbox 539 1672 621 1702; x_wconf 93' lang='lat' dir='ltr'>nos</span> <span class='ocrx_word' id='word_1_118' title='bbox 639 1661 856 1702; x_wconf 80' lang='lat' dir='ltr'>Deminus</span> <span class='ocrx_word' id='word_1_119' title='bbox 874 1675 974 1714; x_wconf 90' lang='lat' dir='ltr'>pro—</span> 
     </span>
     <span class='ocr_line' id='line_1_26' title="bbox 146 1715 975 1768; baseline 0.004 -11"><span class='ocrx_word' id='word_1_120' title='bbox 146 1720 246 1768; x_wconf 91' lang='lat' dir='ltr'>pter</span> <span class='ocrx_word' id='word_1_121' title='bbox 265 1715 504 1758; x_wconf 87' lang='lat' dir='ltr'>adventum</span> <span class='ocrx_word' id='word_1_122' title='bbox 526 1717 636 1758; x_wconf 89' lang='lat' dir='ltr'>furis</span> <span class='ocrx_word' id='word_1_123' title='bbox 663 1716 902 1768; x_wconf 79' lang='lat' dir='ltr'>admenuit,</span> <span class='ocrx_word' id='word_1_124' title='bbox 931 1724 975 1760; x_wconf 93' lang='lat' dir='ltr'>et</span> 
     </span>
     <span class='ocr_line' id='line_1_27' title="bbox 147 1772 974 1825; baseline 0.004 -12"><span class='ocrx_word' id='word_1_125' title='bbox 147 1772 396 1814; x_wconf 79' lang='lat' dir='ltr'>oratienum</span> <span class='ocrx_word' id='word_1_126' title='bbox 438 1772 709 1815; x_wconf 83' lang='lat' dir='ltr'>assiduitate</span> <span class='ocrx_word' id='word_1_127' title='bbox 761 1773 974 1825; x_wconf 90' lang='lat' dir='ltr'>detentos,</span> 
     </span>
     <span class='ocr_line' id='line_1_28' title="bbox 147 1829 975 1882; baseline 0.004 -13"><span class='ocrx_word' id='word_1_128' title='bbox 147 1829 349 1870; x_wconf 71' lang='lat' dir='ltr'>Omnibus</span> <span class='ocrx_word' id='word_1_129' title='bbox 408 1831 736 1882; x_wconf 83' lang='lat' dir='ltr'>praecepterum</span> <span class='ocrx_word' id='word_1_130' title='bbox 795 1832 975 1872; x_wconf 89' lang='lat' dir='ltr'>suo&#39;rum</span> 
     </span>
     <span class='ocr_line' id='line_1_29' title="bbox 147 1885 973 1938; baseline 0.002 -12"><span class='ocrx_word' id='word_1_131' title='bbox 147 1885 355 1938; x_wconf 91' lang='lat' dir='ltr'>operibus</span> <span class='ocrx_word' id='word_1_132' title='bbox 390 1885 616 1927; x_wconf 82' lang='lat' dir='ltr'>inhaerere.</span> <span class='ocrx_word' id='word_1_133' title='bbox 668 1886 830 1928; x_wconf 89' lang='lat' dir='ltr'>Furem</span> <span class='ocrx_word' id='word_1_134' title='bbox 859 1888 973 1929; x_wconf 92' lang='lat' dir='ltr'>enim</span> 
     </span>
     <span class='ocr_line' id='line_1_30' title="bbox 147 1941 973 1993; baseline 0.004 -10"><span class='ocrx_word' id='word_1_135' title='bbox 147 1954 245 1983; x_wconf 87' lang='lat' dir='ltr'>esse</span> <span class='ocrx_word' id='word_1_136' title='bbox 274 1941 470 1984; x_wconf 86' lang='lat' dir='ltr'>ostendit</span> <span class='ocrx_word' id='word_1_137' title='bbox 496 1941 712 1993; x_wconf 88' lang='lat' dir='ltr'>zabulum,</span> <span class='ocrx_word' id='word_1_138' title='bbox 746 1943 804 1985; x_wconf 88' lang='lat' dir='ltr'>ad</span> <span class='ocrx_word' id='word_1_139' title='bbox 832 1943 973 1986; x_wconf 86' lang='lat' dir='ltr'>detra-</span> 
     </span>
     <span class='ocr_line' id='line_1_31' title="bbox 145 1997 973 2052; baseline 0.004 -12"><span class='ocrx_word' id='word_1_140' title='bbox 145 1997 289 2040; x_wconf 88' lang='lat' dir='ltr'>henda</span> <span class='ocrx_word' id='word_1_141' title='bbox 309 2011 363 2040; x_wconf 86' lang='lat' dir='ltr'>ex</span> <span class='ocrx_word' id='word_1_142' title='bbox 381 1998 512 2041; x_wconf 91' lang='lat' dir='ltr'>nobis</span> <span class='ocrx_word' id='word_1_143' title='bbox 537 1998 679 2051; x_wconf 83' lang='lat' dir='ltr'>spelia</span> <span class='ocrx_word' id='word_1_144' title='bbox 705 2000 973 2052; x_wconf 85' lang='lat' dir='ltr'>pervigilem,</span> 
     </span>
     <span class='ocr_line' id='line_1_32' title="bbox 147 2056 974 2108; baseline 0.004 -12"><span class='ocrx_word' id='word_1_145' title='bbox 147 2059 191 2097; x_wconf 90' lang='lat' dir='ltr'>et</span> <span class='ocrx_word' id='word_1_146' title='bbox 219 2057 457 2108; x_wconf 83' lang='lat' dir='ltr'>corporum</span> <span class='ocrx_word' id='word_1_147' title='bbox 487 2057 741 2098; x_wconf 78' lang='lat' dir='ltr'>nostrerum</span> <span class='ocrx_word' id='word_1_148' title='bbox 770 2056 974 2099; x_wconf 84' lang='lat' dir='ltr'>domibus</span> 
     </span>
     <span class='ocr_line' id='line_1_33' title="bbox 146 2110 974 2155; baseline 0.004 -3"><span class='ocrx_word' id='word_1_149' title='bbox 146 2110 442 2154; x_wconf 86' lang='lat' dir='ltr'>insidiantem:</span> <span class='ocrx_word' id='word_1_150' title='bbox 477 2116 527 2153; x_wconf 91' lang='lat' dir='ltr'>ut</span> <span class='ocrx_word' id='word_1_151' title='bbox 559 2125 610 2153; x_wconf 88' lang='lat' dir='ltr'>ea</span> <span class='ocrx_word' id='word_1_152' title='bbox 641 2112 872 2154; x_wconf 79' lang='lat' dir='ltr'>incutiesis</span> <span class='ocrx_word' id='word_1_153' title='bbox 899 2126 974 2155; x_wconf 93' lang='lat' dir='ltr'>no-</span> 
     </span>
     <span class='ocr_line' id='line_1_34' title="bbox 146 2167 974 2219; baseline 0.002 -10"><span class='ocrx_word' id='word_1_154' title='bbox 146 2167 226 2218; x_wconf 86' lang='lat' dir='ltr'>bis,</span> <span class='ocrx_word' id='word_1_155' title='bbox 253 2173 297 2210; x_wconf 94' lang='lat' dir='ltr'>et</span> <span class='ocrx_word' id='word_1_156' title='bbox 316 2181 471 2210; x_wconf 89' lang='lat' dir='ltr'>somno</span> <span class='ocrx_word' id='word_1_157' title='bbox 492 2167 665 2219; x_wconf 87' lang='lat' dir='ltr'>deditis,</span> <span class='ocrx_word' id='word_1_158' title='bbox 689 2169 974 2211; x_wconf 77' lang='lat' dir='ltr'>consiliorum</span> 
     </span>
     <span class='ocr_line' id='line_1_35' title="bbox 147 2224 973 2278; baseline 0.004 -13"><span class='ocrx_word' id='word_1_159' title='bbox 147 2227 326 2266; x_wconf 79' lang='lat' dir='ltr'>suerum</span> <span class='ocrx_word' id='word_1_160' title='bbox 345 2230 478 2277; x_wconf 89' lang='lat' dir='ltr'>atque</span> <span class='ocrx_word' id='word_1_161' title='bbox 497 2224 804 2267; x_wconf 69' lang='lat' dir='ltr'>illecebrarum</span> <span class='ocrx_word' id='word_1_162' title='bbox 822 2226 973 2278; x_wconf 88' lang='lat' dir='ltr'>jaculis</span> 
     </span>
     <span class='ocr_line' id='line_1_36' title="bbox 146 2281 973 2333; baseline 0.002 -11"><span class='ocrx_word' id='word_1_163' title='bbox 146 2281 377 2333; x_wconf 80' lang='lat' dir='ltr'>persediat.</span> <span class='ocrx_word' id='word_1_164' title='bbox 413 2282 600 2323; x_wconf 86' lang='lat' dir='ltr'>Paratos</span> <span class='ocrx_word' id='word_1_165' title='bbox 618 2281 751 2333; x_wconf 83' lang='lat' dir='ltr'>igitur</span> <span class='ocrx_word' id='word_1_166' title='bbox 771 2295 868 2324; x_wconf 89' lang='lat' dir='ltr'>esse</span> <span class='ocrx_word' id='word_1_167' title='bbox 891 2295 973 2324; x_wconf 93' lang='lat' dir='ltr'>nos</span> 
     </span>
     <span class='ocr_line' id='line_1_37' title="bbox 147 2337 973 2390; baseline 0.002 -12"><span class='ocrx_word' id='word_1_168' title='bbox 147 2338 370 2388; x_wconf 80' lang='lat' dir='ltr'>cenvenit,</span> <span class='ocrx_word' id='word_1_169' title='bbox 409 2338 512 2390; x_wconf 90' lang='lat' dir='ltr'>quia</span> <span class='ocrx_word' id='word_1_170' title='bbox 545 2337 632 2379; x_wconf 88' lang='lat' dir='ltr'>diei</span> <span class='ocrx_word' id='word_1_171' title='bbox 666 2338 883 2390; x_wconf 83' lang='lat' dir='ltr'>ignoratio</span> <span class='ocrx_word' id='word_1_172' title='bbox 912 2339 973 2380; x_wconf 90' lang='lat' dir='ltr'>in-</span> 
     </span>
     <span class='ocr_line' id='line_1_38' title="bbox 146 2393 973 2449; baseline 0.004 -15"><span class='ocrx_word' id='word_1_173' title='bbox 146 2395 312 2435; x_wconf 80' lang='lat' dir='ltr'>tentam</span> <span class='ocrx_word' id='word_1_174' title='bbox 358 2393 701 2436; x_wconf 79' lang='lat' dir='ltr'>sollicitudinem</span> <span class='ocrx_word' id='word_1_175' title='bbox 746 2397 973 2449; x_wconf 85' lang='lat' dir='ltr'>suspensae</span> 
     </span>
     <span class='ocr_line' id='line_1_39' title="bbox 149 2450 725 2502; baseline 0.003 -12"><span class='ocrx_word' id='word_1_176' title='bbox 149 2451 493 2502; x_wconf 73' lang='lat' dir='ltr'>exspectatiOnis</span> <span class='ocrx_word' id='word_1_177' title='bbox 522 2450 725 2502; x_wconf 80' lang='lat' dir='ltr'>exagitet.</span> 
     </span>
    </p>

    <p class='ocr_par' dir='ltr' id='par_1_7' title="bbox 147 2507 974 2784">
     <span class='ocr_line' id='line_1_40' title="bbox 201 2507 973 2559; baseline 0.003 -12"><span class='ocrx_word' id='word_1_178' title='bbox 201 2507 252 2559; x_wconf 68' lang='lat' dir='ltr'>R.</span> <span class='ocrx_word' id='word_1_179' title='bbox 278 2507 456 2549; x_wconf 90' lang='lat' dir='ltr'>Amavit</span> <span class='ocrx_word' id='word_1_180' title='bbox 476 2520 575 2549; x_wconf 93' lang='lat' dir='ltr'>eum</span> <span class='ocrx_word' id='word_1_181' title='bbox 595 2508 821 2558; x_wconf 82' lang='lat' dir='ltr'>Dominus,</span> <span class='ocrx_word' id='word_1_182' title='bbox 843 2512 886 2549; x_wconf 91' lang='lat' dir='ltr'>et</span> <span class='ocrx_word' id='word_1_183' title='bbox 907 2520 973 2549; x_wconf 94' lang='lat' dir='ltr'>or-</span> 
     </span>
     <span class='ocr_line' id='line_1_41' title="bbox 147 2562 974 2615; baseline 0.005 -13"><span class='ocrx_word' id='word_1_184' title='bbox 147 2562 269 2604; x_wconf 88' lang='lat' dir='ltr'>navit</span> <span class='ocrx_word' id='word_1_185' title='bbox 303 2576 420 2605; x_wconf 89' lang='lat' dir='ltr'>eum:</span> <span class='ocrx_word' id='word_1_186' title='bbox 457 2564 616 2606; x_wconf 87' lang='lat' dir='ltr'>stolam</span> <span class='ocrx_word' id='word_1_187' title='bbox 649 2563 802 2615; x_wconf 75' lang='lat' dir='ltr'>gleriae</span> <span class='ocrx_word' id='word_1_188' title='bbox 832 2563 974 2606; x_wconf 90' lang='lat' dir='ltr'>induit</span> 
     </span>
     <span class='ocr_line' id='line_1_42' title="bbox 150 2620 973 2691; baseline 0.004 -32"><span class='ocrx_word' id='word_1_189' title='bbox 150 2631 260 2668; x_wconf 93' lang='lat' dir='ltr'>eum,</span> <span class='ocrx_word' id='word_1_190' title='bbox 287 2621 310 2644; x_wconf 85' lang='lat'>*</span> <span class='ocrx_word' id='word_1_191' title='bbox 335 2620 391 2661; x_wconf 90' lang='lat' dir='ltr'>Et</span> <span class='ocrx_word' id='word_1_192' title='bbox 418 2620 476 2662; x_wconf 91' lang='lat' dir='ltr'>ad</span> <span class='ocrx_word' id='word_1_193' title='bbox 502 2625 656 2691; x_wconf 73' lang='lat' dir='ltr'>portas</span> <span class='ocrx_word' id='word_1_194' title='bbox 684 2620 877 2673; x_wconf 83' lang='lat' dir='ltr'>paradisi</span> <span class='ocrx_word' id='word_1_195' title='bbox 903 2633 973 2662; x_wconf 93' lang='lat' dir='ltr'>co-</span> 
     </span>
     <span class='ocr_line' id='line_1_43' title="bbox 150 2675 973 2724; baseline 0.002 -9"><span class='ocrx_word' id='word_1_196' title='bbox 150 2675 323 2716; x_wconf 89' lang='lat' dir='ltr'>ronavit</span> <span class='ocrx_word' id='word_1_197' title='bbox 350 2688 459 2717; x_wconf 92' lang='lat' dir='ltr'>eum.</span> <span class='ocrx_word' id='word_1_198' title='bbox 497 2678 546 2724; x_wconf 67' lang='lat' dir='ltr'>V.</span> <span class='ocrx_word' id='word_1_199' title='bbox 576 2677 725 2718; x_wconf 92' lang='lat' dir='ltr'>Induit</span> <span class='ocrx_word' id='word_1_200' title='bbox 755 2690 853 2718; x_wconf 90' lang='lat' dir='ltr'>eum</span> <span class='ocrx_word' id='word_1_201' title='bbox 880 2677 973 2717; x_wconf 76' lang='lat' dir='ltr'>Dfis</span> 
     </span>
     <span class='ocr_line' id='line_1_44' title="bbox 149 2731 973 2784; baseline 0.004 -13"><span class='ocrx_word' id='word_1_202' title='bbox 149 2731 330 2772; x_wconf 88' lang='lat' dir='ltr'>loricam</span> <span class='ocrx_word' id='word_1_203' title='bbox 356 2731 471 2783; x_wconf 88' lang='lat' dir='ltr'>fidei,</span> <span class='ocrx_word' id='word_1_204' title='bbox 499 2738 543 2776; x_wconf 90' lang='lat' dir='ltr'>et</span> <span class='ocrx_word' id='word_1_205' title='bbox 566 2734 739 2775; x_wconf 88' lang='lat' dir='ltr'>ornavit</span> <span class='ocrx_word' id='word_1_206' title='bbox 764 2746 873 2775; x_wconf 91' lang='lat' dir='ltr'>eum.</span> <span class='ocrx_word' id='word_1_207' title='bbox 906 2734 973 2784; x_wconf 88' lang='lat' dir='ltr'>Et.</span> 
     </span>
    </p>
   </div>
   <div class='ocr_carea' id='block_1_5' title="bbox 1790 206 1859 250">
    <p class='ocr_par' dir='ltr' id='par_1_8' title="bbox 1790 206 1859 250">
     <span class='ocr_line' id='line_1_45' title="bbox 1790 206 1859 250; baseline 0 0"><span class='ocrx_word' id='word_1_208' title='bbox 1790 206 1859 250; x_wconf 85' lang='lat'>[61]</span> 
     </span>
    </p>
   </div>
   <div class='ocr_carea' id='block_1_6' title="bbox 1025 306 1908 2380">
    <p class='ocr_par' dir='ltr' id='par_1_9' title="bbox 1025 306 1908 2380">
     <span class='ocr_line' id='line_1_46' title="bbox 1136 306 1753 347; baseline 0 -1"><span class='ocrx_word' id='word_1_209' title='bbox 1136 306 1287 347; x_wconf 81' lang='lat' dir='ltr'>Lectio</span> <span class='ocrx_word' id='word_1_210' title='bbox 1311 307 1392 347; x_wconf 74' lang='lat' dir='ltr'>viii.</span> <span class='ocrx_word' id='word_1_211' title='bbox 1576 307 1675 347; x_wconf 76' lang='lat' dir='ltr'>Can.</span> <span class='ocrx_word' id='word_1_212' title='bbox 1691 308 1753 346; x_wconf 75' lang='lat'>27.</span> 
     </span>
     <span class='ocr_line' id='line_1_47' title="bbox 1116 358 1859 401; baseline 0 -1"><span class='ocrx_word' id='word_1_213' title='bbox 1116 359 1287 401; x_wconf 90' lang='lat' dir='ltr'>uisnam</span> <span class='ocrx_word' id='word_1_214' title='bbox 1332 363 1399 401; x_wconf 90' lang='lat' dir='ltr'>est</span> <span class='ocrx_word' id='word_1_215' title='bbox 1440 358 1584 400; x_wconf 90' lang='lat' dir='ltr'>fidelis</span> <span class='ocrx_word' id='word_1_216' title='bbox 1622 372 1776 401; x_wconf 85' lang='lat' dir='ltr'>servus</span> <span class='ocrx_word' id='word_1_217' title='bbox 1815 363 1859 400; x_wconf 88' lang='lat' dir='ltr'>et</span> 
     </span>
     <span class='ocr_line' id='line_1_48' title="bbox 1133 415 1857 468; baseline -0.001 -11"><span class='ocrx_word' id='word_1_218' title='bbox 1133 415 1338 468; x_wconf 90' lang='lat' dir='ltr'>prudens,</span> <span class='ocrx_word' id='word_1_219' title='bbox 1369 428 1501 468; x_wconf 91' lang='lat' dir='ltr'>quem</span> <span class='ocrx_word' id='word_1_220' title='bbox 1521 416 1751 457; x_wconf 90' lang='lat' dir='ltr'>constituit</span> <span class='ocrx_word' id='word_1_221' title='bbox 1770 416 1857 457; x_wconf 84' lang='lat' dir='ltr'>Do-</span> 
     </span>
     <span class='ocr_line' id='line_1_49' title="bbox 1029 471 1858 525; baseline 0.001 -13"><span class='ocrx_word' id='word_1_222' title='bbox 1029 472 1172 514; x_wconf 91' lang='lat' dir='ltr'>minus</span> <span class='ocrx_word' id='word_1_223' title='bbox 1233 485 1365 525; x_wconf 92' lang='lat' dir='ltr'>super</span> <span class='ocrx_word' id='word_1_224' title='bbox 1427 472 1637 513; x_wconf 85' lang='lat' dir='ltr'>familiam</span> <span class='ocrx_word' id='word_1_225' title='bbox 1704 471 1858 514; x_wconf 86' lang='lat' dir='ltr'>suam?</span> 
     </span>
     <span class='ocr_line' id='line_1_50' title="bbox 1031 529 1859 581; baseline 0.001 -11"><span class='ocrx_word' id='word_1_226' title='bbox 1031 530 1308 581; x_wconf 89' lang='lat' dir='ltr'>Quamquam</span> <span class='ocrx_word' id='word_1_227' title='bbox 1343 529 1387 569; x_wconf 92' lang='lat' dir='ltr'>in</span> <span class='ocrx_word' id='word_1_228' title='bbox 1420 532 1652 571; x_wconf 80' lang='lat' dir='ltr'>commune</span> <span class='ocrx_word' id='word_1_229' title='bbox 1686 542 1768 570; x_wconf 92' lang='lat' dir='ltr'>nos</span> <span class='ocrx_word' id='word_1_230' title='bbox 1803 529 1859 571; x_wconf 91' lang='lat' dir='ltr'>ad</span> 
     </span>
     <span class='ocr_line' id='line_1_51' title="bbox 1030 585 1858 637; baseline 0 -10"><span class='ocrx_word' id='word_1_231' title='bbox 1030 586 1294 627; x_wconf 83' lang='lat' dir='ltr'>indefessam</span> <span class='ocrx_word' id='word_1_232' title='bbox 1327 585 1567 637; x_wconf 80' lang='lat' dir='ltr'>vigilantiae</span> <span class='ocrx_word' id='word_1_233' title='bbox 1605 598 1754 627; x_wconf 86' lang='lat' dir='ltr'>curam</span> <span class='ocrx_word' id='word_1_234' title='bbox 1786 586 1858 627; x_wconf 92' lang='lat' dir='ltr'>ad-</span> 
     </span>
     <span class='ocr_line' id='line_1_52' title="bbox 1030 642 1859 695; baseline 0 -12"><span class='ocrx_word' id='word_1_235' title='bbox 1030 642 1247 684; x_wconf 85' lang='lat' dir='ltr'>hortetur:</span> <span class='ocrx_word' id='word_1_236' title='bbox 1275 642 1513 695; x_wconf 88' lang='lat' dir='ltr'>specialem</span> <span class='ocrx_word' id='word_1_237' title='bbox 1534 647 1681 683; x_wconf 89' lang='lat' dir='ltr'>tamen</span> <span class='ocrx_word' id='word_1_238' title='bbox 1704 642 1859 695; x_wconf 78' lang='lat' dir='ltr'>pepuli</span> 
     </span>
     <span class='ocr_line' id='line_1_53' title="bbox 1030 697 1859 752; baseline 0.001 -13"><span class='ocrx_word' id='word_1_239' title='bbox 1030 698 1320 752; x_wconf 89' lang='lat' dir='ltr'>principibus,</span> <span class='ocrx_word' id='word_1_240' title='bbox 1354 697 1400 740; x_wconf 91' lang='lat' dir='ltr'>id</span> <span class='ocrx_word' id='word_1_241' title='bbox 1426 703 1507 749; x_wconf 92' lang='lat' dir='ltr'>est,</span> <span class='ocrx_word' id='word_1_242' title='bbox 1542 699 1780 751; x_wconf 90' lang='lat' dir='ltr'>episcopis,</span> <span class='ocrx_word' id='word_1_243' title='bbox 1814 699 1859 740; x_wconf 93' lang='lat' dir='ltr'>in</span> 
     </span>
     <span class='ocr_line' id='line_1_54' title="bbox 1032 754 1858 808; baseline 0 -12"><span class='ocrx_word' id='word_1_244' title='bbox 1032 755 1364 808; x_wconf 81' lang='lat' dir='ltr'>exspectatione</span> <span class='ocrx_word' id='word_1_245' title='bbox 1431 754 1712 807; x_wconf 79' lang='lat' dir='ltr'>adventuque</span> <span class='ocrx_word' id='word_1_246' title='bbox 1777 768 1858 797; x_wconf 92' lang='lat' dir='ltr'>suo</span> 
     </span>
     <span class='ocr_line' id='line_1_55' title="bbox 1030 811 1858 854; baseline 0 -1"><span class='ocrx_word' id='word_1_247' title='bbox 1030 812 1375 854; x_wconf 79' lang='lat' dir='ltr'>sollicitudinem</span> <span class='ocrx_word' id='word_1_248' title='bbox 1390 811 1582 853; x_wconf 90' lang='lat' dir='ltr'>mandat.</span> <span class='ocrx_word' id='word_1_249' title='bbox 1598 812 1728 853; x_wconf 90' lang='lat' dir='ltr'>Hunc</span> <span class='ocrx_word' id='word_1_250' title='bbox 1744 812 1858 854; x_wconf 91' lang='lat' dir='ltr'>enim</span> 
     </span>
     <span class='ocr_line' id='line_1_56' title="bbox 1030 868 1858 921; baseline 0 -11"><span class='ocrx_word' id='word_1_251' title='bbox 1030 881 1206 910; x_wconf 86' lang='lat' dir='ltr'>servum</span> <span class='ocrx_word' id='word_1_252' title='bbox 1227 869 1403 911; x_wconf 87' lang='lat' dir='ltr'>fidelem</span> <span class='ocrx_word' id='word_1_253' title='bbox 1428 873 1561 920; x_wconf 87' lang='lat' dir='ltr'>atque</span> <span class='ocrx_word' id='word_1_254' title='bbox 1585 868 1858 921; x_wconf 83' lang='lat' dir='ltr'>prudentem,</span> 
     </span>
     <span class='ocr_line' id='line_1_57' title="bbox 1029 924 1859 978; baseline 0 -11"><span class='ocrx_word' id='word_1_255' title='bbox 1029 926 1320 978; x_wconf 79' lang='lat' dir='ltr'>praepesitum</span> <span class='ocrx_word' id='word_1_256' title='bbox 1390 924 1565 966; x_wconf 86' lang='lat' dir='ltr'>familiae</span> <span class='ocrx_word' id='word_1_257' title='bbox 1634 925 1859 977; x_wconf 85' lang='lat' dir='ltr'>significat,</span> 
     </span>
     <span class='ocr_line' id='line_1_58' title="bbox 1030 981 1858 1035; baseline 0 -11"><span class='ocrx_word' id='word_1_258' title='bbox 1030 982 1264 1024; x_wconf 82' lang='lat' dir='ltr'>commoda</span> <span class='ocrx_word' id='word_1_259' title='bbox 1306 987 1439 1035; x_wconf 88' lang='lat' dir='ltr'>atque</span> <span class='ocrx_word' id='word_1_260' title='bbox 1482 981 1695 1024; x_wconf 87' lang='lat' dir='ltr'>utilitates</span> <span class='ocrx_word' id='word_1_261' title='bbox 1742 995 1858 1024; x_wconf 91' lang='lat' dir='ltr'>com-</span> 
     </span>
     <span class='ocr_line' id='line_1_59' title="bbox 1028 1039 1859 1092; baseline 0 -12"><span class='ocrx_word' id='word_1_262' title='bbox 1028 1039 1151 1081; x_wconf 84' lang='lat' dir='ltr'>missi</span> <span class='ocrx_word' id='word_1_263' title='bbox 1184 1039 1269 1081; x_wconf 92' lang='lat' dir='ltr'>sibi</span> <span class='ocrx_word' id='word_1_264' title='bbox 1301 1039 1458 1092; x_wconf 83' lang='lat' dir='ltr'>pepuli</span> <span class='ocrx_word' id='word_1_265' title='bbox 1491 1040 1729 1080; x_wconf 84' lang='lat' dir='ltr'>curantem.</span> <span class='ocrx_word' id='word_1_266' title='bbox 1774 1040 1859 1089; x_wconf 93' lang='lat' dir='ltr'>Qui</span> 
     </span>
     <span class='ocr_line' id='line_1_60' title="bbox 1030 1095 1858 1148; baseline 0.001 -12"><span class='ocrx_word' id='word_1_267' title='bbox 1030 1096 1067 1137; x_wconf 89' lang='lat' dir='ltr'>si</span> <span class='ocrx_word' id='word_1_268' title='bbox 1113 1095 1232 1137; x_wconf 91' lang='lat' dir='ltr'>dicto</span> <span class='ocrx_word' id='word_1_269' title='bbox 1280 1095 1484 1146; x_wconf 76' lang='lat' dir='ltr'>andiens,</span> <span class='ocrx_word' id='word_1_270' title='bbox 1536 1100 1581 1137; x_wconf 86' lang='lat' dir='ltr'>et</span> <span class='ocrx_word' id='word_1_271' title='bbox 1619 1096 1858 1148; x_wconf 77' lang='lat' dir='ltr'>praeceptis</span> 
     </span>
     <span class='ocr_line' id='line_1_61' title="bbox 1029 1151 1858 1202; baseline 0 -8"><span class='ocrx_word' id='word_1_272' title='bbox 1029 1151 1240 1194; x_wconf 87' lang='lat' dir='ltr'>obediens</span> <span class='ocrx_word' id='word_1_273' title='bbox 1270 1153 1369 1202; x_wconf 91' lang='lat' dir='ltr'>erit,</span> <span class='ocrx_word' id='word_1_274' title='bbox 1402 1151 1449 1194; x_wconf 91' lang='lat' dir='ltr'>id</span> <span class='ocrx_word' id='word_1_275' title='bbox 1469 1156 1551 1202; x_wconf 88' lang='lat' dir='ltr'>est,</span> <span class='ocrx_word' id='word_1_276' title='bbox 1584 1152 1622 1192; x_wconf 92' lang='lat' dir='ltr'>si</span> <span class='ocrx_word' id='word_1_277' title='bbox 1644 1151 1858 1194; x_wconf 84' lang='lat' dir='ltr'>doctrinae</span> 
     </span>
     <span class='ocr_line' id='line_1_62' title="bbox 1030 1209 1858 1262; baseline 0.001 -12"><span class='ocrx_word' id='word_1_278' title='bbox 1030 1210 1361 1262; x_wconf 87' lang='lat' dir='ltr'>opportunitate</span> <span class='ocrx_word' id='word_1_279' title='bbox 1396 1213 1440 1251; x_wconf 91' lang='lat' dir='ltr'>et</span> <span class='ocrx_word' id='word_1_280' title='bbox 1469 1209 1654 1250; x_wconf 87' lang='lat' dir='ltr'>veritate</span> <span class='ocrx_word' id='word_1_281' title='bbox 1687 1209 1858 1251; x_wconf 85' lang='lat' dir='ltr'>infirma</span> 
     </span>
     <span class='ocr_line' id='line_1_63' title="bbox 1029 1265 1907 1318; baseline 0.001 -11"><span class='ocrx_word' id='word_1_282' title='bbox 1029 1266 1278 1316; x_wconf 89' lang='lat' dir='ltr'>confirmet,</span> <span class='ocrx_word' id='word_1_283' title='bbox 1342 1265 1544 1318; x_wconf 79' lang='lat' dir='ltr'>disrupta</span> <span class='ocrx_word' id='word_1_284' title='bbox 1598 1265 1857 1316; x_wconf 84' lang='lat' dir='ltr'>consolidet,</span> <span class='ocrx_word' id='word_1_285' title='bbox 1906 1269 1907 1272; x_wconf 74' lang='grc'>’</span> 
     </span>
     <span class='ocr_line' id='line_1_64' title="bbox 1029 1322 1858 1375; baseline -0.001 -11"><span class='ocrx_word' id='word_1_286' title='bbox 1029 1322 1270 1375; x_wconf 87' lang='lat' dir='ltr'>depravata</span> <span class='ocrx_word' id='word_1_287' title='bbox 1307 1324 1556 1372; x_wconf 87' lang='lat' dir='ltr'>convertat,</span> <span class='ocrx_word' id='word_1_288' title='bbox 1598 1327 1642 1364; x_wconf 93' lang='lat' dir='ltr'>et</span> <span class='ocrx_word' id='word_1_289' title='bbox 1674 1322 1858 1364; x_wconf 91' lang='lat' dir='ltr'>verbum</span> 
     </span>
     <span class='ocr_line' id='line_1_65' title="bbox 1028 1378 1857 1421; baseline 0.001 -1"><span class='ocrx_word' id='word_1_290' title='bbox 1028 1379 1131 1420; x_wconf 81' lang='lat' dir='ltr'>vitae</span> <span class='ocrx_word' id='word_1_291' title='bbox 1159 1380 1204 1420; x_wconf 92' lang='lat' dir='ltr'>in</span> <span class='ocrx_word' id='word_1_292' title='bbox 1232 1379 1492 1421; x_wconf 82' lang='lat' dir='ltr'>aeternitatis</span> <span class='ocrx_word' id='word_1_293' title='bbox 1517 1378 1664 1420; x_wconf 92' lang='lat' dir='ltr'>cibum</span> <span class='ocrx_word' id='word_1_294' title='bbox 1688 1379 1857 1421; x_wconf 79' lang='lat' dir='ltr'>alendae</span> 
     </span>
     <span class='ocr_line' id='line_1_66' title="bbox 1027 1435 1908 1489; baseline 0.001 -13"><span class='ocrx_word' id='word_1_295' title='bbox 1027 1435 1202 1487; x_wconf 85' lang='lat' dir='ltr'>familiae</span> <span class='ocrx_word' id='word_1_296' title='bbox 1258 1435 1515 1489; x_wconf 87' lang='lat' dir='ltr'>dispendat,</span> <span class='ocrx_word' id='word_1_297' title='bbox 1576 1440 1709 1488; x_wconf 90' lang='lat' dir='ltr'>atque</span> <span class='ocrx_word' id='word_1_298' title='bbox 1762 1435 1857 1477; x_wconf 89' lang='lat' dir='ltr'>haec</span> <span class='ocrx_word' id='word_1_299' title='bbox 1906 1459 1908 1485; x_wconf 77' lang='lat'>3</span> 
     </span>
     <span class='ocr_line' id='line_1_67' title="bbox 1028 1492 1856 1545; baseline 0.001 -12"><span class='ocrx_word' id='word_1_300' title='bbox 1028 1505 1181 1544; x_wconf 87' lang='lat' dir='ltr'>agens,</span> <span class='ocrx_word' id='word_1_301' title='bbox 1227 1493 1384 1545; x_wconf 90' lang='lat' dir='ltr'>hisque</span> <span class='ocrx_word' id='word_1_302' title='bbox 1421 1494 1660 1533; x_wconf 90' lang='lat' dir='ltr'>immorans</span> <span class='ocrx_word' id='word_1_303' title='bbox 1704 1492 1856 1545; x_wconf 91' lang='lat' dir='ltr'>depre-</span> 
     </span>
     <span class='ocr_line' id='line_1_68' title="bbox 1027 1549 1907 1600; baseline -0.001 -10"><span class='ocrx_word' id='word_1_304' title='bbox 1027 1549 1254 1599; x_wconf 90' lang='lat' dir='ltr'>hendatur,</span> <span class='ocrx_word' id='word_1_305' title='bbox 1283 1549 1469 1600; x_wconf 82' lang='lat' dir='ltr'>gloriam</span> <span class='ocrx_word' id='word_1_306' title='bbox 1492 1562 1517 1590; x_wconf 93' lang='lat' dir='ltr'>a</span> <span class='ocrx_word' id='word_1_307' title='bbox 1536 1549 1728 1590; x_wconf 80' lang='lat' dir='ltr'>Demino</span> <span class='ocrx_word' id='word_1_308' title='bbox 1749 1554 1855 1590; x_wconf 90' lang='lat' dir='ltr'>tam·</span> <span class='ocrx_word' id='word_1_309' title='bbox 1906 1580 1907 1583; x_wconf 19' lang='grc' dir='ltr'>η</span> 
     </span>
     <span class='ocr_line' id='line_1_69' title="bbox 1029 1605 1856 1658; baseline 0 -12"><span class='ocrx_word' id='word_1_310' title='bbox 1029 1618 1160 1657; x_wconf 90' lang='lat' dir='ltr'>quam</span> <span class='ocrx_word' id='word_1_311' title='bbox 1188 1605 1468 1658; x_wconf 87' lang='lat' dir='ltr'>dispensator</span> <span class='ocrx_word' id='word_1_312' title='bbox 1496 1605 1651 1655; x_wconf 86' lang='lat' dir='ltr'>fidelis,</span> <span class='ocrx_word' id='word_1_313' title='bbox 1681 1610 1724 1647; x_wconf 91' lang='lat' dir='ltr'>et</span> <span class='ocrx_word' id='word_1_314' title='bbox 1750 1605 1856 1647; x_wconf 85' lang='lat' dir='ltr'>villi-</span> 
     </span>
     <span class='ocr_line' id='line_1_70' title="bbox 1027 1661 1857 1714; baseline 0 -12"><span class='ocrx_word' id='word_1_315' title='bbox 1027 1674 1104 1702; x_wconf 92' lang='lat' dir='ltr'>cus</span> <span class='ocrx_word' id='word_1_316' title='bbox 1138 1661 1258 1703; x_wconf 83' lang='lat' dir='ltr'>utilis</span> <span class='ocrx_word' id='word_1_317' title='bbox 1292 1663 1606 1713; x_wconf 91' lang='lat' dir='ltr'>consequetur,</span> <span class='ocrx_word' id='word_1_318' title='bbox 1651 1666 1695 1703; x_wconf 90' lang='lat' dir='ltr'>et</span> <span class='ocrx_word' id='word_1_319' title='bbox 1724 1675 1857 1714; x_wconf 85' lang='lat' dir='ltr'>super</span> 
     </span>
     <span class='ocr_line' id='line_1_71' title="bbox 1027 1717 1855 1768; baseline 0.001 -10"><span class='ocrx_word' id='word_1_320' title='bbox 1027 1718 1174 1758; x_wconf 80' lang='lat' dir='ltr'>emnia</span> <span class='ocrx_word' id='word_1_321' title='bbox 1208 1718 1325 1760; x_wconf 92' lang='lat' dir='ltr'>bona</span> <span class='ocrx_word' id='word_1_322' title='bbox 1361 1717 1669 1768; x_wconf 83' lang='lat' dir='ltr'>constituetur3</span> <span class='ocrx_word' id='word_1_323' title='bbox 1704 1717 1751 1759; x_wconf 94' lang='lat' dir='ltr'>id</span> <span class='ocrx_word' id='word_1_324' title='bbox 1780 1723 1855 1768; x_wconf 89' lang='lat' dir='ltr'>est,</span> 
     </span>
     <span class='ocr_line' id='line_1_72' title="bbox 1026 1773 1856 1826; baseline 0.001 -12"><span class='ocrx_word' id='word_1_325' title='bbox 1026 1773 1072 1814; x_wconf 89' lang='lat' dir='ltr'>in</span> <span class='ocrx_word' id='word_1_326' title='bbox 1105 1774 1190 1815; x_wconf 89' lang='lat' dir='ltr'>Dei</span> <span class='ocrx_word' id='word_1_327' title='bbox 1223 1773 1364 1826; x_wconf 77' lang='lat' dir='ltr'>gleria</span> <span class='ocrx_word' id='word_1_328' title='bbox 1400 1773 1709 1823; x_wconf 87' lang='lat' dir='ltr'>collocabitur,</span> <span class='ocrx_word' id='word_1_329' title='bbox 1753 1775 1856 1826; x_wconf 90' lang='lat' dir='ltr'>quia</span> 
     </span>
     <span class='ocr_line' id='line_1_73' title="bbox 1026 1829 1803 1882; baseline 0.001 -12"><span class='ocrx_word' id='word_1_330' title='bbox 1026 1829 1134 1871; x_wconf 90' lang='lat' dir='ltr'>nihil</span> <span class='ocrx_word' id='word_1_331' title='bbox 1162 1831 1218 1872; x_wconf 87' lang='lat' dir='ltr'>sit</span> <span class='ocrx_word' id='word_1_332' title='bbox 1245 1830 1376 1880; x_wconf 88' lang='lat' dir='ltr'>ultra,</span> <span class='ocrx_word' id='word_1_333' title='bbox 1410 1829 1530 1882; x_wconf 94' lang='lat' dir='ltr'>quod</span> <span class='ocrx_word' id='word_1_334' title='bbox 1552 1830 1708 1871; x_wconf 88' lang='lat' dir='ltr'>melius</span> <span class='ocrx_word' id='word_1_335' title='bbox 1735 1830 1803 1872; x_wconf 92' lang='lat' dir='ltr'>sit.</span> 
     </span>
     <span class='ocr_line' id='line_1_74' title="bbox 1082 1887 1854 1941; baseline -0.003 -12"><span class='ocrx_word' id='word_1_336' title='bbox 1082 1891 1131 1941; x_wconf 51' lang='lat' dir='ltr'>Ra</span> <span class='ocrx_word' id='word_1_337' title='bbox 1165 1887 1260 1928; x_wconf 91' lang='lat' dir='ltr'>Sint</span> <span class='ocrx_word' id='word_1_338' title='bbox 1287 1887 1426 1929; x_wconf 92' lang='lat' dir='ltr'>lumbi</span> <span class='ocrx_word' id='word_1_339' title='bbox 1452 1887 1590 1929; x_wconf 89' lang='lat' dir='ltr'>vestri</span> <span class='ocrx_word' id='word_1_340' title='bbox 1616 1887 1854 1940; x_wconf 79' lang='lat' dir='ltr'>praecincti,</span> 
     </span>
     <span class='ocr_line' id='line_1_75' title="bbox 1027 1943 1854 1986; baseline 0 -1"><span class='ocrx_word' id='word_1_341' title='bbox 1027 1948 1071 1985; x_wconf 91' lang='lat' dir='ltr'>et</span> <span class='ocrx_word' id='word_1_342' title='bbox 1106 1943 1297 1986; x_wconf 79' lang='lat' dir='ltr'>lucernae</span> <span class='ocrx_word' id='word_1_343' title='bbox 1330 1943 1536 1986; x_wconf 88' lang='lat' dir='ltr'>ardentes</span> <span class='ocrx_word' id='word_1_344' title='bbox 1572 1944 1617 1984; x_wconf 87' lang='lat' dir='ltr'>in</span> <span class='ocrx_word' id='word_1_345' title='bbox 1653 1943 1854 1985; x_wconf 90' lang='lat' dir='ltr'>manibus</span> 
     </span>
     <span class='ocr_line' id='line_1_76' title="bbox 1026 1999 1854 2056; baseline 0 -15"><span class='ocrx_word' id='word_1_346' title='bbox 1026 2000 1203 2042; x_wconf 87' lang='lat' dir='ltr'>vestris:</span> <span class='ocrx_word' id='word_1_347' title='bbox 1219 2003 1241 2027; x_wconf 89' lang='lat'>*</span> <span class='ocrx_word' id='word_1_348' title='bbox 1255 2000 1313 2056; x_wconf 88' lang='lat' dir='ltr'>Et</span> <span class='ocrx_word' id='word_1_349' title='bbox 1326 2013 1406 2042; x_wconf 88' lang='lat' dir='ltr'>vos</span> <span class='ocrx_word' id='word_1_350' title='bbox 1427 2000 1590 2042; x_wconf 90' lang='lat' dir='ltr'>similes</span> <span class='ocrx_word' id='word_1_351' title='bbox 1605 1999 1854 2042; x_wconf 90' lang='lat' dir='ltr'>hominibus</span> 
     </span>
     <span class='ocr_line' id='line_1_77' title="bbox 1027 2056 1853 2110; baseline 0 -12"><span class='ocrx_word' id='word_1_352' title='bbox 1027 2057 1388 2110; x_wconf 82' lang='lat' dir='ltr'>exspectantibus</span> <span class='ocrx_word' id='word_1_353' title='bbox 1439 2056 1665 2098; x_wconf 81' lang='lat' dir='ltr'>deminum</span> <span class='ocrx_word' id='word_1_354' title='bbox 1716 2070 1853 2107; x_wconf 83' lang='lat' dir='ltr'>suum,</span> 
     </span>
     <span class='ocr_line' id='line_1_78' title="bbox 1027 2112 1853 2166; baseline 0 -12"><span class='ocrx_word' id='word_1_355' title='bbox 1027 2113 1204 2165; x_wconf 87' lang='lat' dir='ltr'>quando</span> <span class='ocrx_word' id='word_1_356' title='bbox 1220 2115 1469 2156; x_wconf 86' lang='lat' dir='ltr'>revertatur</span> <span class='ocrx_word' id='word_1_357' title='bbox 1484 2126 1510 2154; x_wconf 90' lang='lat' dir='ltr'>a</span> <span class='ocrx_word' id='word_1_358' title='bbox 1523 2113 1701 2166; x_wconf 80' lang='lat' dir='ltr'>nuptiis.</span> <span class='ocrx_word' id='word_1_359' title='bbox 1720 2112 1768 2163; x_wconf 59' lang='lat' dir='ltr'>V-</span> <span class='ocrx_word' id='word_1_360' title='bbox 1778 2113 1853 2155; x_wconf 91' lang='lat' dir='ltr'>Vi-</span> 
     </span>
     <span class='ocr_line' id='line_1_79' title="bbox 1025 2169 1854 2222; baseline 0 -12"><span class='ocrx_word' id='word_1_361' title='bbox 1025 2169 1160 2221; x_wconf 85' lang='lat' dir='ltr'>gilate</span> <span class='ocrx_word' id='word_1_362' title='bbox 1179 2182 1296 2221; x_wconf 88' lang='lat' dir='ltr'>ergo,</span> <span class='ocrx_word' id='word_1_363' title='bbox 1321 2170 1423 2222; x_wconf 88' lang='lat' dir='ltr'>quia</span> <span class='ocrx_word' id='word_1_364' title='bbox 1439 2170 1618 2211; x_wconf 87' lang='lat' dir='ltr'>nescitis</span> <span class='ocrx_word' id='word_1_365' title='bbox 1639 2182 1726 2221; x_wconf 91' lang='lat' dir='ltr'>qua</span> <span class='ocrx_word' id='word_1_366' title='bbox 1743 2169 1854 2211; x_wconf 93' lang='lat' dir='ltr'>hora</span> 
     </span>
     <span class='ocr_line' id='line_1_80' title="bbox 1025 2226 1852 2269; baseline -0.001 -2"><span class='ocrx_word' id='word_1_367' title='bbox 1025 2226 1240 2267; x_wconf 81' lang='lat' dir='ltr'>Deminus</span> <span class='ocrx_word' id='word_1_368' title='bbox 1268 2231 1415 2269; x_wconf 83' lang='lat' dir='ltr'>vester</span> <span class='ocrx_word' id='word_1_369' title='bbox 1442 2229 1652 2268; x_wconf 84' lang='lat' dir='ltr'>venturus</span> <span class='ocrx_word' id='word_1_370' title='bbox 1678 2226 1747 2268; x_wconf 88' lang='lat' dir='ltr'>sit.</span> <span class='ocrx_word' id='word_1_371' title='bbox 1783 2226 1852 2267; x_wconf 89' lang='lat' dir='ltr'>Et.</span> 
     </span>
     <span class='ocr_line' id='line_1_81' title="bbox 1029 2281 1432 2325; baseline 0 -2"><span class='ocrx_word' id='word_1_372' title='bbox 1029 2281 1180 2324; x_wconf 74' lang='lat' dir='ltr'>Gloria</span> <span class='ocrx_word' id='word_1_373' title='bbox 1197 2283 1329 2325; x_wconf 90' lang='lat' dir='ltr'>Patri.</span> <span class='ocrx_word' id='word_1_374' title='bbox 1364 2283 1432 2324; x_wconf 87' lang='lat' dir='ltr'>Et.</span> 
     </span>
     <span class='ocr_line' id='line_1_82' title="bbox 1327 2340 1552 2380; baseline -0.004 0"><span class='ocrx_word' id='word_1_375' title='bbox 1327 2340 1478 2380; x_wconf 86' lang='lat' dir='ltr'>Lectio</span> <span class='ocrx_word' id='word_1_376' title='bbox 1499 2340 1552 2379; x_wconf 81' lang='lat' dir='ltr'>ix.</span> 
     </span>
    </p>
   </div>
   <div class='ocr_carea' id='block_1_7' title="bbox 1025 2382 1854 2787">
    <p class='ocr_par' dir='ltr' id='par_1_10' title="bbox 1025 2382 1854 2787">
     <span class='ocr_line' id='line_1_83' title="bbox 1031 2382 1853 2505; baseline -0.001 -68"><span class='ocrx_word' id='word_1_377' title='bbox 1031 2382 1203 2505; x_wconf 75' lang='lat' dir='ltr'>Quod</span> <span class='ocrx_word' id='word_1_378' title='bbox 1238 2395 1276 2436; x_wconf 88' lang='lat' dir='ltr'>si</span> <span class='ocrx_word' id='word_1_379' title='bbox 1313 2397 1527 2437; x_wconf 81' lang='lat' dir='ltr'>centuens</span> <span class='ocrx_word' id='word_1_380' title='bbox 1558 2395 1736 2446; x_wconf 87' lang='lat' dir='ltr'>longam</span> <span class='ocrx_word' id='word_1_381' title='bbox 1769 2396 1853 2437; x_wconf 88' lang='lat' dir='ltr'>Dei</span> 
     </span>
     <span class='ocr_line' id='line_1_84' title="bbox 1128 2452 1854 2505; baseline 0.003 -13"><span class='ocrx_word' id='word_1_382' title='bbox 1128 2452 1395 2504; x_wconf 89' lang='lat' dir='ltr'>patientiam,</span> <span class='ocrx_word' id='word_1_383' title='bbox 1424 2465 1523 2503; x_wconf 90' lang='lat' dir='ltr'>quae</span> <span class='ocrx_word' id='word_1_384' title='bbox 1544 2452 1588 2492; x_wconf 93' lang='lat' dir='ltr'>in</span> <span class='ocrx_word' id='word_1_385' title='bbox 1606 2452 1854 2505; x_wconf 86' lang='lat' dir='ltr'>profectum</span> 
     </span>
     <span class='ocr_line' id='line_1_85' title="bbox 1025 2505 1852 2559; baseline 0 -10"><span class='ocrx_word' id='word_1_386' title='bbox 1025 2505 1227 2550; x_wconf 82' lang='lat' dir='ltr'>humanae</span> <span class='ocrx_word' id='word_1_387' title='bbox 1249 2508 1401 2550; x_wconf 79' lang='lat' dir='ltr'>salutis</span> <span class='ocrx_word' id='word_1_388' title='bbox 1420 2507 1682 2559; x_wconf 83' lang='lat' dir='ltr'>extenditur,</span> <span class='ocrx_word' id='word_1_389' title='bbox 1703 2509 1852 2551; x_wconf 89' lang='lat' dir='ltr'>adver-</span> 
     </span>
     <span class='ocr_line' id='line_1_86' title="bbox 1026 2565 1852 2615; baseline 0.001 -9"><span class='ocrx_word' id='word_1_390' title='bbox 1026 2578 1122 2606; x_wconf 92' lang='lat' dir='ltr'>sum</span> <span class='ocrx_word' id='word_1_391' title='bbox 1151 2566 1389 2606; x_wconf 86' lang='lat' dir='ltr'>conservos</span> <span class='ocrx_word' id='word_1_392' title='bbox 1416 2565 1668 2615; x_wconf 90' lang='lat' dir='ltr'>insolescet,</span> <span class='ocrx_word' id='word_1_393' title='bbox 1704 2570 1748 2607; x_wconf 92' lang='lat' dir='ltr'>et</span> <span class='ocrx_word' id='word_1_394' title='bbox 1775 2567 1852 2606; x_wconf 79' lang='lat' dir='ltr'>sa&#39;e-</span> 
     </span>
     <span class='ocr_line' id='line_1_87' title="bbox 1026 2621 1851 2674; baseline -0.001 -12"><span class='ocrx_word' id='word_1_395' title='bbox 1026 2621 1112 2662; x_wconf 90' lang='lat' dir='ltr'>culi</span> <span class='ocrx_word' id='word_1_396' title='bbox 1129 2621 1255 2662; x_wconf 90' lang='lat' dir='ltr'>malis</span> <span class='ocrx_word' id='word_1_397' title='bbox 1274 2621 1479 2674; x_wconf 90' lang='lat' dir='ltr'>vitiisque</span> <span class='ocrx_word' id='word_1_398' title='bbox 1498 2634 1546 2663; x_wconf 88' lang='lat' dir='ltr'>se</span> <span class='ocrx_word' id='word_1_399' title='bbox 1564 2622 1721 2671; x_wconf 84' lang='lat' dir='ltr'>tradet,</span> <span class='ocrx_word' id='word_1_400' title='bbox 1743 2633 1851 2673; x_wconf 89' lang='lat' dir='ltr'>prae-</span> 
     </span>
     <span class='ocr_line' id='line_1_88' title="bbox 1026 2676 1852 2720; baseline -0.001 -2"><span class='ocrx_word' id='word_1_401' title='bbox 1026 2677 1215 2719; x_wconf 87' lang='lat' dir='ltr'>sentium</span> <span class='ocrx_word' id='word_1_402' title='bbox 1255 2682 1427 2719; x_wconf 90' lang='lat' dir='ltr'>tantum</span> <span class='ocrx_word' id='word_1_403' title='bbox 1463 2691 1613 2720; x_wconf 91' lang='lat' dir='ltr'>curam</span> <span class='ocrx_word' id='word_1_404' title='bbox 1653 2678 1697 2718; x_wconf 92' lang='lat' dir='ltr'>in</span> <span class='ocrx_word' id='word_1_405' title='bbox 1733 2676 1852 2718; x_wconf 85' lang='lat' dir='ltr'>cultu</span> 
     </span>
     <span class='ocr_line' id='line_1_89' title="bbox 1026 2732 1851 2787; baseline -0.002 -12"><span class='ocrx_word' id='word_1_406' title='bbox 1026 2735 1192 2776; x_wconf 89' lang='lat' dir='ltr'>ventris</span> <span class='ocrx_word' id='word_1_407' title='bbox 1233 2736 1458 2776; x_wconf 83' lang='lat' dir='ltr'>exercens:</span> <span class='ocrx_word' id='word_1_408' title='bbox 1505 2734 1739 2787; x_wconf 88' lang='lat' dir='ltr'>desperata</span> <span class='ocrx_word' id='word_1_409' title='bbox 1780 2732 1851 2774; x_wconf 92' lang='lat' dir='ltr'>die</span> 
     </span>
    </p>
   </div>
   <div class='ocr_carea' id='block_1_8' title="bbox 88 147 1914 2846">
    <p class='ocr_par' dir='ltr' id='par_1_11' title="bbox 88 147 1914 2846">
     <span class='ocr_line' id='line_1_90' title="bbox 88 147 1914 2846; baseline 0 0"><span class='ocrx_word' id='word_1_410' title='bbox 88 147 1914 2846; x_wconf 95' lang='lat' dir='ltr'> </span> 
     </span>
    </p>
   </div>
  </div>
 </body>
</html>
