2040 2944
591 166 700 200 Dom.
726 164 790 199 ΙΙΙ.
816 165 918 208 Sept.
965 164 1121 208 Septem
1144 163 1331 198 Dolorum
1356 163 1398 197 B.
1423 163 1470 197 M.
1494 163 1537 197 V.

262 259 312 299 In
330 259 427 300 Deo
447 257 638 298 laudabo
660 258 885 298 sermones
904 269 1038 306 111608,

211 315 253 356 in
272 315 368 356 Deo
389 314 576 366 speravi:
597 315 621 339 *
641 326 727 354 non
749 313 913 355 timebo
934 312 1038 365 quid

212 371 340 412 faciat
367 370 470 411 mihi
499 382 613 411 caro.

261 427 375 468 Tota
394 425 463 467 die
483 426 618 467 verba
636 439 733 468 mea
753 425 1037 467 exsecraban-

210 490 298 525 turt
330 484 352 508 *
384 482 617 524 adversum
644 496 714 525 me
743 495 896 524 omnes
924 483 1038 533 cogi-

209 541 397 582 tationes
426 542 578 591 earum
606 540 649 580 in
677 539 849 581 malum.

261 596 572 638 Inhabitabunt
607 602 650 638 et
686 595 979 638 abscondent:
1015 596 1038 619 *

210 654 292 706 ipsi
307 653 561 694 calcaneum
573 665 718 695 meum
730 651 1039 694 observabunt.

260 710 379 751 Sicut
407 710 707 751 sustinuerunt
735 709 923 750 animam
951 721 1037 750 me-

210 779 290 815 am,
309 779 390 819 pro
409 766 545 807 nihilo
564 766 710 807 salvos
730 766 863 807 facies
883 765 996 807 illos:
1016 767 1039 791 *

209 823 252 863 in
282 823 346 863 ira
373 822 564 875 populos
594 822 852 873 confringes.

261 879 401 929 Deus,
439 879 573 920 vitam
608 891 750 920 meam
772 878 1039 919 annuntiavi

209 934 305 977 tibi:
339 936 363 962 *
396 935 585 987 posuisti
617 935 819 976 lacrimas
847 947 967 976 meas
995 934 1039 974 in

210 993 450 1044 conspectu
478 997 566 1041 tuo,

261 1048 382 1090 Sicut
412 1053 456 1089 et
489 1048 532 1088 in
564 1048 858 1100 promissiOne
890 1052 984 1088 tua:
1017 1049 1039 1073 *

210 1110 314 1145 tunc
342 1106 653 1146 convertentur
681 1104 842 1145 inimici
866 1103 951 1144 mei
976 1116 1038 1144 re-

210 1163 415 1202 tr6rsum:

262 1218 311 1257 In
350 1221 627 1270 quacumque
665 1217 735 1259 die
774 1218 1039 1259 invocavero

210 1279 268 1315 te:
296 1275 318 1299 '⁸‘
348 1287 450 1316 ecce
478 1274 665 1325 cognovi
694 1274 901 1326 quoniam
919 1274 1040 1316 Deus

160 1335 163 1340 ’
209 1343 333 1372 meus
362 1343 419 1372 es.

262 1388 312 1428 In
334 1388 430 1429 Deo
455 1386 647 1429 laudabo
672 1387 865 1437 verbum,
890 1387 934 1427 in
953 1387 1040 1428 Do-

210 1444 327 1485 mino
346 1443 536 1485 laudabo
557 1446 818 1485 serm6nem:
837 1444 859 1469 *
879 1444 923 1484 in
942 1444 1039 1485 Deo

211 1501 405 1552 speravi,
442 1513 529 1541 non
566 1500 731 1542 timebo
770 1500 876 1552 quid
910 1500 1040 1542 faciat

210 1557 314 1598 mihi
341 1557 484 1598 homo.

260 1614 310 1654 In
346 1627 415 1655 me
454 1619 554 1655 sunt
586 1614 707 1655 Deus
744 1619 849 1656 vota
885 1620 980 1664 tua,
1017 1616 1040 1641 *

211 1682 309 1722 quae
339 1669 531 1720 reddam,
559 1670 835 1713 laudationes
863 1671 952 1713 tibi.

262 1727 477 1777 Quoniam
507 1727 706 1780 eripuisti
737 1728 926 1769 animam
953 1741 1039 1770 me-

210 1795 280 1823 am
309 1783 364 1824 de
391 1789 552 1832 morte,
590 1788 634 1825 et
666 1783 804 1836 pedes
832 1797 956 1825 meos
985 1784 1040 1826 de

210 1839 351 1891 lapsu:
375 1842 398 1867 *
422 1845 470 1881 ut
491 1840 690 1892 placeam
712 1853 861 1883 coram
879 1841 978 1883 Deo
997 1841 1040 1882 in

211 1895 373 1937 lumine
399 1897 646 1938 viventium.

267 1964 364 2004 Ant.
399 1964 518 2003 Deus
545 1963 679 2004 vitam
710 1975 852 2004 meam
878 1975 1040 2004 annun-

211 2018 317 2060 tiavi
345 2018 439 2060 tibi:
471 2019 660 2071 posuisti
688 2019 891 2060 lacrimas
919 2031 1040 2061 meas

211 2075 253 2115 in
274 2077 514 2128 conspectu
532 2080 621 2117 tuo.

265 2140 363 2182 Ant.
383 2142 575 2182 Fuerunt
595 2140 700 2181 mihi
721 2141 914 2183 lacrimae
929 2154 1041 2183 meae

212 2209 348 2248 panes
367 2196 438 2238 die
459 2209 510 2238 ac
529 2201 669 2238 nocte.

485 2279 683 2321 Psalmus
705 2282 763 2321 41.

213 2326 636 2450 Quemadmodum
683 2344 905 2387 desiderat
951 2359 1040 2388 cer-

316 2411 396 2440 vus
423 2400 480 2442 ad
510 2400 650 2443 fontes
677 2404 903 2454 aquarum:
929 2404 952 2430 *
979 2403 1042 2444 ita

214 2454 434 2497 desiderat
455 2457 597 2498 anima
615 2470 713 2499 mea
732 2458 789 2500 ad
808 2463 852 2500 te
872 2459 1003 2501 Deus.

265 2511 408 2553 Sitivit
431 2513 574 2555 anima
595 2527 692 2556 mea
715 2514 771 2556 ad
790 2515 933 2556 Deum
957 2516 1040 2557 for-

213 2574 303 2610 tem
334 2568 496 2609 vivum:
522 2571 545 2595 *
573 2571 748 2622 quando
776 2572 965 2621 veniam,
999 2578 1042 2614 et

214 2624 439 2677 apparebo
458 2631 558 2667 ante
578 2626 732 2668 faciem
750 2626 855 2669 Dei?

267 2681 461 2723 Fuerunt
485 2681 590 2723 mihi
615 2682 807 2725 lacrimae
832 2697 942 2726 meae
966 2697 1039 2736 pa-

1092 269 1170 298 nes
1203 256 1276 298 die
1308 269 1359 298 ac
1394 261 1538 298 nocte:
1569 257 1593 284 *
1627 256 1730 298 dum
1763 255 1922 298 dicitur

1091 313 1196 354 mihi
1218 313 1429 366 quotidie:
1455 313 1542 354 Ubi
1565 317 1633 354 est
1651 313 1772 354 Deus
1794 311 1919 354 tuus?

1145 370 1256 411 Haec
1283 369 1541 412 recordatus
1568 382 1682 419 sum,
1714 375 1758 411 et
1786 367 1920 410 effudi

1091 427 1134 467 in
1162 439 1232 468 me
1261 427 1450 467 animam
1477 438 1634 468 meam:
1661 427 1685 453 ²⁸¹
1716 425 1921 478 quomam

1091 483 1288 525 transibo
1314 483 1357 524 in
1382 483 1529 524 locum
1553 481 1824 524 tabernaculi
1847 482 1920 523 ad-

1091 540 1320 590 mirabilis,
1339 552 1480 592 usque
1500 537 1558 580 ad
1576 538 1757 580 domum
1776 538 1869 580 Dei.

1144 597 1195 637 In
1214 609 1324 638 voce
1345 595 1668 645 exsultationis,
1693 599 1736 636 et
1755 594 1920 636 confes-

1092 653 1241 694 si6nis:
1261 654 1284 679 *
1305 665 1438 694 sonus
1459 651 1688 705 epulantis.

1144 710 1290 760 Quare
1308 709 1446 751 tristis
1466 721 1513 750 es
1531 708 1676 750 anima
1694 706 1815 750 mea?
1834 707 1858 733 *
1879 713 1922 749 et

1094 778 1228 819 quare
1248 765 1486 809 conturbas
1505 765 1598 807 me?

1143 824 1283 876 Spera
1313 824 1357 864 in
1389 823 1504 873 Deo,
1538 822 1746 875 quoniam
1777 819 1921 862 adhuc

1093 879 1338 922 confitebor
1374 879 1451 920 illi:
1488 881 1511 906 *
1548 879 1740 921 salutare
1777 877 1922 919 vultus

1092 937 1188 986 mei,
1209 942 1252 978 et
1269 937 1392 978 Deus
1411 949 1546 978 meus.

1144 991 1217 1034 Ad
1235 995 1452 1045 meipsum
1472 993 1614 1034 anima
1632 1003 1732 1032 mea
1750 995 1922 1032 contur-

1092 1050 1197 1091 bata
1225 1054 1306 1091 est:
1332 1050 1355 1074 *
1383 1050 1622 1102 propterea
1649 1059 1817 1088 memor
1845 1059 1922 1088 ero

1093 1106 1156 1147 tui
1184 1105 1240 1148 de
1266 1110 1385 1148 terra
1412 1103 1634 1154 Jordanis,
1668 1108 1711 1145 et
1738 1103 1922 1144 Hermo-

1092 1162 1197 1203 niim
1217 1174 1243 1203 a
1261 1166 1411 1203 monte
1429 1160 1617 1203 modico.

1146 1219 1347 1271 Aby‘ssus
1376 1218 1580 1270 abyssum
1610 1219 1803 1266 invocat,
1829 1216 1852 1241 ¹⁸¹
1880 1215 1925 1256 in

1093 1289 1203 1317 voce
1224 1277 1544 1317 cataractarum
1562 1276 1746 1315 tuarum.

1146 1332 1303 1373 Omnia
1324 1331 1498 1373 excelsa
1516 1335 1602 1380 tua,
1623 1334 1666 1371 et
1685 1329 1844 1371 fluctus
1861 1328 1925 1369 tui

1093 1390 1116 1415 *
1136 1401 1269 1441 super
1288 1401 1358 1430 me
1377 1387 1654 1429 transierunt.

1145 1445 1197 1486 In
1222 1445 1293 1487 die
1316 1443 1541 1486 mandavit
1560 1443 1776 1484 D6minus
1798 1441 1924 1482 mise-

1094 1502 1330 1545 ricordiam
1355 1514 1493 1543 suam:
1516 1502 1540 1528 *
1566 1505 1610 1542 et
1634 1504 1766 1542 nocte
1791 1497 1924 1540 canti-

1094 1573 1193 1602 cum
1213 1561 1314 1612 ejus.

1146 1616 1283 1670 Apud
1307 1629 1377 1658 me
1401 1615 1544 1657 oratio
1562 1614 1661 1655 Deo
1681 1613 1784 1654 vitae
1802 1623 1925 1661 meae,

1093 1676 1116 1700 *
1137 1673 1282 1715 dicam
1302 1673 1414 1714 Deo:
1433 1672 1674 1724 Susceptor
1693 1681 1817 1711 meus
1836 1681 1895 1710 es.

1145 1730 1290 1780 Quare
1310 1729 1473 1771 oblitus
1493 1741 1541 1770 es
1560 1725 1668 1769 mei?
1683 1728 1707 1754 *
1725 1731 1768 1768 et
1819 1737 1923 1766 uare

1093 1783 1379 1825 contristatus
1410 1780 1585 1830 incedo,
1631 1779 1736 1821 dum
1769 1791 1794 1819 a
1813 1777 1924 1828 fligit

1092 1853 1163 1881 me
1183 1838 1406 1881 inimicus?

1144 1896 1262 1937 Dum
1287 1895 1619 1946 confringuntur
1644 1904 1747 1934 ossa
1765 1902 1879 1940 mea,
1898 1891 1922 1916 *

1093 1951 1471 2005 exprobraverunt
1489 1949 1598 1992 mihi
1618 1949 1692 2002 qui
1712 1946 1923 1990 tribulant

1092 2022 1162 2051 me
1181 2008 1343 2050 inimici
1361 2009 1459 2050 mei.

1144 2066 1263 2107 Dum
1295 2065 1446 2107 dicunt
1478 2063 1584 2105 mihi
1614 2075 1695 2116 per
1727 2061 1923 2112 singulos

1094 2122 1202 2164 dies:
1234 2121 1321 2164 Ubi
1347 2126 1414 2164 est
1439 2121 1561 2163 Deus
1586 2117 1710 2163 tuus?
1736 2120 1760 2145 *
1787 2129 1923 2170 quare

1092 2179 1231 2221 tristis
1251 2191 1299 2220 es
1318 2179 1461 2220 anima
1479 2190 1589 2228 mea,
1609 2181 1652 2218 et
1672 2187 1807 2228 quare
1823 2186 1921 2216 con-

1094 2235 1247 2278 turbas
1266 2233 1360 2277 me?

1146 2292 1285 2345 Spera
1316 2292 1360 2333 in
1392 2292 1503 2341 Deo,
1539 2289 1746 2343 quomam
1778 2286 1923 2329 adhuc

1094 2349 1341 2391 confitebor
1376 2349 1451 2390 illi:
1487 2348 1510 2374 *
1549 2346 1741 2389 salutare
1777 2343 1922 2386 vultus

1093 2406 1190 2456 mei,
1210 2411 1253 2448 et
1271 2406 1392 2448 Deus
1411 2417 1545 2447 meus.

1145 2459 1245 2500 Ant.
1265 2459 1458 2502 Fuerunt
1475 2455 1581 2498 mihi
1598 2455 1791 2496 lacrimae
1810 2465 1922 2495 meae

1093 2528 1230 2568 panes
1250 2515 1321 2557 die
1341 2527 1393 2556 ac
1410 2519 1551 2556 nocte.

1145 2568 1195 2621 V.
1227 2571 1482 2613 Fasciculus
1513 2569 1704 2622 myrrhae
1734 2569 1922 2610 dilectus

1093 2641 1217 2670 meus
1249 2627 1365 2668 mihi.
1420 2630 1471 2682 R.
1505 2627 1625 2668 Inter
1659 2626 1793 2668 ubera
1825 2637 1924 2666 mea

1094 2684 1451 2726 commorabitur.
