2040 2944
190 163 284 207 [138]

496 262 646 302 Lectio
667 261 705 301 ii.

657 162 700 196 In
723 162 848 196 Festis
873 162 913 195 B.
937 161 1068 196 Mariae
1092 161 1136 195 V.
1159 171 1227 205 per
1253 171 1401 196 annum.

1058 269 1216 309 panem
1229 270 1383 308 meum,
1399 263 1443 300 et
1455 257 1592 301 bibite
1602 259 1747 302 vinum
1760 260 1878 313 quod

195 324 418 429 Mecum
450 330 549 367 sunt
580 324 757 373 divitiae,
790 327 834 365 61
860 323 1008 374 gloria,
1059 313 1212 354 miscui
1231 313 1365 355 vobis.

311 397 418 438 opes
438 381 638 435 superbae
658 385 701 422 et
719 380 889 432 justitia.
922 381 1008 422 Me-

190 444 272 485 lior
291 446 357 484 est
377 440 490 482 enim
510 439 674 479 fructus
692 450 814 478 meus
829 450 946 486 auro,
966 443 1009 479 et

190 497 336 552 lapide
362 497 576 550 pretios0,
602 499 645 536 et
664 494 887 559 genimina
913 507 1010 536 mea

191 557 369 607 argento
389 552 617 595 616010.Ι11
632 551 714 592 viis
733 551 905 603 justitiae
925 553 1010 591 am-

190 612 309 661 bulo,
337 611 382 651 in
409 609 553 651 1116ὥο
580 608 830 650 semitarum
854 607 1011 659 judicii,

191 674 238 710 ut
259 668 394 710 ditem
414 666 641 718 diligentes
660 677 746 713 me,
775 669 818 705 et
841 663 1011 705 thesau-

191 738 265 766 ros
285 726 436 766 eorum
454 722 658 775 repleam.
684 720 899 762 Dominus
914 733 1012 772 pos-

194 780 306 823 sedit
331 793 400 822 me
425 780 470 820 in
493 778 615 820 initio
634 778 803 819 viarum
828 779 1012 826 suarum,

193 841 426 890 antequam
442 835 677 888 quidquam
691 834 854 875 faceret
869 846 892 874 a
905 833 1013 886 prin-

193 894 319 947 cipio.
346 893 416 934 Ab
438 894 603 934 aeterno
625 890 825 932 ordinata
844 902 950 939 sum,
971 894 1014 931 et

194 964 247 993 ex
272 950 460 1003 antiquis
488 951 720 1000 antequam
744 951 861 988 terra
879 946 1014 988 fieret.

192 1006 400 1049 Nondum
424 1010 545 1048 erant
569 1004 730 1057 abyssi,
757 1008 801 1045 et
827 1015 908 1054 ego
931 1003 1015 1054 iam

194 1066 409 1116 concepta
433 1075 566 1104 eram:
594 1060 780 1102 necdum
804 1060 947 1101 fontes
973 1072 1013 1100 a-

195 1122 378 1173 quarum
407 1122 654 1171 eruperant:
681 1116 867 1159 necdum
895 1128 1012 1157 mon-

192 1182 259 1218 tes
287 1177 408 1228 gravi
435 1175 551 1216 mole
584 1176 883 1216 constiterant:
915 1177 1014 1213 ante
1073 1180 1079 1222 js
1104 1201 1174 1222 1

193 1233 327 1275 001165
347 1245 428 1284 ego
447 1230 730 1285 parturiebar.

246 1302 294 1353 R.
325 1296 695 1349 Congratulamini
721 1295 827 1336 mihi
853 1307 1014 1344 omnes,

194 1355 268 1407 qui
297 1353 473 1405 diligitis
501 1353 752 1402 Dominum,
790 1351 891 1404 quia
917 1363 1014 1392 cum

194 1424 336 1453 essem
351 1409 544 1463 parvula,
565 1408 711 1461 placui
731 1407 972 1448 Α1115511110;
990 1413 1012 1436 *

193 1469 250 1509 Et
269 1466 326 1509 de
344 1466 452 1508 meis
471 1465 712 1507 visceribus
732 1464 859 1516 genui
874 1464 1016 1505 Deum

195 1529 238 1566 et
255 1523 485 1565 hominem.
511 1516 561 1567 V.
582 1522 764 1563 Beatam
782 1533 852 1562 me
869 1519 1015 1561 dicent

195 1593 345 1622 omnes
364 1578 678 1630 generationes,
699 1577 800 1630 quia
817 1575 1015 1617 ancillam

194 1636 400 1677 humilem
418 1635 611 1687 respexit
629 1634 759 1675 Deus
787 1633 854 1674 Et.

247 1700 406 1741 Bened.
435 1700 618 1752 Spiritus
639 1699 777 1740 5311011
795 1698 944 1750 gratia.

494 1774 643 1815 Lectio
663 1775 716 1814 iii.

198 1839 400 1944 Beatus
427 1845 560 1887 homo
593 1844 667 1896 qui
696 1843 818 1885 audit
844 1857 931 1894 me,
970 1848 1014 1885 61

290 1902 364 1952 qui
382 1901 533 1953 vigilat
556 1900 612 1942 ad
631 1900 747 1942 fores
770 1913 891 1942 meas
912 1913 1015 1953 quo-

194 1958 316 2008 tidie,
348 1962 391 1999 et
418 1957 624 1999 observat
651 1956 707 1998 ad
738 1961 889 2009 postes
916 1957 1016 1998 ostii

195 2014 290 2056 mei.
319 2014 402 2065 Qui
420 2027 489 2055 me
508 2013 732 2063 invenerit,
751 2013 942 2054 inveniet
956 2013 1014 2054 vi-

196 2076 295 2121 tam,
315 2075 358 2112 et
375 2070 545 2111 hauriet
564 2069 749 2111 salutem
767 2082 793 2110 a
811 2069 1015 2111 Domino:

197 2127 270 2179 qui
289 2131 434 2168 autem
452 2127 495 2167 in
514 2139 584 2168 me
602 2126 867 2178 peccaverit,
884 2125 1017 2167 laedet

197 2183 385 2224 animam
400 2195 532 2224 suam.
554 2182 727 2232 Omnes,
743 2182 817 2234 qui
830 2195 899 2224 me
916 2181 1016 2223 ode-

196 2245 309 2290 runt,
343 2239 526 2291 diligunt
558 2244 755 2280 mortem.
797 2238 1015 2291 Sapientia

197 2295 429 2337 aedificavit
448 2295 531 2337 sibi
551 2294 743 2344 domum,
768 2294 927 2336 excidit
946 2307 1015 2335 00-

198 2352 367 2392 lumnas
400 2357 578 2404 septem.
618 2351 866 2393 Immolavit
895 2351 1015 2392 victi-

198 2420 292 2449 mas
315 2421 431 2457 suas,
462 2409 635 2450 miscuit
657 2408 818 2457 vinum,
851 2412 894 2449 et
918 2420 1016 2461 pro-

118 2520 120 2522 ·
199 2464 346 2517 posuit
363 2477 557 2506 mensam
580 2478 712 2506 suam.
749 2466 867 2507 Misit
890 2465 1016 2509 ancil-

199 2520 264 2562 las
288 2532 388 2561 suas
411 2525 459 2562 ut
477 2524 684 2563 vocarent
707 2522 763 2564 ad
782 2536 942 2574 arcem,
975 2529 1018 2566 et

201 2576 257 2619 ad
275 2577 434 2617 mo'enia
450 2577 650 2620 civitatis.
670 2579 714 2620 Si
730 2581 825 2631 quis
841 2585 907 2622 est
921 2583 1016 2633 par-

199 2633 340 2683 vulus,
359 2634 503 2675 veniat
522 2634 577 2675 ad
595 2648 675 2676 me.
707 2636 763 2678 Et
782 2637 1015 2690 insipienti-

200 2689 282 2732 bus
309 2689 456 2731 locuta
483 2695 566 2732 est:
597 2691 770 2742 Venite,
802 2693 1016 2736 comedite

1115 381 1165 432 R.
1193 378 1330 420 Beata
1361 392 1407 421 65
1433 379 1570 432 Virgo
1597 381 1748 431 Maria,
1781 394 1878 434 quae

1062 435 1295 476 Dominum
1356 437 1558 488 portasti,
1629 437 1880 479 Creatorem

1062 490 1225 532 mundi:
1265 494 1288 518 *
1326 492 1524 534 Genuisti
1565 494 1639 545 qui
1683 498 1727 536 16
1767 493 1879 543 fecit,

1063 552 1106 588 et
1142 548 1186 588 in
1228 550 1437 590 aeternum
1473 551 1702 602 permanes
1732 550 1880 601 Virgo.

1064 601 1114 653 V.
1145 603 1241 645 Ave
1268 604 1420 654 Maria,
1455 606 1593 656 gratia
1623 606 1767 659 plena,
1795 606 1880 647 Do-

1064 660 1205 701 minus
1249 665 1404 702 16011111.
1464 662 1672 704 Genuisti.
1733 662 1882 704 Gloria

1064 716 1193 757 Patri.
1232 717 1440 759 Genuisti.

1293 796 1342 835 In
1363 796 1412 835 Π.
1434 796 1654 835 Νο01111110.

1116 860 1214 901 Ant.
1244 861 1399 913 Specie
1426 865 1501 903 tua
1528 863 1552 889 *
1580 866 1622 903 61
1649 861 1884 915 pulchritu-

1065 915 1165 957 dine
1184 921 1258 958 tua
1280 917 1472 967 intende,
1499 920 1710 971 prospere
1733 920 1883 971 proce-

1067 971 1132 1022 de,
1152 977 1195 1014 et
1213 985 1356 1024 regna.

1329 1045 1526 1086 Psalmus
1555 1046 1619 1085 44.

1107 1117 1123 1142 1
1106 1113 1367 1179 ’,1100131711
1406 1126 1481 1155 001
1520 1126 1665 1155 111611111
1705 1113 1887 1155 verbum

1173 1223 1175 1235 ι
1196 1169 1374 1211 bonum:
1416 1170 1439 1195 *
1480 1169 1578 1211 dico
1625 1182 1706 1221 ego
1753 1172 1887 1223 opera

1074 1248 1173 1251 —-
1196 1239 1294 1267 mea
1313 1226 1415 1277 regi.

1117 1285 1284 1334 Lingua
1315 1295 1412 1324 mea
1440 1283 1630 1325 calamus
1658 1282 1831 1333 scribae,
1862 1283 1886 1309 *

1068 1341 1275 1382 velociter
1303 1339 1541 1381 scribentis.

1118 1396 1350 1449 Speciosus
1384 1395 1523 1436 forma
1554 1408 1647 1448 prae
1679 1395 1778 1436 filiis
1811 1395 1885 1436 ho-

1066 1454 1239 1502 minum,
1268 1451 1424 1493 diffusa
1452 1457 1517 1493 est
1537 1452 1676 1502 gratia
1693 1452 1738 1492 in
1759 1451 1886 1493 labiis

1066 1510 1166 1551 tuis:
1181 1510 1450 1562 *propterea
1469 1507 1691 1550 benedixit
1707 1513 1751 1550 te
1765 1508 1885 1550 Deus

1067 1567 1110 1607 in
1139 1568 1358 1607 aeternum.

1119 1623 1361 1672 Accingere
1388 1620 1533 1672 gladio
1566 1625 1643 1662 tuo
1671 1633 1802 1674 super
1829 1621 1886 1663 fe-

1068 1693 1165 1721 mur
1191 1684 1323 1728 tuum,
1351 1678 1374 1704 *
1401 1677 1711 1730 potentissime,

1119 1735 1271 1788 Specie
1298 1739 1373 1776 tua
1396 1739 1439 1776 et
1465 1733 1784 1786 pulchritudine
1810 1703 1886 1776 tua

1067 1794 1090 1819 *
1126 1791 1317 1841 intende,
1351 1793 1563 1844 prospere
1599 1790 1806 1843 procede,
1843 1796 1886 1833 et

1067 1862 1210 1900 regna.

1117 1906 1305 1958 Propter
1323 1904 1562 1953 veritatem,
1583 1908 1626 1945 et
1642 1907 1885 1946 mansuetu-

1069 1962 1223 2012 dinem,
1252 1966 1296 2003 et
1323 1961 1540 2013 justitiam:
1572 1960 1596 1986 *
1629 1965 1672 2002 et
1699 1959 1887 2002 deducet

1067 2024 1111 2061 te
1138 2017 1391 2060 mirabiliter
1419 2016 1599 2059 dextera
1623 2021 1709 2058 tua.

1121 2075 1298 2126 Sagittae
1333 2079 1420 2116 tuae
1447 2076 1601 2123 acutae,
1627 2073 1779 2126 populi
1805 2072 1885 2115 sub

1068 2137 1112 2174 te
1141 2130 1307 2181 cadent,
1334 2131 1358 2157 *
1385 2131 1429 2171 111
1456 2129 1590 2172 corda
1615 2130 1887 2171 inimicorum

1070 2200 1194 2239 regis.

1123 2243 1257 2286 Sedes
1276 2249 1351 2285 tua
1368 2243 1488 2284 Deus
1514 2243 1558 2283 111
1580 2241 1786 2283 saeculum
1809 2242 1886 2282 536-

1074 2301 1173 2342 culi:
1199 2301 1223 2326 *
1250 2300 1371 2351 virga
1399 2298 1645 2341 directionis
1675 2298 1797 2348 virga
1823 2309 1886 2338 re-

1072 2358 1144 2409 gni
1169 2357 1243 2399 tui.

1121 2413 1322 2455 Dilexisti
1346 2411 1559 2464 justitiam,
1587 2415 1631 2452 et
1657 2409 1787 2451 odisti
1812 2410 1886 2450 1111-

1073 2471 1296 2522 quitatem:
1306 2470 1329 2495 *
1339 2469 1572 2521 propterea
1583 2466 1704 2507 unxit
1714 2471 1757 2508 te
1767 2466 1887 2508 Deus

1071 2527 1190 2568 Deus
1217 2531 1316 2567 tuus
1350 2525 1447 2566 oleo
1475 2523 1637 2564 laetitiae
1669 2535 1761 2575 prae
1789 2535 1886 2564 con-

1071 2582 1259 2624 sortibus
1286 2581 1381 2623 11115.

1124 2637 1309 2691 Myrrha,
1337 2642 1380 2678 et
1406 2640 1537 2686 gutta,
1566 2640 1609 2677 et
1637 2635 1753 2676 casia
1775 2647 1800 2675 a
1818 2646 1887 2675 ve-

1069 2694 1279 2738 stimentis
1298 2693 1393 2743 11115,
1411 2705 1436 2734 3
1452 2691 1651 2734 domibus
1670 2690 1887 2734 eburneis:
