2040 2944
606 204 648 237 In
673 204 797 237 Festis
820 204 861 238 Β.
886 204 1017 238 Mariae
1042 204 1084 238 V.
1109 215 1177 248 per
1202 215 1349 239 annum.

1730 207 1819 251 [135]

142 303 284 345 cellas:
306 303 331 329 *
358 306 458 344 ante
484 302 639 344 faciem
665 301 838 353 frigoris
865 302 954 354 ejus

143 360 237 412 quis
256 357 505 400 sustinebit?

190 416 370 457 Emittet
388 414 570 456 verbum
592 428 731 464 suum,
759 419 803 456 et
823 414 955 467 lique-

140 471 269 513 faciet
296 484 361 513 ea:
380 471 403 498 *
427 470 548 513 flabit
578 471 754 524 spiritus
782 471 885 523 ejus,
914 475 957 512 et

141 529 275 570 fluent
294 540 430 580 aquae.

193 585 276 635 Qui
298 584 522 625 annuntiat
543 583 724 626 verbum
747 596 871 625 suum
889 584 914 624 J
916 596 956 624 a·

142 641 240 683 cob:
250 642 274 667 *
284 641 476 693 justitias,
491 644 534 682 et
547 639 703 692 judicia
718 652 796 681 sua
811 639 958 680 Israel.

192 698 293 739 Non
315 697 417 739 fecit
438 696 582 738 taliter
604 696 721 737 omni
738 696 916 737 nationi:
934 696 958 721 *

144 759 187 796 et
204 753 361 806 judicia
379 766 457 794 sua
474 765 562 794 non
579 752 868 794 manifestavit
887 752 958 793 eis.

195 817 295 857 Ant.
322 813 531 866 Speciosa
552 813 666 855 facta
685 825 731 854 es
751 817 794 854 et
814 812 959 853 suavis

143 873 188 912 in
214 870 380 912 deliciis
406 869 510 919 tuis,
543 874 694 910 sancta
721 869 804 910 Dei
833 869 958 910 Geni-

143 927 241 969 trix.

247 997 504 1050 Capitulum.
594 998 722 1038 Eccli.
738 999 801 1038 24.
818 999 856 1039 b.

216 1057 245 1099 b
273 1056 395 1098 initio
424 1060 468 1098 et
494 1060 594 1097 ante
627 1055 787 1097 saecula
815 1057 961 1097 creata

253 1126 358 1163 sum,
380 1117 423 1155 et
442 1125 580 1165 usque
599 1111 655 1154 ad
673 1112 864 1153 futurum
884 1113 960 1152 sae-

145 1170 289 1212 culum
310 1182 399 1211 non
425 1169 635 1218 desinam,
665 1172 707 1210 et
730 1168 774 1209 in
798 1167 960 1210 habita-

145 1228 264 1268 tione
280 1230 429 1268 sancta
443 1238 591 1267 coram
604 1225 700 1277 ipso
711 1224 961 1266 ministravi.

449 1299 655 1350 Hymnus.

350 1373 403 1402 ve
420 1360 552 1401 maris
571 1359 706 1409 stella,

391 1416 476 1458 Dei
493 1416 633 1457 Mater
653 1415 775 1466 alma,

324 1474 471 1526 Atque
491 1485 662 1525 semper
680 1472 830 1525 Virgo,

323 1530 446 1572 Felix
464 1529 565 1571 coeli
582 1533 720 1582 porta.

275 1600 456 1641 Sumens
474 1597 581 1639 illud
599 1599 695 1639 Ave

327 1654 545 1697 Gabrielis
565 1666 652 1704 ore,

325 1710 478 1752 Funda
496 1723 577 1751 nos
596 1711 639 1751 in
657 1723 777 1763 pace,

325 1768 497 1809 Mutans
515 1767 653 1809 Hevae
671 1779 839 1808 nomen.

276 1836 406 1879 Solve
424 1835 567 1878 vincla
584 1836 680 1886 reis,

325 1892 479 1934 Profer
496 1892 642 1934 lumen
661 1892 798 1943 caecis,

327 1949 442 1991 Mala
460 1953 608 1990 nostra
626 1948 751 2001 pelle,

325 2007 450 2048 Bona
468 2010 623 2047 cuncta
641 2017 786 2058 posce.

275 2077 471 2118 Monstra
488 2079 532 2116 te
552 2086 647 2116 esse
663 2078 856 2123 matrem,

327 2132 476 2174 Sumat
493 2143 572 2184 per
590 2134 633 2172 te
651 2142 815 2183 preces,

327 2188 411 2238 Qui
428 2199 508 2240 pro
527 2185 652 2228 nobis
671 2190 807 2236 natus,

328 2244 447 2286 Tulit
466 2255 562 2285 esse
580 2247 692 2284 tuus.

275 2313 412 2365 Virgo
433 2311 672 2364 singularis,

327 2370 447 2411 Inter
467 2381 617 2410 omnes
634 2367 762 2417 mitis,

328 2425 423 2467 Nos
442 2425 580 2477 culpis
599 2423 766 2466 solutos

328 2482 457 2524 Mites
476 2482 543 2523 fac
564 2486 607 2522 et
627 2485 782 2521 castos.

281 2548 429 2592 Vitam
445 2554 608 2603 praesta
625 2561 788 2602 puram,

332 2607 421 2648 Iter
439 2620 545 2660 para
562 2611 713 2655 tutum,

330 2663 390 2705 Ut
407 2663 603 2705 videntes
622 2663 646 2703 J
650 2675 780 2711 esum,

331 2719 511 2772 Semper
531 2719 806 2762 collaetemur.

1131 303 1197 345 Sit
1215 303 1309 344 laus
1328 303 1424 344 Deo
1443 302 1574 352 Patri,

1184 359 1360 400 Summo
1382 358 1553 400 Christo
1575 358 1719 408 decus,

1185 415 1363 467 Spiritui
1381 420 1543 464 sancto,

1185 471 1344 513 Tribus
1363 471 1504 513 honor
1522 484 1644 512 unus.
1671 471 1822 512 Amen.

1063 531 1113 584 V.
1133 536 1323 587 Dignare
1346 549 1416 578 me
1441 535 1619 578 laudare
1643 541 1703 585 te,
1727 535 1822 577 Vir-

1008 605 1064 644 go
1093 595 1273 634 sacrata.
1317 592 1367 643 Rr.
1394 593 1463 634 Da
1489 592 1594 633 mihi
1620 593 1823 633 virtutem

1009 654 1161 690 contra
1178 649 1327 691 hostes
1347 654 1457 690 tuos.

1062 715 1133 756 Ad
1158 715 1327 765 Magnis.
1369 715 1467 754 Ant.
1504 714 1662 755 Sancta
1688 714 1823 754 Maria

1009 771 1032 796 *
1053 773 1256 811 succurre
1278 770 1463 820 miseris,
1489 772 1586 822 juva
1607 769 1824 823 pusillani-

1009 839 1116 876 mes,
1148 826 1295 868 refove
1322 825 1504 876 flebiles,
1539 839 1615 868 ora
1642 839 1723 879 pro
1751 828 1825 878 po-

1010 883 1130 936 pulo,
1155 883 1367 924 interveni
1385 896 1465 935 pro
1491 883 1625 932 clero,
1648 883 1826 924 interce-

1011 939 1066 981 de
1085 952 1166 992 pro
1192 939 1352 981 deveto
1378 939 1562 981 femineo
1588 951 1707 980 sexu:
1735 941 1827 980 sen-

1011 996 1120 1038 tiant
1152 1009 1302 1038 omnes
1333 1000 1455 1037 tuum
1487 997 1700 1048 juvamen,
1740 996 1827 1047 qui-

1013 1056 1198 1104 cumque
1230 1052 1449 1095 celebrant
1479 1057 1598 1094 tuam
1635 1056 1828 1093 sanctam

1012 1109 1302 1151 festivitatem.

1343 1175 1504 1216 Oratio.

1015 1233 1255 1341 Concede
1274 1246 1353 1275 nos
1372 1234 1556 1275 famulos
1575 1239 1689 1284 tuos,
1716 1235 1829 1286 quae-

1111 1304 1259 1332 sumus
1292 1291 1478 1332 Demine
1508 1291 1646 1341 Deus,
1679 1292 1829 1343 perpe-

1013 1353 1089 1390 tua
1127 1347 1283 1389 mentis
1326 1352 1369 1389 et
1409 1347 1604 1399 corporis
1646 1347 1831 1388 sanitate

1013 1403 1217 1456 gaudere:
1242 1409 1284 1445 et
1307 1403 1496 1455 gloriosa
1517 1403 1659 1445 beatae
1681 1403 1830 1444 Mariae

1014 1473 1186 1513 semper
1217 1460 1409 1511 Virginis
1446 1459 1770 1509 intercessione,
1806 1471 1831 1500 a

1013 1517 1222 1570 praesenti
1240 1516 1415 1558 liberari
1433 1516 1622 1566 tristitia,
1646 1519 1689 1557 et
1709 1517 1830 1557 aeter-

1014 1586 1070 1614 na
1093 1573 1256 1625 perfrui
1281 1572 1442 1614 laetitia.
1480 1572 1564 1613 Per
1586 1572 1831 1613 Deminum.

1063 1640 1125 1673 Ad
1150 1639 1449 1682 Complctorium
1478 1644 1513 1673 ct
1537 1640 1663 1674 Horas
1688 1640 1726 1673 in
1755 1640 1826 1673 fine

1012 1687 1250 1731 Hymnorum
1274 1687 1427 1721 dicitur:

1066 1744 1089 1783 J
1092 1755 1179 1791 esu,
1197 1739 1277 1782 tibi
1295 1740 1351 1781 sit
1367 1739 1514 1791 gleria,

1118 1797 1202 1848 Qui
1220 1801 1347 1838 natus
1367 1808 1414 1837 es
1435 1796 1489 1838 de
1506 1797 1696 1848 Virgine,

1119 1855 1224 1896 Cum
1243 1855 1383 1904 Patre,
1403 1858 1446 1895 et
1464 1853 1576 1895 almo
1595 1853 1767 1906 Spiritu,

1117 1913 1167 1954 In
1190 1911 1455 1964 sempiterna
1477 1909 1645 1952 saecula.
1681 1910 1831 1952 Amen.

1175 2001 1261 2042 Ad
1287 1999 1671 2041 matutinum.

1067 2072 1190 2112 invit.
1232 2071 1390 2112 Sancta
1422 2069 1558 2111 Maria
1591 2068 1672 2109 Dei
1705 2068 1830 2110 Geni-

1016 2129 1101 2171 trix
1118 2128 1272 2178 Virgo,
1288 2129 1310 2153 *
1337 2124 1565 2167 Intercede
1588 2136 1668 2177 pro
1694 2123 1830 2166 nobis.

1066 2184 1132 2224 Ps.
1168 2185 1332 2233 Venite,
1360 2181 1633 2224 exsultemus.
1659 2181 1695 2221 2.

1320 2248 1527 2299 Hymnus.

1151 2321 1252 2350 uem
1269 2313 1395 2357 terra,
1413 2310 1583 2360 pontus,
1603 2305 1746 2347 sidera

1170 2364 1336 2414 Colunt,
1364 2362 1556 2412 aderant,
1581 2361 1830 2415 praedicant,

1118 2421 1296 2462 Trinam
1314 2421 1535 2470 regentem
1552 2417 1806 2467 machinam,

1120 2477 1363 2519 Claustrum
1381 2475 1529 2516 Mariae
1547 2473 1719 2526 bajulat.

1068 2547 1146 2588 Cui
1164 2547 1275 2595 luna,
1295 2545 1370 2595 sol,
1390 2549 1434 2586 et
1453 2544 1596 2585 omnia

1117 2602 1378 2644 Deserviunt
1397 2613 1476 2653 per
1494 2602 1703 2652 tempora,

1119 2659 1299 2701 Perfusa
1318 2657 1419 2699 coeli
1436 2656 1586 2708 gratia,

1120 2716 1305 2757 Gestant
1326 2713 1484 2767 puellae
1502 2715 1677 2754 viscera.
