2040 2944
186 173 254 218 [52]

186 282 289 311 ecce
332 269 415 310 alia
443 269 650 321 -quinque
687 267 1014 320 superlucratus

186 339 292 368 sum.
329 327 458 367 Intra.

243 392 397 434 Bcncd.
431 387 685 438 Unigenitus
703 387 790 429 Dei
807 387 953 429 Filius.

335 467 397 505 l)e
415 461 616 514 Epistola
635 460 692 502 ad
711 461 869 503 Titum.

288 535 437 575 Lectio
462 533 500 573 ii.
700 534 802 585 Cap.
823 535 852 573 1.
868 533 906 574 b.

269 591 418 642 portet
461 588 576 630 enim
616 589 874 640 episcopum
923 587 1015 629 sine

289 645 468 687 erimine
488 657 595 694 esse,
615 644 727 686 sicut
740 643 825 686 Dei
844 643 1015 697 dispen-

185 704 393 745 satorem:
425 714 514 743 non
538 700 791 754 superbum,
822 713 911 742 non
935 700 1015 742 ira-

186 758 387 809 cundum,
405 771 493 800 non
512 757 794 807 vinolentum,
813 770 901 798 non
920 770 1015 810 per-

186 818 427 866 cussorem,
468 828 556 857 non
587 814 729 866 turpis
756 813 866 855 lucri
898 814 1016 867 cupi-

186 873 305 915 dum:
345 872 424 914 sed
451 871 733 924 hospitalem,
770 870 1017 922 benignum,

186 930 395 979 sobrium,
428 930 602 981 justum,
635 932 849 978 sanctum,
883 927 1016 969 conti-

185 989 379 1037 nentem,
417 985 757 1038 amplectentem
786 997 901 1034 eum,
944 984 1018 1036 qui

186 1043 427 1085 secundum
454 1042 699 1084 doctrinam
727 1046 808 1091 est,
842 1040 1018 1082 fidelem

188 1102 449 1142 sermonem:
477 1103 525 1140 ut
544 1103 703 1151 potens
725 1098 781 1139 sit
796 1097 1019 1139 exhortari

186 1157 230 1198 in
255 1156 455 1199 doctrina
481 1167 603 1205 sana,
634 1159 677 1196 et
697 1167 790 1204 eos,
821 1154 894 1206 qui
919 1166 1017 1195 con-

187 1213 417 1263 tradicunt,
433 1215 627 1264 arguere.
642 1211 751 1253 Sunt
765 1211 880 1252 enim
893 1210 1020 1253 multi

189 1271 320 1312 etiam
347 1268 668 1318 inobedientes,
700 1267 943 1319 vaniloqui,
977 1272 1020 1309 et

189 1327 462 1370 seductores:
481 1324 671 1366 maxime
687 1324 761 1376 qui
776 1323 832 1366 de
848 1324 1021 1366 circum·

190 1384 353 1426 cisione
381 1387 495 1424 sunt:
531 1393 642 1434 quos
669 1382 847 1434 oportet
872 1380 1019 1422 redar-

189 1441 277 1493 gui:
306 1439 380 1492 qui
404 1438 630 1480 universas
659 1437 816 1479 domos
842 1436 1019 1479 subver-

189 1502 302 1546 tunt,
340 1495 550 1538 docentes
580 1507 678 1547 quae
710 1506 799 1536 non
832 1495 1020 1547 oportet,
1077 1502 1079 1504 '

190 1554 331 1607 turpis
350 1552 459 1594 lucri
477 1551 628 1603 gratia.

241 1616 290 1656 R„
328 1610 445 1651 Ecce
473 1607 682 1650 sacerdos
709 1619 909 1658 magnus,
948 1606 1022 1659 qui

190 1668 234 1708 in
259 1659 414 1709 diebus
440 1666 529 1707 suis
553 1665 719 1718 placuit
738 1665 851 1706 Deo:
867 1670 889 1693 *
912 1663 1021 1705 Ideo

191 1722 467 1776 jurejurando
506 1722 610 1764 fecit
649 1721 772 1763 illum
807 1719 1022 1762 Dominus

193 1782 392 1823 crescere
410 1780 454 1821 in
471 1778 648 1832 plebem
667 1791 802 1820 suam.
818 1779 868 1829 Y.
884 1777 1022 1818 Bene-

194 1837 431 1880 dictionem
459 1835 653 1877 omnium
681 1835 874 1886 gentium
901 1832 1023 1875 dedit

192 1894 269 1945 illi,
306 1899 350 1936 et
376 1894 688 1936 testamentum
714 1905 842 1933 suum
869 1890 1023 1932 confir-

193 1951 329 1993 mavit
347 1963 480 2003 super
500 1953 633 2002 caput
653 1949 756 2000 ejus.
783 1947 903 1990 Ideo.

250 2013 406 2055 Bened.
435 2010 622 2064 Spiritus
642 2009 781 2051 sancti
798 2008 948 2060 gratia.

299 2081 449 2122 Lectio
471 2081 522 2120 iii.
758 2082 861 2132 Cap.
882 2082 917 2120 2.

194 2137 302 2242 Tu
339 2146 486 2184 autem
518 2141 701 2194 loquere
735 2153 833 2193 quae
867 2140 1026 2182 decent

308 2211 459 2241 sanam
495 2197 759 2240 doctrinam:
808 2197 943 2239 Senes
978 2202 1026 2239 ut

197 2256 331 2298 sobrii
351 2255 446 2305 sint,
466 2254 626 2307 pudici,
652 2253 904 2308 prudentes,
933 2253 1026 2295 sani

196 2313 240 2353 in
259 2312 357 2362 fide,
384 2312 430 2353 in
458 2311 704 2361 dilectione,
721 2311 776 2362 ‘in
799 2310 1026 2363 patientia:

197 2370 320 2410 Anus
357 2368 553 2410 similiter
588 2368 632 2409 in
669 2367 822 2409 habitu
861 2372 1025 2417 sancto,

196 2438 285 2467 non
305 2425 631 2474 criminatrices,
658 2437 746 2466 non
766 2423 904 2466 multo
924 2423 1026 2465 vino

199 2482 449 2531 servientes,
476 2481 589 2523 bene
609 2481 835 2523 docentes:
860 2485 908 2522 ut
927 2493 1026 2533 pru-

200 2538 391 2581 dentiam
433 2537 620 2580 doceant
667 2536 1027 2586 adolescentulas,

198 2601 246 2638 ut
281 2594 398 2636 viros
433 2607 536 2635 suos
570 2599 730 2645 ament,
770 2594 885 2636 filios
922 2605 1027 2634 suos

201 2652 393 2703 diligant,
408 2650 660 2704 prudenteS,
675 2655 830 2700 castas,
847 2649 1027 2699 sobriaS‚

202 2709 359 2751 domus
382 2720 531 2750 curam
553 2707 779 2757 habentes,
806 2707 1027 2757 benignas,

684 180 894 214 Commune
920 178 1167 213 confessoris
1190 176 1399 211 Pontificis.

1068 266 1267 310 subditas
1299 266 1404 307 viris
1436 266 1542 317 suis,
1582 271 1632 310 ut
1662 279 1751 309 non
1783 267 1895 309 blas-

1067 323 1299 377 phemetur
1341 321 1525 364 verbum
1558 323 1653 365 Dei.
1704 324 1895 366 Juvenes

1068 380 1265 422 similiter
1288 379 1465 421 hortare
1486 384 1535 422 ut
1555 379 1690 422 sobrii
1709 380 1806 423 sint.
1843 381 1894 422 In

1069 436 1270 479 omnibus
1317 437 1508 489 teipsum
1552 436 1705 489 praebe
1755 439 1895 479 exem-

1067 494 1190 547 plum
1208 493 1426 536 bonorum
1446 495 1646 546 operum,
1673 493 1718 534 in
1735 493 1896 536 doctri-

1067 564 1133 600 na,
1152 551 1195 592 in
1215 550 1475 601 integritate,
1496 550 1540 591 in
1558 550 1784 602 gravitate,
1802 564 1896 593 ver-

1067 607 1173 650 bum
1190 620 1354 656 sanum,
1373 606 1771 659 irreprehensibile:
1787 612 1836 650 ut
1849 607 1897 657 is,

1070 664 1144 717 qui
1164 677 1218 706 ex
1236 663 1424 705 adverso
1445 668 1522 713 est,
1549 665 1765 713 vereatur,
1791 663 1898 705 nihil

1068 720 1236 763 habens
1255 719 1417 762 malum
1437 719 1583 762 dicere
1602 719 1658 762 de
1676 719 1814 762 nobis.

1119 788 1168 848 R'·
1186 782 1210 824 J
1211 782 1356 824 uravit
1365 781 1591 831 DominuS,
1607 786 1651 823 et
1665 794 1754 823 non
1768 782 1899 834 poeni-

1068 839 1179 881 teb1t
1204 851 1317 880 eum:
1339 844 1361 867 *
1387 838 1458 880 Tu
1482 851 1528 880 es
1550 837 1759 880 sacerdos
1779 838 1824 879 in
1843 851 1898 880 ae-

1069 897 1242 938 ternum
1260 894 1502 938 secundum
1517 894 1715 936 ordinem
1729 894 1900 937 Melchi-

1070 952 1243 995 sedech.
1270 950 1319 1002 Υ.
1342 952 1465 993 Dixit
1478 951 1692 993 Dominus
1707 951 1899 994 Domino

1069 1022 1188 1059 meo,
1215 1008 1330 1051 Sede
1354 1021 1380 1050 a
1404 1007 1571 1050 dextris
1593 1008 1714 1051 meis.
1750 1008 1820 1050 Tu
1839 1021 1898 1052 es.

1071 1066 1223 1109 Gloria
1241 1066 1372 1108 Patri.
1408 1065 1478 1106 Tu
1498 1077 1555 1107 es.

1303 1150 1350 1188 In
1370 1150 1420 1189 ΙΙ.
1440 1150 1662 1191 Nocturno.

1122 1215 1220 1255 Ant.
1245 1214 1531 1254 Invocantem
1545 1212 1569 1238 *
1585 1210 1808 1254 exaudivit
1820 1211 1903 1252 Do-

1071 1268 1213 1333 minus
1233 1274 1433 1312 sanctum
1451 1282 1589 1319 suum,
1611 1268 1706 1309 Dfis
1728 1266 1902 1310 exaudi-

1073 1330 1134 1368 v1t
1154 1338 1264 1376 eum,
1290 1331 1334 1368 et
1353 1325 1580 1368 constituit
1599 1338 1699 1367 eum
1717 1325 1762 1366 in
1780 1336 1902 1378 pace.

1359 1395 1556 1436 I'salmus
1575 1397 1612 1435 4.

1081 1461 1264 1516 “²'fk42ssum
1294 1456 1549 1497 invocarem
1578 1454 1802 1497 exaudivit
1833 1467 1903 1496 me

1078 1546 1089 1568 ¹.
1119 1555 1174 1570 ψ
1207 1513 1329 1554 Deus
1353 1512 1530 1564 justitiae
1554 1524 1681 1554 meae:
1708 1513 1733 1540 *
1759 1511 1804 1552 in
1830 1511 1902 1553 tri-

1081 1566 1182 1593 ²²²³³³²
1207 1569 1431 1611 bulatione
1451 1567 1645 1611 dilatasti
1662 1568 1778 1609 mihi.

1124 1626 1334 1668 Miserere
1352 1626 1448 1678 mei,
1463 1626 1487 1652 *
1507 1630 1551 1668 et
1570 1624 1730 1667 exaudi
1744 1624 1903 1667 oratio-

1074 1696 1175 1725 nem
1193 1695 1347 1725 meam.

1126 1740 1225 1781 Filii
1256 1739 1484 1781 hominum
1514 1742 1746 1792 usquequo
1783 1738 1905 1790 gravi

1076 1794 1232 1839 corde?
1261 1797 1284 1822 *
1312 1801 1361 1838 ut
1393 1795 1500 1848 quid
1532 1795 1710 1846 diligitis
1741 1794 1904 1836 vanita-

1076 1858 1176 1903 tem,
1205 1858 1249 1895 et
1269 1853 1464 1905 quaeritis
1482 1850 1784 1895 mendacium?

1128 1911 1184 1952 Et
1221 1909 1378 1952 scitote
1415 1909 1622 1962 quoniam
1658 1907 1907 1950 mirificavit

1076 1967 1292 2009 Dominus
1315 1971 1516 2008 sanctum
1538 1978 1680 2008 suum:
1705 1965 1729 1991 *
1755 1964 1905 2006 Domi-

1076 2037 1158 2066 nus
1191 2023 1399 2066 exaudiet
1429 2035 1500 2065 me
1528 2035 1628 2064 cum
1656 2021 1904 2063 clamavero

1078 2080 1134 2123 ad
1154 2093 1264 2123 eum.

1130 2137 1388 2187 Irascimini,
1422 2141 1466 2178 et
1492 2136 1628 2178 nolite
1654 2135 1855 2188 peccare:
1882 2135 1907 2162 *

1079 2207 1178 2247 quae
1203 2194 1346 2236 dicitis
1370 2194 1414 2235 in
1438 2192 1646 2235 cordibus
1666 2191 1836 2240 vestris,
1862 2191 1906 2231 in

1078 2250 1293 2293 cubilibus
1312 2249 1471 2292 vestris
1495 2247 1847 2301 compungimini.

1129 2307 1382 2350 Sacrificate
1421 2305 1683 2348 sacrificium
1718 2303 1907 2356 justitiae,

1079 2369 1123 2406 et
1149 2366 1326 2417 sperate
1354 2364 1398 2404 in
1424 2362 1626 2405 Domino.
1645 2361 1670 2387 *
1691 2360 1819 2402 Multi
1847 2359 1907 2402 di-

1079 2426 1196 2463 cunt:
1225 2421 1332 2472 Quis
1350 2418 1544 2462 ostendit
1562 2417 1690 2460 nobis
1707 2416 1848 2459 bona?

1131 2478 1359 2529 Signatum
1386 2481 1454 2518 est
1484 2487 1617 2527 super
1648 2486 1730 2516 nos
1761 2473 1907 2515 lumen

1079 2535 1226 2577 vultus
1249 2534 1313 2576 tui
1334 2531 1538 2575 Domine:
1565 2532 1590 2558 *
1617 2530 1778 2572 dedisti
1801 2530 1907 2572 laeti-

1080 2593 1187 2634 tiam
1204 2591 1248 2632 in
1267 2589 1402 2632 corde
1421 2600 1531 2630 meo.

1132 2649 1173 2689 A
1197 2647 1340 2688 fructu
1366 2644 1586 2693 frumenti,
1618 2644 1721 2694 vini,
1755 2647 1799 2685 et
1823 2643 1908 2684 olei

1081 2706 1147 2747 sui
1165 2706 1189 2733 *
1207 2701 1483 2755 multiplicati
1503 2706 1613 2742 sunt.
