2040 2944
511 186 621 221 Dom.
646 186 711 220 III.
736 186 837 229 Sept.
873 186 1039 236 'Septem
1062 186 1250 220 Dolorum
1275 187 1315 221 B.
1341 187 1386 220 Μ.
1411 187 1454 220 Υ.

1778 189 1848 225 295

439 282 649 334 Hymnus.

215 346 290 398 φῖ)
315 346 424 393 quot
442 342 572 384 undis
591 342 879 393 lacrimarum,

268 421 284 436 s
324 399 421 449 Quo
441 397 596 440 dolore
616 398 819 450 volvitur,

263 454 487 497 Luctuosa
507 455 563 497 de
582 457 765 498 cruento

260 512 387 562 Dum,
407 512 631 555 revulsum
649 513 809 566 stipite,

263 568 412 611 Cernit
429 569 543 611 ulnis
560 570 842 612 incubantem

261 625 402 677 Virgo
420 626 563 669 Mater
580 627 734 669 filium!

207 693 271 733 Os
291 693 437 742 suave,
455 693 562 734 mite
580 697 749 745 pectus,

258 747 316 789 Et
333 747 448 790 latus
468 748 779 799 dulcissimum,

258 804 588 859 Dexteramque
606 807 890 856 vulneratam,

258 861 316 903 Et
334 861 555 905 sinistram
574 864 779 914 sauciam,

257 918 315 960 Et
332 919 488 962 rubras
509 923 664 962 cruore
684 921 858 974 plantas

257 975 397 1026 AEgra
415 977 542 1030 tingit
560 977 765 1019 lacrimis.

190 1041 476 1094 ·Centiesque
495 1042 743 1095 milliesque

257 1096 441 1149 Stringit
459 1099 592 1140 arctis
611 1099 797 1141 nexibus

257 1153 419 1196 Pectus
438 1154 557 1206 illud,
579 1161 623 1198 et
640 1156 842 1205 lacertos,

257 1209 339 1252 Illa
358 1211 453 1263 figit
471 1212 665 1255 vulnera:

258 1267 418 1320 Sicque
437 1273 532 1311 tota
553 1269 829 1322 colliquescit

257 1323 308 1364 In
329 1323 495 1366 doloris
516 1326 690 1368 osculis.

207 1389 286 1441 Eja
304 1389 457 1440 Mater,
477 1390 762 1433 obsecramus

257 1445 342 1487 Per
361 1450 459 1488 tuas
478 1446 558 1489 has
577 1448 793 1500 lacrimas,

257 1501 443 1556 Filiique
466 1505 593 1547 triste
611 1506 750 1556 funus,

257 1559 589 1614 Vulnerumque
607 1566 860 1616 purpuram,

257 1617 388 1659 Hunc
405 1618 469 1659 tui
489 1618 635 1660 cordis
656 1618 857 1662 dolorem

261 1672 413 1716 Conde
432 1675 596 1716 nostris
615 1675 835 1718 cordibus.

204 1738 317 1779 Esto
335 1738 468 1789 Patri,
486 1739 700 1793 Filioque,

258 1793 315 1836 Et
333 1797 487 1837 coaevo
507 1795 704 1846 Flamini,

256 1850 367 1893 Esto
387 1865 569 1894 summae
588 1853 792 1897 Trinitati

257 1908 531 1961 Sempiterna
549 1910 699 1961 gloria,

257 1963 315 2005 Et
332 1965 538 2016 perennis
558 1966 664 2017 laus,
683 1967 914 2020 honorque

257 2021 368 2071 Hoc,
387 2026 431 2063 et
450 2022 569 2063 omni
589 2024 763 2066 saeculo.

440 2078 594 2121 Amen

174 2132 225 2184 V.
270 2138 441 2190 Regina
476 2139 721 2194 Martyrum
757 2155 836 2184 ora
871 2156 954 2196 pro

127 2193 266 2237 nobis.
296 2197 348 2247 R.
377 2195 487 2246 Quae
512 2198 632 2249 juxta
655 2211 830 2241 crucem
851 2200 877 2241 J
879 2212 957 2242 esu

129 2251 374 2294 constitisti.

176 2312 250 2354 Ad
263 2313 437 2364 Magnis.
466 2314 566 2354 Ant
599 2313 748 2357 Nolite
766 2329 836 2358 me
855 2329 954 2358 con-

130 2365 339 2418 siderare,
365 2369 486 2422 quod
503 2370 627 2412 fusca
645 2371 742 2421 sim,
764 2373 866 2424 quia
885 2371 956 2414 de-

130 2422 345 2466 coloravit
369 2438 439 2467 me
463 2426 547 2476 sol,
574 2426 652 2467 filii
674 2428 827 2469 matris
845 2441 956 2470 meae

129 2482 434 2530 pugnaverunt
452 2487 607 2524 contra
624 2496 706 2524 me.

460 2543 623 2584 Oratio.

128 2591 310 2697 Deus,
337 2597 383 2639 in
409 2599 530 2650 cujus
555 2600 777 2652 passione,
805 2603 954 2641 secun-

227 2651 331 2693 dum
340 2653 555 2696 Simeonis
564 2656 856 2709 prophetiam,
869 2656 955 2697 dul·

131 2707 351 2750 cissimam
374 2710 561 2753 animam
583 2712 790 2763 gloriosae
813 2687 955 2764 V'irgi-

1014 282 1081 323 nis
1115 287 1159 325 et
1189 284 1343 326 Matris
1373 285 1526 327 Mariae
1559 286 1725 329 doloris
1757 288 1845 340 gla-

1016 337 1114 380 dius
1141 339 1440 392 pertransivit.
1472 343 1668 386 concede
1697 347 1844 397 propi-

1013 395 1114 446 tius;
1134 401 1183 438 ut
1198 397 1273 449 qui
1290 397 1467 440 dolores
1484 400 1575 451 ejus
1590 401 1844 443 venerando

1013 452 1264 503 recolimus,
1288 454 1508 523 passionis
1531 461 1621 498 tuae
1641 457 1845 499 effectum

1013 507 1186 551 felicem
1205 513 1540 563 consequamur:
1561 513 1645 563 Qui
1664 514 1786 555 vivis.

1063 572 1213 607 Dcindc
1238 574 1279 607 fit
1303 584 1499 608 commem.
1524 575 1676 609 Domin.

1068 630 1129 663 Ad
1155 630 1460 674 Complctorium
1485 638 1521 666 et
1544 643 1613 675 per
1637 632 1775 667 Horas.
1802 633 1840 665 in

1011 676 1084 711 fine
1110 678 1249 722 Hymn.
1276 680 1417 714 dieitur

1067 730 1091 769 J
1094 743 1181 781 esu,
1201 731 1280 773 tibi
1300 732 1356 773 sit
1374 732 1523 783 gloria,

1117 787 1200 836 Qui
1222 801 1380 840 passus
1401 801 1448 830 es
1467 802 1549 842 pro
1570 791 1765 842 servulis,

1116 843 1225 885 Cum
1245 845 1376 886 Patre
1396 850 1440 887 et
1459 846 1574 887 almo
1594 847 1767 899 Spiritu,

1115 900 1166 941 In
1190 901 1458 954 sempiterna
1482 903 1656 945 saecula.
1690 906 1843 947 Amen.

1174 978 1262 1019 Ad
1289 978 1679 1023 Matutinum.

1064 1044 1190 1084 Invit.
1218 1043 1391 1083 Stemus
1410 1042 1529 1093 juxta
1549 1056 1723 1085 crucem
1744 1057 1842 1086 cum

1010 1096 1149 1137 Maria
1168 1096 1309 1139 Matre
1325 1098 1349 1138 J
1352 1111 1439 1149 esu,
1455 1100 1480 1124 *
1503 1099 1635 1152 Cujus
1655 1101 1843 1142 animam

1011 1152 1178 1194 doloris
1196 1154 1368 1205 gladius
1390 1157 1685 1208 pertransivit.

1062 1211 1131 1251 Ps.
1151 1212 1319 1262 Venite,
1339 1212 1618 1255 exsultemus.
1636 1215 1673 1254 2.

1316 1273 1527 1322 Hymnus.

1008 1323 1151 1430 Jam
1197 1333 1294 1370 toto
1343 1329 1513 1371 subitus
1560 1344 1720 1384 vesper
1772 1336 1842 1373 eat

1060 1442 1118 1483 Et
1131 1441 1198 1483 sol
1209 1386 1444 1484 attonIigffii
1453 1445 1703 1498 praecipitet
1715 1444 1841 1495 diem,

1061 1499 1179 1540 Dum
1200 1512 1333 1541 saevae
1349 1500 1499 1565 recolo
1515 1500 1754 1544 ludibrium
1770 1515 1841 1543 ne-

1112 1570 1405 1665 Divinamglde
1426 1615 1750 1668 catastrophen.

1008 1677 1261 1729 Spectatrix
1302 1677 1459 1720 aderas
1499 1680 1718 1733 supplicio
1760 1682 1839 1722 Pa-

1060 1789 1187 1830 Malis
1207 1789 1306 1841 uda,
1320 1748 1485 1842 {eg-{ns
1505 1805 1582 1834 cor
1600 1792 1839 1835 adamanti-

1059 1902 1202 1945 Natus
1221 1861 1424 1946 funelssgan
1415 1881 1633 1958 pendulus
1647 1906 1692 1947 in
1709 1919 1838 1948 cruce

1111 1959 1240 2002 Altos
1260 1960 1365 2002 dum
1383 1962 1572 2013 gemitus
1592 1961 1737 2004 dabat.

1011 2024 1213 2067 Pendens
1237 2031 1338 2068 ante
1363 2026 1516 2068 oculos
1539 2027 1696 2078 Natus,
1723 2030 1836 2069 atro-

1059 2138 1214 2179 Sectus
1233 2082 1501 2188 verssssffiuffi
1522 2139 1664 2181 Natus
1683 2139 1837 2182 hianti-

1058 2251 1224 2292 Fossus
1256 2194 1527 2301 vuiiiffiibus,
1567 2257 1676 2303 quot
1706 2266 1836 2305 pene-

1316 2308 1533 2351 trantibus

1109 2364 1181 2427 Te
1195 2364 1377 2406 confixit
1396 2364 1576 2407 aculeis!

1011 2431 1123 2473 Heu!
1156 2437 1301 2484 sputa,
1334 2432 1491 2486 alapae,
1519 2433 1718 2484 verbera,
1743 2435 1835 2477 vul-

1059 2544 1197 2595 Clavi,
1220 2544 1293 2595 fel,
1316 2502 1434 2596 ἓξὲξ
1451 2547 1653 2600 spongia,
1671 2547 1834 2596 lancea,

1057 2601 1175 2651 Sitis,
1210 2602 1359 2666 spina,
1382 2615 1526 2654 cruor,
1556 2617 1687 2656 quam
1714 2603 1834 2644 varia

1111 2713 1198 2755 Cor
1215 2671 1680 2767 preslgggltyramide!
