2040 2944
466 144 536 177 Die
563 143 611 176 12.
637 145 738 185 Sept.
786 142 927 182 Quinta
954 142 1015 176 dic
1043 142 1139 175 infra
1163 141 1243 176 Oet.
1267 142 1397 176 Nativ.
1422 142 1463 177 B.
1489 143 1535 177 M.
1560 142 1604 177 V.

171 238 311 289 gleria
355 242 398 278 et
440 236 778 285 firmamentum,
824 235 1001 277 assidue

171 307 253 346 pro
286 294 412 335 nobis
443 294 628 344 precare
660 292 811 333 Jesum
843 292 999 332 Filium

170 356 307 398 tuum,
346 355 389 391 et
424 349 662 390 Dominum
697 354 913 390 nostrum:
955 354 1002 390 ut

170 420 250 459 per
281 412 324 447 te
357 405 704 446 misericordiam
736 405 930 446 invenire
958 405 1001 444 in

170 462 240 504 die
267 462 429 515 judicii,
471 467 515 503 et
548 475 647 514 quae
675 462 873 514 repesita
901 466 1002 502 sunt

169 519 236 568 iis,
267 519 340 570 qui
365 518 550 569 diligunt
570 519 728 567 Deum,
758 518 876 560 bona
901 520 1000 559 6011-

170 575 293 627 sequi
314 577 554 627 possimus,
579 575 722 625 gratia
741 580 786 616 et
807 574 1000 624 benigni-

168 634 258 673 tate
290 632 470 672 Demini
510 632 651 673 nostri
683 632 788 672 Jesu
822 631 1001 673 Christi:

169 701 267 729 cum
305 701 392 740 quo
428 689 547 729 Patri
585 688 728 738 simul,
766 693 810 729 et
847 693 1000 729 sancto

167 745 347 797 Spiritui
366 745 524 796 glotia,
551 751 594 786 et
611 745 770 794 honor,
798 750 842 786 et
865 745 999 797 impe-

167 802 297 851 rium,
330 815 445 843 nunc
479 808 523 843 et
555 815 730 854 semper
761 803 806 842 in
838 802 1001 843 saecula

167 858 439 900 saeculorum.
467 858 621 900 Amen.

220 920 269 970 R.
314 915 533 956 Nativitas
570 920 645 956 tua
677 915 762 956 Dei
799 915 1000 956 Genitrix

167 972 305 1023 Virgo
349 971 556 1022 gaudium
600 972 873 1013 annuntiavit
909 973 999 1013 uni-

166 1031 295 1070 verso
319 1028 502 1070 mundo:
527 1033 549 1057 *
574 1029 641 1069 Ex
665 1034 709 1070 te
733 1029 847 1070 enim
876 1035 1000 1070 ortus

167 1091 234 1126 est
253 1085 321 1126 sol
341 1086 535 1136 justitiae,
563 1085 763 1127 Christus
783 1087 904 1127 Deus
924 1099 998 1128 no-

166 1148 270 1183 ster:
286 1146 306 1168 *
330 1143 413 1192 Qui
433 1142 609 1183 solvens
628 1142 999 1185 maledictiOnem:

166 1198 290 1240 dedit
326 1199 696 1241 benedictienem:
739 1206 783 1242 et
819 1201 997 1242 confan-

167 1254 276 1297 dens
299 1262 498 1306 mortem,
519 1255 700 1298 donavit
719 1257 847 1299 nobis
863 1259 1000 1299 vitam

166 1313 488 1365 sempiternam.
530 1310 581 1361 Y.
609 1314 852 1356 Benedicta
879 1320 927 1356 tu
955 1316 999 1356 in

165 1369 437 1419 mulieribus,
471 1376 514 1411 et
544 1370 803 1413 benedictus
832 1372 999 1414 fructus

167 1426 331 1466 ventris
350 1427 425 1467 tui.
458 1427 535 1467 Ex.
570 1427 720 1468 Gloria
739 1428 870 1469 Patri.
904 1429 999 1479 Qui.

388 1506 436 1543 In
458 1505 529 1544 ΠΙ.
551 1504 775 1544 Nocturno.

168 1562 322 1603 Lectio
343 1563 482 1604 sancti
505 1563 732 1614 Evangelii
755 1565 999 1607 secundum

449 1619 718 1662 Matthaeum.

245 1682 397 1723 Lectio
420 1683 486 1723 vii.
770 1684 872 1737 Cap.
890 1686 918 1724 1.

166 1734 340 1841 Liber
371 1744 667 1792 generationis
696 1745 801 1786 ιῘ6811
836 1744 999 1787 Christi

262 1796 339 1838 filii
357 1798 519 1849 David,
539 1799 617 1841 filii
635 1801 871 1843 Abraham.
908 1802 997 1844 Ab·

166 1852 316 1894 raham
343 1855 492 1905 genuit
517 1857 653 1898 Isaac.
695 1859 822 1900 Isaac
848 1865 997 1902 autem

165 1911 314 1959 genuit
332 1911 482 1953 Jacob.
509 1912 567 1955 Et
585 1914 763 1968 reliqua.

277 1983 341 2022 De
360 1982 553 2023 Homilia
574 1985 713 2026 sancti
733 1986 890 2028 Hilarii

469 2039 694 2093 Episcopi.

270 2105 479 2139 Comment.
499 2105 537 2139 in
554 2105 741 2149 Matthaei,
760 2117 843 2150 cap.
863 2107 890 2141 l.

167 2179 176 2213 3:
194 2195 206 2224 k
218 2173 350 2226 53522123
374 2164 509 2206 refert
534 2166 630 2217 quis
654 2167 698 2208 in
721 2169 901 2220 originis
920 2172 996 2211 nu-

172 2227 227 2274 25:3-
249 2217 289 2260 125
311 2233 433 2261 mero
462 2227 596 2274 atque
627 2223 780 2266 erdine
809 2225 995 2267 colloce-

232 2280 236 2283 '
281 2274 289 2287 '¹
310 2281 396 2326 tur,
425 2276 666 2321 dammodo
679 2281 997 2322 .univers6rum

163 2330 327 2373 familia
351 2339 499 2386 eoepta
524 2348 621 2377 esse
645 2337 915 2388 intelligatur
939 2337 995 2380 ab

163 2400 262 2428 uno.
306 2389 462 2442 Itaque
494 2404 594 2432 cum
627 2393 823 2445 ejusdem
853 2394 996 2437 tribus

163 2443 220 2485 sit
232 2444 256 2484 J
259 2446 398 2498 oseph
418 2452 461 2488 et
475 2447 624 2499 Maria,
644 2449 750 2491 dum
767 2451 995 2503 profectus

164 2513 261 2543 esse
303 2515 357 2543 ex
394 2503 587 2546 Abrahae
629 2508 790 2558 genere
826 2508 851 2548 J
855 2507 995 2560 oseph

163 2558 423 2610 ostenditur,
444 2561 645 2612 profecta
665 2576 844 2615 quoque
865 2562 993 2605 doce-

161 2619 231 2655 tur
250 2622 294 2657 et
308 2617 457 2658 Maria.
484 2619 596 2660 Haec
615 2623 731 2660 enim
748 2620 793 2661 in
810 2620 909 2671 lege
928 2623 993 2661 ra-

161 2671 223 2713 tio
243 2675 418 2716 servata
437 2680 522 2726 est,
547 2681 596 2717 ut
621 2676 659 2717 si
678 2679 880 2719 mortuus
899 2677 993 2719 sine

1055 236 1157 276 filiis
1189 235 1367 278 familiae
1399 237 1606 290 princeps
1639 243 1774 287 esset,
1814 237 1886 279 de-

1054 292 1191 333 functi
1240 294 1425 334 uxerem
1478 294 1700 346 posterior
1752 294 1887 336 frater

1055 348 1251 399 ejusdem
1265 350 1539 400 cognationis
1555 352 1788 403 acciperet,
1804 364 1889 392 sus·

1055 407 1301 457 ceptosque
1333 406 1450 447 filios
1482 406 1526 447 in
1559 406 1767 448 familiam
1795 408 1887 459 ejus

1055 462 1130 513 qui
1148 464 1348 504 mortuus
1369 468 1502 513 esset,
1522 463 1720 504 referret:
1743 476 1887 506 mane-

1054 520 1209 570 retque
1234 519 1294 560 ita
1320 520 1364 560 in
1387 520 1693 572 primogenitis
1717 533 1887 563 succes-

1054 575 1189 616 si6nis
1211 574 1337 626 ordo,
1363 589 1463 618 cum
1481 577 1619 629 patris
1639 581 1792 618 eorum
1812 578 1887 630 qui

1053 637 1158 684 post
1178 645 1225 673 se
1243 634 1334 674 nati
1355 638 1513 683 essent,
1534 638 1609 675 aut
1622 634 1798 676 nomine
1813 634 1887 676 ha-

1054 687 1273 739 berentur,
1294 694 1369 730 aut
1387 691 1560 741 genere.

1109 749 1159 801 R.
1181 745 1367 787 Beatam
1385 759 1456 788 me
1476 746 1625 790 dicent
1644 760 1797 789 omnes
1815 760 1886 798 ge-

1053 801 1320 843 nerationes:
1346 806 1370 831 *
1394 803 1507 853 Quia
1534 804 1637 846 fecit
1664 804 1770 845 mihi
1798 804 1886 845 Do-

1053 857 1385 910 minus‘magna
1419 861 1494 912 qui
1526 866 1685 913 potens
1721 865 1806 911 est,
1845 866 1888 903 et

1055 920 1255 956 sanctum
1279 928 1440 958 nomen
1467 917 1569 968 ejus.
1607 914 1658 966 V.
1682 918 1739 959 Et
1762 918 1887 959 mise-

1054 971 1246 1013 ricordia
1272 972 1363 1024 ejus
1388 986 1413 1014 a
1439 974 1648 1026 progenie
1668 974 1711 1015 in
1730 976 1886 1027 proge-

1053 1027 1148 1069 nies
1168 1028 1423 1070 timentibus
1443 1042 1555 1071 eum.
1583 1030 1706 1081 Quia.

1344 1090 1498 1131 Lectio
1520 1089 1602 1129 viii.

1124 1154 1290 1193 equens
1319 1142 1428 1184 illud
1456 1149 1541 1194 est,
1571 1149 1621 1185 ut
1651 1144 1753 1196 quia
1781 1143 1888 1185 dixi-

1130 1212 1228 1240 mus
1248 1199 1492 1242 secundum
1507 1213 1654 1242 rerum
1669 1200 1803 1242 fidem
1817 1213 1888 1251 ge-

1052 1256 1292 1297 nerationis
1320 1257 1446 1298 istius
1475 1256 1677 1299 Ordinem
1703 1270 1786 1299 nec
1812 1260 1887 1299 1111-

1052 1326 1176 1354 111610
1202 1313 1284 1355 sibi
1307 1327 1389 1355 nec
1414 1315 1695 1356 successione
1716 1317 1886 1357 consta-

1052 1383 1116 1420 re,
1151 1369 1277 1422 hujus
1305 1383 1483 1423 quoque
1508 1372 1572 1413 rei
1596 1371 1710 1413 ratio
1737 1370 1887 1413 affera-

1052 1431 1133 1467 tur.
1169 1427 1270 1468 Non
1295 1428 1411 1469 enim
1436 1428 1547 1470 levis
1573 1441 1705 1470 causa
1731 1433 1812 1479 est,
1838 1432 1888 1470 ut

1053 1483 1173 1525 aliud
1191 1483 1236 1524 in
1254 1484 1507 1527 narratione
1527 1485 1594 1535 sit,
1618 1484 1738 1527 aliud
1757 1485 1888 1527 fuerit

1051 1539 1095 1580 111
1109 1541 1262 1591 gestis:
1282 1547 1325 1582 et
1345 1541 1465 1583 aliud
1482 1542 1698 1583 referatur
1713 1542 1757 1582 in
1773 1555 1886 1583 sum-

1051 1609 1133 1646 ma,
1154 1597 1275 1640 aliud
1290 1611 1397 1640 vero
1414 1601 1619 1640 teneatur
1633 1599 1677 1640 in
1691 1601 1887 1640 numero.

1051 1653 1256 1706 Namque
1296 1655 1352 1698 ab
1384 1655 1612 1697 Abraham
1649 1668 1792 1708 usque
1830 1653 1888 1697 ad

1051 1711 1197 1753 David
1219 1711 1556 1764 quatuordecim
1579 1712 1887 1764 generationes

1051 1771 1294 1810 numeratae
1320 1774 1437 1810 sunt:
1465 1774 1510 1811 et
1534 1782 1560 1810 a
1578 1768 1726 1811 David
1745 1781 1887 1821 usque

1053 1824 1110 1866 ad
1129 1826 1560 1877 transmigratiOnem
1580 1825 1821 1878 Babylonis
1842 1825 1887 1866 in

1055 1881 1320 1934 quibusdam
1338 1883 1462 1924 libris
1477 1882 1631 1925 decem
1651 1887 1696 1924 et
1715 1887 1887 1935 septem

1053 1937 1454 1991 deprehendantur.
1497 1938 1587 1981 Sed
1610 1939 1655 1980 in
1683 1938 1770 1980 1106
1797 1951 1886 1981 11011

1051 1995 1272 2036 mendacii
1309 2001 1384 2038 aut
1419 1996 1700 2047 negligentiae
1733 1995 1887 2037 vitium

1052 2056 1129 2093 est.
1166 2052 1279 2094 Tres
1306 2052 1423 2094 enim
1448 2052 1755 2104 generationes
1773 2065 1885 2104 prae-

1050 2108 1194 2151 teritae
1236 2114 1347 2151 sunt.
1409 2110 1527 2151 Nam
1566 2110 1591 2151 J
1593 2122 1694 2150 oras
1735 2109 1887 2161 genuit

1052 2164 1310 2216 Ochoziam,
1345 2165 1564 2208 Ochozias
1595 2178 1702 2208 vero
1734 2166 1887 2216 genuit

1049 2222 1074 2263 J
1077 2235 1188 2273 oam,
1207 2223 1232 2263 J
1235 2235 1314 2264 oas
1330 2223 1490 2265 deinde
1506 2223 1743 2271 Amasiam‚
1763 2222 1887 2264 Ama-

1050 2281 1137 2320 sias
1163 2284 1311 2321 autem
1337 2280 1506 2322 Oziam:
1533 2284 1578 2321 et
1600 2279 1645 2320 in
1671 2277 1884 2320 Matthaeo

1049 2335 1072 2376 J
1076 2348 1177 2377 oras
1219 2336 1374 2378 Oziam
1417 2339 1622 2388 genuisse
1667 2334 1884 2385 scribitur,

1050 2405 1150 2434 cum
1183 2398 1365 2445 quartus
1395 2393 1452 2435 ab
1481 2405 1534 2435 eo
1563 2392 1630 2434 sit.
1683 2392 1784 2432 Hoc
1810 2391 1884 2441 ita,

1051 2449 1153 2501 quia
1167 2462 1222 2491 ex
1239 2449 1404 2491 Gentili
1418 2449 1579 2490 femina
1593 2449 1618 2490 J
1621 2460 1722 2490 oras
1740 2447 1883 2489 Ocho-

1048 2508 1162 2547 ziam
1180 2507 1340 2557 genuit,
1361 2519 1416 2548 ex
1434 2505 1588 2547 Achab
1610 2505 1788 2554 scilicet,
1808 2504 1884 2558 qui

1047 2563 1071 2604 J
1074 2563 1227 2605 ezabel
1244 2563 1399 2605 habuit
1418 2564 1613 2604 uxerem.

1103 2621 1153 2672 R.
1178 2620 1303 2663 Felix
1328 2631 1519 2671 namque
1547 2631 1612 2669 68,
1641 2631 1766 2660 83613
1784 2618 1882 2659 Vir-

1046 2691 1104 2729 go
1127 2678 1284 2728 Maria,
1313 2682 1357 2719 et
1382 2676 1501 2718 omni
1527 2674 1659 2718 laude
1684 2675 1882 2728 dignissi-
