2040 2944
174 159 273 204 [260]

174 258 377 298 neramur
395 256 440 297 in
455 256 597 305 terris,
614 256 676 297 ita
691 256 876 308 perenni
894 257 1003 308 ejus-

175 313 275 355 dem
307 313 531 354 consortio
562 313 729 365 perfrui
759 315 1006 355 mereamur

174 370 217 410 in
245 368 384 411 coelis:
414 369 498 419 Qui
526 369 648 411 vivis.

227 438 269 471 Et
296 439 334 471 fit
360 448 555 472 commem.
583 437 732 471 Domin.
759 448 903 472 oceurr.

447 503 515 539 Ad
538 503 740 540 Primam.

225 564 273 603 ln
295 564 344 615 R.
364 563 427 604 br.
453 559 502 610 V.
523 561 607 611 Qui
626 566 754 602 natus
775 574 822 603 es
843 561 898 603 de
914 561 1003 602 Ma-

173 618 236 657 ria
255 616 448 667 Virgine.

442 682 510 717 Ad
534 681 738 719 Tertiam.

224 742 323 781 Ant.
353 738 537 789 Cingulo
559 752 651 781 suo.

224 802 362 855 Capit.
389 799 650 851 Egredietur
668 801 803 852 virga.
823 800 935 853 [259]

224 864 274 916 R.
290 863 351 904 br.
373 861 529 913 Specie
548 867 624 903 tua
639 863 661 887 *
686 861 744 903 Et
762 861 1003 915 pulchritu-

172 916 273 958 dine
292 922 377 958 tua.
411 918 578 970 Specie.
612 914 662 966 V.
690 917 885 969 Intende,
904 921 1003 971 pro-

174 986 302 1026 spere
331 974 543 1027 procede,
573 979 616 1017 et
644 987 790 1026 regna.
826 975 883 1017 Et
910 975 1003 1028 pul-

174 1029 428 1072 chrit1'1dine.
462 1030 612 1073 Gloria
630 1032 762 1073 Patri.
789 1031 956 1084 Specie.

225 1090 272 1141 V.
311 1091 549 1143 AdJ'uvabit
585 1105 683 1134 eam
718 1092 840 1134 Deus
881 1092 1004 1134 vultu

174 1160 266 1189 suo.
309 1152 358 1203 R.
387 1149 508 1190 Deus
537 1149 582 1189 in
605 1147 751 1190 medio
782 1149 888 1201 ejuS‚
916 1161 1004 1190 non

174 1204 533 1246 commovebitur.

452 1279 519 1315 Ad
542 1278 730 1317 Sextam.

233 1340 329 1379 Ant.
359 1336 540 1378 Justitia.

225 1403 482 1454 Capitulum.
686 1407 814 1447 Eccli.
830 1409 895 1447 24.
914 1408 949 1449 b.

254 1470 271 1507 t
291 1466 353 1506 sic
376 1465 419 1505 in
440 1466 545 1507 Sion
563 1467 736 1509 firmata
761 1479 869 1517 sum,
895 1471 939 1508 et
962 1467 1005 1507 in

279 1522 458 1564 civitate
495 1523 770 1566 sanctificata
807 1523 1006 1565 similiter

174 1578 381 1631 requievi,
407 1583 451 1620 et
472 1579 516 1620 in
539 1580 784 1622 Jerusalem
806 1582 1006 1633 potestas

174 1648 282 1676 mea.
317 1636 373 1677 Et
395 1635 592 1677 radicavi
614 1637 658 1678 in
677 1638 846 1691 pepulo
870 1637 1005 1678 hono-

175 1691 356 1741 rificato,
382 1697 425 1734 et
448 1693 492 1733 in
516 1699 643 1745 parte
663 1694 748 1736 Dei
765 1694 852 1736 mei
870 1693 1006 1735 haere-

175 1748 290 1790 ditas
314 1748 445 1800 illius,
473 1755 517 1791 et
543 1750 587 1790 in
613 1750 886 1803 plenitudine
912 1763 1006 1792 san-

175 1807 348 1847 ctorum
367 1804 563 1848 detentio
572 1820 691 1848 mea.

226 1869 275 1919 Ra.
310 1867 372 1909 br.
416 1866 657 1919 Adiuvabit
693 1881 790 1910 eam
822 1875 845 1897 ¹⁸¹
884 1868 1007 1910 Deus

176 1921 299 1964 vultu
323 1935 415 1964 suo.
450 1923 701 1975 Adjuvabit.
732 1922 781 1974 V.
815 1925 938 1967 Deus
963 1925 1006 1965 in

176 1977 322 2020 medio
364 1980 472 2031 ejus,
516 1994 604 2022 non
646 1981 1007 2026 commovebitur,

176 2035 306 2076 Deus.
344 2035 496 2078 Gloria
527 2037 659 2079 Patri.
697 2037 947 2091 Adiuvabit.

223 2092 274 2144 Ys.
304 2097 450 2149 Elegit
475 2111 571 2140 eam
595 2099 732 2150 Deus,
759 2106 803 2142 et
825 2100 1006 2153 praeele-

177 2154 239 2203 git
258 2166 366 2196 eam.
390 2155 440 2207 R.
457 2155 508 2196 In
527 2155 815 2198 tabernaculo
834 2169 914 2198 suo
934 2156 1006 2197 ha·

179 2209 317 2252 bitare
338 2211 442 2253 facit
461 2224 568 2254 eam.

454 2286 521 2322 Ad
545 2287 730 2324 Nonam.

179 2342 403 2437 illiilxlrsitiph.
424 2344 625 2385 Sentiens
647 2345 1007 2387 vestimentorum

248 2457 505 2509 Capitulum.
673 2462 800 2503 Eccli.
816 2464 880 2503 24.
899 2463 935 2504 b.

227 2531 254 2558 n
279 2518 439 2570 plateis
465 2521 575 2564 sicut
599 2524 937 2577 cinmmOmum,
965 2533 1008 2568 et

247 2573 491 2617 balsamum
513 2583 802 2622 aromatizans
824 2581 1007 2625 odorem

181 2629 299 2672 dedi:
346 2633 468 2683 quasi
510 2635 686 2686 myrrha
725 2637 865 2680 electa
905 2639 1008 2681 dedi

181 2688 441 2730 suavitatem
467 2688 628 2732 odoris.

395 168 428 201 S
448 167 587 209 Angeli
606 166 791 201 Custodis
811 171 847 200 et
865 166 976 201 Feria
996 167 1039 200 11.
1058 167 1156 200 infra
1175 166 1255 200 Oct.
1273 167 1308 201 S.
1327 167 1468 209 Angeli
1486 167 1681 202 Custodis.

1113 259 1162 310 R.
1197 258 1259 299 br.
1304 257 1448 309 Elegit
1479 270 1578 300 eam
1607 259 1746 310 Deus,
1777 261 1800 286 *
1834 260 1892 302 Et

1057 314 1286 366 praeelegit
1315 327 1422 356 eam.
1462 315 1618 367 Elegit.
1663 311 1715 364 V.
1745 317 1798 358 In
1828 322 1890 359 ta-

1058 370 1296 413 bernaculo
1321 384 1403 413 suo
1428 371 1629 414 habitare
1654 372 1760 415 facit
1782 386 1891 416 eam.

1058 428 1115 470 Et
1137 427 1378 481 praeelegit.
1406 428 1560 471 Gloria
1578 429 1709 472 Patri.
1736 430 1891 482 Elegit.

1110 482 1161 534 V.
1194 484 1366 527 Diffusa
1403 490 1471 527 est
1505 485 1648 537 gratia
1681 486 1725 528 in
1761 486 1892 529 labiis

1058 541 1157 583 tuis.
1206 544 1257 594 R.
1298 543 1542 596 Propterea
1580 542 1808 586 benedixit
1847 548 1892 586 te

1059 598 1180 640 Deus
1207 599 1252 640 in
1280 600 1505 641 aeternum.

1265 672 1327 713 In
1349 672 1412 714 11.
1431 672 1684 725 vesperis.

1111 732 1248 766 Omnia
1274 736 1314 766 ut
1338 732 1376 766 in
1399 732 1426 766 I.
1443 732 1571 777 Vesp..
1594 739 1735 778 praeter
1852 772 1855 775 ,

1112 784 1182 826 Ad
1203 785 1377 833 Magnis.
1404 786 1503 826 Ant.
1528 783 1616 827 Sub
1635 789 1760 827 tuum
1778 796 1888 838 prae-
1910 789 1918 794 ⁴

1058 839 1218 881 sidium
1237 840 1524 892 confugimus,
1548 841 1892 884 clementissima

1058 897 1210 948 Virgo,
1234 897 1410 950 suscipe
1429 910 1522 948 nos,
1542 898 1672 940 unica
1690 910 1794 951 spes
1812 910 1889 939 no-

1058 958 1159 1004 stra,
1186 959 1230 996 et
1248 954 1411 996 nostris
1431 954 1653 997 delectare
1672 954 1890 997 laudibus.

1345 1030 1527 1061 -—-{<÷>-

1099 1102 1325 1165 FESTA
1368 1101 1851 1164 SEPTEMBRIS.

1372 1198 1375 1200 .
1390 1195 1435 1201 ,κα
1442 1195 1460 1201 ψ
1467 1195 1578 1202 2wa

1157 1219 1413 1280 xDominica
1431 1238 1464 1279 Ι.
1482 1237 1767 1291 Septembris.

1221 1303 1264 1343 S.
1283 1302 1466 1353 Angeli
1486 1302 1726 1344 custodis.

1142 1365 1294 1408 Duplex
1316 1365 1345 1398 2.
1372 1364 1511 1398 classis
1536 1374 1621 1398 cum
1646 1363 1804 1399 Octava.

1115 1421 1292 1455 Officium
1315 1422 1353 1455 in
1372 1421 1487 1455 Festo
1505 1421 1546 1455 fit
1562 1426 1602 1455 ut
1620 1421 1659 1454 in
1677 1419 1891 1463 Breviario,

1060 1470 1122 1504 die
1144 1470 1174 1503 2.
1198 1469 1388 1512 Octobris,
1419 1468 1494 1503 353.
1518 1469 1567 1503 ix.
1592 1469 1725 1503 Lectio
1751 1469 1892 1511 legitur

1060 1518 1106 1552 dc
1131 1518 1353 1553 Dominica.
1379 1517 1426 1551 de
1456 1527 1533 1560 qua
1561 1517 1602 1551 fit
1630 1527 1827 1552 commem.
1851 1517 1891 1551 in

1060 1567 1232 1610 utrisque
1256 1566 1374 1609 Vesp.
1399 1570 1435 1600 et
1459 1565 1578 1599 Laud.

1120 1652 1247 1694 Feria
1266 1651 1469 1695 Secunda
1488 1653 1599 1694 infra
1619 1652 1834 1694 Octavam

1211 1717 1254 1758 S.
1283 1716 1466 1767 Angeli
1493 1716 1739 1759 custodis.

1059 1833 1083 1868 d
1111 1784 1289 1867 Oglcmm
1316 1794 1386 1827 per
1411 1783 1598 1818 Octavam
1623 1783 1764 1819 dieitur
1787 1787 1829 1818 ut
1852 1783 1891 1817 in

1087 1834 1121 1868 ie
1179 1832 1261 1867 esti.

1110 1885 1153 1920 In
1182 1885 1209 1920 I.
1238 1885 1439 1919 Nocturno
1473 1885 1677 1919 Lectiones
1714 1885 1761 1919 de
1793 1883 1890 1919 Scri-

1060 1939 1171 1978 ptura
1203 1938 1442 1971 occurrente,
1476 1933 1656 1967 nimirum
1687 1933 1734 1968 de
1760 1933 1891 1968 Domi-

1059 1982 1146 2017 nica
1165 1982 1192 2016 Ι.
1211 1982 1325 2026 Sept„
1351 1982 1441 2026 quia
1463 1983 1547 2017 heri
1566 1993 1644 2017 non
1666 1987 1755 2017 sunt
1770 1982 1890 2017 lectae.

1293 2055 1342 2095 In
1370 2056 1420 2095 ΙΙ.
1445 2056 1669 2096 Nocturno.

1183 2118 1337 2159 Sermo
1366 2116 1506 2158 sancti
1532 2115 1768 2168 Augustini

1362 2172 1587 2225 Episcopi.

1145 2242 1225 2275 Lib.
1255 2242 1302 2275 11.
1329 2241 1375 2275 de
1401 2241 1514 2276 Civit.
1539 2241 1623 2284 Dei,
1648 2252 1731 2285 cap.
1755 2241 1807 2275 31.

1362 2298 1515 2339 Lectio
1538 2299 1589 2339 iv.

1065 2357 1278 2419 &ancti
1292 2357 1451 2409 Angeli
1470 2357 1527 2399 ad
1547 2370 1736 2410 quorum
1755 2357 1890 2399 socie-

1064 2413 1156 2479 ff}
1178 2416 1315 2456 tatem
1353 2419 1396 2456 et
1431 2415 1819 2465 congregationem
1847 2414 1891 2455 in

1065 2471 1152 2498 *⁰2
1179 2471 1260 2513 hae
1273 2471 1626 2524 peregrinatione
1640 2470 1891 2512 laboriosis-

1061 2528 1171 2569 sima
1186 2528 1469 2581 suspiramus,
1489 2527 1602 2569 sicut
1617 2527 1781 2570 habent
1794 2539 1890 2581 per-

1060 2583 1263 2626 manendi
1296 2584 1606 2633 aeternitatem,
1638 2584 1699 2626 ita
1731 2596 1891 2635 cogno-

1062 2641 1213 2682 scendi
1233 2641 1498 2687 facilitatem,
1522 2646 1566 2682 et
1585 2640 1890 2694 requiescendi

1061 2697 1329 2747 felicitatem3
1344 2697 1437 2739 sine
1453 2697 1711 2740 difficultate
1727 2698 1891 2750 quippe
