2040 2944
524 174 595 209 Die
622 176 671 211 16.
696 177 794 212 Nov.
819 197 831 202 -
858 180 907 214 19.
932 180 967 215 S.
989 182 1169 217 Pontiani
1193 184 1310 227 Papae
1336 190 1372 219 ct
1396 187 1501 221 Mart.

154 269 259 319 illis,
287 269 332 310 in
358 282 446 321 quo
472 269 693 312 Christum
717 274 983 326 contempla-

155 330 226 368 tus
246 330 328 376 est,
355 325 543 377 benigne
568 327 826 380 complexus
852 334 895 371 et
917 343 982 372 os-

156 382 343 432 culatuS,
369 382 519 424 divino
539 384 750 426 miraculo
779 385 982 428 eumdem

155 451 180 480 a
196 438 320 491 lepra
338 438 579 490 mundavit,
599 445 647 482 ut
666 442 815 483 vetera
833 441 981 484 Eccle-

155 495 233 537 siae
251 497 534 537 monumenta
551 498 778 538 testantur.
808 498 981 551 Episto-

154 551 210 593 1ae
235 551 291 593 ab
318 564 371 594 eo
398 552 577 605 scriptae
600 553 892 604 fragmentum
912 568 981 596 ex-

154 612 258 658 stat,
290 609 334 650 in
363 621 451 661 quo
482 609 750 652 luculentum
775 610 830 652 de
856 612 980 664 spiri-

153 665 262 706 tuali
292 665 554 716 cognatione
587 666 813 709 decretum
845 669 980 710 conti-

153 723 290 763 netur.
324 721 411 764 Ubi
437 721 615 764 demum
637 728 728 765 tres
754 737 891 766 annos
916 737 979 766 se-

152 777 307 828 disset,
332 791 387 820 ex
410 778 492 820 hac
510 779 601 821 vita
621 779 840 830 discessit,
866 794 979 823 anno

153 833 315 877 Christi
351 836 672 878 sexcentesimo
710 837 882 879 decimo
915 840 978 879 se-

151 890 303 943 ptimo,
322 896 366 934 et
384 891 584 944 sepultus
605 898 672 935 est
690 894 734 934 in
749 894 979 937 Vaticano.

204 951 255 1001 R.
281 948 372 990 Iste
393 953 460 990 est
480 950 565 1001 qui.

204 1011 249 1046 In
272 1012 338 1047 III.
362 1012 562 1048 Nocturno
579 1014 751 1048 Homilia
773 1015 813 1048 in
834 1015 978 1059 Evang.

151 1060 480 1142 ξῖἳῐὲιὲαρέτθὲῐε.
523 1062 570 1096 de
606 1062 742 1096 eodem
777 1063 980 1098 Communi

334 1182 419 1225 Die
439 1184 498 1224 16.
516 1182 792 1226 Novembris.

273 1241 420 1284 (Romae
435 1253 507 1287 pro
526 1244 640 1280 Clero
657 1245 858 1288 saeculari.)

316 1298 485 1341 Octava
504 1301 806 1343 Dedicationis

244 1357 474 1402 Basilieae
498 1360 567 1401 Se.
589 1360 880 1403 salvatoris.

476 1420 643 1466 Duplex.

201 1475 338 1511 Omnia
362 1482 404 1512 ut
428 1478 467 1512 in
492 1478 638 1513 Comm.
662 1479 836 1514 Dedicat.

332 1554 416 1597 Die
436 1556 496 1596 19.
514 1556 791 1599 Novembris

191 1642 194 1647 ·
233 1618 276 1660 S.
295 1618 529 1661 Pontiani
546 1622 683 1674 Papae
703 1627 747 1665 et
765 1623 891 1665 Mart.

477 1681 642 1726 Duplex.

200 1730 338 1767 Omnia
381 1733 429 1767 de
471 1733 676 1769 Communi
718 1736 831 1770 unius
866 1734 974 1771 Mart.

146 1783 287 1823 praeter
310 1782 524 1824 sequentia.

202 1831 366 1874 Oratio.
392 1834 707 1877 Infirmitatem.

197 1891 241 1926 In
269 1892 296 1928 Ι.
326 1893 528 1928 Nocturno
560 1894 765 1929 Lectiones
798 1896 844 1929 de
875 1896 972 1930 Scri-

145 1944 259 1983 ptura
283 1946 516 1977 occurrente.

375 2003 425 2042 In
444 2004 495 2043 ΙΙ.
515 2004 737 2043 Nocturno.

447 2067 600 2109 Lectio
621 2068 673 2109 iv.

154 2156 158 2184 3
189 2154 225 2183 ,ῥ’-ς,
263 2131 465 2174 ontianus
518 2134 745 2175 Romanus
799 2135 972 2187 praefuit

279 2187 492 2231 Ecclesiae
510 2189 767 2232 Alexandro
787 2191 970 2243 impera-

188 2243 255 2268 '·-ss³
278 2246 373 2286 tore
394 2246 469 2298 qui
486 2252 686 2288 sanctum
701 2247 970 2296 Pontificem,

143 2305 329 2353 propter
348 2301 597 2344 christianae
617 2304 721 2345 fidei
736 2303 970 2345 confessio-

143 2368 259 2406 nem,
295 2357 339 2398 in
370 2359 614 2401 Sardiniam
647 2360 835 2402 insulam
872 2373 969 2401 cum

144 2413 393 2466 Hippolyto
442 2416 702 2468 presbytero
747 2416 970 2467 relegavit.

145 2468 231 2510 Ubi
257 2470 294 2511 is
322 2484 403 2523 pro
431 2472 595 2515 Christi
618 2473 706 2514 fide
729 2473 876 2514 multis
903 2486 969 2515 ca-

142 2524 411 2568 lamitatibus
431 2529 636 2579 afflictus,
664 2529 968 2571 decimotertio

143 2581 368 2624 Kalendas
387 2585 645 2626 Decembris
665 2597 689 2626 e
707 2585 797 2626 vita
814 2585 968 2635 migra-

143 2637 216 2678 vit.
271 2639 376 2691 Ejus
407 2653 570 2693 corpus
600 2640 796 2683 Fabiano
823 2641 967 2682 Ponti-

142 2692 244 2746 fice,
275 2708 374 2737 cum
401 2697 521 2738 clero
550 2698 737 2738 Romam
765 2697 969 2746 delatum,

1035 277 1078 318 in
1117 281 1371 322 coemeterio
1407 282 1576 324 Callisti
1611 283 1682 324 via
1714 283 1860 337 Appia

1035 335 1274 389 sepelitur..
1311 336 1434 379 Sedit
1477 351 1615 380 annos
1662 341 1859 391 quatuor,

1034 402 1207 432 menses
1228 394 1431 443 quatuor,
1451 393 1545 435 dies
1565 395 1717 445 viginti
1738 396 1857 447 quin-

1036 458 1131 497 que.
1158 447 1281 490 Fecit
1301 449 1596 492 ordinationes
1617 451 1726 492 duas
1741 465 1856 493 men-

1034 515 1081 544 se
1100 503 1350 555 Decembri,
1376 506 1533 558 quibus
1554 508 1719 549 creavit
1738 521 1856 560 pres-

1032 557 1211 610 byteros
1256 574 1350 611 sex,
1397 562 1608 604 diaconos
1654 565 1856 616 quinque,

1033 617 1269 668 episcopos
1289 630 1368 669 per
1388 617 1561 660 diversa
1577 619 1675 661 loca
1695 633 1782 661 sex.

1090 680 1139 732 Ru
1161 681 1408 723 Honestum
1436 683 1537 724 feeit
1561 683 1682 724 illum
1707 685 1854 726 Domi-

1031 748 1127 785 nus,
1153 742 1196 778 et
1215 738 1451 780 custodivit
1470 752 1568 780 eum
1587 740 1641 781 ab
1661 741 1854 790 inimicis,

1032 796 1076 833 et
1103 805 1129 833 a
1161 793 1464 836 seductoribus
1490 797 1647 837 tutavit
1672 797 1806 838 illum:
1835 803 1856 824 *

1031 849 1087 890 Et
1118 847 1239 891 dedit
1274 850 1335 891 illi
1367 851 1608 893 claritatem
1635 855 1853 895 aeternam.

1038 897 1086 949 V.
1112 906 1440 959 Descenditque
1477 921 1575 949 cum
1608 909 1683 950 illo
1715 910 1759 950 in
1791 910 1851 950 fo-

1030 973 1173 1011 veam,
1210 967 1253 1004 et
1287 963 1331 1003 in
1363 964 1546 1007 vinculis
1579 977 1667 1006 non
1699 965 1851 1007 dereli-

1031 1017 1125 1069 quit
1143 1030 1252 1059 eum.
1280 1019 1347 1060 Et.

1034 1099 1186 1141 Sermo
1214 1101 1353 1142 sancti
1374 1102 1606 1153 Augustini
1632 1103 1852 1155 Episcopi.

1163 1170 1221 1206 De
1246 1172 1280 1206 S.
1307 1171 1513 1215 Cypriano,
1538 1183 1646 1208 serm.
1674 1174 1721 1208 12.

1337 1229 1487 1270 Lectio
1509 1243 1545 1269 V.

1035 1285 1322 1392 Sermonem
1358 1287 1491 1337 exigit
1528 1292 1617 1328 tam
1653 1293 1778 1338 grata
1809 1293 1853 1329 et

1114 1342 1321 1393 religiosa
1345 1342 1615 1394 solemnitas,
1645 1356 1730 1395 qua
1756 1357 1852 1396 pas-

1029 1400 1197 1441 sionem
1242 1399 1360 1441 beati
1406 1399 1610 1452 Martyris
1651 1401 1852 1441 Pontiani

1029 1455 1312 1498 celebramus.
1349 1455 1508 1497 Tristis
1534 1456 1690 1508 procul
1718 1456 1851 1498 dubio

1026 1517 1131 1555 tunc
1149 1512 1348 1554 Ecclesia
1367 1512 1464 1561 fuit,
1488 1525 1577 1553 non
1601 1512 1760 1554 damno
1785 1526 1851 1554 ca-

1028 1568 1186 1617 dentis,
1223 1568 1304 1610 sed
1342 1568 1561 1610 desiderio
1595 1568 1851 1618 recedentis,

1028 1638 1201 1677 semper
1221 1625 1402 1678 cupiens
1421 1624 1569 1666 videre
1587 1627 1850 1677 praesentem

1026 1686 1117 1723 tam
1135 1680 1299 1723 bonum
1317 1683 1533 1722 rectorem
1551 1686 1683 1733 atque
1702 1680 1850 1722 docto-

1027 1750 1130 1779 rem.
1162 1736 1250 1778 Sed
1275 1750 1385 1790 quos
1409 1737 1624 1778 afflixerat
1643 1737 1849 1778 sollicitu-

1028 1794 1086 1835 do
1105 1793 1369 1843 certaminis,
1395 1793 1622 1835 eonsolata
1640 1798 1707 1834 est
1726 1795 1847 1834 coro-

1010 1862 1081 1891 ·na
1114 1849 1305 1891 victoris.
1356 1850 1413 1891 Et
1444 1862 1557 1890 nunc
1587 1862 1675 1890 non
1707 1849 1848 1890 solum

1026 1907 1120 1947 sine
1155 1905 1243 1946 ulla
1278 1906 1472 1956 tristitia,
1524 1918 1675 1947 verum
1717 1905 1847 1946 etiam

1026 1975 1125 2004 cum
1155 1962 1319 2013 ingenti
1350 1961 1519 2012 laetitia,
1561 1966 1716 2003 cuncta
1749 1973 1846 2013 quae

1025 2024 1128 2060 tune
1143 2023 1267 2069 gesta
1277 2023 1388 2068 sunt,
1402 2018 1589 2068 legendo
1600 2017 1846 2059 recelimus:

1028 2074 1186 2127 dieque
1208 2075 1294 2116 isto
1318 2074 1508 2126 gaudere
1526 2073 1651 2114 nobis
1671 2074 1845 2114 conces-

1025 2144 1122 2172 sum
1141 2135 1224 2180 est,
1250 2143 1337 2171 non
1354 2130 1519 2172 timere.
1554 2129 1710 2181 Neque
1730 2129 1844 2169 enim

1024 2186 1307 2228 formidamus
1326 2185 1578 2228 terribiliter
1592 2185 1845 2230 venientem,

1023 2243 1103 2285 sed
1122 2245 1427 2295 exspectamus
1446 2241 1641 2282 hilariter
1663 2240 1843 2282 redeun-

1023 2304 1123 2341 tem.

1074 2363 1124 2414 R.
1154 2357 1431 2400 Desiderium
1463 2357 1618 2399 animae
1651 2358 1741 2409 ejus
1771 2356 1842 2398 tri-

1021 2415 1155 2458 buisti
1183 2415 1224 2456 ei
1250 2414 1453 2464 Domine,
1486 2419 1507 2443 *
1537 2414 1593 2455 Et
1620 2413 1841 2454 voluntate

1022 2471 1238 2513 labiorum
1266 2471 1355 2521 ejus
1382 2482 1469 2511 non
1497 2468 1706 2511 fraudasti
1733 2480 1840 2509 eum.

1022 2522 1071 2574 V.
1090 2527 1304 2576 Quoniam
1321 2526 1572 2578 praevenisti
1592 2538 1690 2567 eum
1708 2525 1751 2564 in
1770 2523 1839 2586 be:

1021 2582 1342 2624 nedictionibus
1369 2582 1625 2624 dulcedinis:
1656 2581 1839 2641 posuisti

1020 2640 1064 2680 in
1092 2638 1235 2690 eapite
1264 2639 1354 2688 eius
1382 2640 1587 2679 coronam
1613 2636 1667 2677 de
1694 2632 1839 2686 laplde

1020 2695 1228 2748 pretioso.
1255 2695 1322 2736 Et.
