2040 2944
778 172 814 205 ln
843 172 1094 206 Dedicatione
1123 172 1316 206 Ecclesiae.

192 269 321 317 scitis,
338 269 438 320 quia
451 269 638 320 cerpora
649 271 795 309 vestra
804 266 1016 319 templum

192 330 291 366 sunt
314 325 500 378 Spiritus
528 324 681 373 sancti,
715 325 789 376 qui
816 323 861 364 in
889 323 1015 365 vobis

192 380 281 422 est?
301 381 357 422 Et
372 381 482 430 ideo,
501 381 656 422 fratres
672 380 893 430 carissimi,
915 380 1016 432 quia

191 437 318 478 nullis
349 437 702 490 praecedentibus
740 437 904 478 meritis
936 449 1016 489 per

189 494 373 545 gratiam
397 494 481 536 Dei
513 494 751 536 meruimus
783 494 879 535 fieri
909 498 1014 535 tem-

189 550 309 602 plum
325 550 418 600 Dei,
439 556 649 604 quantum
665 552 900 604 pessumus
916 563 1015 592 cum

188 607 326 659 ipsius
346 607 563 660 adjutorio
578 608 839 658 laboremus,
858 620 912 648 ne
926 607 1014 648 Do—

188 664 329 705 minus
357 669 506 706 noster
534 665 578 705 in
605 665 770 717 templo
800 676 896 711 suo,
929 663 1014 704 hoc

190 725 270 770 est,
303 721 347 761 in
379 721 503 763 nobis
535 721 641 774 ipsis
674 721 866 762 inveniat
896 718 1015 772 quod

189 777 340 818 oculos
361 791 451 819 suae
470 778 708 829 majestatis
728 777 930 819 offendat.

246 835 294 885 Rg.
320 834 557 876 Orantibus
584 835 627 875 in
651 834 751 876 loco
778 835 879 884 isto,
905 835 926 857 *
942 834 1012 874 Di-

187 893 310 933 mitte
336 894 520 945 peccata
545 891 698 944 populi
723 892 786 933 tui
806 891 942 941 Deus,
972 897 1015 933 et

188 948 372 990 ostende
392 949 453 990 eis
468 949 583 989 viam
598 948 769 998 bonam,
789 960 868 1001 per
884 961 1015 1000 quam

190 1004 428 1055 ambulent,
461 1010 504 1047 et
537 1004 593 1046 da
624 1005 808 1056 glotiam
841 1005 885 1045 in
914 1005 1013 1046 loco

187 1061 284 1102 isto.
332 1056 380 1107 Y.
407 1062 490 1113 Qui
519 1062 633 1113 regis
661 1061 798 1103 Isra'el
826 1061 1013 1111 intende,

189 1119 262 1170 qui
300 1118 482 1160 deducis
515 1118 634 1160 velut
671 1131 800 1160 ovem
832 1118 1014 1171 Joseph,

190 1175 262 1227 qui
275 1175 403 1217 sedes
415 1188 547 1228 super
560 1175 803 1217 Cherubim.
818 1175 1014 1216 Dimitte.

246 1230 512 1271 ssencdictio.
536 1232 733 1273 Christus
751 1234 988 1285 perpetuae.

500 1288 650 1329 Lectio
672 1302 707 1327 v.

195 1339 317 1446 Sed
358 1345 655 1388 habitaculum
692 1346 839 1388 cordis
875 1347 1014 1388 nostri

278 1404 513 1444 evacuetur
541 1404 671 1453 vitiis,
704 1408 747 1445 et
779 1403 1013 1445 virtutibus

188 1458 424 1511 repleatur:
466 1460 694 1502 claudatur
734 1459 928 1509 diabolo,
971 1466 1014 1502 et

188 1515 409 1568 aperiatur
442 1516 631 1558 Christo:
672 1522 715 1558 et
750 1516 811 1558 ita
845 1516 1013 1558 labore-

186 1585 299 1622 mus,
340 1578 388 1614 ut
422 1573 548 1615 nobis
580 1573 796 1615 bonorum
830 1575 1014 1626 operum

187 1629 383 1671 clavibus
433 1630 604 1682 januam
654 1630 775 1681 regni
821 1630 1012 1672 eoelestis

187 1688 356 1738 aperire
380 1689 609 1739 possimus.
645 1687 764 1728 Sicut
789 1687 903 1729 enim
926 1700 1012 1728 ma-

186 1741 238 1783 lis
254 1742 472 1795 operibus,
489 1744 612 1796 quasi
630 1743 890 1796 quibusdam
905 1744 1012 1786 seris

186 1811 237 1840 ac
256 1799 464 1850 vectibus,
484 1801 586 1842 vitae
605 1800 731 1842 nobis
751 1802 877 1853 janua
897 1801 1010 1842 clau-

187 1855 316 1897 ditur:
342 1856 403 1897 ita
422 1856 588 1910 absque
608 1857 742 1899 dubio
761 1857 888 1899 bonis
907 1859 1008 1911 ope-

186 1911 305 1954 ribus
325 1915 528 1966 aperitur.
556 1915 612 1955 Et
630 1913 748 1963 ideo,
767 1914 923 1956 fratres
944 1927 1011 1956 ca-

186 1970 361 2019 rissimi,
416 1973 714 2024 unusquisque
764 1971 1013 2013 consideret

187 2026 498 2068 conscientiam
523 2040 661 2078 suam,
690 2032 733 2069 et
763 2027 938 2080 quando
965 2040 1011 2069 se

187 2082 344 2134 aliquo
378 2085 556 2126 erimine
598 2084 873 2126 vulneratum
915 2097 1010 2126 esse

187 2140 451 2191 cognoverit,
470 2141 592 2194 prius
613 2140 893 2190 orationibus,
913 2141 1011 2193 ieju—

186 2195 280 2246 niis,
301 2196 370 2238 vel
391 2197 678 2250 eleemesynis
698 2197 874 2239 studeat
892 2211 1011 2239 mun-

187 2251 292 2293 dare
312 2254 621 2296 conscientiam
637 2267 773 2305 suam3
794 2259 838 2296 et
852 2255 914 2296 sie
929 2255 1011 2295 Eu-

188 2307 436 2351 charistiam
455 2314 693 2363 praesumat
713 2313 924 2364 accipere.

247 2363 296 2414 R.
316 2365 353 2406 O
374 2379 504 2417 quam
523 2367 783 2409 metuendus
803 2372 869 2409 est
888 2367 1010 2409 locus

187 2420 282 2462 iste:
307 2421 459 2463 *Vere
482 2436 569 2464 non
590 2430 656 2465 est
675 2423 744 2465 hic
769 2423 902 2473 aliud,
931 2423 1012 2464 nisi

188 2476 344 2518 domus
363 2478 455 2528 Dei,
476 2485 519 2520 et
538 2485 666 2532 porta
686 2480 796 2522 coeli.
835 2473 881 2524 V.
901 2481 1011 2521 Haec

188 2538 253 2575 est
281 2533 437 2575 domus
465 2535 641 2577 Domini
668 2537 850 2578 firmiter
878 2535 1010 2578 aedifi-

187 2591 302 2639 cata,
338 2589 449 2632 bene
481 2591 660 2633 fundata
689 2598 756 2634 est
783 2607 914 2646 supra
943 2593 1010 2633 fir—

186 2659 301 2687 mam
321 2651 500 2699 petram.
527 2648 653 2690 Vere.

246 2700 406 2740 Bened.
436 2701 581 2754 Ignem
601 2705 667 2746 sui
686 2706 856 2746 amoris.

1372 268 1524 310 Lectio
1545 269 1597 309 vi.

1074 319 1153 426 Si
1173 323 1286 364 enim
1306 325 1549 375 agnoscens
1569 326 1738 366 reatum
1758 337 1894 374 suum,

1155 382 1248 434 ipse
1275 394 1321 422 se
1350 393 1375 421 a
1400 379 1547 422 divino
1573 380 1700 422 altari
1727 380 1893 423 subtra-

1068 439 1194 489 xerit,
1219 439 1307 480 cito
1327 437 1384 479 ad
1402 436 1716 489 indulgentiam
1736 437 1894 480 divinae

1067 494 1380 537 misericordiae
1407 494 1643 547 perveniet.
1680 494 1790 545 Quia
1815 495 1894 536 sic-

1068 557 1125 602 ut,
1146 552 1219 604 qui
1239 564 1286 593 se
1307 551 1484 600 exaltat,
1503 550 1814 602 humiliabitur3
1834 551 1895 592 ita

1069 622 1092 650 e
1112 609 1350 657 contrario,
1380 608 1454 659 qui
1474 620 1520 648 se
1540 607 1754 657 humiliat,
1780 607 1893 649 exal-

1067 665 1240 707 tabitur.
1269 665 1352 716 Qui
1372 665 1496 714 enim,
1516 664 1629 706 sicut
1644 664 1744 714 dixi,
1764 666 1894 715 agno-

1069 735 1195 764 scens
1215 725 1385 764 reatum
1404 734 1546 770 suum,
1574 721 1669 774 ipse
1693 733 1740 762 se
1759 720 1894 762 humi-

1067 778 1166 821 liter
1191 779 1245 821 ab
1269 778 1397 820 altari
1416 778 1626 819 Ecclesiae
1650 790 1732 830 pro
1754 790 1895 819 emen-

1070 834 1246 877 datiene
1261 835 1363 877 vitae
1378 836 1605 877 removere
1621 834 1820 884 voluerit,
1840 833 1895 876 ab

1068 893 1234 934 aeterno
1253 892 1328 933 illo
1350 897 1393 933 et
1413 891 1583 933 coelesti
1602 891 1804 932 convivio
1825 903 1894 932 ex·
1920 941 1927 949 .

1068 949 1379 990 communicari
1404 948 1578 1002 penitus
1603 961 1691 989 non
1715 947 1894 989 timebit.

1125 1006 1318 1058 R1.Mane
1339 1018 1522 1057 surgens
1541 1004 1678 1046 Jacob
1699 1003 1895 1056 erigebat

1067 1062 1260 1115 lapidem
1278 1062 1322 1103 in
1341 1062 1525 1111 titulum,
1544 1061 1730 1103 fundens
1750 1061 1894 1103 eleum

1068 1118 1272 1172 desuper,
1307 1123 1458 1160 votum
1488 1118 1609 1160 vovit
1638 1118 1846 1159 Domino:
1873 1118 1897 1143 *

1067 1176 1184 1218 Vere
1203 1176 1327 1218 locus
1346 1176 1429 1217 iste
1449 1180 1625 1217 sanctus
1647 1179 1723 1225 est,
1749 1179 1792 1216 et
1811 1187 1893 1225 ego

1066 1233 1326 1274 nesciebam.
1358 1229 1407 1280 V.
1429 1232 1626 1285 Cumque
1646 1231 1895 1283 evigilasset

1066 1289 1204 1332 Jacob
1225 1289 1280 1331 de
1300 1302 1466 1339 somno,
1486 1290 1555 1330 ait.
1583 1289 1712 1330 Vere.
1744 1287 1895 1329 Gloria

1066 1347 1196 1388 Patri.
1224 1346 1353 1388 Vere.

1284 1426 1332 1465 In
1359 1426 1429 1465 111.
1458 1425 1681 1464 Noctumo.

1124 1495 1223 1536 Ant.
1253 1494 1335 1544 Qui
1362 1493 1529 1536 habitat
1554 1494 1578 1518 *
1605 1493 1649 1534 in
1677 1492 1901 1546 adjuterio

1066 1550 1296 1600 Altissimi,
1321 1551 1363 1591 in
1387 1551 1663 1604 protectione
1685 1550 1769 1592 Dei
1794 1549 1895 1591 coeli

1066 1606 1420 1650 commorabitur.
1611 1603 1624 1611 ”

1125 1670 1287 1711 Quando
1310 1670 1392 1703 lucc
1414 1670 1499 1704 Ant.
1518 1669 1659 1703 dicitur
1676 1670 1838 1714 integra,
1863 1674 1899 1704 et

1075 1718 1127 1751 illi
1154 1729 1229 1752 non
1256 1718 1411 1752 additur
1435 1718 1471 1751 in
1496 1718 1568 1752 fine
1587 1717 1770 1760 Alleluia,
1808 1722 1897 1753 tunc

1073 1766 1255 1809 incipitur
1272 1766 1447 1800 Psalmus
1467 1766 1567 1800 idem
1585 1777 1606 1800 a
1624 1766 1793 1801 secundo
1808 1766 1899 1801 Ver-

1078 1826 1138 1848 su:
1166 1815 1273 1850 Dicet
1288 1815 1464 1850 Domino.

1338 1876 1537 1916 Psalmus
1558 1877 1630 1916 90.

1074 1958 1085 1978 ,s
1100 1952 1234 2012 ὠἺῪΔιιι
1258 1944 1427 1985 habitat
1452 1944 1495 1984 in
1521 1942 1736 2007 adjuterio
1760 1941 1890 2007 Altis:

1093 2002 1155 2045 ἅμ·
1204 2001 1310 2051 simi,
1321 2001 1398 2041 *in
1412 2001 1686 2053 protect1one
1696 1999 1779 2040 Del
1791 1998 1892 2040 coeh

1182 2057 1557 2099 commorabitur.
1590 2115 1593 2119 .

1072 2132 1243 2237 Dicet
1269 2139 1476 2181 Demino:
1503 2139 1741 2192 Susceptor
1769 2150 1892 2180 meus

1173 2209 1219 2237 es
1254 2201 1319 2246 tu,
1356 2201 1400 2238 et
1436 2196 1649 2247 reffigium
1684 2208 1845 2237 meum:
1868 2195 1890 2219 *

1066 2252 1184 2294 Deus
1204 2266 1327 2295 meus
1347 2252 1537 2306 sperabo
1556 2253 1599 2293 in
1619 2265 1729 2294 eum.

1117 2310 1333 2360 Quoniam
1369 2310 1463 2362 ipse
1499 2308 1702 2351 liberavit
1732 2321 1801 2349 me
1821 2307 1890 2349 ,de

1064 2365 1222 2418 laqueo
1256 2366 1523 2415 venantium,
1556 2366 1579 2390 *
1612 2369 1656 2406 et
1697 2377 1722 2405 a
1754 2364 1889 2405 verbo

1065 2424 1233 2475 aspero.

1116 2479 1315 2532 Scapulis
1341 2479 1431 2520 suis
1456 2477 1734 2520 obumbrabit
1754 2477 1848 2519 tibi:
1867 2478 1890 2503 *

1065 2541 1108 2577 et
1128 2536 1209 2577 sub
1228 2536 1381 2589 pennis
1401 2536 1492 2586 ejus
1512 2534 1721 2587 sperabis.

1115 2594 1248 2634 Scuto
1261 2590 1549 2634 circumdabit
1559 2596 1602 2632 te
1614 2591 1774 2632 veritas
1786 2592 1890 2643 ejus:

1064 2650 1087 2674 *
1106 2662 1194 2690 non
1212 2638 1386 2691 timeb‘is
1405 2661 1431 2689 a
1449 2648 1606 2688 timore
1626 2651 1854 2697 nocturno,

1116 2707 1157 2746 A
1177 2707 1336 2757 sagitta
1354 2704 1528 2746 volante
1549 2704 1590 2744 in
1610 2703 1695 2754 die,
1715 2717 1741 2745 a
1759 2707 1889 2755 nego-
