2040 2944
570 166 641 199 Dic

149 264 291 315 virgo,
327 275 415 304 non
450 262 663 315 peccavit.
718 260 981 303 Tribulatie·

150 332 251 361 nem
269 324 417 361 tamen
437 319 579 360 carnis
597 318 823 360 habebunt
838 317 981 368 hujus-

150 374 284 417 modi.
347 376 442 426 Ego
486 378 634 416 autem
669 374 798 416 vobis
833 385 981 425 parco.

149 432 250 473 Hoc
275 434 426 483 itaque
445 431 562 480 dico,
588 431 759 472 fratres:
784 430 981 482 Tempus

149 488 283 530 breve
310 493 391 530 est:
417 487 635 539 reliquum
658 492 742 537 est,
770 492 819 528 ut
843 490 886 528 et
907 486 981 537 qui

149 543 313 586 habent
337 546 517 593 uxeres,
544 547 770 595 tamquam
795 555 883 584 non
907 541 980 583 ha-

147 600 304 642 bentes
324 601 423 642 sint:
449 605 493 641 et
514 600 589 652 qui
607 599 728 649 flent,
753 603 980 650 tamquam

147 669 237 698 non
263 657 434 698 flentes:
461 661 506 698 et
531 655 607 708 qui
630 655 842 706 gaudent,
873 660 979 696 tam-

150 726 282 765 quam
297 725 386 754 non
400 711 657 763 gaudentes:
673 716 717 753 et
732 711 807 763 qui
822 715 981 760 emunt,

148 774 374 821 tamquam
397 781 486 810 non
508 767 805 821 possidentes:
834 773 878 809 et
906 768 981 819 qui

148 828 329 868 utuntur
346 825 433 867 hoc
451 824 627 874 mundo,
647 829 874 876 tamquam
891 837 980 865 non

148 884 340 924 utantur:
355 882 555 935 praeterit
570 881 684 923 enim
698 881 839 932 figura
854 881 980 933 hujus

147 938 309 981 mundi.

198 997 250 1048 R.
283 995 573 1036 Cantantibus
600 995 776 1046 organis
803 994 980 1036 Caecilia

149 1051 272 1102 virgo
309 1052 352 1092 in
386 1051 521 1093 corde
559 1065 640 1093 suo
671 1051 756 1092 soli
786 1051 978 1093 Demmo

149 1107 424 1158 decantabat,
445 1107 609 1150 dicens:
625 1112 647 1135 *
672 1108 771 1149 Fiat
784 1108 882 1149 Dfie
903 1121 980 1149 cor

147 1177 295 1205 meum
319 1169 362 1206 et
381 1178 544 1218 corpus
562 1178 710 1206 meum
728 1164 978 1206 immacula-

147 1225 254 1270 tum,
276 1225 325 1262 ut
343 1234 431 1263 non
451 1220 707 1263 confundar.
738 1218 787 1270 V.
819 1220 963 1262 Bidua

147 1277 214 1318 nis
234 1283 278 1320 et
292 1277 506 1320 triduanis
522 1278 690 1330 jejuniis
707 1290 848 1326 oranS,
864 1290 979 1319 com-

148 1334 387 1377 mendabat
401 1336 502 1376 Dfio
520 1334 641 1387 quod
655 1334 850 1376 timebat.
870 1335 968 1375 Fiat

454 1394 608 1435 Lectio
628 1394 667 1433 ii.

240 1448 312 1490 olo
346 1453 493 1490 autem
524 1461 605 1490 vos
644 1448 737 1490 sine
771 1448 978 1489 sollicitu-

252 1503 354 1547 dine
374 1517 483 1546 esse.
518 1505 603 1554 Qui
627 1504 720 1546 sine
743 1506 882 1546 uxore
902 1510 969 1546 est

148 1561 362 1603 sollicitus
406 1566 474 1603 est
512 1575 610 1614 quae
647 1562 826 1602 Demini
863 1566 964 1603 sunt

149 1618 374 1670 quemodo
393 1618 569 1671 placeat
586 1619 697 1660 Deo.
731 1619 815 1668 Qui
834 1623 980 1660 autem

148 1687 248 1715 cum
271 1676 411 1716 uxere
436 1679 520 1724 est,
548 1674 761 1716 sollicitus
787 1679 855 1716 est
881 1688 980 1726 quae

151 1736 253 1772 sunt
305 1731 473 1780 mundi,
527 1730 752 1783 quemodo
806 1730 981 1783 placeat

149 1787 293 1837 uxori,
313 1792 357 1829 et
376 1787 544 1829 divisus
564 1793 642 1829 est.
670 1788 726 1829 Et
743 1787 930 1828 malier‘
918 1801 979 1828 1n—

149 1846 306 1896 nupta,
341 1849 385 1885 et
413 1844 538 1894 virgo
571 1843 736 1894 cegitat
765 1856 864 1896 quae
891 1844 978 1885 Do-

149 1899 254 1940 mini
273 1905 389 1950 sunt,
412 1905 462 1942 ut
481 1900 537 1942 sit
555 1905 707 1942 sancta
726 1902 915 1952 corpore
937 1905 982 1942 et

149 1956 316 2019 spiritu.
351 1932 460 2007 Q⁷uae
481 1960 629 1998 autem
647 1961 784 2009 nupta
803 1961 886 2006 est,
909 1958 979 1998 co-

148 2011 258 2062 gitat
291 2025 391 2064 quae
420 2018 521 2055 sunt
552 2012 719 2063 mundi,
753 2013 979 2065 quemodo

149 2067 325 2120 placeat
345 2071 451 2110 viro.
478 2069 619 2110 Porro
637 2068 724 2110 hoc
743 2068 801 2110 ad
819 2068 978 2110 utilita-

148 2129 238 2165 tem
253 2130 446 2167 vestram
465 2125 580 2167 dico:
600 2139 688 2168 non
707 2131 755 2168 ut
773 2126 980 2178 laqueum

149 2181 276 2223 vobis
294 2182 493 2233 injiciam,
514 2183 594 2224 sed
613 2183 670 2225 ad
689 2183 745 2230 id,
767 2184 888 2236 quod
906 2183 980 2225 ho-

149 2239 322 2280 nestum
358 2245 441 2289 est,
487 2245 531 2281 et
568 2240 689 2292 quod
725 2240 980 2282 facultatem

148 2294 347 2345 praebeat
372 2296 465 2337 sine
490 2296 806 2349 impedimento
830 2297 979 2338 Domi-

148 2363 251 2391 num
269 2350 542 2394 obsecrandi.

197 2410 248 2461 Rv.
286 2407 323 2449 Ο
353 2408 484 2450 beata
512 2409 702 2459 Caecilia,
737 2422 836 2461 quae
868 2409 979 2451 duos

149 2462 306 2504 fratres
327 2466 595 2515 convertisti,
623 2465 902 2507 Almachium
920 2466 978 2517 ju-

150 2517 293 2560 dicem
320 2522 555 2573 superasti,
577 2524 598 2546 *
635 2521 862 2563 Urbanum
891 2524 979 2573 epi-

150 2588 335 2628 scopum
360 2577 404 2617 in
429 2578 553 2619 vultu
580 2578 779 2629 angelico
800 2577 977 2619 demon-

149 2631 309 2673 strasti.
333 2629 384 2681 V.
408 2634 544 2684 Quasi
559 2634 654 2686 apis
669 2636 979 2684 argumentosa

149 2687 339 2729 Demino
360 2687 602 2732 deservisti.
631 2690 868 2732 Urbanum.

949 1167 957 1176 r

946 1452 954 1461 t

971 1537 979 1554 7

972 1593 980 1611 7

666 166 716 198 252.
745 166 841 199 Nov.
889 167 923 199 S.
950 165 1119 199 Caeciliae
1147 166 1249 208 Yirg.

1277 172 1311 199 ct
1337 167 1443 199 Mart.

1341 264 1492 303 Lectio
1514 264 1566 302 iii.

1037 318 1119 425 Si
1149 321 1246 374 quis
1275 326 1422 362 autem
1449 324 1624 372 turpem
1653 332 1700 361 se
1729 318 1868 361 videri

1123 378 1344 420 existimat
1387 389 1520 429 super
1561 376 1728 426 virgine
1771 389 1866 425 sua,

1037 434 1158 488 quod
1177 435 1234 476 sit
1255 433 1557 486 superadulta,
1584 437 1628 474 et
1653 432 1713 474 ita
1738 434 1865 484 oper-

1035 496 1100 533 tet
1118 491 1229 532 fieri:
1249 489 1370 542 quod
1388 489 1482 531 vult
1501 489 1646 530 faciat:
1665 501 1753 530 non
1767 501 1866 541 pec-

1036 552 1122 597 cat,
1152 547 1189 588 si
1216 546 1361 588 nubat.
1402 545 1518 586 Nam
1544 545 1619 597 qui
1645 544 1798 586 statuit
1823 545 1867 586 in

1036 602 1172 645 corde
1195 615 1276 644 suo
1300 602 1469 651 firmus,
1495 614 1584 642 non
1608 601 1775 642 habens
1795 614 1866 643 ne-

1037 660 1303 708 cessitatem,
1331 660 1601 712 potestatem
1624 662 1771 699 autem
1793 658 1865 699 ha-

1035 716 1144 758 bens
1171 729 1262 757 suae
1291 714 1548 766 voluntatis,
1577 718 1621 756 et
1647 713 1733 755 hoc
1760 714 1864 766 judi-

1036 773 1151 814 cavit
1174 773 1218 813 in
1247 771 1382 813 corde
1409 784 1507 820 suo,
1536 772 1712 811 servare
1738 772 1865 822 virgi-

1034 842 1134 870 nem
1154 842 1287 878 suam,
1307 828 1420 870 bene
1438 827 1551 869 facit.
1579 827 1717 877 Igitur
1733 833 1776 869 et
1792 829 1865 880 qui

1034 885 1312 926 matrimomo
1337 885 1474 935 jungit
1493 884 1706 934 virginem
1730 897 1865 935 suam,

1035 941 1147 983 bene
1173 942 1291 983 facit:
1318 946 1363 983 et
1390 941 1465 993 qui
1489 953 1577 982 non
1603 941 1753 992 jungit,
1778 943 1864 982 me-

1034 998 1117 1038 lius
1143 998 1257 1039 facit.
1298 997 1456 1039 Malier
1482 997 1660 1048 alligata
1686 1002 1753 1039 est
1778 998 1865 1048 legi

1036 1060 1200 1107 quanto
1253 1057 1453 1107 tempore
1499 1054 1564 1095 vir
1611 1055 1701 1106 ejus
1747 1054 1866 1095 vivit.

1035 1111 1166 1161 Quod
1198 1111 1234 1152 si
1267 1110 1496 1153 dormierit
1523 1111 1588 1151 vir
1621 1111 1729 1161 ejuS,
1760 1110 1865 1152 libe-

1033 1170 1130 1209 rata
1150 1173 1230 1209 est:
1259 1168 1329 1209 cui
1348 1167 1442 1209 vult
1460 1167 1607 1216 nubat,
1632 1172 1803 1209 tantum
1822 1168 1865 1207 in

1033 1224 1236 1266 Domino.
1264 1224 1445 1267 Beatior
1464 1229 1611 1266 autem
1631 1225 1726 1273 erit,
1748 1224 1784 1265 si
1802 1225 1865 1265 sic

1032 1282 1336 1333 permanserit,
1353 1281 1596 1323 secandum
1610 1293 1757 1322 meum
1772 1294 1866 1322 con·

1033 1338 1194 1379 silium:
1227 1343 1336 1391 puto
1373 1343 1519 1379 autem
1553 1337 1674 1389 quod
1707 1342 1750 1379 et
1782 1350 1864 1389 ego

1033 1394 1244 1447 Spiritum
1263 1395 1347 1436 Dei
1366 1394 1563 1436 habeam.

1086 1462 1135 1511 Rg.
1158 1456 1297 1506 Virgo
1318 1456 1511 1506 gloriesa
1531 1468 1706 1508 semper
1724 1456 1863 1496 Evan-

1032 1511 1195 1562 gelium
1214 1512 1375 1553 Christi
1398 1512 1582 1563 gerebat
1604 1512 1647 1552 in
1671 1514 1864 1565 pectore,

1034 1573 1078 1610 et
1103 1581 1190 1609 non
1218 1568 1373 1610 diebus
1399 1581 1543 1621 neque
1568 1568 1773 1610 nectibus
1794 1582 1863 1609 va-

1033 1625 1162 1666 cabat
1175 1628 1197 1650 *
1214 1625 1255 1666 A
1274 1625 1508 1677 collequiis
1528 1624 1686 1666 divinis
1708 1630 1751 1666 et
1771 1638 1864 1666 ora-

1033 1682 1164 1722 ti6ne.
1213 1677 1263 1728 V.
1291 1682 1510 1733 Expansis
1538 1681 1740 1723 manibus
1769 1684 1864 1722 ora-

1032 1737 1109 1779 bat
1128 1737 1184 1779 ad
1204 1738 1459 1787 Dominum,
1488 1742 1531 1779 et
1555 1751 1632 1779 cor
1652 1739 1744 1789 ejus
1763 1739 1864 1788 igne

1033 1794 1203 1836 coelesti
1218 1794 1412 1835 ardebat.
1435 1795 1476 1835 A
1491 1794 1735 1846 colloquiis.
1761 1794 1863 1836 Gle-

1032 1851 1097 1892 ria
1115 1851 1245 1892 Patri.
1272 1852 1313 1891 A
1333 1850 1578 1902 colloquiis.

1266 1937 1314 1975 In
1342 1938 1391 1976 II.
1418 1938 1639 1977 Nocturno.

1084 2004 1181 2042 Ant.
1224 2003 1318 2041 Dfie
1337 1999 1361 2040 J
1364 2012 1442 2040 esu
1463 1999 1653 2050 Christe,
1680 2000 1862 2041 semina-

1031 2062 1103 2098 tor
1123 2056 1233 2098 casti
1253 2055 1434 2105 consilii,
1455 2056 1630 2108 suscipe
1650 2056 1863 2097 seminum

1032 2113 1211 2162 fructus,
1232 2124 1343 2164 quos
1363 2112 1407 2152 in
1428 2112 1606 2153 Caecilia
1625 2112 1862 2154 seminasti.

1084 2178 1182 2217 Ant.
1216 2176 1355 2215 Beata
1380 2173 1556 2214 Caecilia
1582 2173 1692 2215 dixit
1717 2172 1774 2215 ad
1792 2173 1862 2213 Ti-

1031 2230 1241 2272 burtium:
1283 2228 1431 2271 Hedie
1465 2234 1509 2271 te
1541 2230 1684 2270 fateor
1716 2243 1862 2272 meum

1033 2288 1284 2337 cognatum,
1315 2286 1416 2337 quia
1440 2298 1563 2326 amor
1582 2286 1667 2327 Dei
1691 2291 1735 2328 te
1761 2287 1862 2329 fecit

1033 2355 1130 2384 esse
1150 2344 1501 2394 contempterem
1519 2341 1750 2383 idolerum.

1083 2408 1182 2447 Ant.
1216 2405 1311 2447 Fiat
1329 2404 1520 2445 Domine
1546 2416 1623 2444 cor
1648 2418 1794 2446 meum
1819 2410 1863 2446 et

1032 2473 1194 2513 corpus
1238 2474 1384 2502 meum
1424 2460 1768 2511 immaculatum,
1814 2466 1862 2502 ut

1031 2530 1119 2558 non
1140 2516 1395 2558 confundar.

1083 2578 1132 2629 V.
1173 2577 1413 2630 Adjuvabit
1453 2590 1550 2618 eam
1581 2576 1702 2619 Deus
1737 2578 1861 2620 vultu

1031 2647 1123 2676 suo.
1166 2639 1215 2689 R».
1246 2635 1367 2675 Deus
1394 2634 1439 2674 in
1465 2633 1611 2676 medio
1641 2635 1746 2686 ejus,
1773 2647 1860 2675 non

1031 2690 1393 2732 commovebitur.
