2040 2944
718 167 939 201 Gratiarum
961 168 1062 201 aetio
1087 172 1177 211 post
1201 168 1370 202 Missam.

184 263 314 298 omnia
338 263 519 307 operetur
540 262 581 297 in
600 262 769 306 laudem,
793 266 831 298 et
854 263 1018 307 gloriam

184 312 352 348 nominis
369 312 436 355 tui,
461 322 548 347 eum
571 312 789 347 humilitate
814 317 851 347 et
875 313 1018 349 discre-

184 363 304 406 tione,
336 373 423 397 cum
451 362 658 397 dilecti6ne
688 367 726 398 et
750 363 1017 408 delectatione,

185 422 271 447 cum
296 412 480 447 facilitate
505 416 543 447 et
562 411 710 455 affectu,
736 422 823 447 cum
838 423 1018 457 perseve-

184 463 309 497 rantia
332 472 456 507 usque
478 462 518 497 in
540 462 671 497 finem:
702 467 740 498 et
762 467 805 498 tu
828 463 883 498 sis
909 465 1018 501 solus

185 524 338 557 semper
370 523 461 557 spes
495 523 597 556 mea,
635 517 718 548 tota
749 514 893 549 fiducia
921 525 1018 560 mea,

185 563 333 599 divitiae
356 574 469 607 meae,
494 563 700 599 delectatio
717 575 820 609 mea,
843 565 1018 609 jucundi-

184 618 244 648 tas
279 624 380 657 mea,
424 613 611 657 gaudium
644 624 787 658 meum,
834 615 945 659 quies
981 620 1019 651 et

184 664 444 708 tranquillitas
473 674 575 707 mea,
607 674 688 708 pax
711 675 812 708 mea,
844 665 1017 700 suavitas

185 724 285 758 mea,
309 714 408 749 odor
430 724 557 757 meuS‚
585 714 751 749 dulcedo
774 725 876 759 mea,
907 715 1017 750 cibus

184 775 311 807 meus,
343 764 501 799 refectio
530 774 631 807 mea,
663 764 856 808 refugium
879 776 1017 813 meum,

186 815 372 850 auxilium
394 824 531 858 meum,
556 814 748 858 sapientia
768 825 864 859 mea,
888 816 1017 859 p6rtio

184 876 284 909 mea,
312 865 515 909 possessio
537 876 637 909 mea,
666 865 873 900 thesaurus
897 877 1017 910 meus,

185 916 225 949 in
253 925 330 959 quo
355 916 450 958 fixa,
484 919 521 950 et
547 915 672 959 firma,
705 919 742 950 et
771 916 1019 952 immobiliter

186 975 338 1009 semper
362 965 412 1000 sit
431 965 605 1000 radicata
628 975 737 1000 mens
760 976 861 1010 mea,
891 971 928 1002 et
951 978 1019 1002 cor

184 1029 320 1054 meum.
352 1018 487 1053 Amen.

345 1131 586 1184 Rhythmus
615 1132 657 1172 S.
687 1132 854 1173 Thomae

289 1200 342 1233 ad
374 1210 546 1233 sucrum
568 1200 911 1235 Eucharistiam.

446 1266 551 1299 Indulg.
572 1267 619 1291 w«)
634 1266 750 1291 dierum.

374 1313 432 1338 Leo
449 1313 503 1338 ΓΡ.
519 1313 598 1338 XIII.
614 1315 654 1339 120,
670 1314 735 1339 Dee.
754 1315 827 1340 1554.

228 1365 324 1400 doto
346 1370 383 1400 te
408 1366 558 1410 devote,
581 1367 707 1402 latens
730 1367 876 1411 Deitas,

264 1415 360 1456 Quae
384 1416 456 1451 sub
480 1416 543 1451 his
571 1417 706 1461 figuris
730 1427 821 1452 vere
845 1417 992 1453 latitas:

241 1465 333 1500 Tibi
356 1476 398 1501 se
423 1476 491 1501 cor
513 1477 641 1502 meum
659 1471 784 1503 totum
805 1469 971 1512 subjicit,

243 1515 342 1557 Quia
366 1520 402 1551 te
427 1517 710 1561 contemplans,
733 1522 858 1553 ‘totum
878 1519 1015 1555 deficit.

184 1580 313 1624 Visus,
337 1585 474 1625 tactus,
498 1586 635 1626 gustus
659 1583 700 1617 in
723 1587 760 1618 te
784 1583 942 1628 fauit-ur,

243 1630 320 1666 Sed
344 1632 478 1667 auditu
502 1633 588 1668 solo
612 1637 696 1668 tuto
721 1634 898 1670 creditur.

242 1681 370 1717 Credo
400 1682 594 1727 quidquid
618 1684 718 1719 dixit
740 1683 815 1719 Dei
837 1685 971 1729 Filius,

241 1731 308 1766 Nil
330 1732 406 1767 hoc
429 1733 551 1768 verbo
575 1733 751 1768 veritatis
775 1734 916 1770 verius.

184 1799 227 1832 In
251 1807 363 1833 cruce
386 1798 532 1833 latebat
555 1798 642 1834 sola
664 1798 810 1843 Deitas,

242 1847 295 1882 At
310 1847 375 1883 hic
390 1848 485 1883 latet
500 1848 616 1884 simul
632 1852 670 1884 et
685 1849 922 1885 humanitas:

242 1898 370 1934 Ambo
397 1903 527 1934 tamen
556 1900 734 1944 credens,
765 1904 881 1944 atque
902 1902 1016 1936 confi-

240 1997 336 2033 Peto
361 1998 467 2043 quod
490 1953 628 2043 pilgisx’rit
650 1999 750 2035 latro
774 2001 979 2044 poenitens.

188 2062 336 2106 Plagas‚
360 2062 460 2097 sicut
483 2062 667 2107 Thomas,
690 2074 769 2099 non
793 2065 961 2101 intueor:

242 2111 366 2147 Deum
389 2116 518 2148 tamen
538 2124 666 2148 meum
689 2118 726 2150 te
749 2115 947 2151 confiteor.

242 2162 320 2198 Fac
341 2173 402 2198 me
426 2163 499 2198 tibi
523 2174 677 2208 semper
698 2166 824 2209 magis
849 2166 1016 2210 eredere,

241 2213 285 2247 In
307 2218 345 2249 te
369 2224 479 2258 spem
502 2214 656 2258 habere,
679 2219 716 2250 te
742 2216 913 2260 diligere.

187 2280 217 2314 O
242 2280 464 2315 memoriale
488 2281 625 2315 mortis
648 2281 816 2326 Domini,

242 2328 360 2364 Panis
378 2330 493 2365 vivus
510 2331 631 2366 vitam
646 2336 840 2375 praestans
856 2333 1016 2378 homini,

245 2378 394 2414 Praesta
416 2390 514 2415 meae
537 2382 656 2416 menti
681 2382 728 2417 de
754 2387 791 2418 te
813 2384 957 2428 vivere,

242 2428 290 2463 Et
313 2433 350 2464 te
374 2429 431 2464 illi
456 2440 609 2475 semper
633 2432 744 2467 dulce
769 2435 916 2477 sapere.

192 2494 254 2528 Pie
279 2494 469 2538 pellicane
492 2495 516 2529 J
520 2506 588 2530 esu
610 2496 786 2540 D6mine,

243 2544 304 2579 Me
322 2544 560 2579 immundum
574 2547 718 2582 munda
730 2552 797 2583 tuo
811 2549 1015 2592 sanguine:

245 2594 364 2638 Cujus
387 2604 465 2628 una
489 2594 593 2629 stilla
617 2596 769 2631 salvum
792 2597 919 2633 facere

237 2644 379 2679 Totum
405 2644 590 2679 mundum
618 2646 702 2689 quit
727 2648 775 2682 ab
804 2649 910 2683 omni
937 2651 1015 2684 sce-

495 2694 584 2730 lere.

1079 266 1181 310 Jesu,
1206 276 1321 311 quem
1343 267 1514 302 velatum
1535 277 1639 303 nunc
1661 268 1827 312 aspici0:

1130 315 1207 352 Oro
1231 317 1299 352 fiat
1322 317 1430 361 illud,
1455 317 1562 362 quod
1583 322 1664 353 tam
1685 318 1790 354 sitio:

1129 366 1181 402 Ut
1203 371 1242 402 te
1265 367 1438 403 revelata
1461 378 1622 403 cernens
1646 368 1756 412 facie,

1129 416 1227 452 Visu
1252 417 1325 452 sim
1348 418 1485 452 beatus
1509 421 1588 453 tuae
1610 417 1757 462 gloriae.

1382 467 1518 502 Amen.

1222 1788 1351 1822 coram
1376 1787 1544 1829 imagine
1569 1786 1765 1822 Crucifixi.

1374 1852 1480 1885 Indulg.
1500 1852 1605 1885 pIenar.

1300 1900 1369 1926 Pius
1390 1899 1438 1925 IX.
1457 1900 1498 1925 31.
1519 1898 1587 1925 Julii
1609 1899 1684 1925 1858.

1123 1956 1150 1981 n
1179 1957 1269 1992 ego,
1305 1957 1328 1983 0
1357 1948 1459 1983 bone
1488 1952 1526 1984 et
1550 1948 1773 1985 dulcissime
1796 1949 1903 1995 Jesu,

1150 2001 1238 2032 ante
1255 1999 1507 2042 conspectum
1525 2002 1634 2034 tuum
1653 2000 1818 2044 genibus
1841 2011 1902 2036 me

1068 2047 1263 2091 provolvo
1290 2057 1336 2083 ac
1358 2048 1528 2084 maximo
1558 2049 1678 2084 animi
1703 2049 1841 2086 ardore
1863 2054 1902 2086 te

1070 2106 1139 2132 oro
1169 2100 1285 2141 atque
1315 2098 1503 2142 obtestor,
1536 2102 1579 2133 ut
1608 2108 1736 2134 meum
1764 2099 1806 2134 in
1835 2109 1903 2135 cor

1068 2147 1225 2182 vividos
1250 2147 1360 2192 fidei,
1384 2148 1471 2192 spei
1494 2152 1532 2183 et
1555 2149 1728 2184 caritatis
1752 2159 1901 2194 sensus,

1069 2200 1185 2241 atque
1209 2207 1342 2232 veram
1365 2199 1614 2242 peccatorum
1631 2200 1804 2234 meorum
1820 2210 1902 2244 poe-

1068 2247 1285 2290 nitentiam,
1318 2248 1440 2292 eaque
1469 2247 1701 2283 emendandi
1730 2249 1901 2284 firmissi-

1067 2307 1171 2332 mam
1186 2298 1426 2332 voluntatem
1442 2298 1542 2333 velis
1559 2298 1791 2343 impn'mere:
1809 2299 1901 2335 dum

1068 2358 1210 2392 magno
1226 2348 1345 2383 animi
1358 2348 1496 2383 affectu
1510 2352 1548 2384 et
1564 2349 1698 2384 dolore
1712 2353 1779 2384 tua
1792 2350 1901 2394 quin-

1069 2408 1143 2442 que
1159 2398 1322 2433 vulnera
1342 2408 1493 2433 mecum
1509 2398 1594 2442 ipse
1610 2399 1831 2444 considero,
1856 2411 1901 2436 ac

1067 2452 1194 2483 mente
1212 2448 1462 2492 contemplor,
1481 2448 1580 2483 illud
1594 2459 1677 2492 prae
1694 2450 1818 2484 oculis
1834 2450 1900 2485 ha-

1067 2497 1175 2540 bens,
1195 2497 1302 2541 quod
1317 2498 1395 2542 jam
1411 2498 1451 2532 in
1468 2507 1534 2533 ore
1549 2498 1721 2541 ponebat
1737 2509 1808 2535 suo
1824 2499 1900 2534 Da-

1067 2547 1137 2582 vid
1156 2548 1353 2592 Propheta
1377 2548 1425 2583 de
1448 2552 1501 2592 te,
1525 2558 1549 2583 o
1572 2548 1675 2583 bone
1691 2549 1803 2585 Jesu:
1826 2550 1900 2585 Fo-

1069 2597 1206 2632 derunt
1221 2608 1359 2632 manus
1375 2608 1482 2633 meas
1499 2601 1536 2632 et
1551 2598 1673 2641 pedes
1689 2609 1814 2634 meos:
1833 2599 1899 2634 Di-

1068 2649 1367 2684 numeraverunt
1386 2649 1517 2684 Omnia
1533 2658 1625 2683 ossa
1641 2659 1737 2684 mea.
1772 2651 1834 2685 Ps.
1850 2652 1902 2685 21.
