2040 2944
652 187 761 221 Dom.
786 187 849 222 IV.
876 188 956 222 Oct.
1004 189 1060 223 Ss.
1086 190 1360 233 Reliquiarurn.

143 276 234 315 sius
270 274 525 316 Brunonem
569 275 626 318 ad
670 277 976 330 episcopatum

142 332 398 383 promotum
416 331 481 381 iri,
502 344 526 373 e
546 333 772 374 sororibus
793 334 976 376 alteram

141 388 354 437 reginam,
379 386 648 429 abbatissam
673 389 857 431 alteram
881 390 975 432 fore

142 442 361 495 praedixit.
397 443 600 497 Denique
629 458 728 487 cum
754 446 907 497 viginti
931 452 976 489 et

143 499 332 552 amplius
365 500 488 541 annis
515 501 570 555 lin
603 501 746 543 seduli
778 503 975 545 Pastoris

142 559 324 598 munere
356 557 568 609 peractis,
608 560 853 600 extremum
892 560 976 602 sibi

143 611 260 654 diem
293 612 522 655 imminere
556 614 836 666 intelligeret,
877 629 975 668 quae

143 681 198 710 ex
220 669 383 711 usitata
408 669 673 712 liberalitate
699 674 975 724 supererant,

142 737 223 778 per
267 738 422 767 manus
462 729 709 779 pauperum
745 730 975 781 praemisit,

142 784 370 834 sacraeque
384 783 677 825 Eucharistiae
693 785 856 827 viatico
872 799 977 838 prae-

141 840 353 889 munituS,
387 839 431 880 in
464 841 606 882 sancti
634 841 837 883 Othmari
868 842 975 892 aede,

141 895 205 937 uti
234 894 443 937 divinitus
473 899 603 939 antea
630 897 823 939 futurum
854 901 974 940 acce-

141 956 289 1004 perat,
335 953 657 994 sanctissimam
700 956 835 996 vitam
879 955 975 1007 pari

141 1012 283 1050 morte
299 1008 526 1059 conclusit,
546 1009 803 1052 Ratisbonae
818 1012 863 1051 in
877 1016 976 1052 tem-

140 1064 216 1117 plo
239 1065 379 1106 sancti
398 1065 666 1108 Emmerami
684 1067 896 1120 sepultus.

196 1122 245 1173 R.
270 1121 362 1162 Iste
381 1126 460 1163 est.
480 1122 564 1174 [54]

194 1181 238 1215 In
262 1181 326 1215 111.
348 1181 548 1216 Noctumo
574 1183 745 1218 Homilia
769 1185 807 1218 in
828 1185 973 1229 Evang.

142 1228 320 1274 Vigilate,
341 1230 434 1274 quia
452 1232 622 1267 nescitis.
643 1231 689 1266 de
708 1232 845 1267 eodem
864 1234 974 1268 Com-

143 1276 249 1311 muni
264 1277 294 1311 2.
311 1277 410 1311 loco.
428 1278 498 1323 [61]

273 1356 508 1399 Dominica
527 1358 603 1400 IV.
624 1359 843 1402 Octobris.

332 1421 401 1462 Ss.
420 1421 782 1473 Reliquiarum.

476 1479 640 1523 Duplex.

195 1530 333 1579 Omnia
358 1532 405 1566 de
427 1531 572 1567 COmm.
588 1533 748 1576 plurim.
771 1536 879 1570 Mart.
903 1535 972 1578 [35]

142 1583 284 1622 praeter
308 1579 520 1623 sequentia.

481 1632 645 1672 Oratio.

144 1681 303 1788 Aige
336 1686 381 1726 in
407 1686 536 1728 nobis
565 1687 754 1730 Domine
781 1701 972 1731 resurre-

251 1742 408 1784 ctionis
440 1742 591 1793 fidem,
626 1745 701 1796 qui
728 1745 773 1785 in
801 1748 971 1787 sancto-

141 1799 254 1839 rum'
281 1801 460 1840 tuorum
500 1800 716 1853 Reliquiis
758 1801 973 1844 mirabilia

142 1855 356 1906 operaris:
402 1860 446 1897 et
485 1856 555 1898 fac
595 1854 676 1899 nos
711 1858 972 1900 immortalis

141 1910 294 1962 gloriae
319 1913 577 1965 participes,
605 1915 725 1966 cujus
751 1915 796 1955 in
819 1917 971 1957 eorum

111 2015 117 2019 ι,
142 1967 363 2009 cineribus
382 1971 570 2021 pignora
589 1973 858 2012 veneramur.
887 1973 972 2013 Per

142 2023 380 2065 Dominum
398 2030 610 2067 nostrum.

196 2084 243 2118 Et
267 2084 308 2118 fit
332 2094 528 2119 commem.
553 2086 705 2121 Domin.
731 2097 875 2123 occurr.

198 2136 241 2170 ln
270 2136 296 2170 Ι.
325 2136 525 2172 Nocturno
558 2139 763 2174 Lectiones
797 2141 844 2175 de
875 2141 973 2175 Scri-

143 2188 256 2227 ptura
282 2191 515 2220 occurrente.

369 2245 419 2284 In
445 2246 495 2285 H.
524 2246 747 2287 Nocturno.

143 2303 210 2345 Ex
227 2305 441 2347 Tractatu
461 2307 600 2348 sancti
614 2307 640 2347 J
642 2308 796 2348 oannis
812 2309 970 2349 Dama-

264 2362 385 2403 sceni
406 2361 461 2404 de
480 2362 569 2404 fide
589 2364 850 2407 orthodoxa.

404 2421 486 2455 Lib.
502 2422 532 2456 4.
557 2433 639 2466 cap.
660 2424 708 2458 16.

446 2473 597 2515 Lectio
618 2476 670 2515 iv.

148 2535 249 2586 ‘532'
259 2530 425 2572 hristus
460 2531 677 2572 Dominus
719 2533 971 2574 sanctorum

174 2579 251 2645 (ψῖ
271 2586 478 2639 reliquias
488 2587 609 2629 velut
624 2587 872 2629 salutiferos
887 2587 973 2628 fon—

148 2640 178 2666 Ψ
231 2660 249 2666 ·>
269 2647 337 2683 tes
354 2643 560 2695 praebuit,
587 2657 641 2685 ex
662 2643 820 2695 quibus
839 2643 970 2695 pluri-

139 2709 212 2738 ma
226 2697 356 2740 nobis
371 2698 584 2741 beneficia
599 2704 787 2749 manant,
807 2699 970 2759 suavis-

1767 186 1858 231 [317]

1028 278 1275 330 simumque
1284 281 1553 331 unguentum
1560 280 1750 333 profluit.
1764 281 1860 322 Nec

1028 347 1133 376 vero
1155 335 1386 387 quisquam
1403 335 1504 377 huic
1519 337 1710 380 sermoni
1725 337 1859 379 fidem

1029 391 1245 442 detrahat;
1274 405 1376 433 nam
1403 393 1441 433 si
1469 405 1584 445 aqua
1607 393 1651 434 in
1680 393 1857 436 deserto

1029 461 1084 489 ex
1117 450 1275 500 aspera
1309 454 1353 490 et
1384 449 1527 490 solida
1560 462 1687 502 rupe,
1725 456 1858 503 atque

1030 516 1084 545 ex
1100 504 1210 545 asini
1224 504 1400 546 maxilla
1415 505 1472 546 ad
1487 505 1728 547 sedandam
1739 507 1858 549 Sam-

1029 561 1150 602 sonis
1170 560 1298 611 sitim,
1316 561 1414 603 Deo
1433 562 1494 603 ita
1513 562 1698 613 volente,
1718 566 1857 615 prosi-

1028 616 1104 665 liit,
1128 619 1266 658 eritne
1286 630 1363 658 cur
1381 620 1584 669 cuiquam
1602 618 1856 661 incredibile

1028 672 1248 724 videatur,
1295 686 1349 715 ex
1385 674 1627 726 Martyrum
1661 675 1857 727 reliquiis

1029 732 1163 771 suave
1182 732 1450 781 unguentum
1470 731 1707 773 scaturire?
1734 732 1856 774 Mini-

1028 799 1098 827 me
1123 791 1256 837 certe3
1286 787 1339 827 iis
1367 787 1560 839 quidem,
1590 788 1748 840 quibus
1773 790 1857 831 Dei

1028 843 1227 895 potentia
1274 842 1499 895 honorque
1547 857 1634 896 quo
1673 846 1856 888 Sanctos

1029 911 1133 940 suos
1154 899 1298 949 afficit,
1317 902 1577 952 perspectus
1596 906 1640 942 et
1656 902 1855 955 explora-
1916 933 1920 936 -

1027 960 1098 996 tus
1120 960 1196 996 est.
1225 955 1374 1007 Atque
1393 955 1501 997 illud
1521 957 1699 1008 quidem
1718 959 1856 1000 veteri

1027 1012 1124 1063 lege
1145 1014 1449 1064 comparatum
1467 1018 1573 1063 erat,
1590 1018 1638 1055 ut
1658 1015 1856 1067 quisquis

1027 1071 1248 1110 mortuum
1290 1069 1560 1120 contigisset,
1606 1070 1855 1112 immundus

1029 1126 1296 1175 censeretur;
1328 1138 1481 1166 verum
1513 1125 1558 1166 hi
1588 1126 1632 1167 in
1664 1130 1855 1169 mortuo-

1027 1194 1124 1222 rum
1142 1184 1324 1222 numero
1343 1182 1519 1223 minime
1538 1182 1728 1224 habendi
1745 1188 1855 1225 sunt.

1084 1241 1134 1293 R.
1165 1237 1313 1279 Sancti
1344 1238 1408 1278 tui
1436 1238 1623 1279 Domine
1655 1239 1854 1281 mirabile

1028 1294 1254 1335 consecuti
1269 1299 1370 1335 sunt
1385 1295 1478 1343 iter,
1493 1295 1732 1337 servientes
1744 1309 1854 1348 prae-

1027 1350 1166 1402 ceptis
1195 1351 1296 1399 tuis,
1330 1356 1378 1392 ut
1405 1350 1703 1392 invenirentur
1730 1352 1855 1393 illaesi

1026 1407 1070 1447 in
1094 1407 1220 1458 aquis
1245 1406 1417 1457 validis3
1448 1412 1471 1435 *
1487 1408 1626 1448 Terra
1651 1409 1856 1461 apparuit

1027 1463 1165 1514 arida,
1206 1468 1250 1505 et
1287 1464 1331 1504 in
1357 1463 1467 1504 Mari
1494 1464 1627 1506 rubro
1659 1466 1731 1506 via
1763 1465 1855 1506 sine

1026 1519 1355 1572 impedimento.
1386 1517 1438 1568 V.
1450 1521 1666 1570 Quoniam
1680 1524 1855 1573 percus-

1027 1576 1083 1617 sit
1107 1581 1295 1628 petram,
1324 1581 1368 1617 et
1395 1576 1614 1618 fluxerunt
1638 1590 1782 1629 aquae,
1813 1583 1856 1618 et

1025 1634 1246 1673 torrentes
1264 1631 1596 1674 inundaverunt.
1623 1633 1770 1674 Terra.

1342 1690 1493 1731 Lectio
1512 1703 1548 1729 v.

1031 1742 1146 1847 Ex
1180 1756 1268 1796 quo
1302 1744 1417 1786 enim
1450 1747 1639 1797 ipsamet
1671 1746 1777 1795 vita,
1806 1759 1858 1787 ac

1116 1801 1220 1842 vitae
1239 1802 1409 1843 Auctor
1433 1802 1545 1843 inter
1563 1804 1762 1843 mortuos
1780 1802 1852 1843 ad-

1026 1859 1217 1909 scriptus
1237 1862 1319 1906 est,
1340 1870 1432 1907 eos,
1459 1858 1532 1909 qui
1551 1857 1594 1897 in
1613 1870 1692 1910 spe
1711 1870 1850 1899 resur-

1025 1913 1232 1954 rectionis
1260 1913 1453 1965 fideique
1483 1926 1586 1964 erga
1612 1926 1711 1955 eum
1736 1913 1852 1955 diem

1026 1971 1268 2011 extremum
1327 1969 1592 2020 clauserunt,
1653 1971 1853 2011 mortuos

1024 2025 1367 2077 haudquaquam
1411 2026 1697 2078 appellamus.
1768 2027 1852 2076 Qui

1026 2081 1140 2123 enim
1179 2083 1401 2123 mortuum
1442 2094 1604 2134 corpus
1643 2082 1853 2123 miracula

1026 2137 1157 2179 edere
1178 2137 1332 2189 queat?
1359 2138 1444 2179 Per
1464 2150 1516 2179 ea
1535 2137 1760 2179 daemones
1781 2150 1852 2179 ex-

1023 2193 1260 2246 pelluntur,
1292 2193 1436 2235 morbi
1461 2194 1766 2245 profligantur,
1796 2207 1851 2235 ae-

1024 2250 1139 2301 groti
1170 2252 1394 2299 sanantur,
1428 2249 1535 2291 caeci
1566 2250 1852 2302 prospiciunt,

1024 2306 1189 2358 leprosi
1208 2305 1490 2355 mundantur,
1517 2306 1782 2347 tentationes
1801 2319 1852 2347 ac

1024 2364 1238 2403 moerores
1258 2361 1563 2411 discutiuntur,
1589 2374 1641 2402 ac
1665 2361 1852 2413 denique

1025 2431 1154 2459 omne
1178 2417 1341 2459 donum
1365 2418 1579 2470 optimum
1598 2431 1623 2459 a
1641 2419 1772 2459 Patre
1790 2418 1851 2458 lu-

1024 2474 1204 2523 minum,
1231 2476 1382 2515 eorum
1401 2476 1554 2525 opera,
1580 2474 1636 2516 ad
1656 2487 1751 2524 eos,
1778 2473 1850 2525 qui

1024 2530 1110 2572 fide
1138 2530 1314 2571 minime
1343 2529 1476 2571 dubia
1502 2530 1742 2582 postulant,
1779 2529 1849 2570 de-

1024 2586 1203 2628 scendit.
1258 2586 1373 2636 Quid
1403 2599 1491 2627 non
1523 2586 1685 2628 laboris
1717 2587 1848 2625 susci-

1023 2644 1134 2695 pias,
1162 2647 1210 2683 ut
1233 2645 1467 2695 patronum
1495 2642 1726 2694 quemdam
1748 2652 1848 2680 nan-

1024 2699 1221 2748 ciscariS‚
1259 2698 1333 2751 qui
1358 2703 1402 2740 te
1426 2698 1600 2740 mortali
1627 2696 1718 2747 regi
1745 2694 1846 2736 offe-
