2040 2944
582 169 691 202 Dom.
717 168 742 201 Ι.
769 167 847 201 Oct.
892 168 947 202 Ss.
974 167 1129 201 Rosarii
1155 168 1194 201 B.
1220 168 1353 201 Mariae
1379 167 1420 200 V.

146 264 338 306 Libanus
365 276 455 305 non
482 264 645 304 incisus
664 261 876 314 vaporavi
902 259 975 301 ha-

146 319 404 361 bitationem
431 332 594 368 meam,
623 323 667 359 et
688 317 814 370 quasi
835 316 977 358 balsa-

145 389 266 417 mum
283 389 372 418 non
391 376 575 417 mixtum
595 373 707 416 odor
721 385 857 414 meus.
880 372 976 423 Ego

147 432 271 485 quasi
307 432 580 474 terebinthus
617 428 796 472 extendi
830 441 977 470 ramos
1038 426 1040 429 ’

145 500 279 538 111605,
295 494 339 530 61
349 489 458 530 131111
467 488 554 529 11161
562 486 741 528 110110115
758 490 802 527 61
811 485 976 537 gratiae.

199 554 251 605 R.
271 552 378 594 Vidi
401 552 648 606 speciosam
668 549 978 592 ascendentem

147 607 338 661 desuper
369 609 488 651 rivos
521 610 734 660 aquarum
762 607 883 658 cujus
916 606 976 647 in-

146 664 416 707 aestimabilis
443 664 555 706 odor
583 668 676 706 erat
703 662 850 703 nimis:
875 666 898 690 *
921 662 978 704 Et

145 720 257 763 sicut
277 721 371 763 dies
391 721 514 763 verni
530 719 861 762 circumdabant
881 731 978 760 eam

145 776 278 819 flores
305 779 506 819 rosarum
529 782 573 819 et
594 776 684 817 lilia
703 775 978 817 convallium.

147 830 199 882 V.
224 834 378 876 Astitit
396 834 567 885 Regina
592 846 618 874 a
642 832 810 874 dextris
828 831 914 873 tuis
934 831 978 872 in

145 892 307 931 vestitu
326 890 538 932 deaurato
556 889 827 931 circumdata
841 889 976 930 varie-

143 948 247 988 tate.
274 946 331 989 Et
351 947 475 989 sicut.

450 1011 603 1052 Lectio
624 1012 678 1052 iii.

227 1085 285 1124 go
298 1077 439 1115 mater
452 1072 650 1125 pulchrae
664 1071 921 1121 dilectionis,
935 1076 979 1113 et

240 1130 420 1179 timoris,
437 1134 481 1170 et
497 1128 739 1179 agnitionis,
755 1133 798 1170 et
814 1132 977 1169 sanctae

146 1186 252 1238 spei.
295 1186 348 1227 In
380 1199 451 1227 me
483 1186 625 1237 gratia
654 1185 795 1226 omnis
823 1185 905 1225 viae
935 1189 978 1226 et

146 1242 357 1292 veritatis,
375 1242 419 1283 in
438 1255 508 1283 me
528 1241 669 1283 omnis
689 1253 792 1294 spes
811 1241 914 1282 vitae
935 1246 979 1282 et

146 1299 329 1340 virtutis.
357 1298 562 1340 Transite
579 1297 637 1339 ad
649 1310 719 1339 me
732 1309 883 1338 omnes
904 1297 979 1348 qui

148 1355 459 1408 concupiscitis
477 1367 563 1405 me,
584 1358 628 1396 et
645 1366 671 1394 a
690 1353 977 1405 generationi-

145 1411 228 1453 bus
247 1411 356 1452 meis
375 1410 634 1464 implemini:
653 1410 843 1462 Spiritus
863 1409 978 1451 enim

146 1479 271 1508 meus
291 1480 423 1520 super
440 1467 527 1508 mel
548 1466 703 1516 dulcis,
728 1471 772 1507 et
795 1465 977 1507 haeredi-

147 1528 216 1565 tas
233 1536 332 1564 mea
353 1536 485 1576 super
510 1522 598 1564 mel
627 1527 670 1564 et
697 1522 862 1563 favum:
890 1522 977 1563 Me-

147 1579 287 1622 moria
313 1592 411 1621 mea
436 1579 479 1619 in
509 1578 812 1630 generationes
843 1591 977 1619 saecu-

146 1635 301 1678 lorum.
338 1636 422 1686 Qui
451 1635 586 1677 edunt
601 1648 687 1684 me,
715 1633 859 1675 adhuc
883 1637 977 1675 esu-

148 1692 279 1734 rient:
307 1696 351 1733 et
379 1692 454 1744 qui
471 1691 628 1733 bibunt
652 1703 734 1740 me,
760 1689 905 1731 adhuc
924 1693 977 1730 si-

147 1748 267 1790 tient.
295 1748 379 1798 Qui
398 1747 519 1789 audit
536 1760 618 1796 me,
636 1759 726 1788 non
744 1745 978 1787 confunde-

148 1808 238 1845 tur:
269 1808 312 1845 et
337 1803 412 1856 qui
434 1805 672 1856 operantur
698 1802 743 1842 in
767 1815 858 1852 me,
890 1814 979 1843 non

148 1859 407 1912 peccabunt.
427 1860 511 1910 Qui
522 1858 742 1900 elucidant
751 1870 833 1908 me,
844 1858 979 1899 vitam

148 1917 357 1957 aetemam
376 1915 610 1957 habebunt.

200 1986 252 2037 R,
277 1981 387 2031 Quae
415 1984 483 2021 est
514 1979 600 2021 ista
633 1991 731 2031 quae
762 1978 980 2030 processit

148 2036 260 2078 sicut
279 2036 362 2086 sol,
386 2041 430 2078 et
453 2036 646 2077 formosa
669 2040 894 2087 tamquam
910 2034 935 2075 J
938 2047 978 2075 e-

148 2092 363 2134 rusalem?
390 2092 609 2134 Viderunt
634 2104 731 2133 eam
750 2091 853 2132 filiae
875 2091 980 2132 Sion

149 2153 194 2190 et
218 2148 396 2190 beetam
426 2147 646 2190 dixerunt:
677 2151 700 2175 *
731 2147 789 2188 Et
815 2149 979 2198 reginae

147 2204 438 2246 laudaverunt
464 2217 571 2246 eam.
602 2201 654 2253 V.
675 2203 734 2244 Et
753 2203 865 2244 sicut
885 2202 979 2244 dies

148 2261 271 2302 verni
291 2259 624 2302 circumdabant
643 2272 740 2300 eam
760 2259 892 2300 flores
912 2271 979 2299 ro-

149 2318 298 2357 sarum
326 2322 369 2358 et
393 2316 484 2357 lilia
513 2314 790 2356 convallium.
830 2315 888 2355 Et
915 2326 979 2355 re-

148 2374 275 2423 ginae.
304 2372 456 2414 Gloria
473 2371 605 2413 Patri.
633 2371 690 2412 Et
706 2372 880 2421 reginae.

385 2454 434 2492 In
454 2454 505 2491 11.
528 2453 750 2491 Nocturno.

205 2520 305 2561 Ant.
332 2521 440 2562 Cum
458 2518 717 2559 inducerent
736 2516 760 2556 J
763 2529 886 2557 esum
907 2528 981 2567 pa-

151 2575 297 2615 rentes
326 2575 433 2626 ejus,
465 2579 514 2616 ut
542 2576 747 2614 sisterent
772 2585 871 2613 eum
893 2571 981 2612 Do-

151 2630 280 2679 mino,
299 2630 476 2672 Simeon
495 2630 666 2682 accepit
684 2641 784 2670 eum
800 2628 843 2668 in
858 2627 982 2668 ulnas

154 2698 266 2735 suas,
286 2690 330 2727 et
346 2685 572 2728 benedixit
590 2686 744 2727 Deum.

308 2825 372 2850 Pars
387 2825 558 2849 Autumnalis.

1797 165 1863 200 345

1304 262 1504 302 Psalmus
1524 262 1590 301 44.

1071 326 1338 392 ,ructavit
1378 338 1455 367 cor
1494 337 1642 366 meum
1677 324 1862 366 verbum

1038 392 1040 394 ·
1069 377 1140 442 :affl
1173 381 1418 446 bonumzf
1457 381 1557 423 dico
1601 394 1682 433 ego
1725 383 1862 434 opera

1172 451 1271 479 mea
1289 451 1393 490 regi.

1082 494 1251 545 Lingua
1282 507 1381 536 mea
1408 494 1602 535 calamus
1630 492 1804 542 scribae,
1837 493 1861 519 *

1030 550 1240 592 velociter
1269 550 1512 592 scribentis.

1081 607 1317 659 Speciosus
1351 607 1493 648 forma
1526 618 1620 658 prae
1652 605 1752 646 filiis
1786 604 1861 646 ho-

1029 663 1204 712 minum,
1234 663 1392 704 diffusa
1420 667 1487 704 est
1507 662 1648 713 gratia
1666 662 1710 702 in
1733 661 1861 703 labiis

1029 719 1131 760 tuis:
1146 720 1169 745 *
1180 721 1419 772 propterea
1438 718 1665 760 benedixit
1681 723 1725 760 te
1740 718 1862 759 Deus

1030 775 1075 816 in
1103 778 1325 818 aeternum.

1083 832 1328 883 Accingere
1356 830 1503 882 gladio
1538 835 1615 872 tuo
1644 843 1777 882 super
1805 831 1862 872 fe-

1031 901 1129 929 mur
1156 893 1290 938 tuum,
1318 888 1342 914 *
1370 887 1685 940 potentissime,

1083 945 1238 998 Specie
1266 950 1342 987 tua
1366 949 1409 986 et
1436 942 1760 996 pulchritudine
1788 947 1864 985 tua

1031 1001 1055 1027 *
1091 1001 1285 1050 intende,
1320 1002 1535 1053 prospere
1572 999 1783 1052 procede,
1821 1004 1865 1041 et

1031 1070 1177 1108 regna.

1083 1114 1273 1166 Propter
1291 1113 1533 1162 veritatem,
1555 1117 1599 1153 et
1615 1115 1863 1154 mansuetu-

1032 1169 1189 1219 dinem,
1218 1174 1262 1211 et
1291 1169 1511 1221 justitiam:
1544 1168 1568 1193 *
1602 1173 1646 1210 et
1674 1167 1865 1210 deducet

1031 1230 1075 1267 te
1102 1225 1359 1267 mirabiliter
1387 1225 1570 1266 dextera
1597 1229 1684 1266 tua.

1084 1282 1264 1333 Sagittae
1299 1287 1388 1324 tuae
1417 1284 1574 1330 acutae,
1600 1281 1755 1333 populi
1782 1281 1863 1322 sub

1030 1342 1074 1380 te
1104 1338 1273 1389 cadent,
1301 1339 1325 1364 *
1353 1338 1397 1379 in
1425 1337 1562 1379 corda
1589 1337 1865 1379 inimicorum

1031 1407 1158 1446 regis.

1083 1450 1220 1492 Sedes
1239 1455 1315 1492 tua
1333 1451 1455 1492 Deus
1482 1450 1526 1490 in
1550 1449 1760 1490 saeculum
1785 1450 1863 1489 sae-

1030 1507 1131 1549 culi:
1160 1508 1184 1533 *
1212 1507 1335 1558 virga
1364 1506 1616 1548 directionis
1647 1506 1772 1556 virga
1799 1518 1863 1546 16-

1029 1564 1103 1614 gni
1130 1564 1204 1605 tui.

1081 1619 1285 1661 Dilexisti
1311 1619 1528 1670 justitiam,
1558 1623 1601 1659 et
1629 1617 1762 1659 odisti
1788 1617 1864 1658 ini-

1030 1676 1262 1727 quitatem:
1311 1676 1335 1700 *
1377 1675 1614 1727 propterea
1656 1674 1780 1715 unxit
1821 1678 1866 1714 te

1028 1731 1150 1773 Deus
1178 1732 1299 1772 Deus
1327 1736 1427 1772 tuus
1456 1730 1555 1771 oleo
1580 1729 1745 1771 laetitiae
1772 1742 1866 1781 prae

1031 1787 1308 1829 consortibus
1335 1787 1432 1828 tuis.

1084 1843 1273 1896 Myrrha,
1302 1848 1346 1885 et
1373 1847 1506 1894 gutta,
1536 1846 1580 1883 et
1608 1841 1726 1882 casia
1750 1854 1775 1881 a
1794 1852 1864 1881 ve-

1031 1900 1245 1942 stimentis
1266 1900 1364 1948 11115,
1382 1912 1407 1940 3
1423 1898 1626 1940 domibus
1646 1897 1867 1939 eburneis:

1030 1957 1055 1983 *
1072 1969 1127 1998 ex
1156 1956 1313 2008 quibus
1334 1956 1664 1997 delectaverunt
1687 1958 1733 1995 te
1761 1953 1864 1993 filiae

1031 2025 1184 2063 regum
1210 2012 1255 2053 in
1282 2011 1451 2053 honore
1478 2016 1567 2052 tuo.

1084 2068 1237 2110 Astitit
1269 2070 1420 2119 regina
1453 2080 1479 2108 a
1507 2066 1673 2108 dextris
1707 2065 1793 2107 tuis
1821 2065 1865 2105 in

1032 2127 1194 2166 vestitu
1213 2124 1441 2166 deaurato:
1459 2124 1482 2149 *
1503 2121 1774 2164 circumdata
1793 2134 1864 2162 va-

1032 2181 1199 2222 rietate.

1085 2235 1204 2277 Audi
1226 2235 1326 2284 filia,
1349 2240 1393 2276 et
1411 2234 1522 2283 vide,
1543 2238 1587 2275 et
1610 2233 1770 2274 inclina
1793 2245 1864 2274 au-

1033 2305 1127 2333 rem
1143 2296 1279 2333 tuam:
1289 2291 1312 2317 *
1324 2295 1368 2332 et
1379 2290 1639 2332 obliviscere
1651 2289 1865 2342 populum

1033 2353 1168 2397 tuum,
1197 2352 1241 2388 et
1268 2346 1448 2388 domum
1474 2346 1612 2398 patris
1639 2345 1714 2387 tui.

1085 2403 1143 2445 Et
1157 2405 1440 2455 concupiscet
1457 2402 1557 2443 Rex
1576 2401 1783 2443 decorem
1800 2405 1865 2442 tu-

1033 2473 1121 2500 um:
1148 2459 1172 2485 *
1202 2458 1408 2510 quoniam
1434 2458 1530 2510 ipse
1557 2462 1625 2499 est
1650 2457 1865 2498 Dominus

1033 2515 1155 2556 Deus
1182 2519 1294 2563 tuus,
1324 2519 1368 2555 61
1395 2513 1644 2555 adorabunt
1671 2525 1781 2554 eum.

1086 2572 1143 2612 Et
1160 2570 1262 2611 fssiae
1281 2570 1389 2622 Tyri
1408 2569 1453 2610 in
1470 2569 1724 2610 muneribus
1737 2569 1760 2594 *
1775 2567 1864 2608 vul-

1034 2631 1128 2668 tum
1159 2631 1284 2668 tuum
1311 2625 1679 2678 deprecabuntur:
1713 2634 1865 2665 omnes

1036 2682 1193 2724 divites
1222 2681 1375 2734 plebis.

1615 2808 1658 2840 23
