2040 2944
655 180 865 214 Commune
892 180 1146 223 plurimorum
1172 181 1392 225 Martyrum.

165 277 353 317 animam
373 289 511 325 suam,
536 288 617 317 nec
641 276 800 327 juravit
821 276 866 316 in
890 275 994 317 dolo

163 333 366 385 proximo
388 344 479 373 suo.

214 389 298 430 Hic
339 389 527 441 accipiet
570 387 924 430 benedictionem
970 401 995 429 a

162 445 368 486 Domino:
383 445 406 470 *
423 450 467 486 et
485 444 833 487 misericordiam
852 457 877 485 a
896 445 994 486 Deo

163 501 343 542 salutari
364 514 455 542 suo.

212 558 324 598 Haec
352 562 420 599 est
447 558 674 608 generatio
705 557 995 610 quaerentium

162 626 277 662 eum,
314 615 338 639 *
377 615 667 666 quaerentium
716 614 874 655 faciem
910 614 995 655 Dei

160 669 310 711 Jacob.

212 726 418 768 Attollite
464 732 618 779 portas
663 727 886 780 principes
924 739 994 768 ve-

161 787 293 832 stras,
322 788 367 824 et
392 783 622 825 elevamini
646 789 790 836 portae
812 785 995 824 aeterna-

160 838 239 880 les:
258 840 281 864 *
302 844 346 881 et
364 839 563 881 introibit
583 841 681 881 Rex
699 839 864 890 gloriae.

214 896 321 946 Quis
347 901 414 938 est
435 897 518 937 iste
538 897 635 937 Rex
654 894 830 946 gloriae?
856 897 879 921 *
905 896 994 936 Do-

160 952 303 993 minus
334 952 462 994 fortis
495 958 540 994 et
571 958 746 1005 potens:
777 953 994 993 Dominus

160 1013 321 1061 potens
340 1009 383 1049 in
401 1008 568 1061 praelio.

213 1065 418 1106 Attollite
463 1070 618 1118 portas
664 1065 887 1118 principes
923 1078 994 1106 ve-

161 1126 291 1171 stras,
320 1126 364 1163 et
389 1121 786 1174 elevamini-portae
811 1123 995 1163 aeterna-

160 1177 238 1219 les:
257 1180 281 1205 *
301 1183 345 1219 et
364 1178 563 1220 introibit
583 1179 680 1220 Rex
699 1178 862 1229 gloriae.

213 1235 320 1284 Quis
347 1239 414 1276 est
438 1235 522 1276 iste
541 1235 640 1276 Rex
667 1233 843 1285 gloriae?
863 1235 886 1260 *
905 1235 994 1275 Do-

160 1291 302 1332 minus
314 1291 526 1332 virtutum
536 1291 631 1343 ipse
643 1296 711 1332 est
722 1291 820 1332 Rex
828 1291 992 1341 gloriae.

214 1354 313 1392 Ant.
348 1352 497 1393 Sancti
526 1352 600 1403 qui
629 1357 809 1404 sperant
835 1352 879 1392 in
906 1352 994 1392 Do-

160 1408 295 1457 mino,
327 1407 553 1449 habebunt
581 1407 900 1458 fortitudinem,
929 1421 994 1448 as-

161 1467 334 1505 sument
371 1477 539 1516 pennas
572 1469 620 1506 ut
655 1463 834 1516 aquilae,
875 1464 994 1505 vola-

159 1520 279 1570 bunt,
309 1526 353 1562 et
371 1533 459 1562 non
479 1520 694 1562 deficient.

215 1574 265 1625 Y.
291 1581 524 1622 Exsultent
548 1581 649 1632 justi
677 1581 721 1622 in
751 1582 994 1633 conspectu

161 1637 256 1678 Dei.
284 1638 334 1677 R.
353 1637 410 1678 Et
429 1637 703 1679 delectentur
723 1638 766 1678 in
786 1637 950 1680 laetitia.

216 1699 342 1739 Pater
363 1702 525 1739 noster.

214 1758 459 1799 Absolutio.
490 1759 632 1810 Ipsius
651 1761 807 1811 pietas.

216 1815 264 1865 Y.
289 1818 402 1860 Jube
431 1818 602 1860 domne.

188 1876 349 1916 Bened.
379 1877 499 1916 Deus
518 1876 650 1917 Pater
670 1878 962 1929 omnipotens.

161 1956 315 1997 Sermo
344 1957 483 1998 sancti
510 1957 745 2008 Augustini
772 1958 995 2011 Episcopi.

358 2023 474 2057 Serm.
492 2022 543 2056 47.
566 2021 613 2056 de
631 2021 793 2056 Sanctis,

466 2079 617 2119 Lectio
640 2079 692 2119 iv.

161 2139 637 2205 ‘Quotiescumquffi
674 2139 832 2181 fratres
866 2142 995 2181 caris-

163 2170 246 2253 Uli-⁸⁴
259 2208 282 2257 j
303 2195 415 2245 simi,
458 2198 712 2238 sanctorum
751 2197 995 2248 Martyrum

163 2251 244 2274 ⁴³·
305 2252 517 2294 solemnia
536 2253 822 2302 celebramus,
843 2254 915 2302 ita,
934 2253 995 2306 ip-

162 2307 222 2347 sis
241 2307 622 2358 intercedentibus,
643 2311 950 2362 exspectemus
971 2323 995 2351 a

162 2363 355 2405 Domino
384 2366 595 2417 consequi
628 2366 892 2418 temporalia
924 2365 995 2407 be-

163 2419 329 2468 neficia,
344 2426 392 2462 ut
411 2421 533 2472 ipsos
548 2422 766 2474 Martyres
781 2421 995 2463 imitando

163 2477 364 2527 accipere
406 2480 652 2519 mereamur
694 2480 870 2519 aeterna.
924 2478 995 2519 Ab

163 2531 270 2584 ipsis
287 2532 401 2572 enim
421 2536 673 2575 sanctorum
690 2535 933 2586 Martyrum
952 2535 996 2575 in

163 2588 347 2629 veritate
377 2588 662 2631 festivitatum
692 2590 854 2641 gaudia
887 2590 996 2632 cele-

163 2643 362 2694 brantur,
407 2645 480 2696 qui
517 2645 716 2697 ipsorum
752 2647 997 2698 Martyrum

165 2700 366 2753 exempla
394 2704 646 2752 sequuntur.
687 2703 997 2744 Solemnitates

1048 276 1162 317 enim
1176 276 1420 329 Martyrum
1435 278 1766 323 exhortationes
1782 286 1883 324 sunt

1046 333 1374 384 martyriorum:
1415 340 1464 376 ut
1499 335 1662 378 imitari
1699 350 1788 379 non
1820 341 1882 391 pi-

1047 394 1159 440 geat,
1191 390 1311 442 quod
1330 390 1556 434 celebrare
1578 392 1778 436 delectat.

1105 451 1154 501 lx'g.
1192 447 1339 488 Sancti
1370 447 1433 488 tui
1462 447 1652 490 Domine
1682 450 1882 492 mirebile

1048 503 1273 545 consecuti
1289 508 1389 544 sunt
1404 504 1497 555 iter,
1515 506 1756 548 servientes
1771 520 1882 559 prae-

1048 560 1187 612 ceptis
1213 559 1318 608 tuis,
1356 565 1404 601 ut
1431 560 1730 603 invenirentur
1756 562 1884 604 illaesi

1047 617 1090 657 in
1115 616 1240 668 aquis
1260 615 1433 657 validis:
1463 619 1486 642 *
1513 617 1654 659 Terra
1678 619 1884 671 apparuit

1048 672 1190 714 arida:
1228 677 1272 713 et
1303 672 1348 713 in
1376 672 1488 714 Mari
1520 673 1653 716 rubro
1686 675 1758 716 via
1791 675 1883 717 sine

1047 728 1373 781 impedimento.
1400 726 1449 778 Y.
1468 731 1685 780 Quoniam
1705 735 1883 784 percus-

1048 786 1105 827 sit
1131 790 1319 838 petram,
1349 790 1393 827 et
1420 786 1641 828 fluxerunt
1669 801 1812 839 aquae,
1840 794 1884 830 et

1048 843 1268 883 torrentes
1287 841 1620 885 inundaverunt.
1648 844 1800 886 Terra.

1103 900 1265 941 Bened.
1290 897 1490 940 Christus
1513 902 1753 952 perpetuae.

1359 956 1513 1013 Lectio
1535 972 1571 997 v,

1051 1009 1177 1115 Sed
1209 1026 1291 1054 nos
1323 1014 1526 1055 volumus
1558 1015 1750 1066 gaudere
1785 1029 1883 1057 cum

1136 1070 1314 1111 sanctis:
1332 1076 1375 1112 et
1390 1070 1718 1114 tribulationem
1733 1072 1885 1114 mundi
1954 1123 1959 1129 .

1047 1126 1250 1167 nolumus
1277 1128 1492 1170 sustinere
1517 1141 1617 1177 cum
1641 1129 1759 1181 ipsis.
1800 1129 1885 1179 Qui

1048 1183 1163 1224 enim
1191 1188 1369 1225 sanctos
1397 1184 1634 1237 Martyres,
1678 1185 1723 1226 in
1752 1198 1884 1238 quan·
1943 1214 1946 1217 -

1047 1244 1141 1280 tum
1162 1240 1374 1292 potuerit,
1402 1241 1566 1282 imitari
1584 1241 1793 1292 noluerit;
1828 1241 1885 1284 ad

1048 1297 1201 1337 eorum
1239 1292 1558 1339 beatitudinem
1594 1311 1683 1340 non
1719 1299 1885 1351 poterit

1047 1355 1290 1404 pervenire.
1331 1353 1420 1395 Sed
1445 1358 1488 1395 et
1507 1354 1671 1395 Paulus
1691 1354 1884 1407 Aposto-

1047 1408 1115 1449 lus
1143 1409 1369 1461 praedicat,
1399 1409 1566 1451 dicens:
1602 1410 1648 1451 Si
1675 1411 1884 1453 fuerimus

1048 1465 1156 1506 socii
1179 1466 1449 1518 passionum,
1485 1467 1646 1508 erimus
1666 1472 1711 1509 et
1730 1480 1884 1509 conso-

1047 1521 1270 1563 lationum.
1318 1522 1376 1564 Et
1410 1523 1627 1564 Dominus
1663 1523 1708 1564 in
1743 1524 1884 1565 Evan-

1046 1578 1178 1628 gelio:
1213 1578 1257 1620 Si
1277 1578 1466 1620 mundus
1486 1592 1568 1620 vos
1587 1579 1696 1629 odit,
1726 1580 1884 1622 scitote

1050 1634 1151 1686 quia
1183 1647 1254 1676 me
1286 1635 1481 1687 priorem
1512 1635 1640 1677 vobis
1673 1635 1778 1678 odio
1810 1635 1884 1678 ha-

1047 1690 1153 1732 buit.
1190 1691 1385 1732 Recusat
1405 1704 1502 1733 esse
1521 1692 1565 1732 in
1585 1694 1784 1745 corpore,
1810 1693 1885 1745 qui

1049 1746 1200 1788 odium
1223 1760 1312 1788 non
1331 1747 1425 1789 vult
1448 1748 1665 1790 sustinere
1689 1761 1790 1790 cum
1816 1751 1884 1791 ca-

1048 1803 1150 1855 pite.

1103 1863 1153 1915 R.
1193 1859 1394 1901 Verbera
1428 1860 1681 1902 carnificum
1712 1874 1802 1903 non
1834 1861 1884 1903 ti-

1047 1918 1252 1957 muerunt
1271 1917 1411 1958 sancti
1429 1917 1524 1967 Dei,
1543 1917 1781 1959 morientes
1800 1930 1883 1970 pro

1050 1971 1211 2013 Christi
1239 1973 1434 2014 nomine:
1463 1976 1487 1999 *
1522 1973 1581 2015 Ut
1607 1973 1808 2015 haeredes
1837 1973 1884 2015 fi-

1049 2034 1172 2070 erent
1197 2029 1241 2070 in
1267 2029 1402 2071 domo
1428 2030 1618 2071 Domini.
1652 2027 1703 2077 V.
1731 2029 1884 2072 Tradi-

1049 2084 1208 2127 derunt
1228 2088 1418 2138 corpora
1437 2099 1516 2127 sua
1535 2091 1720 2139 propter
1739 2087 1884 2128 Deum

1050 2141 1106 2183 ad
1127 2142 1353 2194 supplicia.
1382 2142 1452 2184 Ut.

1102 2197 1265 2239 Bened.
1294 2198 1447 2249 Ignem
1467 2199 1533 2240 sui
1553 2199 1728 2240 amoris.

1348 2253 1501 2295 Lectio
1522 2255 1576 2294 vi.
1669 2301 1674 2307 ,

1050 2306 1177 2413 Sed
1198 2310 1304 2353 dicit
1323 2311 1496 2364 aliquis:
1531 2312 1587 2352 Et
1606 2311 1704 2362 quis
1723 2315 1791 2352 est
1811 2311 1884 2363 qui

1137 2368 1280 2419 possit
1300 2367 1533 2409 beatorum
1551 2367 1794 2419 Martyrum
1814 2381 1884 2409 ve-

1051 2423 1179 2473 stigia
1199 2422 1348 2475 sequi?
1383 2424 1499 2465 Huic
1519 2435 1601 2474 ego
1622 2423 1884 2476 respondeo,

1052 2480 1152 2531 quia
1168 2492 1255 2521 non
1269 2479 1412 2521 solum
1422 2479 1650 2531 Martyres,
1662 2479 1742 2521 sed
1754 2480 1883 2521 etiam

1051 2536 1195 2588 ipsum
1220 2536 1459 2577 Dominum
1483 2548 1582 2576 cum
1604 2536 1742 2588 ipsius
1767 2536 1883 2588 adju-

1050 2593 1182 2642 torio,
1216 2593 1253 2633 si
1283 2592 1502 2641 volumus,
1529 2594 1765 2644 possumus
1793 2593 1884 2633 imi-

1050 2649 1145 2688 tari.
1182 2647 1301 2689 Audi
1320 2661 1409 2689 non
1427 2661 1509 2697 me,
1534 2647 1612 2689 sed
1633 2649 1777 2700 ipsum
1796 2649 1883 2690 Do-

1051 2705 1215 2746 minum
1233 2704 1382 2755 generi
1398 2703 1589 2746 humano
1606 2704 1883 2746 clamantem:
