<?xml version="1.0" encoding="UTF-8"?>
<!DOCTYPE html PUBLIC "-//W3C//DTD XHTML 1.0 Transitional//EN"
    "http://www.w3.org/TR/xhtml1/DTD/xhtml1-transitional.dtd">
<html xmlns="http://www.w3.org/1999/xhtml" xml:lang="en" lang="en">
 <head>
  <title>
</title>
<meta http-equiv="Content-Type" content="text/html;charset=utf-8" />
  <meta name='ocr-system' content='tesseract 3.04.00' />
  <meta name='ocr-capabilities' content='ocr_page ocr_carea ocr_par ocr_line ocrx_word'/>
</head>
<body>
  <div class='ocr_page' id='page_1' title='image "./p4breviariumroma00cathuoft_0812.png"; bbox 0 0 2040 2944; ppageno 0'>
   <div class='ocr_carea' id='block_1_1' title="bbox 180 169 272 213">
    <p class='ocr_par' dir='ltr' id='par_1_1' title="bbox 180 169 272 213">
     <span class='ocr_line' id='line_1_1' title="bbox 180 169 272 213; baseline 0.011 -10"><span class='ocrx_word' id='word_1_1' title='bbox 180 169 272 213; x_wconf 85' lang='lat'><strong>[312]</strong></span> 
     </span>
    </p>
   </div>
   <div class='ocr_carea' id='block_1_2' title="bbox 181 262 1026 2745">
    <p class='ocr_par' dir='ltr' id='par_1_2' title="bbox 181 262 1026 2745">
     <span class='ocr_line' id='line_1_2' title="bbox 182 262 1018 318; baseline -0.004 -11"><span class='ocrx_word' id='word_1_2' title='bbox 182 264 397 307; x_wconf 90' lang='lat' dir='ltr'><strong>Ascendit</strong></span> <span class='ocrx_word' id='word_1_3' title='bbox 412 265 623 318; x_wconf 90' lang='lat' dir='ltr'><strong>precatio,</strong></span> <span class='ocrx_word' id='word_1_4' title='bbox 639 269 683 306; x_wconf 92' lang='lat' dir='ltr'><strong>et</strong></span> <span class='ocrx_word' id='word_1_5' title='bbox 694 262 924 305; x_wconf 90' lang='lat' dir='ltr'><strong>descendit</strong></span> <span class='ocrx_word' id='word_1_6' title='bbox 933 263 1018 305; x_wconf 92' lang='lat' dir='ltr'><strong>Dei</strong></span> 
     </span>
     <span class='ocr_line' id='line_1_3' title="bbox 181 320 1016 369; baseline -0.004 -6"><span class='ocrx_word' id='word_1_7' title='bbox 181 322 418 363; x_wconf 89' lang='lat' dir='ltr'><strong>miseratio.</strong></span> <span class='ocrx_word' id='word_1_8' title='bbox 455 321 581 362; x_wconf 86' lang='lat' dir='ltr'>Licet</span> <span class='ocrx_word' id='word_1_9' title='bbox 606 321 695 362; x_wconf 90' lang='lat' dir='ltr'><strong>alta</strong></span> <span class='ocrx_word' id='word_1_10' title='bbox 719 321 776 361; x_wconf 90' lang='lat' dir='ltr'><strong>sit</strong></span> <span class='ocrx_word' id='word_1_11' title='bbox 798 325 932 369; x_wconf 88' lang='lat' dir='ltr'><strong>terra,</strong></span> <span class='ocrx_word' id='word_1_12' title='bbox 959 320 1016 360; x_wconf 92' lang='lat' dir='ltr'><strong>al-</strong></span> 
     </span>
     <span class='ocr_line' id='line_1_4' title="bbox 182 376 1016 426; baseline -0.005 -5"><span class='ocrx_word' id='word_1_13' title='bbox 182 386 276 422; x_wconf 84' lang='lat' dir='ltr'><strong>tum</strong></span> <span class='ocrx_word' id='word_1_14' title='bbox 295 378 471 426; x_wconf 88' lang='lat' dir='ltr'><strong>coelum,</strong></span> <span class='ocrx_word' id='word_1_15' title='bbox 493 377 615 419; x_wconf 86' lang='lat' dir='ltr'><strong>audit</strong></span> <span class='ocrx_word' id='word_1_16' title='bbox 633 382 782 419; x_wconf 89' lang='lat' dir='ltr'><strong>tamen</strong></span> <span class='ocrx_word' id='word_1_17' title='bbox 799 377 922 418; x_wconf 91' lang='lat' dir='ltr'><strong>Deus</strong></span> <span class='ocrx_word' id='word_1_18' title='bbox 942 376 1016 418; x_wconf 92' lang='lat' dir='ltr'><strong>ho-</strong></span> 
     </span>
     <span class='ocr_line' id='line_1_5' title="bbox 182 432 1018 484; baseline -0.001 -8"><span class='ocrx_word' id='word_1_19' title='bbox 182 435 310 476; x_wconf 92' lang='lat' dir='ltr'><strong>minis</strong></span> <span class='ocrx_word' id='word_1_20' title='bbox 338 434 548 484; x_wconf 85' lang='lat' dir='ltr'>linguam,</span> <span class='ocrx_word' id='word_1_21' title='bbox 583 434 619 475; x_wconf 93' lang='lat' dir='ltr'><strong>si</strong></span> <span class='ocrx_word' id='word_1_22' title='bbox 646 432 856 474; x_wconf 92' lang='lat' dir='ltr'><strong>mundam</strong></span> <span class='ocrx_word' id='word_1_23' title='bbox 883 433 1018 475; x_wconf 85' lang='lat' dir='ltr'><strong>habet</strong></span> 
     </span>
     <span class='ocr_line' id='line_1_6' title="bbox 183 489 1017 541; baseline -0.005 -7"><span class='ocrx_word' id='word_1_24' title='bbox 183 491 508 534; x_wconf 87' lang='lat' dir='ltr'><strong>conscientiam.</strong></span> <span class='ocrx_word' id='word_1_25' title='bbox 538 490 647 531; x_wconf 89' lang='lat' dir='ltr'><strong>Cum</strong></span> <span class='ocrx_word' id='word_1_26' title='bbox 663 489 864 531; x_wconf 89' lang='lat' dir='ltr'><strong>sensibus</strong></span> <span class='ocrx_word' id='word_1_27' title='bbox 878 489 1017 541; x_wconf 91' lang='lat' dir='ltr'><strong>loqui-</strong></span> 
     </span>
     <span class='ocr_line' id='line_1_7' title="bbox 182 546 1018 597; baseline -0.004 -8"><span class='ocrx_word' id='word_1_28' title='bbox 182 554 270 597; x_wconf 91' lang='lat' dir='ltr'><strong>tur,</strong></span> <span class='ocrx_word' id='word_1_29' title='bbox 308 547 345 587; x_wconf 89' lang='lat' dir='ltr'><strong>si</strong></span> <span class='ocrx_word' id='word_1_30' title='bbox 382 547 438 588; x_wconf 88' lang='lat' dir='ltr'><strong>sit</strong></span> <span class='ocrx_word' id='word_1_31' title='bbox 476 547 597 588; x_wconf 90' lang='lat' dir='ltr'><strong>solus</strong></span> <span class='ocrx_word' id='word_1_32' title='bbox 635 550 788 587; x_wconf 88' lang='lat' dir='ltr'><strong>noster</strong></span> <span class='ocrx_word' id='word_1_33' title='bbox 820 546 1018 597; x_wconf 88' lang='lat' dir='ltr'><strong>gemitus.</strong></span> 
     </span>
     <span class='ocr_line' id='line_1_8' title="bbox 183 602 1018 646; baseline -0.004 0"><span class='ocrx_word' id='word_1_34' title='bbox 183 603 355 646; x_wconf 84' lang='lat' dir='ltr'><strong>Sufficit</strong></span> <span class='ocrx_word' id='word_1_35' title='bbox 389 603 569 644; x_wconf 72' lang='lat' dir='ltr'>alitibus</span> <span class='ocrx_word' id='word_1_36' title='bbox 600 602 742 644; x_wconf 84' lang='lat' dir='ltr'><strong>imber</strong></span> <span class='ocrx_word' id='word_1_37' title='bbox 774 602 1018 644; x_wconf 93' lang='lat' dir='ltr'><strong>oculorum:</strong></span> 
     </span>
     <span class='ocr_line' id='line_1_9' title="bbox 184 659 1019 710; baseline -0.001 -9"><span class='ocrx_word' id='word_1_38' title='bbox 184 661 313 701; x_wconf 90' lang='lat' dir='ltr'><strong>fletus</strong></span> <span class='ocrx_word' id='word_1_39' title='bbox 359 659 486 701; x_wconf 91' lang='lat' dir='ltr'><strong>citius</strong></span> <span class='ocrx_word' id='word_1_40' title='bbox 534 659 657 700; x_wconf 87' lang='lat' dir='ltr'><strong>audit</strong></span> <span class='ocrx_word' id='word_1_41' title='bbox 703 672 835 710; x_wconf 92' lang='lat' dir='ltr'><strong>quam</strong></span> <span class='ocrx_word' id='word_1_42' title='bbox 872 671 1019 700; x_wconf 90' lang='lat' dir='ltr'><strong>voces.</strong></span> 
     </span>
     <span class='ocr_line' id='line_1_10' title="bbox 185 714 1018 768; baseline -0.001 -10"><span class='ocrx_word' id='word_1_43' title='bbox 185 717 339 758; x_wconf 92' lang='lat' dir='ltr'><strong>Oratio</strong></span> <span class='ocrx_word' id='word_1_44' title='bbox 359 715 495 757; x_wconf 90' lang='lat' dir='ltr'><strong>invidi</strong></span> <span class='ocrx_word' id='word_1_45' title='bbox 515 715 629 757; x_wconf 91' lang='lat' dir='ltr'><strong>solet</strong></span> <span class='ocrx_word' id='word_1_46' title='bbox 649 714 705 757; x_wconf 93' lang='lat' dir='ltr'><strong>de</strong></span> <span class='ocrx_word' id='word_1_47' title='bbox 725 714 904 757; x_wconf 84' lang='lat' dir='ltr'><strong>auribus</strong></span> <span class='ocrx_word' id='word_1_48' title='bbox 918 728 1018 768; x_wconf 92' lang='lat' dir='ltr'><strong>pro-</strong></span> 
     </span>
     <span class='ocr_line' id='line_1_11' title="bbox 183 771 1020 826; baseline -0.002 -12"><span class='ocrx_word' id='word_1_49' title='bbox 183 773 364 826; x_wconf 89' lang='lat' dir='ltr'><strong>pulsari.</strong></span> <span class='ocrx_word' id='word_1_50' title='bbox 405 772 512 813; x_wconf 82' lang='lat' dir='ltr'><strong>Erat</strong></span> <span class='ocrx_word' id='word_1_51' title='bbox 537 772 677 824; x_wconf 88' lang='lat' dir='ltr'><strong>patris</strong></span> <span class='ocrx_word' id='word_1_52' title='bbox 704 776 748 813; x_wconf 91' lang='lat' dir='ltr'><strong>et</strong></span> <span class='ocrx_word' id='word_1_53' title='bbox 773 771 851 812; x_wconf 85' lang='lat' dir='ltr'><strong>filii</strong></span> <span class='ocrx_word' id='word_1_54' title='bbox 876 772 1020 812; x_wconf 91' lang='lat' dir='ltr'><strong>anima</strong></span> 
     </span>
     <span class='ocr_line' id='line_1_12' title="bbox 184 829 1019 880; baseline -0.002 -10"><span class='ocrx_word' id='word_1_55' title='bbox 184 842 283 871; x_wconf 89' lang='lat' dir='ltr'><strong>una:</strong></span> <span class='ocrx_word' id='word_1_56' title='bbox 317 829 422 870; x_wconf 90' lang='lat' dir='ltr'><strong>dum</strong></span> <span class='ocrx_word' id='word_1_57' title='bbox 455 833 574 870; x_wconf 88' lang='lat' dir='ltr'><strong>esset</strong></span> <span class='ocrx_word' id='word_1_58' title='bbox 606 830 858 880; x_wconf 81' lang='lat' dir='ltr'>proprietas</span> <span class='ocrx_word' id='word_1_59' title='bbox 886 841 1019 869; x_wconf 88' lang='lat' dir='ltr'><strong>mem·</strong></span> 
     </span>
     <span class='ocr_line' id='line_1_13' title="bbox 184 884 1019 935; baseline -0.002 -8"><span class='ocrx_word' id='word_1_60' title='bbox 184 886 384 935; x_wconf 91' lang='lat' dir='ltr'><strong>brorum,</strong></span> <span class='ocrx_word' id='word_1_61' title='bbox 418 890 512 926; x_wconf 91' lang='lat' dir='ltr'><strong>erat</strong></span> <span class='ocrx_word' id='word_1_62' title='bbox 540 885 626 925; x_wconf 87' lang='lat' dir='ltr'><strong>illis</strong></span> <span class='ocrx_word' id='word_1_63' title='bbox 659 884 893 935; x_wconf 88' lang='lat' dir='ltr'><strong>singularis</strong></span> <span class='ocrx_word' id='word_1_64' title='bbox 926 897 1019 935; x_wconf 90' lang='lat' dir='ltr'><strong>ger-</strong></span> 
     </span>
     <span class='ocr_line' id='line_1_14' title="bbox 186 941 1019 993; baseline -0.002 -10"><span class='ocrx_word' id='word_1_65' title='bbox 186 942 374 983; x_wconf 90' lang='lat' dir='ltr'><strong>manitas</strong></span> <span class='ocrx_word' id='word_1_66' title='bbox 411 941 668 982; x_wconf 91' lang='lat' dir='ltr'><strong>animorum.</strong></span> <span class='ocrx_word' id='word_1_67' title='bbox 725 941 825 990; x_wconf 89' lang='lat' dir='ltr'>Fili,</span> <span class='ocrx_word' id='word_1_68' title='bbox 862 941 1019 993; x_wconf 91' lang='lat' dir='ltr'><strong>inquit,</strong></span> 
     </span>
     <span class='ocr_line' id='line_1_15' title="bbox 186 997 1019 1049; baseline -0.002 -9"><span class='ocrx_word' id='word_1_69' title='bbox 186 999 457 1040; x_wconf 88' lang='lat' dir='ltr'><strong>dimittamus</strong></span> <span class='ocrx_word' id='word_1_70' title='bbox 486 997 620 1039; x_wconf 91' lang='lat' dir='ltr'><strong>istum</strong></span> <span class='ocrx_word' id='word_1_71' title='bbox 647 997 884 1047; x_wconf 87' lang='lat' dir='ltr'><strong>hominem,</strong></span> <span class='ocrx_word' id='word_1_72' title='bbox 918 997 1019 1049; x_wconf 91' lang='lat' dir='ltr'><strong>adji-</strong></span> 
     </span>
     <span class='ocr_line' id='line_1_16' title="bbox 186 1053 1020 1106; baseline -0.002 -10"><span class='ocrx_word' id='word_1_73' title='bbox 186 1055 352 1096; x_wconf 90' lang='lat' dir='ltr'><strong>cientes</strong></span> <span class='ocrx_word' id='word_1_74' title='bbox 398 1053 455 1095; x_wconf 92' lang='lat' dir='ltr'><strong>ad</strong></span> <span class='ocrx_word' id='word_1_75' title='bbox 500 1053 752 1095; x_wconf 90' lang='lat' dir='ltr'><strong>mercedem</strong></span> <span class='ocrx_word' id='word_1_76' title='bbox 796 1053 1020 1106; x_wconf 90' lang='lat' dir='ltr'><strong>placitam,</strong></span> 
     </span>
     <span class='ocr_line' id='line_1_17' title="bbox 188 1110 1020 1164; baseline -0.001 -12"><span class='ocrx_word' id='word_1_77' title='bbox 188 1112 290 1164; x_wconf 91' lang='lat' dir='ltr'><strong>quia</strong></span> <span class='ocrx_word' id='word_1_78' title='bbox 308 1110 437 1152; x_wconf 89' lang='lat' dir='ltr'><strong>nobis</strong></span> <span class='ocrx_word' id='word_1_79' title='bbox 456 1110 595 1151; x_wconf 91' lang='lat' dir='ltr'><strong>multa</strong></span> <span class='ocrx_word' id='word_1_80' title='bbox 613 1112 749 1162; x_wconf 92' lang='lat' dir='ltr'><strong>opere</strong></span> <span class='ocrx_word' id='word_1_81' title='bbox 769 1122 849 1151; x_wconf 90' lang='lat' dir='ltr'><strong>suo</strong></span> <span class='ocrx_word' id='word_1_82' title='bbox 871 1112 1020 1152; x_wconf 88' lang='lat' dir='ltr'><strong>contu-</strong></span> 
     </span>
     <span class='ocr_line' id='line_1_18' title="bbox 185 1167 1019 1219; baseline -0.001 -10"><span class='ocrx_word' id='word_1_83' title='bbox 185 1167 235 1209; x_wconf 91' lang='lat' dir='ltr'><strong>lit</strong></span> <span class='ocrx_word' id='word_1_84' title='bbox 249 1167 380 1209; x_wconf 88' lang='lat' dir='ltr'><strong>bona:</strong></span> <span class='ocrx_word' id='word_1_85' title='bbox 400 1171 444 1208; x_wconf 91' lang='lat' dir='ltr'><strong>et</strong></span> <span class='ocrx_word' id='word_1_86' title='bbox 462 1168 620 1217; x_wconf 92' lang='lat' dir='ltr'><strong>rogare</strong></span> <span class='ocrx_word' id='word_1_87' title='bbox 641 1167 779 1219; x_wconf 92' lang='lat' dir='ltr'><strong>coepit</strong></span> <span class='ocrx_word' id='word_1_88' title='bbox 797 1169 1019 1208; x_wconf 89' lang='lat' dir='ltr'><strong>mercena-</strong></span> 
     </span>
     <span class='ocr_line' id='line_1_19' title="bbox 186 1222 1019 1274; baseline 0.001 -10"><span class='ocrx_word' id='word_1_89' title='bbox 186 1224 313 1274; x_wconf 89' lang='lat' dir='ltr'><strong>rium,</strong></span> <span class='ocrx_word' id='word_1_90' title='bbox 338 1228 386 1264; x_wconf 90' lang='lat' dir='ltr'><strong>ut</strong></span> <span class='ocrx_word' id='word_1_91' title='bbox 403 1222 623 1264; x_wconf 88' lang='lat' dir='ltr'><strong>mercedis</strong></span> <span class='ocrx_word' id='word_1_92' title='bbox 643 1236 735 1264; x_wconf 87' lang='lat' dir='ltr'><strong>suae</strong></span> <span class='ocrx_word' id='word_1_93' title='bbox 755 1228 900 1264; x_wconf 89' lang='lat' dir='ltr'><strong>sumat</strong></span> <span class='ocrx_word' id='word_1_94' title='bbox 921 1223 1019 1265; x_wconf 88' lang='lat' dir='ltr'><strong>effe-</strong></span> 
     </span>
     <span class='ocr_line' id='line_1_20' title="bbox 187 1279 1022 1332; baseline -0.001 -10"><span class='ocrx_word' id='word_1_95' title='bbox 187 1285 317 1322; x_wconf 90' lang='lat' dir='ltr'><strong>ctum.</strong></span> <span class='ocrx_word' id='word_1_96' title='bbox 350 1280 517 1330; x_wconf 85' lang='lat' dir='ltr'><strong>Frater,</strong></span> <span class='ocrx_word' id='word_1_97' title='bbox 541 1279 694 1331; x_wconf 88' lang='lat' dir='ltr'><strong>inquit,</strong></span> <span class='ocrx_word' id='word_1_98' title='bbox 720 1280 873 1332; x_wconf 90' lang='lat' dir='ltr'><strong>accipe</strong></span> <span class='ocrx_word' id='word_1_99' title='bbox 900 1279 1022 1331; x_wconf 90' lang='lat' dir='ltr'><strong>quod</strong></span> 
     </span>
     <span class='ocr_line' id='line_1_21' title="bbox 185 1336 1019 1385; baseline -0.001 -7"><span class='ocrx_word' id='word_1_100' title='bbox 185 1342 310 1379; x_wconf 89' lang='lat' dir='ltr'><strong>tuum</strong></span> <span class='ocrx_word' id='word_1_101' title='bbox 330 1341 408 1385; x_wconf 92' lang='lat' dir='ltr'><strong>est,</strong></span> <span class='ocrx_word' id='word_1_102' title='bbox 429 1341 472 1377; x_wconf 92' lang='lat' dir='ltr'><strong>et</strong></span> <span class='ocrx_word' id='word_1_103' title='bbox 490 1340 596 1377; x_wconf 84' lang='lat' dir='ltr'><strong>tunc</strong></span> <span class='ocrx_word' id='word_1_104' title='bbox 614 1336 727 1377; x_wconf 87' lang='lat' dir='ltr'><strong>vade</strong></span> <span class='ocrx_word' id='word_1_105' title='bbox 748 1336 908 1377; x_wconf 88' lang='lat' dir='ltr'><strong>salvus.</strong></span> <span class='ocrx_word' id='word_1_106' title='bbox 937 1337 1019 1377; x_wconf 90' lang='lat' dir='ltr'><strong>Re-</strong></span> 
     </span>
     <span class='ocr_line' id='line_1_22' title="bbox 188 1392 1022 1446; baseline 0.001 -12"><span class='ocrx_word' id='word_1_107' title='bbox 188 1394 285 1446; x_wconf 88' lang='lat' dir='ltr'><strong>cipe</strong></span> <span class='ocrx_word' id='word_1_108' title='bbox 305 1392 556 1434; x_wconf 91' lang='lat' dir='ltr'><strong>mercedem</strong></span> <span class='ocrx_word' id='word_1_109' title='bbox 574 1397 710 1442; x_wconf 91' lang='lat' dir='ltr'><strong>tuam,</strong></span> <span class='ocrx_word' id='word_1_110' title='bbox 732 1393 834 1445; x_wconf 90' lang='lat' dir='ltr'><strong>quia</strong></span> <span class='ocrx_word' id='word_1_111' title='bbox 852 1393 959 1434; x_wconf 92' lang='lat' dir='ltr'><strong>mihi</strong></span> <span class='ocrx_word' id='word_1_112' title='bbox 979 1399 1022 1435; x_wconf 89' lang='lat' dir='ltr'><strong>et</strong></span> 
     </span>
     <span class='ocr_line' id='line_1_23' title="bbox 187 1449 1021 1502; baseline 0 -12"><span class='ocrx_word' id='word_1_113' title='bbox 187 1449 278 1490; x_wconf 89' lang='lat' dir='ltr'><strong>filio</strong></span> <span class='ocrx_word' id='word_1_114' title='bbox 302 1462 402 1491; x_wconf 91' lang='lat' dir='ltr'><strong>meo</strong></span> <span class='ocrx_word' id='word_1_115' title='bbox 424 1449 588 1491; x_wconf 83' lang='lat' dir='ltr'>bonam</span> <span class='ocrx_word' id='word_1_116' title='bbox 606 1449 838 1502; x_wconf 78' lang='lat' dir='ltr'><strong>praebuisti</strong></span> <span class='ocrx_word' id='word_1_117' title='bbox 857 1450 1021 1491; x_wconf 92' lang='lat' dir='ltr'><strong>miseri-</strong></span> 
     </span>
     <span class='ocr_line' id='line_1_24' title="bbox 188 1505 1022 1556; baseline 0.001 -9"><span class='ocrx_word' id='word_1_118' title='bbox 188 1505 395 1547; x_wconf 87' lang='lat' dir='ltr'><strong>cordiam.</strong></span> <span class='ocrx_word' id='word_1_119' title='bbox 449 1505 594 1555; x_wconf 85' lang='lat' dir='ltr'>Tolle,</span> <span class='ocrx_word' id='word_1_120' title='bbox 621 1511 670 1547; x_wconf 92' lang='lat' dir='ltr'><strong>ut</strong></span> <span class='ocrx_word' id='word_1_121' title='bbox 699 1505 803 1556; x_wconf 85' lang='lat' dir='ltr'><strong>dixi,</strong></span> <span class='ocrx_word' id='word_1_122' title='bbox 831 1506 1022 1548; x_wconf 90' lang='lat' dir='ltr'><strong>mediam</strong></span> 
     </span>
     <span class='ocr_line' id='line_1_25' title="bbox 188 1561 1021 1614; baseline 0.002 -11"><span class='ocrx_word' id='word_1_123' title='bbox 188 1561 497 1612; x_wconf 68' lang='lat' dir='ltr'><strong>substantiam,</strong></span> <span class='ocrx_word' id='word_1_124' title='bbox 525 1575 657 1614; x_wconf 90' lang='lat' dir='ltr'><strong>quam</strong></span> <span class='ocrx_word' id='word_1_125' title='bbox 681 1575 781 1603; x_wconf 93' lang='lat' dir='ltr'><strong>cum</strong></span> <span class='ocrx_word' id='word_1_126' title='bbox 803 1562 896 1604; x_wconf 91' lang='lat' dir='ltr'><strong>filio</strong></span> <span class='ocrx_word' id='word_1_127' title='bbox 921 1576 1021 1605; x_wconf 92' lang='lat' dir='ltr'><strong>meo</strong></span> 
     </span>
     <span class='ocr_line' id='line_1_26' title="bbox 188 1619 1022 1671; baseline 0.002 -12"><span class='ocrx_word' id='word_1_128' title='bbox 188 1619 441 1671; x_wconf 87' lang='lat' dir='ltr'><strong>reportasti:</strong></span> <span class='ocrx_word' id='word_1_129' title='bbox 470 1632 572 1660; x_wconf 94' lang='lat' dir='ltr'><strong>nam</strong></span> <span class='ocrx_word' id='word_1_130' title='bbox 597 1619 753 1670; x_wconf 89' lang='lat' dir='ltr'><strong>gratia,</strong></span> <span class='ocrx_word' id='word_1_131' title='bbox 783 1631 915 1671; x_wconf 90' lang='lat' dir='ltr'><strong>quam</strong></span> <span class='ocrx_word' id='word_1_132' title='bbox 941 1619 1022 1661; x_wconf 92' lang='lat' dir='ltr'><strong>tibi</strong></span> 
     </span>
     <span class='ocr_line' id='line_1_27' title="bbox 188 1674 957 1728; baseline -0.001 -11"><span class='ocrx_word' id='word_1_133' title='bbox 188 1674 411 1725; x_wconf 88' lang='lat' dir='ltr'><strong>debemus,</strong></span> <span class='ocrx_word' id='word_1_134' title='bbox 432 1688 521 1717; x_wconf 94' lang='lat' dir='ltr'><strong>non</strong></span> <span class='ocrx_word' id='word_1_135' title='bbox 538 1681 690 1728; x_wconf 90' lang='lat' dir='ltr'><strong>potest</strong></span> <span class='ocrx_word' id='word_1_136' title='bbox 708 1675 957 1728; x_wconf 91' lang='lat' dir='ltr'><strong>ponderari.</strong></span> 
     </span>
     <span class='ocr_line' id='line_1_28' title="bbox 238 1732 1022 1784; baseline 0 -10"><span class='ocrx_word' id='word_1_137' title='bbox 238 1737 288 1777; x_wconf 94' lang='lat' dir='ltr'><strong>R.</strong></span> <span class='ocrx_word' id='word_1_138' title='bbox 304 1732 599 1783; x_wconf 64' lang='lat' dir='ltr'><strong>Interrogavit</strong></span> <span class='ocrx_word' id='word_1_139' title='bbox 609 1732 775 1774; x_wconf 87' lang='lat' dir='ltr'><strong>Tobias</strong></span> <span class='ocrx_word' id='word_1_140' title='bbox 789 1733 1022 1784; x_wconf 87' lang='lat' dir='ltr'>Angelum:</span> 
     </span>
     <span class='ocr_line' id='line_1_29' title="bbox 188 1788 1022 1842; baseline 0.002 -13"><span class='ocrx_word' id='word_1_141' title='bbox 188 1788 256 1829; x_wconf 93' lang='lat' dir='ltr'><strong>De</strong></span> <span class='ocrx_word' id='word_1_142' title='bbox 278 1801 363 1840; x_wconf 85' lang='lat' dir='ltr'><strong>qua</strong></span> <span class='ocrx_word' id='word_1_143' title='bbox 383 1788 533 1838; x_wconf 93' lang='lat' dir='ltr'><strong>domo,</strong></span> <span class='ocrx_word' id='word_1_144' title='bbox 558 1794 633 1830; x_wconf 92' lang='lat' dir='ltr'><strong>aut</strong></span> <span class='ocrx_word' id='word_1_145' title='bbox 653 1789 709 1831; x_wconf 93' lang='lat' dir='ltr'><strong>de</strong></span> <span class='ocrx_word' id='word_1_146' title='bbox 731 1802 817 1842; x_wconf 92' lang='lat' dir='ltr'><strong>qua</strong></span> <span class='ocrx_word' id='word_1_147' title='bbox 837 1789 956 1831; x_wconf 92' lang='lat' dir='ltr'><strong>tribu</strong></span> <span class='ocrx_word' id='word_1_148' title='bbox 975 1802 1022 1831; x_wconf 90' lang='lat' dir='ltr'><strong>es</strong></span> 
     </span>
     <span class='ocr_line' id='line_1_30' title="bbox 187 1844 1023 1898; baseline 0.001 -12"><span class='ocrx_word' id='word_1_149' title='bbox 187 1844 257 1886; x_wconf 87' lang='lat' dir='ltr'><strong>tu?</strong></span> <span class='ocrx_word' id='word_1_150' title='bbox 279 1845 363 1895; x_wconf 87' lang='lat' dir='ltr'><strong>Qui</strong></span> <span class='ocrx_word' id='word_1_151' title='bbox 379 1845 666 1898; x_wconf 88' lang='lat' dir='ltr'><strong>respondens,</strong></span> <span class='ocrx_word' id='word_1_152' title='bbox 686 1846 761 1887; x_wconf 90' lang='lat' dir='ltr'><strong>ait:</strong></span> <span class='ocrx_word' id='word_1_153' title='bbox 774 1851 796 1875; x_wconf 81' lang='lat'>*</span> <span class='ocrx_word' id='word_1_154' title='bbox 814 1846 911 1897; x_wconf 91' lang='lat' dir='ltr'><strong>Ego</strong></span> <span class='ocrx_word' id='word_1_155' title='bbox 927 1859 1023 1887; x_wconf 90' lang='lat' dir='ltr'><strong>sum</strong></span> 
     </span>
     <span class='ocr_line' id='line_1_31' title="bbox 190 1899 1024 1952; baseline 0.002 -10"><span class='ocrx_word' id='word_1_156' title='bbox 190 1901 374 1943; x_wconf 88' lang='lat' dir='ltr'><strong>Azarias</strong></span> <span class='ocrx_word' id='word_1_157' title='bbox 385 1901 569 1942; x_wconf 81' lang='lat' dir='ltr'><strong>Ananiae</strong></span> <span class='ocrx_word' id='word_1_158' title='bbox 582 1902 731 1952; x_wconf 90' lang='lat' dir='ltr'><strong>magni</strong></span> <span class='ocrx_word' id='word_1_159' title='bbox 741 1902 868 1943; x_wconf 87' lang='lat' dir='ltr'><strong>filius.</strong></span> <span class='ocrx_word' id='word_1_160' title='bbox 882 1899 931 1950; x_wconf 68' lang='lat' dir='ltr'><strong>V.</strong></span> <span class='ocrx_word' id='word_1_161' title='bbox 947 1902 1024 1944; x_wconf 91' lang='lat' dir='ltr'><strong>Ge-</strong></span> 
     </span>
     <span class='ocr_line' id='line_1_32' title="bbox 189 1958 1023 2012; baseline 0.002 -14"><span class='ocrx_word' id='word_1_162' title='bbox 189 1970 271 1998; x_wconf 93' lang='lat' dir='ltr'><strong>nus</strong></span> <span class='ocrx_word' id='word_1_163' title='bbox 302 1958 464 2010; x_wconf 87' lang='lat' dir='ltr'><strong>quaeris</strong></span> <span class='ocrx_word' id='word_1_164' title='bbox 491 1959 767 2008; x_wconf 91' lang='lat' dir='ltr'><strong>mercenarii,</strong></span> <span class='ocrx_word' id='word_1_165' title='bbox 794 1972 850 2000; x_wconf 90' lang='lat' dir='ltr'><strong>an</strong></span> <span class='ocrx_word' id='word_1_166' title='bbox 877 1959 1023 2012; x_wconf 92' lang='lat' dir='ltr'><strong>ipsum</strong></span> 
     </span>
     <span class='ocr_line' id='line_1_33' title="bbox 189 2015 1022 2066; baseline 0.004 -11"><span class='ocrx_word' id='word_1_167' title='bbox 189 2015 518 2064; x_wconf 88' lang='lat' dir='ltr'><strong>mercenarium,</strong></span> <span class='ocrx_word' id='word_1_168' title='bbox 537 2015 611 2066; x_wconf 94' lang='lat' dir='ltr'><strong>qui</strong></span> <span class='ocrx_word' id='word_1_169' title='bbox 629 2028 728 2056; x_wconf 91' lang='lat' dir='ltr'><strong>cum</strong></span> <span class='ocrx_word' id='word_1_170' title='bbox 738 2015 829 2057; x_wconf 88' lang='lat' dir='ltr'><strong>filio</strong></span> <span class='ocrx_word' id='word_1_171' title='bbox 841 2020 918 2057; x_wconf 89' lang='lat' dir='ltr'><strong>tuo</strong></span> <span class='ocrx_word' id='word_1_172' title='bbox 931 2015 1022 2058; x_wconf 86' lang='lat' dir='ltr'><strong>eat?</strong></span> 
     </span>
     <span class='ocr_line' id='line_1_34' title="bbox 189 2069 941 2122; baseline 0.001 -11"><span class='ocrx_word' id='word_1_173' title='bbox 189 2069 278 2112; x_wconf 90' lang='lat' dir='ltr'><strong>Sed</strong></span> <span class='ocrx_word' id='word_1_174' title='bbox 295 2083 351 2113; x_wconf 92' lang='lat' dir='ltr'><strong>ne</strong></span> <span class='ocrx_word' id='word_1_175' title='bbox 368 2071 482 2112; x_wconf 87' lang='lat' dir='ltr'><strong>forte</strong></span> <span class='ocrx_word' id='word_1_176' title='bbox 501 2071 714 2113; x_wconf 91' lang='lat' dir='ltr'><strong>sollicitus</strong></span> <span class='ocrx_word' id='word_1_177' title='bbox 734 2073 806 2113; x_wconf 89' lang='lat' dir='ltr'><strong>sis.</strong></span> <span class='ocrx_word' id='word_1_178' title='bbox 834 2073 941 2122; x_wconf 87' lang='lat' dir='ltr'><strong>Ego.</strong></span> 
     </span>
     <span class='ocr_line' id='line_1_35' title="bbox 499 2127 711 2168; baseline 0 -1"><span class='ocrx_word' id='word_1_179' title='bbox 499 2127 651 2168; x_wconf 84' lang='lat' dir='ltr'><strong>Lectio</strong></span> <span class='ocrx_word' id='word_1_180' title='bbox 674 2142 711 2167; x_wconf 81' lang='lat' dir='ltr'><strong>v,</strong></span> 
     </span>
     <span class='ocr_line' id='line_1_36' title="bbox 194 2177 1023 2283; baseline 0.005 -60"><span class='ocrx_word' id='word_1_181' title='bbox 194 2177 453 2283; x_wconf 84' lang='lat' dir='ltr'><strong>Continuo</strong></span> <span class='ocrx_word' id='word_1_182' title='bbox 473 2184 669 2236; x_wconf 87' lang='lat' dir='ltr'>Angelus</span> <span class='ocrx_word' id='word_1_183' title='bbox 694 2184 858 2235; x_wconf 90' lang='lat' dir='ltr'><strong>gaudet</strong></span> <span class='ocrx_word' id='word_1_184' title='bbox 878 2185 933 2226; x_wconf 92' lang='lat' dir='ltr'><strong>de</strong></span> <span class='ocrx_word' id='word_1_185' title='bbox 953 2198 1023 2227; x_wconf 92' lang='lat' dir='ltr'><strong>co-</strong></span> 
     </span>
     <span class='ocr_line' id='line_1_37' title="bbox 295 2240 1022 2293; baseline 0.003 -12"><span class='ocrx_word' id='word_1_186' title='bbox 295 2240 433 2290; x_wconf 87' lang='lat' dir='ltr'><strong>gitata</strong></span> <span class='ocrx_word' id='word_1_187' title='bbox 451 2241 667 2291; x_wconf 82' lang='lat' dir='ltr'><strong>mercede,</strong></span> <span class='ocrx_word' id='word_1_188' title='bbox 689 2242 763 2293; x_wconf 92' lang='lat' dir='ltr'><strong>qui</strong></span> <span class='ocrx_word' id='word_1_189' title='bbox 782 2242 941 2283; x_wconf 89' lang='lat' dir='ltr'><strong>missus</strong></span> <span class='ocrx_word' id='word_1_190' title='bbox 961 2242 1022 2283; x_wconf 85' lang='lat' dir='ltr'><strong>fu-</strong></span> 
     </span>
     <span class='ocr_line' id='line_1_38' title="bbox 193 2297 1024 2350; baseline 0.005 -14"><span class='ocrx_word' id='word_1_191' title='bbox 193 2301 287 2337; x_wconf 85' lang='lat' dir='ltr'><strong>erat</strong></span> <span class='ocrx_word' id='word_1_192' title='bbox 305 2297 441 2346; x_wconf 87' lang='lat' dir='ltr'><strong>gratis</strong></span> <span class='ocrx_word' id='word_1_193' title='bbox 459 2298 604 2339; x_wconf 88' lang='lat' dir='ltr'><strong>facere</strong></span> <span class='ocrx_word' id='word_1_194' title='bbox 624 2298 846 2350; x_wconf 90' lang='lat' dir='ltr'><strong>pietatem.</strong></span> <span class='ocrx_word' id='word_1_195' title='bbox 874 2298 1024 2348; x_wconf 84' lang='lat' dir='ltr'><strong>TobiS,</strong></span> 
     </span>
     <span class='ocr_line' id='line_1_39' title="bbox 192 2351 1024 2406; baseline 0.006 -15"><span class='ocrx_word' id='word_1_196' title='bbox 192 2351 351 2403; x_wconf 89' lang='lat' dir='ltr'><strong>inquit,</strong></span> <span class='ocrx_word' id='word_1_197' title='bbox 386 2353 457 2394; x_wconf 91' lang='lat' dir='ltr'><strong>vel</strong></span> <span class='ocrx_word' id='word_1_198' title='bbox 493 2353 652 2404; x_wconf 90' lang='lat' dir='ltr'><strong>Tobia,</strong></span> <span class='ocrx_word' id='word_1_199' title='bbox 690 2354 796 2406; x_wconf 90' lang='lat' dir='ltr'><strong>quid</strong></span> <span class='ocrx_word' id='word_1_200' title='bbox 835 2353 890 2396; x_wconf 94' lang='lat' dir='ltr'><strong>de</strong></span> <span class='ocrx_word' id='word_1_201' title='bbox 926 2368 1024 2396; x_wconf 92' lang='lat' dir='ltr'><strong>mea</strong></span> 
     </span>
     <span class='ocr_line' id='line_1_40' title="bbox 194 2408 1023 2463; baseline 0.006 -16"><span class='ocrx_word' id='word_1_202' title='bbox 194 2408 398 2449; x_wconf 81' lang='lat' dir='ltr'><strong>mercede</strong></span> <span class='ocrx_word' id='word_1_203' title='bbox 422 2410 529 2451; x_wconf 90' lang='lat' dir='ltr'><strong>satis</strong></span> <span class='ocrx_word' id='word_1_204' title='bbox 553 2411 775 2463; x_wconf 89' lang='lat' dir='ltr'><strong>superflue</strong></span> <span class='ocrx_word' id='word_1_205' title='bbox 796 2410 1023 2462; x_wconf 84' lang='lat' dir='ltr'><strong>cogitatis?</strong></span> 
     </span>
     <span class='ocr_line' id='line_1_41' title="bbox 194 2463 1025 2516; baseline 0.005 -12"><span class='ocrx_word' id='word_1_206' title='bbox 194 2463 368 2505; x_wconf 88' lang='lat' dir='ltr'><strong>Habete</strong></span> <span class='ocrx_word' id='word_1_207' title='bbox 396 2466 516 2516; x_wconf 89' lang='lat' dir='ltr'><strong>quod</strong></span> <span class='ocrx_word' id='word_1_208' title='bbox 539 2467 667 2508; x_wconf 91' lang='lat' dir='ltr'><strong>vobis</strong></span> <span class='ocrx_word' id='word_1_209' title='bbox 694 2467 875 2508; x_wconf 92' lang='lat' dir='ltr'><strong>donavit</strong></span> <span class='ocrx_word' id='word_1_210' title='bbox 894 2468 1025 2510; x_wconf 90' lang='lat' dir='ltr'><strong>Pater</strong></span> 
     </span>
     <span class='ocr_line' id='line_1_42' title="bbox 194 2520 1026 2573; baseline 0.005 -12"><span class='ocrx_word' id='word_1_211' title='bbox 194 2520 267 2562; x_wconf 93' lang='lat' dir='ltr'><strong>ille</strong></span> <span class='ocrx_word' id='word_1_212' title='bbox 301 2520 508 2562; x_wconf 87' lang='lat' dir='ltr'><strong>coelestis.</strong></span> <span class='ocrx_word' id='word_1_213' title='bbox 570 2523 665 2573; x_wconf 90' lang='lat' dir='ltr'><strong>Ego</strong></span> <span class='ocrx_word' id='word_1_214' title='bbox 698 2524 896 2565; x_wconf 84' lang='lat' dir='ltr'><strong>minister</strong></span> <span class='ocrx_word' id='word_1_215' title='bbox 928 2537 1026 2565; x_wconf 91' lang='lat' dir='ltr'><strong>sum</strong></span> 
     </span>
     <span class='ocr_line' id='line_1_43' title="bbox 196 2577 1025 2626; baseline 0.004 -8"><span class='ocrx_word' id='word_1_216' title='bbox 196 2577 446 2626; x_wconf 86' lang='lat' dir='ltr'><strong>curationis,</strong></span> <span class='ocrx_word' id='word_1_217' title='bbox 466 2577 538 2618; x_wconf 93' lang='lat' dir='ltr'><strong>ille</strong></span> <span class='ocrx_word' id='word_1_218' title='bbox 559 2584 626 2620; x_wconf 91' lang='lat' dir='ltr'><strong>est</strong></span> <span class='ocrx_word' id='word_1_219' title='bbox 643 2585 796 2621; x_wconf 91' lang='lat' dir='ltr'><strong>auctor</strong></span> <span class='ocrx_word' id='word_1_220' title='bbox 813 2580 1025 2622; x_wconf 90' lang='lat' dir='ltr'><strong>sanitatis.</strong></span> 
     </span>
     <span class='ocr_line' id='line_1_44' title="bbox 195 2633 1025 2688; baseline 0.005 -14"><span class='ocrx_word' id='word_1_221' title='bbox 195 2633 389 2675; x_wconf 89' lang='lat' dir='ltr'><strong>Nescitis</strong></span> <span class='ocrx_word' id='word_1_222' title='bbox 409 2634 530 2684; x_wconf 89' lang='lat' dir='ltr'><strong>cujus</strong></span> <span class='ocrx_word' id='word_1_223' title='bbox 549 2636 806 2676; x_wconf 77' lang='lat' dir='ltr'><strong>mercenarii</strong></span> <span class='ocrx_word' id='word_1_224' title='bbox 825 2649 910 2688; x_wconf 94' lang='lat' dir='ltr'><strong>ope</strong></span> <span class='ocrx_word' id='word_1_225' title='bbox 930 2639 1025 2688; x_wconf 89' lang='lat' dir='ltr'><strong>per-</strong></span> 
     </span>
     <span class='ocr_line' id='line_1_45' title="bbox 196 2690 1025 2745; baseline 0.006 -15"><span class='ocrx_word' id='word_1_226' title='bbox 196 2690 279 2731; x_wconf 90' lang='lat' dir='ltr'><strong>frui</strong></span> <span class='ocrx_word' id='word_1_227' title='bbox 302 2690 533 2733; x_wconf 83' lang='lat' dir='ltr'><strong>meruistis.</strong></span> <span class='ocrx_word' id='word_1_228' title='bbox 574 2691 819 2733; x_wconf 85' lang='lat' dir='ltr'><strong>Defunctos</strong></span> <span class='ocrx_word' id='word_1_229' title='bbox 846 2693 1025 2745; x_wconf 89' lang='lat' dir='ltr'><strong>captivi-</strong></span> 
     </span>
    </p>
   </div>
   <div class='ocr_carea' id='block_1_3' title="bbox 616 169 1462 214">
    <p class='ocr_par' dir='ltr' id='par_1_3' title="bbox 616 169 1462 214">
     <span class='ocr_line' id='line_1_46' title="bbox 616 169 1462 214; baseline -0.002 -10"><span class='ocrx_word' id='word_1_230' title='bbox 616 171 687 205; x_wconf 86' lang='lat' dir='ltr'><strong>Die</strong></span> <span class='ocrx_word' id='word_1_231' title='bbox 712 171 764 213; x_wconf 73' lang='grc'><strong>24.</strong></span> <span class='ocrx_word' id='word_1_232' title='bbox 790 171 870 204; x_wconf 90' lang='lat' dir='ltr'><strong>Oet.</strong></span> <span class='ocrx_word' id='word_1_233' title='bbox 918 170 953 205; x_wconf 91' lang='lat' dir='ltr'><strong>S.</strong></span> <span class='ocrx_word' id='word_1_234' title='bbox 977 170 1190 214; x_wconf 68' lang='lat' dir='ltr'><strong>Raphaelis</strong></span> <span class='ocrx_word' id='word_1_235' title='bbox 1214 169 1462 211; x_wconf 75' lang='lat' dir='ltr'><strong>Archangeli.</strong></span> 
     </span>
    </p>
   </div>
   <div class='ocr_carea' id='block_1_4' title="bbox 1069 259 1912 2744">
    <p class='ocr_par' dir='ltr' id='par_1_4' title="bbox 1069 259 1912 1719">
     <span class='ocr_line' id='line_1_47' title="bbox 1069 259 1904 315; baseline -0.005 -11"><span class='ocrx_word' id='word_1_236' title='bbox 1069 263 1175 305; x_wconf 90' lang='lat' dir='ltr'><strong>tatis</strong></span> <span class='ocrx_word' id='word_1_237' title='bbox 1195 261 1385 315; x_wconf 91' lang='lat' dir='ltr'><strong>sepelire</strong></span> <span class='ocrx_word' id='word_1_238' title='bbox 1405 273 1494 302; x_wconf 93' lang='lat' dir='ltr'><strong>non</strong></span> <span class='ocrx_word' id='word_1_239' title='bbox 1513 260 1735 302; x_wconf 84' lang='lat' dir='ltr'><strong>timuistis:</strong></span> <span class='ocrx_word' id='word_1_240' title='bbox 1754 259 1904 310; x_wconf 91' lang='lat' dir='ltr'><strong>Tobis,</strong></span> 
     </span>
     <span class='ocr_line' id='line_1_48' title="bbox 1070 317 1905 369; baseline -0.005 -8"><span class='ocrx_word' id='word_1_241' title='bbox 1070 318 1364 361; x_wconf 88' lang='lat' dir='ltr'><strong>ascenderunt</strong></span> <span class='ocrx_word' id='word_1_242' title='bbox 1403 317 1460 359; x_wconf 93' lang='lat' dir='ltr'><strong>ad</strong></span> <span class='ocrx_word' id='word_1_243' title='bbox 1492 317 1734 358; x_wconf 91' lang='lat' dir='ltr'><strong>Dominum</strong></span> <span class='ocrx_word' id='word_1_244' title='bbox 1766 319 1905 369; x_wconf 89' lang='lat' dir='ltr'><strong>opera</strong></span> 
     </span>
     <span class='ocr_line' id='line_1_49' title="bbox 1070 371 1904 428; baseline -0.004 -10"><span class='ocrx_word' id='word_1_245' title='bbox 1070 381 1162 426; x_wconf 89' lang='lat' dir='ltr'><strong>tua,</strong></span> <span class='ocrx_word' id='word_1_246' title='bbox 1188 376 1290 428; x_wconf 91' lang='lat' dir='ltr'><strong>quia</strong></span> <span class='ocrx_word' id='word_1_247' title='bbox 1308 375 1464 416; x_wconf 88' lang='lat' dir='ltr'><strong>relicto</strong></span> <span class='ocrx_word' id='word_1_248' title='bbox 1484 373 1689 427; x_wconf 90' lang='lat' dir='ltr'><strong>prandio,</strong></span> <span class='ocrx_word' id='word_1_249' title='bbox 1714 371 1904 415; x_wconf 84' lang='lat' dir='ltr'><strong>reddidi-</strong></span> 
     </span>
     <span class='ocr_line' id='line_1_50' title="bbox 1071 430 1904 484; baseline -0.005 -9"><span class='ocrx_word' id='word_1_250' title='bbox 1071 433 1127 475; x_wconf 88' lang='lat' dir='ltr'><strong>sti</strong></span> <span class='ocrx_word' id='word_1_251' title='bbox 1154 435 1378 474; x_wconf 92' lang='lat' dir='ltr'><strong>mortuum</strong></span> <span class='ocrx_word' id='word_1_252' title='bbox 1407 431 1660 484; x_wconf 80' lang='lat' dir='ltr'><strong>sepulturae.</strong></span> <span class='ocrx_word' id='word_1_253' title='bbox 1696 431 1792 481; x_wconf 87' lang='lat' dir='ltr'><strong>Ego</strong></span> <span class='ocrx_word' id='word_1_254' title='bbox 1815 430 1904 471; x_wconf 92' lang='lat' dir='ltr'><strong>Do-</strong></span> 
     </span>
     <span class='ocr_line' id='line_1_51' title="bbox 1071 486 1906 531; baseline -0.004 -1"><span class='ocrx_word' id='word_1_255' title='bbox 1071 490 1190 531; x_wconf 92' lang='lat' dir='ltr'><strong>mino</strong></span> <span class='ocrx_word' id='word_1_256' title='bbox 1235 487 1478 530; x_wconf 90' lang='lat' dir='ltr'><strong>medullata</strong></span> <span class='ocrx_word' id='word_1_257' title='bbox 1520 487 1647 529; x_wconf 91' lang='lat' dir='ltr'><strong>intuli</strong></span> <span class='ocrx_word' id='word_1_258' title='bbox 1689 486 1906 529; x_wconf 87' lang='lat' dir='ltr'><strong>sacrificia</strong></span> 
     </span>
     <span class='ocr_line' id='line_1_52' title="bbox 1071 542 1905 599; baseline -0.002 -13"><span class='ocrx_word' id='word_1_259' title='bbox 1071 559 1154 599; x_wconf 92' lang='lat' dir='ltr'><strong>pro</strong></span> <span class='ocrx_word' id='word_1_260' title='bbox 1179 545 1422 587; x_wconf 77' lang='lat' dir='ltr'><strong>venerabili</strong></span> <span class='ocrx_word' id='word_1_261' title='bbox 1446 543 1685 597; x_wconf 83' lang='lat' dir='ltr'><strong>sepultura.</strong></span> <span class='ocrx_word' id='word_1_262' title='bbox 1721 544 1818 595; x_wconf 90' lang='lat' dir='ltr'><strong>Ego</strong></span> <span class='ocrx_word' id='word_1_263' title='bbox 1844 542 1905 584; x_wconf 92' lang='lat' dir='ltr'><strong>di-</strong></span> 
     </span>
     <span class='ocr_line' id='line_1_53' title="bbox 1072 599 1907 654; baseline -0.002 -11"><span class='ocrx_word' id='word_1_264' title='bbox 1072 604 1218 644; x_wconf 89' lang='lat' dir='ltr'><strong>rectus</strong></span> <span class='ocrx_word' id='word_1_265' title='bbox 1239 615 1337 643; x_wconf 90' lang='lat' dir='ltr'><strong>sum</strong></span> <span class='ocrx_word' id='word_1_266' title='bbox 1357 601 1586 654; x_wconf 91' lang='lat' dir='ltr'><strong>operarius</strong></span> <span class='ocrx_word' id='word_1_267' title='bbox 1601 601 1686 642; x_wconf 89' lang='lat' dir='ltr'><strong>fori</strong></span> <span class='ocrx_word' id='word_1_268' title='bbox 1702 599 1907 642; x_wconf 89' lang='lat' dir='ltr'><strong>coelestis.</strong></span> 
     </span>
     <span class='ocr_line' id='line_1_54' title="bbox 1071 657 1905 710; baseline -0.004 -10"><span class='ocrx_word' id='word_1_269' title='bbox 1071 659 1296 700; x_wconf 86' lang='lat' dir='ltr'><strong>Mortuum</strong></span> <span class='ocrx_word' id='word_1_270' title='bbox 1316 657 1550 710; x_wconf 87' lang='lat' dir='ltr'><strong>sepelistis,</strong></span> <span class='ocrx_word' id='word_1_271' title='bbox 1571 663 1614 699; x_wconf 92' lang='lat' dir='ltr'><strong>et</strong></span> <span class='ocrx_word' id='word_1_272' title='bbox 1632 657 1787 698; x_wconf 91' lang='lat' dir='ltr'><strong>mortis</strong></span> <span class='ocrx_word' id='word_1_273' title='bbox 1806 659 1905 698; x_wconf 84' lang='lat' dir='ltr'><strong>acu-</strong></span> 
     </span>
     <span class='ocr_line' id='line_1_55' title="bbox 1072 713 1907 767; baseline -0.002 -11"><span class='ocrx_word' id='word_1_274' title='bbox 1072 715 1190 756; x_wconf 91' lang='lat' dir='ltr'><strong>leum</strong></span> <span class='ocrx_word' id='word_1_275' title='bbox 1213 728 1303 756; x_wconf 93' lang='lat' dir='ltr'><strong>non</strong></span> <span class='ocrx_word' id='word_1_276' title='bbox 1326 715 1545 757; x_wconf 84' lang='lat' dir='ltr'><strong>timuistis.</strong></span> <span class='ocrx_word' id='word_1_277' title='bbox 1577 715 1681 767; x_wconf 88' lang='lat' dir='ltr'><strong>Ipse</strong></span> <span class='ocrx_word' id='word_1_278' title='bbox 1707 713 1907 766; x_wconf 82' lang='lat' dir='ltr'><strong>sepultus</strong></span> 
     </span>
     <span class='ocr_line' id='line_1_56' title="bbox 1072 769 1907 824; baseline -0.002 -12"><span class='ocrx_word' id='word_1_279' title='bbox 1072 785 1155 824; x_wconf 90' lang='lat' dir='ltr'><strong>pro</strong></span> <span class='ocrx_word' id='word_1_280' title='bbox 1176 772 1305 814; x_wconf 90' lang='lat' dir='ltr'><strong>vobis</strong></span> <span class='ocrx_word' id='word_1_281' title='bbox 1324 784 1436 813; x_wconf 92' lang='lat' dir='ltr'><strong>voce</strong></span> <span class='ocrx_word' id='word_1_282' title='bbox 1454 771 1590 813; x_wconf 88' lang='lat' dir='ltr'><strong>tacita</strong></span> <span class='ocrx_word' id='word_1_283' title='bbox 1605 769 1907 823; x_wconf 88' lang='lat' dir='ltr'><strong>proclamavit.</strong></span> 
     </span>
     <span class='ocr_line' id='line_1_57' title="bbox 1072 826 1906 870; baseline -0.002 -1"><span class='ocrx_word' id='word_1_284' title='bbox 1072 828 1354 870; x_wconf 89' lang='lat' dir='ltr'><strong>Probationis</strong></span> <span class='ocrx_word' id='word_1_285' title='bbox 1383 828 1527 869; x_wconf 81' lang='lat' dir='ltr'><strong>fuerat</strong></span> <span class='ocrx_word' id='word_1_286' title='bbox 1556 827 1733 870; x_wconf 83' lang='lat' dir='ltr'><strong>caecitas</strong></span> <span class='ocrx_word' id='word_1_287' title='bbox 1759 826 1906 868; x_wconf 93' lang='lat' dir='ltr'><strong>oculo-</strong></span> 
     </span>
     <span class='ocr_line' id='line_1_58' title="bbox 1073 882 1908 937; baseline -0.004 -11"><span class='ocrx_word' id='word_1_288' title='bbox 1073 898 1186 934; x_wconf 91' lang='lat' dir='ltr'><strong>rum,</strong></span> <span class='ocrx_word' id='word_1_289' title='bbox 1227 884 1355 926; x_wconf 74' lang='lat' dir='ltr'><strong>undev</strong></span> <span class='ocrx_word' id='word_1_290' title='bbox 1385 884 1599 937; x_wconf 87' lang='lat' dir='ltr'><strong>patientia</strong></span> <span class='ocrx_word' id='word_1_291' title='bbox 1634 889 1710 925; x_wconf 91' lang='lat' dir='ltr'><strong>tua</strong></span> <span class='ocrx_word' id='word_1_292' title='bbox 1747 882 1908 924; x_wconf 90' lang='lat' dir='ltr'><strong>clarius</strong></span> 
     </span>
     <span class='ocr_line' id='line_1_59' title="bbox 1073 940 1908 983; baseline -0.004 -1"><span class='ocrx_word' id='word_1_293' title='bbox 1073 944 1308 983; x_wconf 91' lang='lat' dir='ltr'><strong>meruisset</strong></span> <span class='ocrx_word' id='word_1_294' title='bbox 1321 941 1384 983; x_wconf 93' lang='lat' dir='ltr'><strong>.de</strong></span> <span class='ocrx_word' id='word_1_295' title='bbox 1405 940 1660 982; x_wconf 89' lang='lat' dir='ltr'><strong>coelestibus</strong></span> <span class='ocrx_word' id='word_1_296' title='bbox 1681 941 1908 982; x_wconf 90' lang='lat' dir='ltr'><strong>ornamen-</strong></span> 
     </span>
     <span class='ocr_line' id='line_1_60' title="bbox 1073 997 1909 1050; baseline -0.004 -11"><span class='ocrx_word' id='word_1_297' title='bbox 1073 1003 1179 1040; x_wconf 88' lang='lat' dir='ltr'><strong>tum.</strong></span> <span class='ocrx_word' id='word_1_298' title='bbox 1215 998 1312 1050; x_wconf 89' lang='lat' dir='ltr'><strong>Ego</strong></span> <span class='ocrx_word' id='word_1_299' title='bbox 1342 1011 1440 1039; x_wconf 91' lang='lat' dir='ltr'><strong>sum</strong></span> <span class='ocrx_word' id='word_1_300' title='bbox 1465 997 1685 1050; x_wconf 81' lang='lat' dir='ltr'><strong>Raphael,</strong></span> <span class='ocrx_word' id='word_1_301' title='bbox 1712 1009 1826 1038; x_wconf 92' lang='lat' dir='ltr'><strong>unus</strong></span> <span class='ocrx_word' id='word_1_302' title='bbox 1854 1008 1909 1037; x_wconf 91' lang='lat' dir='ltr'><strong>ex</strong></span> 
     </span>
     <span class='ocr_line' id='line_1_61' title="bbox 1075 1054 1909 1107; baseline -0.005 -11"><span class='ocrx_word' id='word_1_303' title='bbox 1075 1059 1246 1107; x_wconf 87' lang='lat' dir='ltr'><strong>septem</strong></span> <span class='ocrx_word' id='word_1_304' title='bbox 1266 1054 1464 1105; x_wconf 86' lang='lat' dir='ltr'><strong>Angelis,</strong></span> <span class='ocrx_word' id='word_1_305' title='bbox 1492 1054 1568 1105; x_wconf 92' lang='lat' dir='ltr'><strong>qui</strong></span> <span class='ocrx_word' id='word_1_306' title='bbox 1591 1055 1787 1095; x_wconf 81' lang='lat' dir='ltr'><strong>astamus</strong></span> <span class='ocrx_word' id='word_1_307' title='bbox 1808 1057 1909 1093; x_wconf 90' lang='lat' dir='ltr'><strong>ante</strong></span> 
     </span>
     <span class='ocr_line' id='line_1_62' title="bbox 1075 1108 1908 1160; baseline -0.004 -8"><span class='ocrx_word' id='word_1_308' title='bbox 1075 1111 1322 1152; x_wconf 85' lang='lat' dir='ltr'><strong>claritatem</strong></span> <span class='ocrx_word' id='word_1_309' title='bbox 1348 1111 1445 1152; x_wconf 93' lang='lat' dir='ltr'><strong>Dei.</strong></span> <span class='ocrx_word' id='word_1_310' title='bbox 1485 1110 1588 1152; x_wconf 93' lang='lat' dir='ltr'><strong>Non</strong></span> <span class='ocrx_word' id='word_1_311' title='bbox 1615 1108 1793 1160; x_wconf 85' lang='lat' dir='ltr'><strong>indigeo</strong></span> <span class='ocrx_word' id='word_1_312' title='bbox 1822 1108 1908 1149; x_wconf 90' lang='lat' dir='ltr'><strong>fru-</strong></span> 
     </span>
     <span class='ocr_line' id='line_1_63' title="bbox 1075 1165 1909 1217; baseline -0.004 -8"><span class='ocrx_word' id='word_1_313' title='bbox 1075 1173 1149 1209; x_wconf 93' lang='lat' dir='ltr'><strong>ctu</strong></span> <span class='ocrx_word' id='word_1_314' title='bbox 1163 1168 1366 1209; x_wconf 88' lang='lat' dir='ltr'><strong>humanae</strong></span> <span class='ocrx_word' id='word_1_315' title='bbox 1382 1166 1617 1217; x_wconf 71' lang='lat' dir='ltr'><strong>mercedis,</strong></span> <span class='ocrx_word' id='word_1_316' title='bbox 1637 1165 1822 1208; x_wconf 88' lang='lat' dir='ltr'><strong>divitem</strong></span> <span class='ocrx_word' id='word_1_317' title='bbox 1837 1177 1909 1206; x_wconf 91' lang='lat' dir='ltr'><strong>me</strong></span> 
     </span>
     <span class='ocr_line' id='line_1_64' title="bbox 1074 1222 1910 1274; baseline -0.002 -10"><span class='ocrx_word' id='word_1_318' title='bbox 1074 1224 1179 1266; x_wconf 86' lang='lat' dir='ltr'><strong>facit</strong></span> <span class='ocrx_word' id='word_1_319' title='bbox 1199 1224 1478 1266; x_wconf 91' lang='lat' dir='ltr'><strong>conversatio</strong></span> <span class='ocrx_word' id='word_1_320' title='bbox 1493 1223 1745 1274; x_wconf 70' lang='lat' dir='ltr'><strong>maiestatis</strong></span> <span class='ocrx_word' id='word_1_321' title='bbox 1772 1222 1910 1263; x_wconf 92' lang='lat' dir='ltr'><strong>Dives</strong></span> 
     </span>
     <span class='ocr_line' id='line_1_65' title="bbox 1076 1278 1910 1333; baseline -0.004 -11"><span class='ocrx_word' id='word_1_322' title='bbox 1076 1286 1143 1323; x_wconf 89' lang='lat' dir='ltr'><strong>est</strong></span> <span class='ocrx_word' id='word_1_323' title='bbox 1169 1281 1259 1331; x_wconf 94' lang='lat' dir='ltr'><strong>ille,</strong></span> <span class='ocrx_word' id='word_1_324' title='bbox 1286 1281 1360 1333; x_wconf 93' lang='lat' dir='ltr'><strong>qui</strong></span> <span class='ocrx_word' id='word_1_325' title='bbox 1378 1293 1450 1322; x_wconf 91' lang='lat' dir='ltr'><strong>me</strong></span> <span class='ocrx_word' id='word_1_326' title='bbox 1469 1280 1602 1321; x_wconf 91' lang='lat' dir='ltr'><strong>misit:</strong></span> <span class='ocrx_word' id='word_1_327' title='bbox 1629 1279 1766 1330; x_wconf 89' lang='lat' dir='ltr'><strong>gratis</strong></span> <span class='ocrx_word' id='word_1_328' title='bbox 1785 1278 1910 1330; x_wconf 87' lang='lat' dir='ltr'><strong>jussit</strong></span> 
     </span>
     <span class='ocr_line' id='line_1_66' title="bbox 1075 1336 1909 1390; baseline -0.004 -11"><span class='ocrx_word' id='word_1_329' title='bbox 1075 1337 1288 1390; x_wconf 89' lang='lat' dir='ltr'><strong>impendi,</strong></span> <span class='ocrx_word' id='word_1_330' title='bbox 1315 1337 1437 1389; x_wconf 90' lang='lat' dir='ltr'><strong>quod</strong></span> <span class='ocrx_word' id='word_1_331' title='bbox 1459 1337 1596 1387; x_wconf 88' lang='lat' dir='ltr'><strong>gratis</strong></span> <span class='ocrx_word' id='word_1_332' title='bbox 1615 1336 1712 1389; x_wconf 91' lang='lat' dir='ltr'><strong>ipse</strong></span> <span class='ocrx_word' id='word_1_333' title='bbox 1732 1336 1909 1377; x_wconf 90' lang='lat' dir='ltr'><strong>conces-</strong></span> 
     </span>
     <span class='ocr_line' id='line_1_67' title="bbox 1076 1391 1911 1446; baseline -0.004 -11"><span class='ocrx_word' id='word_1_334' title='bbox 1076 1395 1142 1436; x_wconf 91' lang='lat' dir='ltr'><strong>sit.</strong></span> <span class='ocrx_word' id='word_1_335' title='bbox 1167 1394 1262 1435; x_wconf 94' lang='lat' dir='ltr'><strong>Nec</strong></span> <span class='ocrx_word' id='word_1_336' title='bbox 1278 1394 1424 1446; x_wconf 91' lang='lat' dir='ltr'><strong>ipsum</strong></span> <span class='ocrx_word' id='word_1_337' title='bbox 1441 1393 1657 1435; x_wconf 90' lang='lat' dir='ltr'><strong>honorem</strong></span> <span class='ocrx_word' id='word_1_338' title='bbox 1671 1391 1911 1444; x_wconf 89' lang='lat' dir='ltr'><strong>gratiarum</strong></span> 
     </span>
     <span class='ocr_line' id='line_1_68' title="bbox 1074 1447 1909 1502; baseline -0.004 -11"><span class='ocrx_word' id='word_1_339' title='bbox 1074 1450 1181 1491; x_wconf 91' lang='lat' dir='ltr'><strong>mihi</strong></span> <span class='ocrx_word' id='word_1_340' title='bbox 1201 1450 1442 1502; x_wconf 84' lang='lat' dir='ltr'><strong>deputetis,</strong></span> <span class='ocrx_word' id='word_1_341' title='bbox 1469 1450 1571 1502; x_wconf 93' lang='lat' dir='ltr'><strong>quia</strong></span> <span class='ocrx_word' id='word_1_342' title='bbox 1594 1448 1701 1489; x_wconf 93' lang='lat' dir='ltr'><strong>nihil</strong></span> <span class='ocrx_word' id='word_1_343' title='bbox 1719 1447 1830 1489; x_wconf 91' lang='lat' dir='ltr'><strong>meis</strong></span> <span class='ocrx_word' id='word_1_344' title='bbox 1849 1449 1909 1489; x_wconf 90' lang='lat' dir='ltr'><strong>vi-</strong></span> 
     </span>
     <span class='ocr_line' id='line_1_69' title="bbox 1075 1504 1910 1559; baseline -0.002 -11"><span class='ocrx_word' id='word_1_345' title='bbox 1075 1506 1195 1549; x_wconf 89' lang='lat' dir='ltr'><strong>ribus</strong></span> <span class='ocrx_word' id='word_1_346' title='bbox 1227 1507 1503 1559; x_wconf 84' lang='lat' dir='ltr'><strong>percepistis.</strong></span> <span class='ocrx_word' id='word_1_347' title='bbox 1556 1506 1702 1548; x_wconf 91' lang='lat' dir='ltr'><strong>Deum</strong></span> <span class='ocrx_word' id='word_1_348' title='bbox 1732 1504 1910 1547; x_wconf 85' lang='lat' dir='ltr'><strong>benedi-</strong></span> 
     </span>
     <span class='ocr_line' id='line_1_70' title="bbox 1076 1562 1912 1614; baseline -0.002 -10"><span class='ocrx_word' id='word_1_349' title='bbox 1076 1564 1177 1613; x_wconf 90' lang='lat' dir='ltr'><strong>cite,</strong></span> <span class='ocrx_word' id='word_1_350' title='bbox 1215 1568 1259 1605; x_wconf 92' lang='lat' dir='ltr'><strong>et</strong></span> <span class='ocrx_word' id='word_1_351' title='bbox 1286 1563 1349 1604; x_wconf 92' lang='lat' dir='ltr'><strong>illi</strong></span> <span class='ocrx_word' id='word_1_352' title='bbox 1377 1563 1663 1613; x_wconf 90' lang='lat' dir='ltr'><strong>confitemini,</strong></span> <span class='ocrx_word' id='word_1_353' title='bbox 1695 1566 1740 1604; x_wconf 85' lang='lat' dir='ltr'><strong>et</strong></span> <span class='ocrx_word' id='word_1_354' title='bbox 1765 1562 1912 1614; x_wconf 89' lang='lat' dir='ltr'><strong>ipsum</strong></span> 
     </span>
     <span class='ocr_line' id='line_1_71' title="bbox 1075 1617 1912 1672; baseline -0.004 -10"><span class='ocrx_word' id='word_1_355' title='bbox 1075 1620 1335 1671; x_wconf 86' lang='lat' dir='ltr'><strong>glorificate,</strong></span> <span class='ocrx_word' id='word_1_356' title='bbox 1383 1620 1486 1672; x_wconf 90' lang='lat' dir='ltr'><strong>quia</strong></span> <span class='ocrx_word' id='word_1_357' title='bbox 1530 1619 1764 1662; x_wconf 90' lang='lat' dir='ltr'><strong>vobiscum</strong></span> <span class='ocrx_word' id='word_1_358' title='bbox 1807 1617 1912 1660; x_wconf 89' lang='lat' dir='ltr'><strong>fecit</strong></span> 
     </span>
     <span class='ocr_line' id='line_1_72' title="bbox 1075 1677 1203 1719; baseline -0.008 0"><span class='ocrx_word' id='word_1_359' title='bbox 1075 1677 1203 1719; x_wconf 85' lang='lat' dir='ltr'><strong>bona.</strong></span> 
     </span>
    </p>

    <p class='ocr_par' dir='ltr' id='par_1_5' title="bbox 1076 1732 1912 2519">
     <span class='ocr_line' id='line_1_73' title="bbox 1127 1732 1909 1789; baseline -0.005 -12"><span class='ocrx_word' id='word_1_360' title='bbox 1127 1739 1178 1789; x_wconf 72' lang='lat' dir='ltr'><strong>R.</strong></span> <span class='ocrx_word' id='word_1_361' title='bbox 1206 1733 1356 1775; x_wconf 87' lang='lat' dir='ltr'><strong>Exivit</strong></span> <span class='ocrx_word' id='word_1_362' title='bbox 1375 1732 1558 1783; x_wconf 92' lang='lat' dir='ltr'><strong>Tobias‚</strong></span> <span class='ocrx_word' id='word_1_363' title='bbox 1581 1737 1631 1774; x_wconf 88' lang='lat' dir='ltr'><strong>ut</strong></span> <span class='ocrx_word' id='word_1_364' title='bbox 1648 1733 1818 1774; x_wconf 87' lang='lat' dir='ltr'><strong>lavaret</strong></span> <span class='ocrx_word' id='word_1_365' title='bbox 1834 1743 1909 1784; x_wconf 90' lang='lat' dir='ltr'><strong>pe-</strong></span> 
     </span>
     <span class='ocr_line' id='line_1_74' title="bbox 1077 1788 1910 1843; baseline -0.004 -11"><span class='ocrx_word' id='word_1_366' title='bbox 1077 1791 1156 1833; x_wconf 92' lang='lat' dir='ltr'><strong>des</strong></span> <span class='ocrx_word' id='word_1_367' title='bbox 1185 1803 1306 1840; x_wconf 85' lang='lat' dir='ltr'><strong>suOS,</strong></span> <span class='ocrx_word' id='word_1_368' title='bbox 1340 1795 1384 1831; x_wconf 89' lang='lat' dir='ltr'><strong>et</strong></span> <span class='ocrx_word' id='word_1_369' title='bbox 1411 1802 1516 1832; x_wconf 88' lang='lat' dir='ltr'><strong>ecce</strong></span> <span class='ocrx_word' id='word_1_370' title='bbox 1545 1789 1681 1843; x_wconf 83' lang='lat' dir='ltr'><strong>piscis</strong></span> <span class='ocrx_word' id='word_1_371' title='bbox 1708 1788 1910 1830; x_wconf 88' lang='lat' dir='ltr'><strong>immanis</strong></span> 
     </span>
     <span class='ocr_line' id='line_1_75' title="bbox 1077 1845 1911 1898; baseline -0.004 -9"><span class='ocrx_word' id='word_1_372' title='bbox 1077 1848 1212 1890; x_wconf 86' lang='lat' dir='ltr'><strong>exivit</strong></span> <span class='ocrx_word' id='word_1_373' title='bbox 1244 1846 1302 1888; x_wconf 91' lang='lat' dir='ltr'><strong>ad</strong></span> <span class='ocrx_word' id='word_1_374' title='bbox 1335 1846 1641 1888; x_wconf 88' lang='lat' dir='ltr'><strong>devorandum</strong></span> <span class='ocrx_word' id='word_1_375' title='bbox 1678 1859 1793 1888; x_wconf 89' lang='lat' dir='ltr'><strong>eum:</strong></span> <span class='ocrx_word' id='word_1_376' title='bbox 1835 1845 1911 1898; x_wconf 89' lang='lat' dir='ltr'><strong>qui</strong></span> 
     </span>
     <span class='ocr_line' id='line_1_76' title="bbox 1077 1904 1911 1957; baseline -0.004 -11"><span class='ocrx_word' id='word_1_377' title='bbox 1077 1906 1395 1957; x_wconf 81' lang='lat' dir='ltr'><strong>expavescens,</strong></span> <span class='ocrx_word' id='word_1_378' title='bbox 1434 1904 1643 1946; x_wconf 89' lang='lat' dir='ltr'><strong>clamavit</strong></span> <span class='ocrx_word' id='word_1_379' title='bbox 1676 1915 1787 1945; x_wconf 93' lang='lat' dir='ltr'><strong>voce</strong></span> <span class='ocrx_word' id='word_1_380' title='bbox 1822 1915 1911 1943; x_wconf 92' lang='lat' dir='ltr'><strong>ma-</strong></span> 
     </span>
     <span class='ocr_line' id='line_1_77' title="bbox 1076 1959 1912 2012; baseline -0.004 -10"><span class='ocrx_word' id='word_1_381' title='bbox 1076 1974 1176 2012; x_wconf 92' lang='lat' dir='ltr'><strong>gna,</strong></span> <span class='ocrx_word' id='word_1_382' title='bbox 1207 1960 1374 2002; x_wconf 89' lang='lat' dir='ltr'><strong>dicens:</strong></span> <span class='ocrx_word' id='word_1_383' title='bbox 1401 1961 1607 2011; x_wconf 83' lang='lat' dir='ltr'><strong>Domine,</strong></span> <span class='ocrx_word' id='word_1_384' title='bbox 1634 1959 1804 2001; x_wconf 91' lang='lat' dir='ltr'><strong>invadit</strong></span> <span class='ocrx_word' id='word_1_385' title='bbox 1830 1971 1912 2000; x_wconf 91' lang='lat' dir='ltr'><strong>me.</strong></span> 
     </span>
     <span class='ocr_line' id='line_1_78' title="bbox 1076 2014 1911 2070; baseline -0.002 -11"><span class='ocrx_word' id='word_1_386' title='bbox 1076 2018 1133 2059; x_wconf 90' lang='lat' dir='ltr'><strong>Et</strong></span> <span class='ocrx_word' id='word_1_387' title='bbox 1159 2017 1271 2059; x_wconf 81' lang='lat' dir='ltr'><strong>dixit</strong></span> <span class='ocrx_word' id='word_1_388' title='bbox 1299 2017 1339 2058; x_wconf 91' lang='lat' dir='ltr'><strong>ei</strong></span> <span class='ocrx_word' id='word_1_389' title='bbox 1364 2017 1580 2068; x_wconf 86' lang='lat' dir='ltr'><strong>Angelus:</strong></span> <span class='ocrx_word' id='word_1_390' title='bbox 1609 2014 1911 2070; x_wconf 90' lang='lat' dir='ltr'><strong>Apprehende</strong></span> 
     </span>
     <span class='ocr_line' id='line_1_79' title="bbox 1076 2072 1911 2126; baseline -0.004 -10"><span class='ocrx_word' id='word_1_391' title='bbox 1076 2074 1334 2116; x_wconf 91' lang='lat' dir='ltr'><strong>branchiam</strong></span> <span class='ocrx_word' id='word_1_392' title='bbox 1363 2075 1469 2126; x_wconf 84' lang='lat' dir='ltr'><strong>eius,</strong></span> <span class='ocrx_word' id='word_1_393' title='bbox 1500 2079 1544 2116; x_wconf 92' lang='lat' dir='ltr'><strong>et</strong></span> <span class='ocrx_word' id='word_1_394' title='bbox 1571 2073 1697 2116; x_wconf 89' lang='lat' dir='ltr'><strong>trahe</strong></span> <span class='ocrx_word' id='word_1_395' title='bbox 1727 2086 1827 2114; x_wconf 91' lang='lat' dir='ltr'><strong>eum</strong></span> <span class='ocrx_word' id='word_1_396' title='bbox 1854 2072 1911 2114; x_wconf 90' lang='lat' dir='ltr'><strong>ad</strong></span> 
     </span>
     <span class='ocr_line' id='line_1_80' title="bbox 1076 2130 1912 2183; baseline -0.002 -11"><span class='ocrx_word' id='word_1_397' title='bbox 1076 2136 1131 2172; x_wconf 93' lang='lat' dir='ltr'><strong>te.</strong></span> <span class='ocrx_word' id='word_1_398' title='bbox 1150 2133 1173 2157; x_wconf 92' lang='lat'>*</span> <span class='ocrx_word' id='word_1_399' title='bbox 1195 2130 1417 2172; x_wconf 89' lang='lat' dir='ltr'><strong>Exentera</strong></span> <span class='ocrx_word' id='word_1_400' title='bbox 1435 2130 1551 2172; x_wconf 92' lang='lat' dir='ltr'><strong>hunc</strong></span> <span class='ocrx_word' id='word_1_401' title='bbox 1570 2131 1751 2183; x_wconf 89' lang='lat' dir='ltr'><strong>piscem,</strong></span> <span class='ocrx_word' id='word_1_402' title='bbox 1771 2134 1815 2171; x_wconf 92' lang='lat' dir='ltr'><strong>et</strong></span> <span class='ocrx_word' id='word_1_403' title='bbox 1835 2142 1912 2170; x_wconf 93' lang='lat' dir='ltr'><strong>cor</strong></span> 
     </span>
     <span class='ocr_line' id='line_1_81' title="bbox 1078 2185 1912 2239; baseline -0.004 -10"><span class='ocrx_word' id='word_1_404' title='bbox 1078 2188 1185 2239; x_wconf 90' lang='lat' dir='ltr'><strong>ejus,</strong></span> <span class='ocrx_word' id='word_1_405' title='bbox 1219 2193 1262 2228; x_wconf 89' lang='lat' dir='ltr'><strong>et</strong></span> <span class='ocrx_word' id='word_1_406' title='bbox 1294 2187 1368 2237; x_wconf 88' lang='lat' dir='ltr'><strong>fel,</strong></span> <span class='ocrx_word' id='word_1_407' title='bbox 1401 2192 1444 2229; x_wconf 93' lang='lat' dir='ltr'><strong>et</strong></span> <span class='ocrx_word' id='word_1_408' title='bbox 1476 2188 1595 2239; x_wconf 81' lang='lat' dir='ltr'><strong>iecur</strong></span> <span class='ocrx_word' id='word_1_409' title='bbox 1623 2189 1790 2239; x_wconf 85' lang='lat' dir='ltr'><strong>repone</strong></span> <span class='ocrx_word' id='word_1_410' title='bbox 1817 2185 1912 2228; x_wconf 90' lang='lat' dir='ltr'><strong>tibi:</strong></span> 
     </span>
     <span class='ocr_line' id='line_1_82' title="bbox 1077 2241 1912 2286; baseline 0.001 -1"><span class='ocrx_word' id='word_1_411' title='bbox 1077 2249 1179 2285; x_wconf 90' lang='lat' dir='ltr'><strong>sunt</strong></span> <span class='ocrx_word' id='word_1_412' title='bbox 1208 2244 1323 2285; x_wconf 92' lang='lat' dir='ltr'><strong>enim</strong></span> <span class='ocrx_word' id='word_1_413' title='bbox 1350 2244 1602 2285; x_wconf 89' lang='lat' dir='ltr'><strong>necessaria</strong></span> <span class='ocrx_word' id='word_1_414' title='bbox 1635 2243 1693 2284; x_wconf 92' lang='lat' dir='ltr'><strong>ad</strong></span> <span class='ocrx_word' id='word_1_415' title='bbox 1723 2241 1912 2286; x_wconf 83' lang='lat' dir='ltr'><strong>medica-</strong></span> 
     </span>
     <span class='ocr_line' id='line_1_83' title="bbox 1077 2294 1911 2346; baseline -0.001 -6"><span class='ocrx_word' id='word_1_416' title='bbox 1077 2302 1226 2342; x_wconf 87' lang='lat' dir='ltr'><strong>menta</strong></span> <span class='ocrx_word' id='word_1_417' title='bbox 1251 2300 1428 2341; x_wconf 88' lang='lat' dir='ltr'><strong>utiliter.</strong></span> <span class='ocrx_word' id='word_1_418' title='bbox 1466 2294 1516 2346; x_wconf 63' lang='lat' dir='ltr'><strong>V.</strong></span> <span class='ocrx_word' id='word_1_419' title='bbox 1544 2299 1740 2341; x_wconf 88' lang='lat' dir='ltr'><strong>Attraxit</strong></span> <span class='ocrx_word' id='word_1_420' title='bbox 1765 2303 1911 2340; x_wconf 92' lang='lat' dir='ltr'><strong>autem</strong></span> 
     </span>
     <span class='ocr_line' id='line_1_84' title="bbox 1077 2355 1911 2408; baseline -0.001 -11"><span class='ocrx_word' id='word_1_421' title='bbox 1077 2356 1245 2398; x_wconf 91' lang='lat' dir='ltr'><strong>Tobias</strong></span> <span class='ocrx_word' id='word_1_422' title='bbox 1271 2356 1440 2408; x_wconf 90' lang='lat' dir='ltr'><strong>piscem</strong></span> <span class='ocrx_word' id='word_1_423' title='bbox 1468 2356 1512 2396; x_wconf 91' lang='lat' dir='ltr'><strong>in</strong></span> <span class='ocrx_word' id='word_1_424' title='bbox 1540 2356 1721 2405; x_wconf 91' lang='lat' dir='ltr'><strong>siccum,</strong></span> <span class='ocrx_word' id='word_1_425' title='bbox 1750 2359 1795 2396; x_wconf 93' lang='lat' dir='ltr'><strong>et</strong></span> <span class='ocrx_word' id='word_1_426' title='bbox 1821 2355 1911 2407; x_wconf 92' lang='lat' dir='ltr'><strong>pal-</strong></span> 
     </span>
     <span class='ocr_line' id='line_1_85' title="bbox 1078 2411 1912 2466; baseline 0.001 -13"><span class='ocrx_word' id='word_1_427' title='bbox 1078 2413 1222 2466; x_wconf 89' lang='lat' dir='ltr'><strong>pitare</strong></span> <span class='ocrx_word' id='word_1_428' title='bbox 1256 2412 1392 2465; x_wconf 89' lang='lat' dir='ltr'><strong>coepit</strong></span> <span class='ocrx_word' id='word_1_429' title='bbox 1425 2417 1526 2454; x_wconf 86' lang='lat' dir='ltr'><strong>ante</strong></span> <span class='ocrx_word' id='word_1_430' title='bbox 1558 2411 1697 2464; x_wconf 90' lang='lat' dir='ltr'><strong>pedes</strong></span> <span class='ocrx_word' id='word_1_431' title='bbox 1727 2412 1835 2463; x_wconf 90' lang='lat' dir='ltr'><strong>ejus,</strong></span> <span class='ocrx_word' id='word_1_432' title='bbox 1868 2418 1912 2454; x_wconf 92' lang='lat' dir='ltr'><strong>et</strong></span> 
     </span>
     <span class='ocr_line' id='line_1_86' title="bbox 1079 2468 1690 2519; baseline -0.003 -9"><span class='ocrx_word' id='word_1_433' title='bbox 1079 2469 1139 2510; x_wconf 89' lang='lat' dir='ltr'><strong>ait</strong></span> <span class='ocrx_word' id='word_1_434' title='bbox 1162 2468 1359 2519; x_wconf 84' lang='lat' dir='ltr'><strong>Angelus</strong></span> <span class='ocrx_word' id='word_1_435' title='bbox 1380 2468 1429 2510; x_wconf 88' lang='lat' dir='ltr'><strong>ei.</strong></span> <span class='ocrx_word' id='word_1_436' title='bbox 1457 2469 1690 2510; x_wconf 89' lang='lat' dir='ltr'><strong>Exentera.</strong></span> 
     </span>
    </p>

    <p class='ocr_par' dir='ltr' id='par_1_6' title="bbox 1078 2528 1911 2744">
     <span class='ocr_line' id='line_1_87' title="bbox 1380 2528 1606 2569; baseline -0.004 0"><span class='ocrx_word' id='word_1_437' title='bbox 1380 2528 1534 2569; x_wconf 88' lang='lat' dir='ltr'><strong>Lectio</strong></span> <span class='ocrx_word' id='word_1_438' title='bbox 1555 2528 1606 2568; x_wconf 86' lang='lat' dir='ltr'><strong>vi.</strong></span> 
     </span>
     <span class='ocr_line' id='line_1_88' title="bbox 1078 2573 1911 2681; baseline -0.001 -58"><span class='ocrx_word' id='word_1_439' title='bbox 1078 2573 1273 2681; x_wconf 80' lang='lat' dir='ltr'><strong>Subito</strong></span> <span class='ocrx_word' id='word_1_440' title='bbox 1306 2581 1531 2634; x_wconf 88' lang='lat' dir='ltr'><strong>patefacto</strong></span> <span class='ocrx_word' id='word_1_441' title='bbox 1557 2581 1755 2632; x_wconf 89' lang='lat' dir='ltr'><strong>mysterii</strong></span> <span class='ocrx_word' id='word_1_442' title='bbox 1783 2580 1911 2622; x_wconf 87' lang='lat' dir='ltr'><strong>coele-</strong></span> 
     </span>
     <span class='ocr_line' id='line_1_89' title="bbox 1183 2636 1911 2689; baseline -0.001 -11"><span class='ocrx_word' id='word_1_443' title='bbox 1183 2638 1263 2679; x_wconf 89' lang='lat' dir='ltr'><strong>stis</strong></span> <span class='ocrx_word' id='word_1_444' title='bbox 1303 2637 1487 2685; x_wconf 83' lang='lat' dir='ltr'><strong>honore,</strong></span> <span class='ocrx_word' id='word_1_445' title='bbox 1524 2649 1635 2678; x_wconf 93' lang='lat' dir='ltr'><strong>voce</strong></span> <span class='ocrx_word' id='word_1_446' title='bbox 1670 2636 1911 2689; x_wconf 88' lang='lat' dir='ltr'><strong>Raphaelis</strong></span> 
     </span>
     <span class='ocr_line' id='line_1_90' title="bbox 1078 2693 1911 2744; baseline 0 -10"><span class='ocrx_word' id='word_1_447' title='bbox 1078 2693 1346 2744; x_wconf 87' lang='lat' dir='ltr'><strong>Archangeli</strong></span> <span class='ocrx_word' id='word_1_448' title='bbox 1377 2693 1555 2735; x_wconf 87' lang='lat' dir='ltr'><strong>attoniti</strong></span> <span class='ocrx_word' id='word_1_449' title='bbox 1582 2693 1721 2735; x_wconf 91' lang='lat' dir='ltr'><strong>Tobis</strong></span> <span class='ocrx_word' id='word_1_450' title='bbox 1754 2698 1798 2736; x_wconf 89' lang='lat' dir='ltr'><strong>et</strong></span> <span class='ocrx_word' id='word_1_451' title='bbox 1826 2693 1911 2734; x_wconf 93' lang='lat' dir='ltr'><strong>To-</strong></span> 
     </span>
    </p>
   </div>
   <div class='ocr_carea' id='block_1_5' title="bbox 112 114 1978 2801">
    <p class='ocr_par' dir='ltr' id='par_1_7' title="bbox 112 114 1978 2801">
     <span class='ocr_line' id='line_1_91' title="bbox 112 114 1978 2801; baseline 0 0"><span class='ocrx_word' id='word_1_452' title='bbox 112 114 1978 2801; x_wconf 95' lang='lat' dir='ltr'><strong> </strong></span> 
     </span>
    </p>
   </div>
  </div>
 </body>
</html>
