2040 2944
535 148 605 182 Dic
635 148 688 181 lo.
715 148 904 181 Octobris.
952 148 986 181 S.
1013 148 1209 181 Francisci
1236 147 1390 191 Borgia:
1416 148 1524 182 Conf.

177 245 380 286 nocentia
399 248 443 286 et
461 243 626 296 pietate
651 246 935 294 transactam,
963 245 1007 286 in

177 301 276 342 aula
290 301 478 353 primum
489 299 636 341 Caroli
652 300 791 352 quinti
806 301 1006 351 Caesaris,

175 371 279 399 mox
289 358 331 398 in
345 356 613 398 Catalauniae
628 356 1006 400 administratione

177 413 475 456 admirabilior
495 413 575 455 fuit
598 414 849 456 christianae
872 415 1005 457 virtu-

176 472 232 512 tis
268 475 311 512 et
347 470 449 512 vitae
488 471 744 513 austerioris
779 472 1006 524 exemplis.

175 528 247 568 Ad
284 527 558 569 Granatense
599 528 882 581 sepolchrum
918 529 1005 570 Isa-

175 584 335 625 bellam
360 584 686 637 imperatricem
710 598 809 626 cum
829 584 1005 627 detulis-

175 646 252 691 set,
272 641 314 681 in
336 641 426 692 ejus
446 641 569 682 vultu
588 641 707 683 foede
723 644 1006 692 commutato,

174 697 422 738 mortalium
475 698 667 739 omnium
712 698 1006 742 caducitatem

174 754 384 805 relegens,
412 760 518 796 voto
548 767 594 796 se
622 756 839 806 astrinxit,
873 756 1005 799 rebus

175 810 394 861 omnibus,
415 824 516 853 cum
535 812 725 865 primum
743 812 912 863 liceret,
932 814 1005 855 ab·

173 867 311 918 jectis,
353 881 506 919 regum
547 869 659 919 Regi
702 869 829 911 unice
870 870 1004 912 inser-

174 924 331 966 viendi.
359 925 467 967 Inde
486 931 657 967 tantum
674 926 848 968 virtutis
866 927 1003 969 incre-

174 983 369 1023 mentum
388 982 506 1032 fecit,
525 988 574 1024 ut
592 983 706 1024 inter
724 984 1004 1034 negotiorum

173 1037 324 1079 turbas
338 1038 556 1089 religiosae
574 1039 859 1092 perfectionis
873 1042 1003 1082 simil-

172 1094 319 1136 limam
338 1095 572 1146 imaginem
591 1096 801 1147 referens,
821 1098 1003 1140 miracu-

172 1151 262 1192 lum
281 1153 529 1205 principum
549 1153 857 1206 appellaretur.

222 1209 275 1260 Rs..
298 1209 546 1251 Honestum
574 1210 678 1252 fecit
704 1211 827 1253 illum
854 1212 1003 1254 Domi-

171 1279 263 1316 nus,
288 1271 331 1308 et
351 1266 589 1309 custodivit
614 1280 713 1309 eum
732 1268 788 1310 ab
808 1269 1004 1320 inimicis,

173 1328 216 1364 et
244 1336 269 1364 a
296 1323 605 1366 seductoribus
633 1325 793 1368 tutavit
817 1325 955 1367 illum:
978 1321 1001 1344 *

170 1380 226 1421 Et
258 1379 380 1422 dedit
412 1380 474 1421 illi
506 1381 750 1423 claritatem
782 1384 1002 1424 aeternam.

171 1430 222 1481 V.
252 1437 426 1478 Justum
458 1437 643 1480 deduxit
674 1439 890 1480 Dominus
922 1453 1002 1493 per

171 1494 265 1534 vias
285 1500 439 1545 rectas,
464 1500 509 1536 et
528 1494 721 1538 ostendit
740 1495 802 1536 illi
820 1509 1002 1548 regnum

170 1551 265 1592 Dei.
293 1551 350 1592 Et
369 1550 502 1593 dedit.

480 1601 631 1641 Lectio
652 1615 688 1640 v.

172 1652 403 1759 Mortua
417 1665 639 1708 Eleonora
656 1666 711 1708 de
729 1667 886 1709 Castro
902 1670 1002 1710 con-

290 1723 400 1774 juge,
414 1722 638 1774 ingressus
656 1728 724 1765 est
735 1724 1003 1767 Societatem

170 1778 292 1828 Jesu,
321 1784 369 1821 ut
394 1780 438 1820 in
462 1792 514 1821 ea
533 1779 691 1822 lateret
715 1781 929 1832 securius,
958 1787 1003 1824 et

170 1834 467 1886 praecluderet
500 1836 787 1888 dignitatibus
822 1837 1001 1888 aditum,

170 1891 431 1944 interposita
454 1893 547 1935 voti
571 1893 801 1945 religione:
831 1894 1001 1946 dignus,

172 1960 303 2000 quem
335 1954 379 1991 et
404 1950 487 1990 viri
510 1951 733 2004 principes
753 1952 1002 2005 complures

171 2005 214 2045 in
234 2005 542 2058 amplectendo
563 2008 775 2050 severiori
799 2009 1002 2052 instituto

171 2061 332 2104 fuerint
361 2064 516 2114 secuti,
543 2069 587 2106 et
612 2065 795 2107 Carolus
825 2066 1002 2118 quintus

171 2118 267 2170 ipse
291 2120 335 2159 in
364 2119 612 2163 abdicando
641 2122 828 2174 imperio
856 2122 1001 2165 horta-

171 2177 313 2216 torem
345 2176 447 2227 sibi,
484 2183 559 2220 aut
592 2178 750 2221 ducem
782 2180 1002 2222 exstitisse

171 2244 259 2272 non
279 2231 550 2276 diffiteretur.
577 2236 628 2276 In
649 2248 702 2278 eo
723 2236 923 2279 arctioris
943 2238 1001 2279 vi-

172 2293 230 2329 tae
258 2289 405 2332 studio
429 2291 690 2334 Franciscus
717 2294 904 2345 jejuniis,
934 2307 1002 2337 ca·

171 2345 284 2386 tenis
298 2346 460 2398 ferreis,
479 2349 722 2402 asperrimo
739 2350 893 2401 cilicio,
909 2364 1002 2393 cru-

173 2402 284 2443 entis
335 2403 566 2457 longisque
611 2406 1002 2459 verberationibus,

173 2471 329 2501 somno
349 2459 626 2513 brevissimo,
657 2476 820 2516 corpus
846 2464 903 2506 ad
931 2477 1002 2506 ex-

170 2516 356 2557 tremam
402 2530 543 2569 usque
588 2520 774 2561 maciem
818 2519 1003 2572 redegit:

171 2571 302 2613 nullis
321 2575 538 2625 praeterea
564 2589 751 2628 parcens
775 2576 1002 2619 laboribus

172 2628 230 2670 ad
249 2629 317 2671 sui
331 2630 563 2672 victoriam
582 2637 626 2673 et
642 2631 698 2674 ad
714 2633 901 2675 saltitem
916 2634 1002 2674 ani-

171 2687 352 2728 marum.
385 2687 474 2729 Tot
495 2690 644 2741 itaque
663 2689 901 2732 instructus
921 2690 1002 2732 vir-

1058 245 1242 296 tutibus,
1271 260 1297 289 a
1324 254 1478 291 sancto
1503 250 1673 301 Ignati0
1700 252 1889 304 primum

1061 302 1290 345 Generalis
1311 305 1648 349 Commissarius
1666 308 1710 349 in
1728 308 1888 361 Hispa-

1059 358 1161 409 niis,
1194 372 1277 402 nec
1311 362 1450 404 multo
1483 368 1589 416 post
1615 364 1888 418 Praepositus

1060 415 1292 458 Generalis
1320 419 1475 460 tertius
1504 432 1529 460 a
1553 420 1773 463 Societate
1798 422 1888 463 uni-

1060 474 1201 523 versa,
1229 473 1332 516 licet
1356 475 1533 525 invitus,
1561 476 1746 528 eligitur.
1790 479 1888 529 Quo

1058 528 1102 569 in
1125 533 1307 572 munere
1334 532 1607 585 principibus
1631 546 1683 575 ac
1700 534 1889 576 Summis

1058 586 1346 629 Pontificibus
1376 588 1610 641 prudentia
1639 603 1690 632 ac
1715 603 1889 633 morum

1059 644 1292 686 sanctitate
1319 648 1519 698 apprime
1548 659 1692 698 carus,
1726 653 1890 700 praeter

1059 701 1289 753 complura
1324 702 1395 743 vel
1436 702 1614 745 condita
1649 703 1719 746 vel
1760 710 1889 746 aucta

1058 756 1222 809 ubique
1237 757 1470 809 domicilia,
1486 760 1634 802 socios
1649 761 1693 801 in
1708 773 1891 812 regnum

1058 813 1268 864 Poloniae,
1284 815 1328 855 in
1343 815 1507 857 insulas
1519 816 1694 867 Oceani,
1709 817 1753 858 in
1765 817 1891 860 Mexi·

1059 872 1214 912 canam
1235 876 1278 913 et
1295 872 1541 914 Peruanam
1559 874 1809 926 provincias
1828 875 1888 916 in-

1058 928 1190 969 vexit:
1209 928 1353 969 missis
1370 942 1548 982 quoque
1567 931 1610 971 in
1626 931 1734 972 alias
1749 931 1889 982 regio·

1058 996 1136 1025 nes
1155 985 1412 1036 apostolicis
1431 986 1552 1036 viris,
1579 987 1654 1039 qui
1677 987 1888 1039 praedica-

1057 1041 1192 1090 tione,
1213 1041 1468 1092 sudoribuS,
1497 1044 1727 1094 sanguine,
1755 1044 1890 1086 fidem

1058 1098 1319 1141 catholicam
1372 1100 1621 1142 Romanam
1674 1104 1888 1154 propaga-

1057 1161 1169 1198 runt.

1110 1215 1160 1255 R·.
1179 1214 1357 1255 Amavit
1381 1226 1481 1255 eum
1501 1214 1727 1264 Dominus,
1755 1219 1799 1256 et
1822 1227 1887 1256 or-

1056 1270 1177 1311 navit
1210 1283 1326 1311 eum:
1364 1270 1522 1312 stolam
1558 1271 1711 1323 gloriae
1747 1271 1888 1314 induit

1057 1338 1168 1376 eum,
1188 1327 1210 1351 *
1230 1327 1287 1368 Et
1306 1326 1362 1368 ad
1380 1332 1534 1379 portas
1549 1327 1742 1380 paradisi
1763 1340 1887 1370 coro-

1056 1384 1178 1424 navit
1193 1396 1303 1425 eum.
1331 1379 1381 1431 V.
1395 1383 1542 1425 Induit
1556 1396 1656 1425 eum
1671 1385 1887 1426 Dominus

1055 1439 1238 1481 loricam
1261 1440 1384 1491 fidei,
1414 1446 1457 1482 et
1482 1441 1656 1483 ornavit
1683 1454 1794 1482 eum.
1830 1442 1888 1485 Et

1056 1496 1113 1538 ad
1131 1502 1295 1550 portas.

1358 1551 1511 1591 Lectio
1531 1552 1584 1592 vi.

1058 1607 1172 1713 De
1191 1623 1239 1652 se
1265 1610 1327 1652 ita
1356 1610 1546 1653 demisse
1575 1611 1812 1663 sentiebat,
1839 1618 1889 1655 ut

1166 1668 1417 1721 peccatoris
1458 1681 1619 1710 nomen
1660 1668 1744 1710 sibi
1786 1671 1886 1723 pro-

1055 1725 1200 1778 prium
1226 1725 1403 1767 faceret.
1447 1726 1694 1767 Romanam
1724 1729 1887 1779 purpu-

1056 1795 1161 1832 ram,
1176 1795 1202 1823 a
1216 1782 1406 1824 Summis
1419 1782 1708 1824 Pontificibus
1725 1783 1887 1836 saepius

1056 1838 1269 1890 oblatam,
1302 1839 1466 1881 invicta
1496 1839 1754 1882 humilitatis
1786 1853 1887 1882 con-

1055 1896 1216 1937 stantia
1235 1896 1467 1938 recusavit.
1502 1896 1695 1938 verrere
1718 1895 1886 1947 sordes,

1055 1953 1333 1995 emendicare
1351 1953 1516 1995 victum
1532 1953 1735 2004 ostiatim,
1755 1954 1887 2004 aegris

1053 2009 1302 2051 ministrare
1317 2010 1361 2051 in
1375 2010 1658 2060 nosocomiis,
1671 2010 1824 2052 mundi
1835 2023 1886 2052 ac

1055 2066 1122 2107 sui
1142 2068 1439 2119 contemptor,
1464 2067 1509 2108 in
1535 2065 1703 2108 deliciis
1722 2066 1886 2110 habuit.

1054 2122 1244 2174 Singulis
1264 2123 1419 2165 diebus
1433 2123 1593 2166 multas
1612 2123 1887 2166 continenter

1056 2179 1199 2230 horas,
1218 2180 1470 2233 frequenter
1485 2185 1600 2231 octo,
1620 2178 1886 2233 quandoque

1055 2236 1211 2278 decem
1247 2236 1384 2279 dabat
1418 2237 1663 2279 coelestium
1694 2241 1886 2278 contem-

1055 2293 1250 2347 plationi.
1288 2293 1463 2335 Centies
1482 2293 1679 2347 quotidie
1696 2293 1751 2335 de
1769 2306 1886 2344 genu

1054 2350 1199 2392 Deum
1226 2350 1453 2392 adorabat.
1489 2350 1742 2403 Numquam
1770 2363 1796 2391 a
1821 2363 1886 2392 sa-

1056 2407 1295 2449 crificando
1325 2407 1550 2456 abstinuit,
1578 2405 1886 2459 prodebatque

1055 2477 1153 2506 sese
1174 2464 1357 2514 divinus,
1379 2476 1468 2516 quo
1487 2463 1721 2514 aestuabat,
1741 2463 1885 2514 ardor,

1055 2522 1146 2574 ejus
1161 2521 1287 2563 vultu
1301 2533 1472 2566 sacram
1483 2520 1687 2562 Hostiam
1704 2520 1885 2562 offeren-

1054 2578 1121 2628 tis,
1137 2583 1212 2620 aut
1225 2577 1525 2619 concionantis
1533 2576 1757 2629 [interdum
1771 2577 1884 2619 radi-

1055 2636 1166 2676 ante.
1193 2633 1524 2675 Sanctissimum
1541 2633 1702 2676 Christi
1722 2646 1885 2687 corpus

1053 2691 1098 2732 in
1116 2690 1393 2732 Eucharistia
1409 2690 1567 2741 latens,
1592 2690 1668 2733 ubi
1690 2703 1884 2733 asserva-
