2040 2944
608 197 739 232 Oratio
765 202 851 231 ante
875 202 912 231 et
934 202 1024 241 post
1047 198 1219 232 divinum
1244 199 1429 234 Officium.

1797 205 1866 240 xix

221 293 418 328 InOfficio
443 294 555 328 trium
572 294 810 336 Lectionum,
836 261 1020 337 quando!
1070 295 1100 333 1,
1146 292 1222 335 ffle
1256 307 1337 336 nos
1374 295 1620 348 benedicat,
1662 299 1736 350 qui
1772 300 1863 341 Sine

170 341 310 384 legitur
342 341 513 376 Homilia
549 352 635 376 cum
670 342 833 385 Evang„
868 343 991 386 primu

169 388 394 424 Benedictio
420 390 507 424 erit:

217 479 224 486 .
268 445 529 496 Evangelica
549 445 680 487 lectio
705 446 760 487 sit
778 446 905 488 nobis
925 459 989 488 sa-

270 501 338 542 lus
363 507 406 543 et
429 501 657 555 protectio.
694 506 744 557 R’·
769 502 921 544 Amen.

223 593 230 600 .
267 558 472 601 Divinum
485 558 692 600 auxilium
705 560 879 601 maneat
889 572 990 601 seme

267 627 348 667 per
367 614 605 657 nobiscum.
636 617 686 669 R*-
702 615 855 657 Amen.

195 674 229 713 ⁴.
272 669 342 714 Ad
370 670 625 713 societatem
655 671 814 713 civium
841 685 990 726 super-

267 729 424 769 norum
447 727 662 780 perducat
684 740 766 769 nos
785 729 882 770 Rex
902 729 987 770 An-

267 783 476 834 gemtum.
506 788 557 840 R.
573 784 725 826 Amen.

219 859 259 893 Si
277 859 452 894 Officium
469 860 509 894 fit
530 860 576 894 de
594 860 734 895 Sancto
752 861 815 894 vel
836 861 881 895 de
900 861 991 895 San-

168 911 228 942 cta
244 908 359 942 trium
374 908 609 951 Lectionum,
627 908 750 951 prima
766 908 990 943 Benedictio

168 955 255 990 erit:

1150 349 1236 391 fine
1254 351 1359 393 vivit
1382 357 1425 394 et
1442 359 1605 404 regnat.
1638 356 1688 407 Rg.
1713 357 1864 397 Amen.

1068 408 1103 446 2.
1150 407 1278 458 Cujus
1309 410 1391 459 (vel
1418 410 1630 460 Quorum,
1662 413 1731 453 vel
1753 412 1863 462 Qua-

1145 465 1258 514 rum)
1273 463 1430 506 festum
1451 466 1643 516 colimus,
1662 467 1757 520 ipse
1784 469 1864 512 (vel

1144 518 1261 571 ipsa)
1292 520 1531 564 intercedat
1568 525 1651 574 (vel
1677 525 1762 577 ipsi
1799 525 1866 565 vel

1144 575 1253 627 ipsae
1288 576 1575 630 intercedant)
1613 593 1695 632 pro
1736 581 1863 623 nobis

1144 630 1201 672 ad
1219 631 1464 674 D6minum.
1494 637 1544 689 R.
1560 635 1710 677 Amen.

1071 690 1107 729 3.
1149 687 1218 729 Ad
1245 689 1501 732 societatem
1528 692 1684 733 civium
1715 706 1861 746 super-

1144 747 1299 786 norum
1322 746 1536 799 perducat
1559 761 1639 789 nos
1662 749 1759 790 Rex
1777 750 1862 791 An-

1143 801 1350 852 gelorum.
1380 805 1430 855 R.
1446 804 1597 846 Amen.

1097 864 1139 897 In
1165 864 1300 899 Officio
1332 866 1378 899 de
1409 871 1539 900 sanctu
1564 866 1683 900 Maria
1713 866 1751 899 in
1775 867 1865 901 Sab-

1046 912 1135 945 buto
1162 912 1366 947 Absolutio
1398 918 1433 948 ct
1455 914 1749 948 Benedictiones
1781 926 1865 957 quac

1044 960 1189 993 ibidem
1214 968 1415 1003 ponuntur.

757 1050 787 1051 m
818 1037 1107 1063 *RQ-ff
1134 1051 1223 1052 W
1261 1051 1270 1052 ff

887 1124 1138 1176 ORATIO

562 1198 791 1239 DICENDA
818 1198 955 1232 ANTE
978 1198 1199 1233 DIVINUM
1223 1198 1473 1234 OFFICIUM.

239 1263 335 1315 peri
347 1263 535 1304 Domine
556 1275 606 1304 os
625 1276 770 1304 meum
788 1263 844 1305 ad
858 1264 986 1306 bene-

265 1318 498 1361 dicendum
521 1332 680 1361 nomen
703 1326 901 1362 sanctum
923 1326 986 1363 tu-

161 1389 248 1417 um:
272 1375 434 1417 munda
460 1388 637 1428 quoque
664 1389 740 1418 cor
763 1390 908 1418 meum
931 1377 985 1419 ab

162 1431 363 1474 Omnibus
382 1432 516 1483 vanis,
534 1433 753 1485 perversis
773 1438 816 1475 et
835 1434 997 1475 alienis*

161 1488 515 1540 cogitationibus:
542 1489 808 1531 intellectum
831 1489 984 1531 illumi—

161 1558 233 1595 na,
264 1544 468 1587 affectum
499 1545 733 1596 inflamma,
765 1551 814 1587 ut
845 1545 984 1598 digne,

161 1603 324 1643 attente
344 1614 395 1643 ac
419 1600 578 1644 devote
595 1602 681 1644 hoc
700 1602 902 1644 Officium
920 1616 983 1644 re-

1040 1269 1139 1305 ante
1155 1266 1439 1316 conspectum
1453 1264 1611 1307 divinae
1626 1266 1861 1318 Majestatis

1039 1326 1137 1362 tuae.
1173 1321 1257 1362 Per
1285 1320 1504 1363 Christum
1528 1322 1764 1364 Dominum
1789 1336 1861 1364 no-

1040 1382 1187 1418 strum.
1239 1381 1283 1431 lxffv.
1308 1378 1459 1419 Amen.

1098 1473 1282 1515 Domine
1309 1473 1352 1513 in
1378 1473 1536 1515 unione
1562 1473 1676 1515 illius
1704 1473 1861 1516 divinae
1913 1525 1916 1530 ‚

1038 1529 1304 1579 intentionis,
1335 1543 1420 1581 qua
1444 1530 1539 1582 ipse
1561 1530 1605 1570 in
1627 1531 1754 1572 terris
1773 1530 1859 1572 lau-

1039 1584 1117 1627 des
1131 1585 1228 1627 Deo
1246 1586 1508 1638 persolvisti,
1528 1586 1606 1627 has
1623 1586 1702 1628 tibi
1716 1587 1860 1628 Horas

161 1657 295 1700 citare
319 1657 503 1708 valeam,
531 1663 575 1700 et
598 1658 793 1701 exaudiri
816 1662 985 1701 merear
1013 1642 1255 1710 ,PCI‘SfflVQ

566 1838 796 1873 DICENDA
821 1765 1191 1874 ΡΟΞΒΙέΙ-ΧΈΞῼΙΜ
1218 1839 1468 1874 OFFICIUM.

165 1896 387 1932 Orationem
411 1904 633 1942 sequentem
658 1900 795 1933 devote
820 1903 909 1942 post
926 1899 1102 1933 Officium
1126 1900 1375 1934 recitantibus
1398 1900 1476 1933 Leo
1499 1899 1603 1942 Papa
1622 1899 1669 1932 X.
1693 1898 1862 1946 defectus

251 1946 287 1976 et
320 1943 453 1985 culpas
488 1942 525 1975 in
558 1953 603 1977 eo
635 1943 894 1986 persolvendo
926 1954 973 1977 ex
1004 1943 1170 1977 humana
1203 1944 1408 1987 fragilitate
1438 1948 1652 1977 contractus
1686 1941 1862 1975 indulsit:

251 1985 390 2020 dicitur
412 1986 523 2020 flexis
548 1987 719 2029 genibus.

234 2052 503 2092 acrosanctae
527 2056 571 2092 et
592 2051 828 2093 individuae
847 2052 983 2093 Trini-

245 2106 340 2157 tati,
361 2107 555 2148 crucifixi
567 2107 744 2149 Domini
762 2109 901 2150 nostri
917 2109 939 2149 J
943 2121 983 2150 e-

161 2175 213 2203 su
237 2162 398 2204 Christi
419 2162 692 2214 humanitati,
719 2164 985 2206 beatissimae

162 2223 206 2260 et
235 2217 562 2269 gloriosissimae
596 2222 855 2274 semperque
887 2221 983 2263 Vir-

161 2274 272 2326 ginis
302 2275 454 2316 Mariae
485 2275 703 2318 foeciindae
731 2278 984 2329 integritati,

163 2335 206 2372 et
225 2331 417 2372 omnium
434 2331 691 2373 Sanctorum
713 2334 985 2376 universitati

162 2386 218 2428 sit
242 2387 506 2440 sempiterna
524 2387 636 2438 laus,
663 2389 818 2441 honor,
846 2390 983 2432 virtus

162 2447 206 2484 et
228 2443 367 2494 gloria
385 2443 441 2485 ab
461 2443 578 2491 omni
598 2448 811 2497 creatura,
839 2446 983 2488 nobis-

1038 2065 1122 2104 que
1141 2052 1338 2093 remissio
1359 2052 1550 2093 Omnium
1566 2053 1857 2104 peccatorum,

1036 2121 1116 2161 per
1135 2108 1302 2149 infinita
1320 2107 1482 2149 saecula
1499 2107 1770 2148 saeculorum.

1128 2189 1144 2207 ν.
1166 2165 1319 2206 Amen.

1094 2168 1144 2269 {a}
1165 2221 1306 2262 Beata
1335 2222 1503 2261 viscera
1535 2219 1685 2261 Mariae
1716 2219 1856 2270 Virgi-

1035 2277 1113 2327 nis,
1133 2290 1232 2329 quae
1249 2277 1533 2329 portaverunt
1551 2275 1702 2316 aeterni
1715 2275 1857 2316 Patris

1035 2333 1202 2375 Filium.
1261 2339 1312 2388 Β,
1339 2332 1397 2372 Et
1423 2330 1553 2372 beata
1579 2330 1730 2380 ubera,
1758 2343 1856 2383 quae

1035 2389 1306 2431 lactaverunt
1335 2387 1553 2429 Christum
1579 2386 1824 2428 Dominum.

1088 2449 1214 2488 Pater
1232 2447 1391 2486 noster.
1427 2446 1518 2485 Ave
1534 2442 1682 2483 Maria.
