<?xml version="1.0" encoding="UTF-8"?>
<!DOCTYPE html PUBLIC "-//W3C//DTD XHTML 1.0 Transitional//EN"
    "http://www.w3.org/TR/xhtml1/DTD/xhtml1-transitional.dtd">
<html xmlns="http://www.w3.org/1999/xhtml" xml:lang="en" lang="en">
 <head>
  <title>
</title>
<meta http-equiv="Content-Type" content="text/html;charset=utf-8" />
  <meta name='ocr-system' content='tesseract 3.04.00' />
  <meta name='ocr-capabilities' content='ocr_page ocr_carea ocr_par ocr_line ocrx_word'/>
</head>
<body>
  <div class='ocr_page' id='page_1' title='image "./p4breviariumroma00cathuoft_0671.png"; bbox 0 0 2040 2944; ppageno 0'>
   <div class='ocr_carea' id='block_1_1' title="bbox 766 191 1243 228">
    <p class='ocr_par' dir='ltr' id='par_1_1' title="bbox 766 191 1243 228">
     <span class='ocr_line' id='line_1_1' title="bbox 766 191 1243 228; baseline 0.006 -3"><span class='ocrx_word' id='word_1_1' title='bbox 766 191 941 226; x_wconf 84' lang='lat' dir='ltr'>Officium</span> <span class='ocrx_word' id='word_1_2' title='bbox 961 193 1243 228; x_wconf 76' lang='lat' dir='ltr'>Defunctorum.</span> 
     </span>
    </p>
   </div>
   <div class='ocr_carea' id='block_1_2' title="bbox 151 247 1858 321">
    <p class='ocr_par' dir='ltr' id='par_1_2' title="bbox 151 247 1858 321">
     <span class='ocr_line' id='line_1_2' title="bbox 151 247 1858 321; baseline 0 -62"><span class='ocrx_word' id='word_1_3' title='bbox 151 247 1858 321; x_wconf 95' lang='lat' dir='ltr'>  </span> 
     </span>
    </p>
   </div>
   <div class='ocr_carea' id='block_1_3' title="bbox 97 285 978 2710">
    <p class='ocr_par' dir='ltr' id='par_1_3' title="bbox 157 285 978 394">
     <span class='ocr_line' id='line_1_3' title="bbox 157 285 978 338; baseline 0.004 -12"><span class='ocrx_word' id='word_1_4' title='bbox 157 286 388 336; x_wconf 84' lang='lat' dir='ltr'>cognosco:</span> <span class='ocrx_word' id='word_1_5' title='bbox 424 285 448 311; x_wconf 87' lang='grc'>*</span> <span class='ocrx_word' id='word_1_6' title='bbox 486 290 531 326; x_wconf 92' lang='lat' dir='ltr'>et</span> <span class='ocrx_word' id='word_1_7' title='bbox 565 288 796 338; x_wconf 87' lang='lat' dir='ltr'>peccatum</span> <span class='ocrx_word' id='word_1_8' title='bbox 831 300 978 329; x_wconf 87' lang='lat' dir='ltr'>meum</span> 
     </span>
     <span class='ocr_line' id='line_1_4' title="bbox 157 345 685 394; baseline 0.002 -12"><span class='ocrx_word' id='word_1_9' title='bbox 157 346 309 383; x_wconf 90' lang='lat' dir='ltr'>contra</span> <span class='ocrx_word' id='word_1_10' title='bbox 326 354 396 383; x_wconf 91' lang='lat' dir='ltr'>me</span> <span class='ocrx_word' id='word_1_11' title='bbox 416 345 483 383; x_wconf 90' lang='lat' dir='ltr'>est</span> <span class='ocrx_word' id='word_1_12' title='bbox 501 354 685 394; x_wconf 84' lang='lat' dir='ltr'>semper.</span> 
     </span>
    </p>

    <p class='ocr_par' dir='ltr' id='par_1_4' title="bbox 153 397 976 614">
     <span class='ocr_line' id='line_1_5' title="bbox 207 397 975 450; baseline 0.004 -12"><span class='ocrx_word' id='word_1_13' title='bbox 207 397 308 439; x_wconf 91' lang='lat' dir='ltr'>Tibi</span> <span class='ocrx_word' id='word_1_14' title='bbox 327 398 409 439; x_wconf 91' lang='lat' dir='ltr'>soli</span> <span class='ocrx_word' id='word_1_15' title='bbox 432 398 628 450; x_wconf 87' lang='lat' dir='ltr'>peccavi,</span> <span class='ocrx_word' id='word_1_16' title='bbox 653 403 697 440; x_wconf 86' lang='lat' dir='ltr'>et</span> <span class='ocrx_word' id='word_1_17' title='bbox 719 399 882 441; x_wconf 90' lang='lat' dir='ltr'>malum</span> <span class='ocrx_word' id='word_1_18' title='bbox 906 413 975 442; x_wconf 94' lang='lat' dir='ltr'>co-</span> 
     </span>
     <span class='ocr_line' id='line_1_6' title="bbox 154 454 975 506; baseline 0.004 -12"><span class='ocrx_word' id='word_1_19' title='bbox 154 466 247 495; x_wconf 90' lang='lat' dir='ltr'>ram</span> <span class='ocrx_word' id='word_1_20' title='bbox 264 458 309 495; x_wconf 92' lang='lat' dir='ltr'>te</span> <span class='ocrx_word' id='word_1_21' title='bbox 327 454 423 496; x_wconf 92' lang='lat' dir='ltr'>feci:</span> <span class='ocrx_word' id='word_1_22' title='bbox 442 455 466 482; x_wconf 86' lang='lat'>*</span> <span class='ocrx_word' id='word_1_23' title='bbox 484 459 533 496; x_wconf 90' lang='lat' dir='ltr'>ut</span> <span class='ocrx_word' id='word_1_24' title='bbox 555 454 798 506; x_wconf 71' lang='lat' dir='ltr'>justificeris</span> <span class='ocrx_word' id='word_1_25' title='bbox 820 456 864 496; x_wconf 92' lang='lat' dir='ltr'>in</span> <span class='ocrx_word' id='word_1_26' title='bbox 890 469 975 497; x_wconf 90' lang='lat' dir='ltr'>ser-</span> 
     </span>
     <span class='ocr_line' id='line_1_7' title="bbox 153 510 976 564; baseline 0.004 -13"><span class='ocrx_word' id='word_1_27' title='bbox 153 510 357 552; x_wconf 86' lang='lat' dir='ltr'>m6nibus</span> <span class='ocrx_word' id='word_1_28' title='bbox 379 510 482 561; x_wconf 90' lang='lat' dir='ltr'>tuis,</span> <span class='ocrx_word' id='word_1_29' title='bbox 511 515 555 552; x_wconf 92' lang='lat' dir='ltr'>et</span> <span class='ocrx_word' id='word_1_30' title='bbox 576 511 724 553; x_wconf 85' lang='lat' dir='ltr'>vincas</span> <span class='ocrx_word' id='word_1_31' title='bbox 750 524 848 553; x_wconf 92' lang='lat' dir='ltr'>cum</span> <span class='ocrx_word' id='word_1_32' title='bbox 870 512 976 564; x_wconf 86' lang='lat' dir='ltr'>judi-</span> 
     </span>
     <span class='ocr_line' id='line_1_8' title="bbox 155 579 523 614; baseline 0.003 -6"><span class='ocrx_word' id='word_1_33' title='bbox 155 579 278 608; x_wconf 80' lang='lat' dir='ltr'>caris.</span> <span class='ocrx_word' id='word_1_34' title='bbox 520 609 523 614; x_wconf 76' lang='grc'><strong>,</strong></span> 
     </span>
    </p>

    <p class='ocr_par' dir='ltr' id='par_1_5' title="bbox 155 623 975 789">
     <span class='ocr_line' id='line_1_9' title="bbox 204 623 975 677; baseline 0.004 -13"><span class='ocrx_word' id='word_1_35' title='bbox 204 623 320 665; x_wconf 91' lang='lat' dir='ltr'>Ecce</span> <span class='ocrx_word' id='word_1_36' title='bbox 347 624 461 666; x_wconf 86' lang='lat' dir='ltr'>em&#39;m</span> <span class='ocrx_word' id='word_1_37' title='bbox 483 623 527 665; x_wconf 92' lang='lat' dir='ltr'>in</span> <span class='ocrx_word' id='word_1_38' title='bbox 552 623 852 677; x_wconf 89' lang='lat' dir='ltr'>iniquitatibus</span> <span class='ocrx_word' id='word_1_39' title='bbox 875 638 975 667; x_wconf 92' lang='lat' dir='ltr'>con-</span> 
     </span>
     <span class='ocr_line' id='line_1_10' title="bbox 155 680 975 734; baseline 0.004 -14"><span class='ocrx_word' id='word_1_40' title='bbox 155 681 309 732; x_wconf 76' lang='lat' dir='ltr'>ceptus</span> <span class='ocrx_word' id='word_1_41' title='bbox 328 693 440 722; x_wconf 89' lang='lat' dir='ltr'>sum:</span> <span class='ocrx_word' id='word_1_42' title='bbox 463 681 488 707; x_wconf 88' lang='lat'>*</span> <span class='ocrx_word' id='word_1_43' title='bbox 513 685 557 722; x_wconf 90' lang='lat' dir='ltr'>et</span> <span class='ocrx_word' id='word_1_44' title='bbox 582 680 627 721; x_wconf 91' lang='lat' dir='ltr'>in</span> <span class='ocrx_word' id='word_1_45' title='bbox 653 682 848 734; x_wconf 90' lang='lat' dir='ltr'>peccatis</span> <span class='ocrx_word' id='word_1_46' title='bbox 877 695 975 723; x_wconf 92' lang='lat' dir='ltr'>con-</span> 
     </span>
     <span class='ocr_line' id='line_1_11' title="bbox 155 736 640 789; baseline 0.002 -12"><span class='ocrx_word' id='word_1_47' title='bbox 155 736 272 789; x_wconf 79' lang='lat' dir='ltr'>cepit</span> <span class='ocrx_word' id='word_1_48' title='bbox 288 749 359 779; x_wconf 89' lang='lat' dir='ltr'>me</span> <span class='ocrx_word' id='word_1_49' title='bbox 375 742 514 779; x_wconf 91' lang='lat' dir='ltr'>mater</span> <span class='ocrx_word' id='word_1_50' title='bbox 532 750 640 779; x_wconf 89' lang='lat' dir='ltr'>mea.</span> 
     </span>
    </p>

    <p class='ocr_par' dir='ltr' id='par_1_6' title="bbox 152 793 975 948">
     <span class='ocr_line' id='line_1_12' title="bbox 205 793 975 838; baseline 0.001 -4"><span class='ocrx_word' id='word_1_51' title='bbox 205 793 320 835; x_wconf 90' lang='lat' dir='ltr'>Ecce</span> <span class='ocrx_word' id='word_1_52' title='bbox 345 793 458 835; x_wconf 92' lang='lat' dir='ltr'>enim</span> <span class='ocrx_word' id='word_1_53' title='bbox 476 794 705 835; x_wconf 89' lang='lat' dir='ltr'>veritatem</span> <span class='ocrx_word' id='word_1_54' title='bbox 728 794 933 838; x_wconf 82' lang='lat' dir='ltr'>dilexisti:</span> <span class='ocrx_word' id='word_1_55' title='bbox 952 797 975 822; x_wconf 91' lang='lat'>*</span> 
     </span>
     <span class='ocr_line' id='line_1_13' title="bbox 152 849 975 903; baseline 0.004 -14"><span class='ocrx_word' id='word_1_56' title='bbox 152 849 318 891; x_wconf 62' lang='lat' dir='ltr'>incerta</span> <span class='ocrx_word' id='word_1_57' title='bbox 349 854 393 891; x_wconf 91' lang='lat' dir='ltr'>et</span> <span class='ocrx_word' id='word_1_58' title='bbox 423 850 596 892; x_wconf 82' lang='lat' dir='ltr'>occulta</span> <span class='ocrx_word' id='word_1_59' title='bbox 632 851 857 903; x_wconf 77' lang='lat' dir='ltr'>sapientiae</span> <span class='ocrx_word' id='word_1_60' title='bbox 888 856 975 893; x_wconf 87' lang='lat' dir='ltr'>tuae</span> 
     </span>
     <span class='ocr_line' id='line_1_14' title="bbox 152 905 575 948; baseline 0.002 -1"><span class='ocrx_word' id='word_1_61' title='bbox 152 905 442 948; x_wconf 67' lang='lat' dir='ltr'>manifestasti</span> <span class='ocrx_word' id='word_1_62' title='bbox 459 906 575 948; x_wconf 83' lang='lat' dir='ltr'>mihi.</span> 
     </span>
    </p>

    <p class='ocr_par' dir='ltr' id='par_1_7' title="bbox 151 962 975 1118">
     <span class='ocr_line' id='line_1_15' title="bbox 203 962 975 1017; baseline 0.004 -14"><span class='ocrx_word' id='word_1_63' title='bbox 203 962 426 1015; x_wconf 78' lang='lat' dir='ltr'>Asperges</span> <span class='ocrx_word' id='word_1_64' title='bbox 448 976 519 1005; x_wconf 92' lang='lat' dir='ltr'>me</span> <span class='ocrx_word' id='word_1_65' title='bbox 543 963 757 1017; x_wconf 82' lang='lat' dir='ltr'>hyssopo,</span> <span class='ocrx_word' id='word_1_66' title='bbox 788 969 832 1006; x_wconf 90' lang='lat' dir='ltr'>et</span> <span class='ocrx_word' id='word_1_67' title='bbox 855 978 975 1006; x_wconf 94' lang='lat' dir='ltr'>mun-</span> 
     </span>
     <span class='ocr_line' id='line_1_16' title="bbox 153 1016 975 1073; baseline 0.005 -14"><span class='ocrx_word' id='word_1_68' title='bbox 153 1016 307 1060; x_wconf 91' lang='lat' dir='ltr'>dabor:</span> <span class='ocrx_word' id='word_1_69' title='bbox 326 1019 350 1045; x_wconf 90' lang='grc'>*</span> <span class='ocrx_word' id='word_1_70' title='bbox 373 1019 539 1062; x_wconf 86' lang='lat' dir='ltr'>lavabis</span> <span class='ocrx_word' id='word_1_71' title='bbox 566 1033 653 1071; x_wconf 90' lang='lat' dir='ltr'>me,</span> <span class='ocrx_word' id='word_1_72' title='bbox 686 1024 731 1062; x_wconf 88' lang='lat' dir='ltr'>et</span> <span class='ocrx_word' id='word_1_73' title='bbox 757 1033 890 1073; x_wconf 91' lang='lat' dir='ltr'>super</span> <span class='ocrx_word' id='word_1_74' title='bbox 915 1022 975 1062; x_wconf 93' lang='lat' dir='ltr'>ni-</span> 
     </span>
     <span class='ocr_line' id='line_1_17' title="bbox 151 1073 521 1118; baseline 0.005 -2"><span class='ocrx_word' id='word_1_75' title='bbox 151 1087 251 1116; x_wconf 89' lang='lat' dir='ltr'>vem</span> <span class='ocrx_word' id='word_1_76' title='bbox 270 1073 521 1118; x_wconf 91' lang='lat' dir='ltr'>dealbabor.</span> 
     </span>
    </p>

    <p class='ocr_par' dir='ltr' id='par_1_8' title="bbox 149 1130 975 1286">
     <span class='ocr_line' id='line_1_18' title="bbox 201 1130 975 1186; baseline 0.005 -14"><span class='ocrx_word' id='word_1_77' title='bbox 201 1130 385 1173; x_wconf 83' lang='lat' dir='ltr'>Auditui</span> <span class='ocrx_word' id='word_1_78' title='bbox 410 1146 510 1175; x_wconf 94' lang='lat' dir='ltr'>meo</span> <span class='ocrx_word' id='word_1_79' title='bbox 544 1132 668 1175; x_wconf 92' lang='lat' dir='ltr'>dabis</span> <span class='ocrx_word' id='word_1_80' title='bbox 696 1132 904 1186; x_wconf 82' lang='lat' dir='ltr'>gaudium</span> <span class='ocrx_word' id='word_1_81' title='bbox 932 1139 975 1176; x_wconf 88' lang='lat' dir='ltr'>et</span> 
     </span>
     <span class='ocr_line' id='line_1_19' title="bbox 149 1187 973 1232; baseline 0.004 -3"><span class='ocrx_word' id='word_1_82' title='bbox 149 1187 358 1230; x_wconf 83' lang='lat' dir='ltr'>laetitiam:</span> <span class='ocrx_word' id='word_1_83' title='bbox 376 1190 400 1217; x_wconf 86' lang='lat'>*</span> <span class='ocrx_word' id='word_1_84' title='bbox 418 1194 462 1232; x_wconf 88' lang='lat' dir='ltr'>et</span> <span class='ocrx_word' id='word_1_85' title='bbox 481 1189 765 1232; x_wconf 89' lang='lat' dir='ltr'>exsultabunt</span> <span class='ocrx_word' id='word_1_86' title='bbox 783 1203 885 1232; x_wconf 88' lang='lat' dir='ltr'>ossa</span> <span class='ocrx_word' id='word_1_87' title='bbox 898 1190 973 1232; x_wconf 93' lang='lat' dir='ltr'>hu-</span> 
     </span>
     <span class='ocr_line' id='line_1_20' title="bbox 149 1244 322 1286; baseline 0.006 -1"><span class='ocrx_word' id='word_1_88' title='bbox 149 1244 322 1286; x_wconf 87' lang='lat' dir='ltr'>miliata.</span> 
     </span>
    </p>

    <p class='ocr_par' dir='ltr' id='par_1_9' title="bbox 97 1301 973 1456">
     <span class='ocr_line' id='line_1_21' title="bbox 100 1301 973 1357; baseline 0.006 -16"><span class='ocrx_word' id='word_1_89' title='bbox 100 1343 101 1346; x_wconf 61' lang='grc'>,</span> <span class='ocrx_word' id='word_1_90' title='bbox 201 1301 366 1344; x_wconf 73' lang='lat' dir='ltr'>Avarte</span> <span class='ocrx_word' id='word_1_91' title='bbox 392 1301 548 1343; x_wconf 92' lang='lat' dir='ltr'>faciem</span> <span class='ocrx_word' id='word_1_92' title='bbox 579 1307 699 1345; x_wconf 88' lang='lat' dir='ltr'>tuam</span> <span class='ocrx_word' id='word_1_93' title='bbox 726 1316 752 1345; x_wconf 91' lang='lat' dir='ltr'>a</span> <span class='ocrx_word' id='word_1_94' title='bbox 777 1305 973 1357; x_wconf 89' lang='lat' dir='ltr'>peccatis</span> 
     </span>
     <span class='ocr_line' id='line_1_22' title="bbox 97 1354 972 1412; baseline 0.006 -14"><span class='ocrx_word' id='word_1_95' title='bbox 97 1354 102 1364; x_wconf 94' lang='lat'>&#39;</span> <span class='ocrx_word' id='word_1_96' title='bbox 147 1358 270 1399; x_wconf 87' lang='lat' dir='ltr'>meis:</span> <span class='ocrx_word' id='word_1_97' title='bbox 289 1359 313 1386; x_wconf 88' lang='lat'>*</span> <span class='ocrx_word' id='word_1_98' title='bbox 336 1362 380 1400; x_wconf 92' lang='lat' dir='ltr'>et</span> <span class='ocrx_word' id='word_1_99' title='bbox 403 1370 554 1400; x_wconf 90' lang='lat' dir='ltr'>omnes</span> <span class='ocrx_word' id='word_1_100' title='bbox 577 1359 828 1412; x_wconf 88' lang='lat' dir='ltr'>iniquitates</span> <span class='ocrx_word' id='word_1_101' title='bbox 851 1373 972 1403; x_wconf 89' lang='lat' dir='ltr'>meas</span> 
     </span>
     <span class='ocr_line' id='line_1_23' title="bbox 149 1413 257 1456; baseline 0 -1"><span class='ocrx_word' id='word_1_102' title='bbox 149 1413 257 1456; x_wconf 93' lang='lat' dir='ltr'>dele.</span> 
     </span>
    </p>

    <p class='ocr_par' dir='ltr' id='par_1_10' title="bbox 147 1470 971 1626">
     <span class='ocr_line' id='line_1_24' title="bbox 200 1470 971 1515; baseline 0.004 -3"><span class='ocrx_word' id='word_1_103' title='bbox 200 1470 287 1512; x_wconf 88' lang='lat' dir='ltr'>Cor</span> <span class='ocrx_word' id='word_1_104' title='bbox 312 1471 524 1514; x_wconf 93' lang='lat' dir='ltr'>mundum</span> <span class='ocrx_word' id='word_1_105' title='bbox 550 1485 651 1515; x_wconf 88' lang='lat' dir='ltr'>crea</span> <span class='ocrx_word' id='word_1_106' title='bbox 675 1472 720 1513; x_wconf 93' lang='lat' dir='ltr'>in</span> <span class='ocrx_word' id='word_1_107' title='bbox 743 1486 813 1515; x_wconf 93' lang='lat' dir='ltr'>me</span> <span class='ocrx_word' id='word_1_108' title='bbox 835 1474 971 1515; x_wconf 89' lang='lat' dir='ltr'>Deus:</span> 
     </span>
     <span class='ocr_line' id='line_1_25' title="bbox 147 1526 970 1580; baseline 0.005 -12"><span class='ocrx_word' id='word_1_109' title='bbox 147 1526 172 1552; x_wconf 88' lang='lat'>*</span> <span class='ocrx_word' id='word_1_110' title='bbox 190 1531 235 1569; x_wconf 90' lang='lat' dir='ltr'>et</span> <span class='ocrx_word' id='word_1_111' title='bbox 258 1528 458 1580; x_wconf 86' lang='lat' dir='ltr'>spiritum</span> <span class='ocrx_word' id='word_1_112' title='bbox 480 1533 649 1570; x_wconf 90' lang='lat' dir='ltr'>rectum</span> <span class='ocrx_word' id='word_1_113' title='bbox 670 1532 830 1572; x_wconf 89' lang='lat' dir='ltr'>innova</span> <span class='ocrx_word' id='word_1_114' title='bbox 848 1531 893 1571; x_wconf 93' lang='lat' dir='ltr'>in</span> <span class='ocrx_word' id='word_1_115' title='bbox 910 1531 970 1572; x_wconf 87' lang='lat' dir='ltr'>vi-</span> 
     </span>
     <span class='ocr_line' id='line_1_26' title="bbox 148 1583 480 1626; baseline 0.009 -3"><span class='ocrx_word' id='word_1_116' title='bbox 148 1583 342 1626; x_wconf 81' lang='lat' dir='ltr'>sceribus</span> <span class='ocrx_word' id='word_1_117' title='bbox 360 1585 480 1626; x_wconf 88' lang='lat' dir='ltr'>meis.</span> 
     </span>
    </p>

    <p class='ocr_par' dir='ltr' id='par_1_11' title="bbox 146 1639 971 1795">
     <span class='ocr_line' id='line_1_27' title="bbox 197 1639 971 1694; baseline 0.005 -12"><span class='ocrx_word' id='word_1_118' title='bbox 197 1639 266 1682; x_wconf 92' lang='lat' dir='ltr'>Ne</span> <span class='ocrx_word' id='word_1_119' title='bbox 289 1641 493 1694; x_wconf 82' lang='lat' dir='ltr'>projicias</span> <span class='ocrx_word' id='word_1_120' title='bbox 515 1654 586 1683; x_wconf 92' lang='lat' dir='ltr'>me</span> <span class='ocrx_word' id='word_1_121' title='bbox 604 1654 630 1683; x_wconf 88' lang='lat' dir='ltr'>a</span> <span class='ocrx_word' id='word_1_122' title='bbox 648 1642 758 1684; x_wconf 90' lang='lat' dir='ltr'>facie</span> <span class='ocrx_word' id='word_1_123' title='bbox 776 1647 866 1685; x_wconf 92' lang='lat' dir='ltr'>tua:</span> <span class='ocrx_word' id='word_1_124' title='bbox 883 1643 908 1670; x_wconf 85' lang='lat'>*</span> <span class='ocrx_word' id='word_1_125' title='bbox 927 1649 971 1686; x_wconf 89' lang='lat' dir='ltr'>et</span> 
     </span>
     <span class='ocr_line' id='line_1_28' title="bbox 146 1696 968 1749; baseline 0.005 -11"><span class='ocrx_word' id='word_1_126' title='bbox 146 1696 353 1749; x_wconf 91' lang='lat' dir='ltr'>Spiritum</span> <span class='ocrx_word' id='word_1_127' title='bbox 371 1702 571 1740; x_wconf 88' lang='lat' dir='ltr'>sanctum</span> <span class='ocrx_word' id='word_1_128' title='bbox 588 1703 712 1741; x_wconf 89' lang='lat' dir='ltr'>tuum</span> <span class='ocrx_word' id='word_1_129' title='bbox 726 1712 780 1741; x_wconf 93' lang='lat' dir='ltr'>ne</span> <span class='ocrx_word' id='word_1_130' title='bbox 796 1700 968 1742; x_wconf 81' lang='lat' dir='ltr'>auferas</span> 
     </span>
     <span class='ocr_line' id='line_1_29' title="bbox 146 1765 270 1795; baseline 0 -2"><span class='ocrx_word' id='word_1_131' title='bbox 146 1765 172 1793; x_wconf 90' lang='lat' dir='ltr'>a</span> <span class='ocrx_word' id='word_1_132' title='bbox 189 1765 270 1795; x_wconf 90' lang='lat' dir='ltr'>me.</span> 
     </span>
    </p>

    <p class='ocr_par' dir='ltr' id='par_1_12' title="bbox 144 1808 968 1964">
     <span class='ocr_line' id='line_1_30' title="bbox 196 1808 968 1855; baseline 0.005 -4"><span class='ocrx_word' id='word_1_133' title='bbox 196 1808 352 1852; x_wconf 88' lang='lat' dir='ltr'>Redde</span> <span class='ocrx_word' id='word_1_134' title='bbox 390 1810 495 1852; x_wconf 91' lang='lat' dir='ltr'>mihi</span> <span class='ocrx_word' id='word_1_135' title='bbox 533 1811 729 1854; x_wconf 86' lang='lat' dir='ltr'>laetitiam</span> <span class='ocrx_word' id='word_1_136' title='bbox 765 1813 968 1855; x_wconf 89' lang='lat' dir='ltr'>salutaris</span> 
     </span>
     <span class='ocr_line' id='line_1_31' title="bbox 144 1865 967 1921; baseline 0.009 -16"><span class='ocrx_word' id='word_1_137' title='bbox 144 1865 224 1906; x_wconf 89' lang='lat' dir='ltr'>tui:</span> <span class='ocrx_word' id='word_1_138' title='bbox 248 1866 272 1892; x_wconf 88' lang='grc'><em>*</em></span> <span class='ocrx_word' id='word_1_139' title='bbox 299 1870 342 1908; x_wconf 85' lang='lat' dir='ltr'>et</span> <span class='ocrx_word' id='word_1_140' title='bbox 370 1868 528 1920; x_wconf 87' lang='lat' dir='ltr'>spiritu</span> <span class='ocrx_word' id='word_1_141' title='bbox 554 1869 785 1921; x_wconf 84' lang='lat' dir='ltr'>principali</span> <span class='ocrx_word' id='word_1_142' title='bbox 813 1870 967 1912; x_wconf 89' lang='lat' dir='ltr'>confir-</span> 
     </span>
     <span class='ocr_line' id='line_1_32' title="bbox 145 1934 314 1964; baseline 0.006 -2"><span class='ocrx_word' id='word_1_143' title='bbox 145 1934 217 1963; x_wconf 91' lang='lat' dir='ltr'>ma</span> <span class='ocrx_word' id='word_1_144' title='bbox 233 1935 314 1964; x_wconf 93' lang='lat' dir='ltr'>me.</span> 
     </span>
    </p>

    <p class='ocr_par' dir='ltr' id='par_1_13' title="bbox 145 1978 969 2087">
     <span class='ocr_line' id='line_1_33' title="bbox 195 1978 969 2039; baseline 0.006 -20"><span class='ocrx_word' id='word_1_145' title='bbox 195 1978 380 2039; x_wconf 77' lang='lat' dir='ltr'>Docebo</span> <span class='ocrx_word' id='word_1_146' title='bbox 413 1980 586 2033; x_wconf 90' lang='lat' dir='ltr'>iniquos</span> <span class='ocrx_word' id='word_1_147' title='bbox 614 1982 706 2024; x_wconf 85' lang='lat' dir='ltr'>vias</span> <span class='ocrx_word' id='word_1_148' title='bbox 733 1986 846 2024; x_wconf 89' lang='lat' dir='ltr'>tuas:</span> <span class='ocrx_word' id='word_1_149' title='bbox 873 1982 897 2008; x_wconf 89' lang='grc'><em>*</em></span> <span class='ocrx_word' id='word_1_150' title='bbox 925 1987 969 2024; x_wconf 91' lang='lat' dir='ltr'>et</span> 
     </span>
     <span class='ocr_line' id='line_1_34' title="bbox 145 2034 744 2087; baseline 0.01 -13"><span class='ocrx_word' id='word_1_151' title='bbox 145 2035 268 2087; x_wconf 90' lang='lat' dir='ltr'>impii</span> <span class='ocrx_word' id='word_1_152' title='bbox 285 2034 343 2077; x_wconf 90' lang='lat' dir='ltr'>ad</span> <span class='ocrx_word' id='word_1_153' title='bbox 361 2040 405 2078; x_wconf 88' lang='lat' dir='ltr'>te</span> <span class='ocrx_word' id='word_1_154' title='bbox 425 2040 744 2080; x_wconf 78' lang='lat' dir='ltr'>convertentur.</span> 
     </span>
    </p>

    <p class='ocr_par' dir='ltr' id='par_1_14' title="bbox 144 2090 968 2258">
     <span class='ocr_line' id='line_1_35' title="bbox 195 2090 968 2147; baseline 0.006 -16"><span class='ocrx_word' id='word_1_155' title='bbox 195 2090 356 2133; x_wconf 87' lang='lat' dir='ltr'>Libera</span> <span class='ocrx_word' id='word_1_156' title='bbox 373 2106 443 2135; x_wconf 92' lang='lat' dir='ltr'>me</span> <span class='ocrx_word' id='word_1_157' title='bbox 463 2092 518 2135; x_wconf 88' lang='lat' dir='ltr'>de</span> <span class='ocrx_word' id='word_1_158' title='bbox 537 2095 818 2147; x_wconf 84' lang='lat' dir='ltr'>sanguinibus</span> <span class='ocrx_word' id='word_1_159' title='bbox 836 2096 968 2145; x_wconf 92' lang='lat' dir='ltr'>Deus,</span> 
     </span>
     <span class='ocr_line' id='line_1_36' title="bbox 144 2146 968 2193; baseline 0.007 -6"><span class='ocrx_word' id='word_1_160' title='bbox 144 2146 266 2188; x_wconf 92' lang='lat' dir='ltr'>Deus</span> <span class='ocrx_word' id='word_1_161' title='bbox 294 2148 446 2190; x_wconf 77' lang='lat' dir='ltr'>salutis</span> <span class='ocrx_word' id='word_1_162' title='bbox 471 2163 597 2192; x_wconf 89' lang='lat' dir='ltr'>meae:</span> <span class='ocrx_word' id='word_1_163' title='bbox 615 2151 640 2177; x_wconf 85' lang='lat'>*</span> <span class='ocrx_word' id='word_1_164' title='bbox 659 2156 703 2193; x_wconf 91' lang='lat' dir='ltr'>et</span> <span class='ocrx_word' id='word_1_165' title='bbox 731 2151 968 2193; x_wconf 90' lang='lat' dir='ltr'>exsultabit</span> 
     </span>
     <span class='ocr_line' id='line_1_37' title="bbox 145 2202 779 2258; baseline 0.011 -15"><span class='ocrx_word' id='word_1_166' title='bbox 145 2202 292 2255; x_wconf 89' lang='lat' dir='ltr'>lingua</span> <span class='ocrx_word' id='word_1_167' title='bbox 308 2218 406 2247; x_wconf 91' lang='lat' dir='ltr'>mea</span> <span class='ocrx_word' id='word_1_168' title='bbox 423 2206 631 2258; x_wconf 88' lang='lat' dir='ltr'>justitiam</span> <span class='ocrx_word' id='word_1_169' title='bbox 648 2212 779 2250; x_wconf 90' lang='lat' dir='ltr'>tuam.</span> 
     </span>
    </p>

    <p class='ocr_par' dir='ltr' id='par_1_15' title="bbox 146 2260 968 2363">
     <span class='ocr_line' id='line_1_38' title="bbox 195 2260 968 2317; baseline 0.008 -17"><span class='ocrx_word' id='word_1_170' title='bbox 195 2260 399 2311; x_wconf 83' lang='lat' dir='ltr'>Domine,</span> <span class='ocrx_word' id='word_1_171' title='bbox 423 2261 539 2304; x_wconf 87' lang='lat' dir='ltr'>labia</span> <span class='ocrx_word' id='word_1_172' title='bbox 560 2276 659 2305; x_wconf 89' lang='lat' dir='ltr'>mea</span> <span class='ocrx_word' id='word_1_173' title='bbox 677 2265 862 2317; x_wconf 85' lang='lat' dir='ltr'>aperies:</span> <span class='ocrx_word' id='word_1_174' title='bbox 881 2264 904 2290; x_wconf 85' lang='lat'>*</span> <span class='ocrx_word' id='word_1_175' title='bbox 924 2269 968 2306; x_wconf 88' lang='lat' dir='ltr'>et</span> 
     </span>
     <span class='ocr_line' id='line_1_39' title="bbox 146 2319 967 2363; baseline 0.006 -7"><span class='ocrx_word' id='word_1_176' title='bbox 146 2328 196 2357; x_wconf 92' lang='lat' dir='ltr'>os</span> <span class='ocrx_word' id='word_1_177' title='bbox 210 2330 355 2358; x_wconf 91' lang='lat' dir='ltr'>meum</span> <span class='ocrx_word' id='word_1_178' title='bbox 369 2319 640 2362; x_wconf 90' lang='lat' dir='ltr'>annuntiabit</span> <span class='ocrx_word' id='word_1_179' title='bbox 652 2320 828 2363; x_wconf 91' lang='lat' dir='ltr'>laudem</span> <span class='ocrx_word' id='word_1_180' title='bbox 836 2325 967 2362; x_wconf 91' lang='lat' dir='ltr'>tuam.</span> 
     </span>
    </p>

    <p class='ocr_par' dir='ltr' id='par_1_16' title="bbox 146 2373 967 2531">
     <span class='ocr_line' id='line_1_40' title="bbox 198 2373 967 2423; baseline 0.004 -9"><span class='ocrx_word' id='word_1_181' title='bbox 198 2373 414 2423; x_wconf 81' lang='lat' dir='ltr'>Quoniam</span> <span class='ocrx_word' id='word_1_182' title='bbox 463 2375 500 2416; x_wconf 95' lang='lat' dir='ltr'>si</span> <span class='ocrx_word' id='word_1_183' title='bbox 547 2376 760 2419; x_wconf 88' lang='lat' dir='ltr'>voluisses</span> <span class='ocrx_word' id='word_1_184' title='bbox 806 2377 967 2418; x_wconf 88' lang='lat' dir='ltr'>sacrifi-</span> 
     </span>
     <span class='ocr_line' id='line_1_41' title="bbox 146 2428 966 2485; baseline 0.005 -16"><span class='ocrx_word' id='word_1_185' title='bbox 146 2428 274 2479; x_wconf 89' lang='lat' dir='ltr'>cium,</span> <span class='ocrx_word' id='word_1_186' title='bbox 298 2430 518 2473; x_wconf 89' lang='lat' dir='ltr'>dedissem</span> <span class='ocrx_word' id='word_1_187' title='bbox 536 2433 702 2485; x_wconf 78' lang='lat' dir='ltr'>utique:</span> <span class='ocrx_word' id='word_1_188' title='bbox 720 2434 744 2460; x_wconf 88' lang='lat'>*</span> <span class='ocrx_word' id='word_1_189' title='bbox 762 2433 966 2475; x_wconf 81' lang='lat' dir='ltr'>holocau-</span> 
     </span>
     <span class='ocr_line' id='line_1_42' title="bbox 146 2485 648 2531; baseline 0.012 -6"><span class='ocrx_word' id='word_1_190' title='bbox 146 2485 225 2526; x_wconf 87' lang='lat' dir='ltr'>stis</span> <span class='ocrx_word' id='word_1_191' title='bbox 243 2498 331 2527; x_wconf 92' lang='lat' dir='ltr'>non</span> <span class='ocrx_word' id='word_1_192' title='bbox 348 2486 648 2531; x_wconf 66' lang='lat' dir='ltr'>delectaberis.</span> 
     </span>
    </p>

    <p class='ocr_par' dir='ltr' id='par_1_17' title="bbox 145 2542 966 2710">
     <span class='ocr_line' id='line_1_43' title="bbox 197 2542 966 2598; baseline 0.005 -15"><span class='ocrx_word' id='word_1_193' title='bbox 197 2542 463 2585; x_wconf 86' lang='lat' dir='ltr'>Sacrificium</span> <span class='ocrx_word' id='word_1_194' title='bbox 485 2545 582 2587; x_wconf 87' lang='lat' dir='ltr'>Deo</span> <span class='ocrx_word' id='word_1_195' title='bbox 610 2546 786 2598; x_wconf 87' lang='lat' dir='ltr'>spiritus</span> <span class='ocrx_word' id='word_1_196' title='bbox 811 2546 966 2587; x_wconf 89' lang='lat' dir='ltr'>contri-</span> 
     </span>
     <span class='ocr_line' id='line_1_44' title="bbox 145 2596 966 2651; baseline 0.006 -13"><span class='ocrx_word' id='word_1_197' title='bbox 145 2596 333 2640; x_wconf 87' lang='lat' dir='ltr'>bulatus:</span> <span class='ocrx_word' id='word_1_198' title='bbox 352 2599 376 2626; x_wconf 88' lang='lat'>*</span> <span class='ocrx_word' id='word_1_199' title='bbox 395 2613 470 2642; x_wconf 93' lang='lat' dir='ltr'>cor</span> <span class='ocrx_word' id='word_1_200' title='bbox 489 2605 741 2651; x_wconf 87' lang='lat' dir='ltr'>contritum,</span> <span class='ocrx_word' id='word_1_201' title='bbox 766 2606 810 2642; x_wconf 92' lang='lat' dir='ltr'>et</span> <span class='ocrx_word' id='word_1_202' title='bbox 832 2601 966 2643; x_wconf 92' lang='lat' dir='ltr'>humi—</span> 
     </span>
     <span class='ocr_line' id='line_1_45' title="bbox 145 2653 788 2710; baseline 0.006 -16"><span class='ocrx_word' id='word_1_203' title='bbox 145 2653 298 2695; x_wconf 91' lang='lat' dir='ltr'>liatum</span> <span class='ocrx_word' id='word_1_204' title='bbox 315 2656 435 2698; x_wconf 90' lang='lat' dir='ltr'>Deus</span> <span class='ocrx_word' id='word_1_205' title='bbox 454 2670 542 2699; x_wconf 92' lang='lat' dir='ltr'>non</span> <span class='ocrx_word' id='word_1_206' title='bbox 561 2657 788 2710; x_wconf 91' lang='lat' dir='ltr'>despicies.</span> 
     </span>
    </p>
   </div>
   <div class='ocr_carea' id='block_1_4' title="bbox 978 259 1858 324">
    <p class='ocr_par' dir='ltr' id='par_1_18' title="bbox 978 259 1858 324">
     <span class='ocr_line' id='line_1_46' title="bbox 978 259 1858 324; baseline 0 0"><span class='ocrx_word' id='word_1_207' title='bbox 978 259 1858 324; x_wconf 95' lang='lat' dir='ltr'>  </span> 
     </span>
    </p>
   </div>
   <div class='ocr_carea' id='block_1_5' title="bbox 1762 192 1902 241">
    <p class='ocr_par' dir='ltr' id='par_1_19' title="bbox 1762 192 1902 241">
     <span class='ocr_line' id='line_1_47' title="bbox 1762 192 1902 241; baseline 0.014 -9"><span class='ocrx_word' id='word_1_208' title='bbox 1762 196 1854 241; x_wconf 89' lang='lat'><strong>[171]</strong></span> <span class='ocrx_word' id='word_1_209' title='bbox 1900 192 1902 234; x_wconf 81' lang='grc' dir='ltr'>ἶ</span> 
     </span>
    </p>
   </div>
   <div class='ocr_carea' id='block_1_6' title="bbox 1853 267 1858 356">
    <p class='ocr_par' dir='ltr' id='par_1_20' title="bbox 1853 267 1858 356">
     <span class='ocr_line' id='line_1_48' title="bbox 1853 267 1858 356; baseline 0 2588"><span class='ocrx_word' id='word_1_210' title='bbox 1853 267 1858 356; x_wconf 95' lang='lat' dir='ltr'> </span> 
     </span>
    </p>
   </div>
   <div class='ocr_carea' id='block_1_7' title="bbox 1030 289 1902 511">
    <p class='ocr_par' dir='ltr' id='par_1_21' title="bbox 1030 289 1853 334">
     <span class='ocr_line' id='line_1_49' title="bbox 1030 289 1853 334; baseline 0.006 -5"><span class='ocrx_word' id='word_1_211' title='bbox 1030 289 1195 332; x_wconf 89' lang='lat' dir='ltr'>luntate</span> <span class='ocrx_word' id='word_1_212' title='bbox 1223 295 1297 332; x_wconf 91' lang='lat' dir='ltr'>tua</span> <span class='ocrx_word' id='word_1_213' title='bbox 1324 292 1440 333; x_wconf 89' lang='lat' dir='ltr'>Sion:</span> <span class='ocrx_word' id='word_1_214' title='bbox 1464 294 1488 319; x_wconf 90' lang='lat'>*</span> <span class='ocrx_word' id='word_1_215' title='bbox 1506 297 1555 334; x_wconf 86' lang='lat' dir='ltr'>ut</span> <span class='ocrx_word' id='word_1_216' title='bbox 1583 292 1853 334; x_wconf 82' lang='lat' dir='ltr'>aedificentur</span> 
     </span>
    </p>

    <p class='ocr_par' dir='ltr' id='par_1_22' title="bbox 1030 346 1902 458">
     <span class='ocr_line' id='line_1_50' title="bbox 1030 346 1902 390; baseline 0.009 -4"><span class='ocrx_word' id='word_1_217' title='bbox 1030 346 1142 386; x_wconf 87' lang='lat' dir='ltr'>muri</span> <span class='ocrx_word' id='word_1_218' title='bbox 1158 347 1410 390; x_wconf 84' lang='lat' dir='ltr'>Jerusalem.</span> <span class='ocrx_word' id='word_1_219' title='bbox 1900 351 1902 354; x_wconf 72' lang='grc'><strong>’</strong></span> 
     </span>
     <span class='ocr_line' id='line_1_51' title="bbox 1082 402 1901 458; baseline 0.006 -16"><span class='ocrx_word' id='word_1_220' title='bbox 1082 402 1207 444; x_wconf 91' lang='lat' dir='ltr'>Tunc</span> <span class='ocrx_word' id='word_1_221' title='bbox 1231 404 1481 457; x_wconf 80' lang='lat' dir='ltr'>acceptabis</span> <span class='ocrx_word' id='word_1_222' title='bbox 1506 406 1767 447; x_wconf 85' lang='lat' dir='ltr'>sacrificium</span> <span class='ocrx_word' id='word_1_223' title='bbox 1793 406 1851 458; x_wconf 88' lang='lat' dir='ltr'>ju·</span> <span class='ocrx_word' id='word_1_224' title='bbox 1899 424 1901 427; x_wconf 93' lang='lat'>·</span> 
     </span>
    </p>

    <p class='ocr_par' dir='ltr' id='par_1_23' title="bbox 1031 459 1854 511">
     <span class='ocr_line' id='line_1_52' title="bbox 1031 459 1854 511; baseline 0.005 -12"><span class='ocrx_word' id='word_1_225' title='bbox 1031 459 1175 509; x_wconf 86' lang='lat' dir='ltr'>stitiae,</span> <span class='ocrx_word' id='word_1_226' title='bbox 1198 459 1456 511; x_wconf 85' lang='lat' dir='ltr'>oblationes,</span> <span class='ocrx_word' id='word_1_227' title='bbox 1479 466 1523 503; x_wconf 93' lang='lat' dir='ltr'>et</span> <span class='ocrx_word' id='word_1_228' title='bbox 1541 461 1812 503; x_wconf 75' lang='lat' dir='ltr'>holocal&#39;ista:</span> <span class='ocrx_word' id='word_1_229' title='bbox 1830 463 1854 488; x_wconf 90' lang='lat'>*</span> 
     </span>
    </p>
   </div>
   <div class='ocr_carea' id='block_1_8' title="bbox 1029 515 1853 613">
    <p class='ocr_par' dir='ltr' id='par_1_24' title="bbox 1029 515 1853 613">
     <span class='ocr_line' id='line_1_53' title="bbox 1029 515 1853 612; baseline 0.007 -58"><span class='ocrx_word' id='word_1_230' title='bbox 1029 518 1138 612; x_wconf 33' lang='lat' dir='ltr'>tupucu:l</span> <span class='ocrx_word' id='word_1_231' title='bbox 1159 515 1385 569; x_wconf 82' lang='lat' dir='ltr'>imponent</span> <span class='ocrx_word' id='word_1_232' title='bbox 1411 530 1544 571; x_wconf 89' lang='lat' dir='ltr'>super</span> <span class='ocrx_word' id='word_1_233' title='bbox 1567 518 1704 560; x_wconf 89' lang='lat' dir='ltr'>altare</span> <span class='ocrx_word' id='word_1_234' title='bbox 1728 523 1853 560; x_wconf 86' lang='lat' dir='ltr'>tuum</span> 
     </span>
     <span class='ocr_line' id='line_1_54' title="bbox 1030 584 1201 613; baseline 0.012 -2"><span class='ocrx_word' id='word_1_235' title='bbox 1030 584 1073 612; x_wconf 83' lang='lat' dir='ltr'>vi</span> <span class='ocrx_word' id='word_1_236' title='bbox 1141 585 1201 613; x_wconf 92' lang='lat' dir='ltr'>os.</span> 
     </span>
    </p>
   </div>
   <div class='ocr_carea' id='block_1_9' title="bbox 1082 637 1535 690">
    <p class='ocr_par' dir='ltr' id='par_1_25' title="bbox 1082 637 1535 690">
     <span class='ocr_line' id='line_1_55' title="bbox 1082 637 1535 690; baseline 0.004 -12"><span class='ocrx_word' id='word_1_237' title='bbox 1082 637 1297 690; x_wconf 80' lang='lat' dir='ltr'>Requiem</span> <span class='ocrx_word' id='word_1_238' title='bbox 1316 640 1535 680; x_wconf 78' lang='lat' dir='ltr'>aeternam.</span> 
     </span>
    </p>
   </div>
   <div class='ocr_carea' id='block_1_10' title="bbox 1028 707 1851 1050">
    <p class='ocr_par' dir='ltr' id='par_1_26' title="bbox 1030 707 1851 804">
     <span class='ocr_line' id='line_1_56' title="bbox 1082 707 1851 752; baseline 0.007 -5"><span class='ocrx_word' id='word_1_239' title='bbox 1082 708 1179 749; x_wconf 85' lang='lat' dir='ltr'>Ant.</span> <span class='ocrx_word' id='word_1_240' title='bbox 1214 707 1508 750; x_wconf 83' lang='lat' dir='ltr'>Exsultabunt</span> <span class='ocrx_word' id='word_1_241' title='bbox 1533 709 1721 752; x_wconf 84' lang='lat' dir='ltr'>Domino</span> <span class='ocrx_word' id='word_1_242' title='bbox 1750 723 1851 752; x_wconf 88' lang='lat' dir='ltr'>ossa</span> 
     </span>
     <span class='ocr_line' id='line_1_57' title="bbox 1030 760 1263 804; baseline 0.009 -2"><span class='ocrx_word' id='word_1_243' title='bbox 1030 760 1263 804; x_wconf 89' lang='lat' dir='ltr'>humiliata.</span> 
     </span>
    </p>

    <p class='ocr_par' dir='ltr' id='par_1_27' title="bbox 1028 829 1851 982">
     <span class='ocr_line' id='line_1_58' title="bbox 1079 829 1850 874; baseline 0.006 -5"><span class='ocrx_word' id='word_1_244' title='bbox 1079 829 1177 872; x_wconf 86' lang='lat' dir='ltr'>Ant.</span> <span class='ocrx_word' id='word_1_245' title='bbox 1216 830 1390 871; x_wconf 84' lang='lat' dir='ltr'>Exaudi</span> <span class='ocrx_word' id='word_1_246' title='bbox 1420 830 1608 873; x_wconf 82' lang='lat' dir='ltr'>D6mine</span> <span class='ocrx_word' id='word_1_247' title='bbox 1639 832 1663 859; x_wconf 87' lang='lat'>*</span> <span class='ocrx_word' id='word_1_248' title='bbox 1694 832 1850 874; x_wconf 84' lang='lat' dir='ltr'>oratio-</span> 
     </span>
     <span class='ocr_line' id='line_1_59' title="bbox 1028 886 1851 948; baseline 0.01 -25"><span class='ocrx_word' id='word_1_249' title='bbox 1028 895 1128 948; x_wconf 80' lang='lat' dir='ltr'>nem</span> <span class='ocrx_word' id='word_1_250' title='bbox 1153 898 1310 928; x_wconf 88' lang='lat' dir='ltr'>meam:</span> <span class='ocrx_word' id='word_1_251' title='bbox 1338 886 1394 929; x_wconf 92' lang='lat' dir='ltr'>ad</span> <span class='ocrx_word' id='word_1_252' title='bbox 1419 891 1463 928; x_wconf 93' lang='lat' dir='ltr'>te</span> <span class='ocrx_word' id='word_1_253' title='bbox 1490 888 1629 929; x_wconf 91' lang='lat' dir='ltr'>omnis</span> <span class='ocrx_word' id='word_1_254' title='bbox 1654 901 1757 931; x_wconf 91' lang='lat' dir='ltr'>caro</span> <span class='ocrx_word' id='word_1_255' title='bbox 1782 891 1851 931; x_wconf 78' lang='lat' dir='ltr'>ve-</span> 
     </span>
     <span class='ocr_line' id='line_1_60' title="bbox 1028 945 1127 982; baseline 0.02 -2"><span class='ocrx_word' id='word_1_256' title='bbox 1028 945 1127 982; x_wconf 90' lang='lat' dir='ltr'>met.</span> 
     </span>
    </p>

    <p class='ocr_par' dir='ltr' id='par_1_28' title="bbox 1296 1010 1578 1050">
     <span class='ocr_line' id='line_1_61' title="bbox 1296 1010 1578 1050; baseline 0.004 -2"><span class='ocrx_word' id='word_1_257' title='bbox 1296 1010 1493 1050; x_wconf 82' lang='lat' dir='ltr'>Psalmus</span> <span class='ocrx_word' id='word_1_258' title='bbox 1513 1012 1578 1050; x_wconf 70' lang='lat'>64.</span> 
     </span>
    </p>
   </div>
   <div class='ocr_carea' id='block_1_11' title="bbox 1018 1074 1897 2541">
    <p class='ocr_par' dir='ltr' id='par_1_29' title="bbox 1024 1074 1897 1230">
     <span class='ocr_line' id='line_1_62' title="bbox 1024 1074 1897 1179; baseline 0.005 -63"><span class='ocrx_word' id='word_1_259' title='bbox 1024 1074 1133 1179; x_wconf 86' lang='lat' dir='ltr'>Te</span> <span class='ocrx_word' id='word_1_260' title='bbox 1158 1074 1285 1118; x_wconf 89' lang='lat' dir='ltr'>decet</span> <span class='ocrx_word' id='word_1_261' title='bbox 1312 1077 1497 1129; x_wconf 93' lang='lat' dir='ltr'>hymnus</span> <span class='ocrx_word' id='word_1_262' title='bbox 1520 1079 1641 1120; x_wconf 93' lang='lat' dir='ltr'>Deus</span> <span class='ocrx_word' id='word_1_263' title='bbox 1664 1078 1707 1119; x_wconf 91' lang='lat' dir='ltr'>in</span> <span class='ocrx_word' id='word_1_264' title='bbox 1731 1079 1851 1121; x_wconf 89' lang='lat' dir='ltr'>Sion:</span> <span class='ocrx_word' id='word_1_265' title='bbox 1893 1093 1897 1110; x_wconf 56' lang='grc' dir='ltr'><em>τ</em></span> 
     </span>
     <span class='ocr_line' id='line_1_63' title="bbox 1121 1132 1895 1177; baseline 0.005 -4"><span class='ocrx_word' id='word_1_266' title='bbox 1121 1132 1145 1159; x_wconf 85' lang='lat'>*</span> <span class='ocrx_word' id='word_1_267' title='bbox 1164 1137 1208 1174; x_wconf 91' lang='lat' dir='ltr'>et</span> <span class='ocrx_word' id='word_1_268' title='bbox 1225 1133 1304 1175; x_wconf 91' lang='lat' dir='ltr'>tibi</span> <span class='ocrx_word' id='word_1_269' title='bbox 1323 1134 1531 1177; x_wconf 77' lang='lat' dir='ltr'>reddetur</span> <span class='ocrx_word' id='word_1_270' title='bbox 1551 1140 1701 1177; x_wconf 90' lang='lat' dir='ltr'>votum</span> <span class='ocrx_word' id='word_1_271' title='bbox 1721 1136 1765 1176; x_wconf 93' lang='lat' dir='ltr'>in</span> <span class='ocrx_word' id='word_1_272' title='bbox 1782 1136 1807 1177; x_wconf 89' lang='lat' dir='ltr'>J</span> <span class='ocrx_word' id='word_1_273' title='bbox 1810 1149 1850 1177; x_wconf 90' lang='lat' dir='ltr'>e·</span> <span class='ocrx_word' id='word_1_274' title='bbox 1894 1134 1895 1140; x_wconf 74' lang='grc'>’</span> 
     </span>
     <span class='ocr_line' id='line_1_64' title="bbox 1026 1188 1226 1230; baseline 0.015 -3"><span class='ocrx_word' id='word_1_275' title='bbox 1026 1188 1226 1230; x_wconf 78' lang='lat' dir='ltr'>rasalem.</span> 
     </span>
    </p>

    <p class='ocr_par' dir='ltr' id='par_1_30' title="bbox 1025 1244 1894 1348">
     <span class='ocr_line' id='line_1_65' title="bbox 1077 1244 1850 1290; baseline 0.006 -5"><span class='ocrx_word' id='word_1_276' title='bbox 1077 1244 1250 1288; x_wconf 81' lang='lat' dir='ltr'>Exaudi</span> <span class='ocrx_word' id='word_1_277' title='bbox 1283 1248 1525 1290; x_wconf 80' lang='lat' dir='ltr'>orati6nem</span> <span class='ocrx_word' id='word_1_278' title='bbox 1556 1261 1714 1290; x_wconf 90' lang='lat' dir='ltr'>meam:</span> <span class='ocrx_word' id='word_1_279' title='bbox 1741 1248 1765 1275; x_wconf 91' lang='lat'>*</span> <span class='ocrx_word' id='word_1_280' title='bbox 1793 1248 1850 1290; x_wconf 87' lang='lat' dir='ltr'>ad</span> 
     </span>
     <span class='ocr_line' id='line_1_66' title="bbox 1025 1303 1894 1348; baseline 0.008 -7"><span class='ocrx_word' id='word_1_281' title='bbox 1025 1304 1070 1341; x_wconf 92' lang='lat' dir='ltr'>te</span> <span class='ocrx_word' id='word_1_282' title='bbox 1090 1303 1230 1344; x_wconf 92' lang='lat' dir='ltr'>omnis</span> <span class='ocrx_word' id='word_1_283' title='bbox 1250 1316 1352 1346; x_wconf 90' lang='lat' dir='ltr'>caro</span> <span class='ocrx_word' id='word_1_284' title='bbox 1371 1306 1526 1347; x_wconf 77' lang='lat' dir='ltr'>veniet.</span> <span class='ocrx_word' id='word_1_285' title='bbox 1891 1345 1894 1348; x_wconf 92' lang='lat'>.</span> 
     </span>
    </p>

    <p class='ocr_par' dir='ltr' id='par_1_31' title="bbox 1023 1358 1895 1526">
     <span class='ocr_line' id='line_1_67' title="bbox 1076 1358 1895 1415; baseline 0.004 -15"><span class='ocrx_word' id='word_1_286' title='bbox 1076 1358 1226 1401; x_wconf 90' lang='lat' dir='ltr'>Verba</span> <span class='ocrx_word' id='word_1_287' title='bbox 1252 1361 1499 1413; x_wconf 78' lang='lat' dir='ltr'>iniquorum</span> <span class='ocrx_word' id='word_1_288' title='bbox 1525 1361 1849 1414; x_wconf 75' lang='lat' dir='ltr'>praevaluerunt</span> <span class='ocrx_word' id='word_1_289' title='bbox 1892 1411 1895 1415; x_wconf 11' lang='grc' dir='ltr'>μ</span> 
     </span>
     <span class='ocr_line' id='line_1_68' title="bbox 1025 1418 1893 1471; baseline 0.005 -15"><span class='ocrx_word' id='word_1_290' title='bbox 1025 1428 1157 1468; x_wconf 91' lang='lat' dir='ltr'>super</span> <span class='ocrx_word' id='word_1_291' title='bbox 1171 1429 1265 1458; x_wconf 91' lang='lat' dir='ltr'>nos:</span> <span class='ocrx_word' id='word_1_292' title='bbox 1279 1418 1303 1443; x_wconf 88' lang='lat'>*</span> <span class='ocrx_word' id='word_1_293' title='bbox 1319 1423 1362 1460; x_wconf 92' lang='lat' dir='ltr'>et</span> <span class='ocrx_word' id='word_1_294' title='bbox 1375 1418 1672 1471; x_wconf 89' lang='lat' dir='ltr'>impietatibus</span> <span class='ocrx_word' id='word_1_295' title='bbox 1687 1418 1849 1460; x_wconf 90' lang='lat' dir='ltr'>nostris</span> <span class='ocrx_word' id='word_1_296' title='bbox 1892 1431 1893 1435; x_wconf 53' lang='lat'>¹</span> 
     </span>
     <span class='ocr_line' id='line_1_69' title="bbox 1023 1474 1894 1526; baseline 0.008 -13"><span class='ocrx_word' id='word_1_297' title='bbox 1023 1476 1072 1513; x_wconf 94' lang='lat' dir='ltr'>tu</span> <span class='ocrx_word' id='word_1_298' title='bbox 1090 1474 1411 1526; x_wconf 84' lang='lat' dir='ltr'>propitiaberis.</span> <span class='ocrx_word' id='word_1_299' title='bbox 1891 1477 1894 1480; x_wconf 67' lang='grc'>’</span> 
     </span>
    </p>

    <p class='ocr_par' dir='ltr' id='par_1_32' title="bbox 1023 1528 1847 1637">
     <span class='ocr_line' id='line_1_70' title="bbox 1074 1528 1847 1583; baseline 0.004 -14"><span class='ocrx_word' id='word_1_300' title='bbox 1074 1528 1249 1581; x_wconf 88' lang='lat' dir='ltr'>Beatus,</span> <span class='ocrx_word' id='word_1_301' title='bbox 1271 1544 1401 1583; x_wconf 90' lang='lat' dir='ltr'>quem</span> <span class='ocrx_word' id='word_1_302' title='bbox 1418 1531 1599 1582; x_wconf 88' lang='lat' dir='ltr'>elegisti,</span> <span class='ocrx_word' id='word_1_303' title='bbox 1619 1536 1663 1573; x_wconf 90' lang='lat' dir='ltr'>et</span> <span class='ocrx_word' id='word_1_304' title='bbox 1683 1544 1847 1572; x_wconf 92' lang='lat' dir='ltr'>assum-</span> 
     </span>
     <span class='ocr_line' id='line_1_71' title="bbox 1023 1586 1803 1637; baseline 0.004 -12"><span class='ocrx_word' id='word_1_305' title='bbox 1023 1586 1164 1637; x_wconf 90' lang='lat' dir='ltr'>psisti:</span> <span class='ocrx_word' id='word_1_306' title='bbox 1183 1588 1207 1614; x_wconf 84' lang='grc'><em>*</em></span> <span class='ocrx_word' id='word_1_307' title='bbox 1225 1587 1485 1630; x_wconf 90' lang='lat' dir='ltr'>inhabitabit</span> <span class='ocrx_word' id='word_1_308' title='bbox 1502 1589 1546 1628; x_wconf 91' lang='lat' dir='ltr'>in</span> <span class='ocrx_word' id='word_1_309' title='bbox 1565 1588 1687 1629; x_wconf 89' lang='lat' dir='ltr'>atriis</span> <span class='ocrx_word' id='word_1_310' title='bbox 1706 1588 1803 1630; x_wconf 90' lang='lat' dir='ltr'>tuis.</span> 
     </span>
    </p>

    <p class='ocr_par' dir='ltr' id='par_1_33' title="bbox 1022 1643 1894 1808">
     <span class='ocr_line' id='line_1_72' title="bbox 1075 1643 1894 1695; baseline 0 -11"><span class='ocrx_word' id='word_1_311' title='bbox 1075 1643 1359 1695; x_wconf 79' lang='lat' dir='ltr'>Replebimur</span> <span class='ocrx_word' id='word_1_312' title='bbox 1373 1644 1418 1684; x_wconf 94' lang='lat' dir='ltr'>in</span> <span class='ocrx_word' id='word_1_313' title='bbox 1432 1644 1560 1685; x_wconf 91' lang='lat' dir='ltr'>bonis</span> <span class='ocrx_word' id='word_1_314' title='bbox 1574 1644 1731 1686; x_wconf 90' lang='lat' dir='ltr'>domus</span> <span class='ocrx_word' id='word_1_315' title='bbox 1745 1648 1848 1685; x_wconf 86' lang='lat' dir='ltr'>tuae:</span> <span class='ocrx_word' id='word_1_316' title='bbox 1890 1665 1894 1669; x_wconf 92' lang='lat'>·</span> 
     </span>
     <span class='ocr_line' id='line_1_73' title="bbox 1022 1699 1844 1753; baseline -0.001 -12"><span class='ocrx_word' id='word_1_317' title='bbox 1022 1699 1045 1724; x_wconf 89' lang='lat'><strong>*</strong></span> <span class='ocrx_word' id='word_1_318' title='bbox 1067 1705 1264 1742; x_wconf 89' lang='lat' dir='ltr'>sanctum</span> <span class='ocrx_word' id='word_1_319' title='bbox 1288 1705 1354 1742; x_wconf 90' lang='lat' dir='ltr'>est</span> <span class='ocrx_word' id='word_1_320' title='bbox 1376 1700 1589 1753; x_wconf 89' lang='lat' dir='ltr'>templum</span> <span class='ocrx_word' id='word_1_321' title='bbox 1607 1705 1744 1751; x_wconf 87' lang='lat' dir='ltr'>tuum,</span> <span class='ocrx_word' id='word_1_322' title='bbox 1769 1700 1844 1740; x_wconf 91' lang='lat' dir='ltr'>mi-</span> 
     </span>
     <span class='ocr_line' id='line_1_74' title="bbox 1023 1755 1460 1808; baseline 0.005 -12"><span class='ocrx_word' id='word_1_323' title='bbox 1023 1755 1161 1798; x_wconf 84' lang='lat' dir='ltr'>rabile</span> <span class='ocrx_word' id='word_1_324' title='bbox 1181 1757 1225 1797; x_wconf 91' lang='lat' dir='ltr'>in</span> <span class='ocrx_word' id='word_1_325' title='bbox 1244 1757 1460 1808; x_wconf 88' lang='lat' dir='ltr'>aequitate.</span> 
     </span>
    </p>

    <p class='ocr_par' dir='ltr' id='par_1_34' title="bbox 1021 1812 1845 1978">
     <span class='ocr_line' id='line_1_75' title="bbox 1074 1812 1844 1855; baseline 0.001 -2"><span class='ocrx_word' id='word_1_326' title='bbox 1074 1813 1246 1855; x_wconf 71' lang='lat' dir='ltr'>Exaudi</span> <span class='ocrx_word' id='word_1_327' title='bbox 1277 1826 1358 1854; x_wconf 94' lang='lat' dir='ltr'>nos</span> <span class='ocrx_word' id='word_1_328' title='bbox 1385 1813 1506 1855; x_wconf 94' lang='lat' dir='ltr'>Deus</span> <span class='ocrx_word' id='word_1_329' title='bbox 1538 1812 1739 1855; x_wconf 86' lang='lat' dir='ltr'>salutaris</span> <span class='ocrx_word' id='word_1_330' title='bbox 1770 1825 1844 1854; x_wconf 93' lang='lat' dir='ltr'>no-</span> 
     </span>
     <span class='ocr_line' id='line_1_76' title="bbox 1023 1870 1845 1922; baseline 0 -12"><span class='ocrx_word' id='word_1_331' title='bbox 1023 1873 1128 1919; x_wconf 91' lang='lat' dir='ltr'>ster,</span> <span class='ocrx_word' id='word_1_332' title='bbox 1146 1870 1169 1896; x_wconf 86' lang='lat'>*</span> <span class='ocrx_word' id='word_1_333' title='bbox 1189 1882 1290 1922; x_wconf 92' lang='lat' dir='ltr'>spes</span> <span class='ocrx_word' id='word_1_334' title='bbox 1315 1870 1507 1912; x_wconf 84' lang='lat' dir='ltr'>omnium</span> <span class='ocrx_word' id='word_1_335' title='bbox 1531 1870 1681 1911; x_wconf 89' lang='lat' dir='ltr'>finium</span> <span class='ocrx_word' id='word_1_336' title='bbox 1705 1874 1845 1919; x_wconf 82' lang='lat' dir='ltr'>terrae,</span> 
     </span>
     <span class='ocr_line' id='line_1_77' title="bbox 1021 1926 1413 1978; baseline 0 -11"><span class='ocrx_word' id='word_1_337' title='bbox 1021 1930 1065 1967; x_wconf 90' lang='lat' dir='ltr'>et</span> <span class='ocrx_word' id='word_1_338' title='bbox 1083 1926 1127 1966; x_wconf 92' lang='lat' dir='ltr'>in</span> <span class='ocrx_word' id='word_1_339' title='bbox 1145 1926 1255 1967; x_wconf 92' lang='lat' dir='ltr'>mari</span> <span class='ocrx_word' id='word_1_340' title='bbox 1273 1926 1413 1978; x_wconf 88' lang='lat' dir='ltr'>longe.</span> 
     </span>
    </p>

    <p class='ocr_par' dir='ltr' id='par_1_35' title="bbox 1020 1983 1889 2204">
     <span class='ocr_line' id='line_1_78' title="bbox 1072 1983 1889 2035; baseline 0 -12"><span class='ocrx_word' id='word_1_341' title='bbox 1072 1983 1331 2035; x_wconf 71' lang='lat' dir='ltr'>Praeparans</span> <span class='ocrx_word' id='word_1_342' title='bbox 1345 1987 1517 2024; x_wconf 89' lang='lat' dir='ltr'>montes</span> <span class='ocrx_word' id='word_1_343' title='bbox 1531 1983 1575 2023; x_wconf 92' lang='lat' dir='ltr'>in</span> <span class='ocrx_word' id='word_1_344' title='bbox 1585 1983 1746 2025; x_wconf 73' lang='lat' dir='ltr'>vittate</span> <span class='ocrx_word' id='word_1_345' title='bbox 1760 1987 1845 2032; x_wconf 91' lang='lat' dir='ltr'>tua,</span> <span class='ocrx_word' id='word_1_346' title='bbox 1887 2016 1889 2019; x_wconf 96' lang='lat'>.</span> 
     </span>
     <span class='ocr_line' id='line_1_79' title="bbox 1022 2039 1844 2092; baseline -0.001 -12"><span class='ocrx_word' id='word_1_347' title='bbox 1022 2041 1242 2081; x_wconf 89' lang='lat' dir='ltr'>accinctus</span> <span class='ocrx_word' id='word_1_348' title='bbox 1273 2039 1487 2092; x_wconf 85' lang='lat' dir='ltr'>potentia:</span> <span class='ocrx_word' id='word_1_349' title='bbox 1514 2040 1538 2066; x_wconf 87' lang='lat'>*</span> <span class='ocrx_word' id='word_1_350' title='bbox 1568 2039 1642 2091; x_wconf 92' lang='lat' dir='ltr'>qui</span> <span class='ocrx_word' id='word_1_351' title='bbox 1673 2042 1844 2080; x_wconf 82' lang='lat' dir='ltr'>contur-</span> 
     </span>
     <span class='ocr_line' id='line_1_80' title="bbox 1020 2094 1843 2148; baseline 0 -12"><span class='ocrx_word' id='word_1_352' title='bbox 1020 2094 1099 2136; x_wconf 90' lang='lat' dir='ltr'>bas</span> <span class='ocrx_word' id='word_1_353' title='bbox 1131 2095 1397 2148; x_wconf 79' lang='lat' dir='ltr'>profundum</span> <span class='ocrx_word' id='word_1_354' title='bbox 1426 2096 1557 2137; x_wconf 87' lang='lat' dir='ltr'>maris</span> <span class='ocrx_word' id='word_1_355' title='bbox 1585 2108 1740 2137; x_wconf 91' lang='lat' dir='ltr'>sonum</span> <span class='ocrx_word' id='word_1_356' title='bbox 1767 2095 1843 2136; x_wconf 78' lang='lat' dir='ltr'>flu-</span> 
     </span>
     <span class='ocr_line' id='line_1_81' title="bbox 1021 2153 1289 2204; baseline -0.007 -10"><span class='ocrx_word' id='word_1_357' title='bbox 1021 2157 1170 2194; x_wconf 90' lang='lat' dir='ltr'>ctuum</span> <span class='ocrx_word' id='word_1_358' title='bbox 1189 2153 1289 2204; x_wconf 91' lang='lat' dir='ltr'>ejus.</span> 
     </span>
    </p>

    <p class='ocr_par' dir='ltr' id='par_1_36' title="bbox 1018 2207 1843 2429">
     <span class='ocr_line' id='line_1_82' title="bbox 1071 2207 1842 2257; baseline -0.004 -7"><span class='ocrx_word' id='word_1_359' title='bbox 1071 2208 1382 2250; x_wconf 82' lang='lat' dir='ltr'>Turbabuntur</span> <span class='ocrx_word' id='word_1_360' title='bbox 1420 2208 1599 2257; x_wconf 90' lang='lat' dir='ltr'>Gentes,</span> <span class='ocrx_word' id='word_1_361' title='bbox 1642 2211 1685 2248; x_wconf 93' lang='lat' dir='ltr'>et</span> <span class='ocrx_word' id='word_1_362' title='bbox 1723 2207 1842 2248; x_wconf 81' lang='lat' dir='ltr'>time-</span> 
     </span>
     <span class='ocr_line' id='line_1_83' title="bbox 1020 2263 1843 2317; baseline -0.004 -10"><span class='ocrx_word' id='word_1_363' title='bbox 1020 2265 1127 2307; x_wconf 90' lang='lat' dir='ltr'>bunt</span> <span class='ocrx_word' id='word_1_364' title='bbox 1160 2265 1234 2317; x_wconf 88' lang='lat' dir='ltr'>qui</span> <span class='ocrx_word' id='word_1_365' title='bbox 1264 2264 1463 2306; x_wconf 89' lang='lat' dir='ltr'>habitant</span> <span class='ocrx_word' id='word_1_366' title='bbox 1494 2263 1703 2305; x_wconf 80' lang='lat' dir='ltr'>terminos</span> <span class='ocrx_word' id='word_1_367' title='bbox 1735 2276 1760 2304; x_wconf 93' lang='lat' dir='ltr'>a</span> <span class='ocrx_word' id='word_1_368' title='bbox 1790 2263 1843 2304; x_wconf 91' lang='lat' dir='ltr'>si-</span> 
     </span>
     <span class='ocr_line' id='line_1_84' title="bbox 1018 2320 1842 2371; baseline -0.001 -10"><span class='ocrx_word' id='word_1_369' title='bbox 1018 2322 1115 2371; x_wconf 90' lang='lat' dir='ltr'>gnis</span> <span class='ocrx_word' id='word_1_370' title='bbox 1133 2321 1233 2362; x_wconf 91' lang='lat' dir='ltr'>tuis:</span> <span class='ocrx_word' id='word_1_371' title='bbox 1250 2322 1274 2347; x_wconf 88' lang='lat'>*</span> <span class='ocrx_word' id='word_1_372' title='bbox 1294 2321 1435 2361; x_wconf 80' lang='lat' dir='ltr'>exitus</span> <span class='ocrx_word' id='word_1_373' title='bbox 1461 2320 1679 2369; x_wconf 89' lang='lat' dir='ltr'>matutini,</span> <span class='ocrx_word' id='word_1_374' title='bbox 1704 2323 1747 2360; x_wconf 89' lang='lat' dir='ltr'>et</span> <span class='ocrx_word' id='word_1_375' title='bbox 1772 2321 1842 2360; x_wconf 82' lang='lat' dir='ltr'>ve-</span> 
     </span>
     <span class='ocr_line' id='line_1_85' title="bbox 1019 2375 1415 2429; baseline -0.005 -11"><span class='ocrx_word' id='word_1_376' title='bbox 1019 2390 1145 2429; x_wconf 90' lang='lat' dir='ltr'>spere</span> <span class='ocrx_word' id='word_1_377' title='bbox 1165 2375 1415 2418; x_wconf 88' lang='lat' dir='ltr'>delectabis.</span> 
     </span>
    </p>

    <p class='ocr_par' dir='ltr' id='par_1_37' title="bbox 1019 2431 1842 2541">
     <span class='ocr_line' id='line_1_86' title="bbox 1069 2431 1842 2482; baseline -0.003 -8"><span class='ocrx_word' id='word_1_378' title='bbox 1069 2433 1269 2474; x_wconf 87' lang='lat' dir='ltr'>Visitasti</span> <span class='ocrx_word' id='word_1_379' title='bbox 1310 2436 1487 2482; x_wconf 86' lang='lat' dir='ltr'>terram,</span> <span class='ocrx_word' id='word_1_380' title='bbox 1533 2436 1577 2474; x_wconf 87' lang='lat' dir='ltr'>et</span> <span class='ocrx_word' id='word_1_381' title='bbox 1618 2431 1842 2473; x_wconf 90' lang='lat' dir='ltr'>inebriasti</span> 
     </span>
     <span class='ocr_line' id='line_1_87' title="bbox 1019 2487 1840 2541; baseline -0.002 -11"><span class='ocrx_word' id='word_1_382' title='bbox 1019 2502 1128 2530; x_wconf 91' lang='lat' dir='ltr'>eam:</span> <span class='ocrx_word' id='word_1_383' title='bbox 1169 2490 1193 2515; x_wconf 85' lang='lat'>*</span> <span class='ocrx_word' id='word_1_384' title='bbox 1234 2487 1533 2541; x_wconf 88' lang='lat' dir='ltr'>multiplicasti</span> <span class='ocrx_word' id='word_1_385' title='bbox 1573 2488 1840 2541; x_wconf 88' lang='lat' dir='ltr'>locupletare</span> 
     </span>
    </p>
   </div>
   <div class='ocr_carea' id='block_1_12' title="bbox 999 2558 1124 2586">
    <p class='ocr_par' dir='ltr' id='par_1_38' title="bbox 999 2558 1124 2586">
     <span class='ocr_line' id='line_1_88' title="bbox 999 2558 1124 2586; baseline 0.008 -2"><span class='ocrx_word' id='word_1_386' title='bbox 999 2580 1002 2584; x_wconf 91' lang='lat'>.</span> <span class='ocrx_word' id='word_1_387' title='bbox 1019 2558 1124 2586; x_wconf 76' lang='lat' dir='ltr'>eam.</span> 
     </span>
    </p>
   </div>
   <div class='ocr_carea' id='block_1_13' title="bbox 1017 2600 1838 2710">
    <p class='ocr_par' dir='ltr' id='par_1_39' title="bbox 1017 2600 1838 2710">
     <span class='ocr_line' id='line_1_89' title="bbox 1069 2600 1838 2653; baseline -0.004 -11"><span class='ocrx_word' id='word_1_388' title='bbox 1069 2601 1252 2642; x_wconf 89' lang='lat' dir='ltr'>Flumen</span> <span class='ocrx_word' id='word_1_389' title='bbox 1270 2601 1354 2642; x_wconf 93' lang='lat' dir='ltr'>Dei</span> <span class='ocrx_word' id='word_1_390' title='bbox 1376 2600 1592 2653; x_wconf 78' lang='lat' dir='ltr'>repletum</span> <span class='ocrx_word' id='word_1_391' title='bbox 1616 2605 1683 2642; x_wconf 90' lang='lat' dir='ltr'>est</span> <span class='ocrx_word' id='word_1_392' title='bbox 1705 2600 1838 2651; x_wconf 84' lang='lat' dir='ltr'>aquis,</span> 
     </span>
     <span class='ocr_line' id='line_1_90' title="bbox 1017 2656 1837 2710; baseline -0.005 -12"><span class='ocrx_word' id='word_1_393' title='bbox 1017 2657 1182 2710; x_wconf 89' lang='lat' dir='ltr'>parasti</span> <span class='ocrx_word' id='word_1_394' title='bbox 1207 2656 1352 2697; x_wconf 92' lang='lat' dir='ltr'>cibum</span> <span class='ocrx_word' id='word_1_395' title='bbox 1375 2656 1564 2698; x_wconf 69' lang='lat' dir='ltr'>illarum:</span> <span class='ocrx_word' id='word_1_396' title='bbox 1587 2658 1610 2683; x_wconf 87' lang='lat'>*</span> <span class='ocrx_word' id='word_1_397' title='bbox 1636 2656 1837 2708; x_wconf 75' lang='lat' dir='ltr'>quomam</span> 
     </span>
    </p>
   </div>
   <div class='ocr_carea' id='block_1_14' title="bbox 197 2710 1567 2765">
    <p class='ocr_par' dir='ltr' id='par_1_40' title="bbox 197 2710 1567 2765">
     <span class='ocr_line' id='line_1_91' title="bbox 197 2710 1567 2765; baseline 0.002 -15"><span class='ocrx_word' id='word_1_398' title='bbox 197 2710 391 2763; x_wconf 89' lang='lat' dir='ltr'>Benigne</span> <span class='ocrx_word' id='word_1_399' title='bbox 409 2712 477 2754; x_wconf 87' lang='lat' dir='ltr'>fac</span> <span class='ocrx_word' id='word_1_400' title='bbox 491 2713 679 2755; x_wconf 83' lang='lat' dir='ltr'>Domine</span> <span class='ocrx_word' id='word_1_401' title='bbox 696 2713 741 2754; x_wconf 91' lang='lat' dir='ltr'>in</span> <span class='ocrx_word' id='word_1_402' title='bbox 759 2713 875 2754; x_wconf 86' lang='lat' dir='ltr'>bona</span> <span class='ocrx_word' id='word_1_403' title='bbox 893 2725 966 2754; x_wconf 89' lang='lat' dir='ltr'>vo·</span> <span class='ocrx_word' id='word_1_404' title='bbox 1016 2714 1077 2755; x_wconf 91' lang='lat' dir='ltr'>ita</span> <span class='ocrx_word' id='word_1_405' title='bbox 1096 2718 1163 2755; x_wconf 89' lang='lat' dir='ltr'>est</span> <span class='ocrx_word' id='word_1_406' title='bbox 1180 2713 1445 2765; x_wconf 85' lang='lat' dir='ltr'>praeparatio</span> <span class='ocrx_word' id='word_1_407' title='bbox 1466 2714 1567 2765; x_wconf 88' lang='lat' dir='ltr'>ejus.</span> 
     </span>
    </p>
   </div>
  </div>
 </body>
</html>
