2040 2944
716 198 829 233 Feria
852 203 963 234 sexta
987 201 1037 234 ad
1060 201 1297 237 Matutinum.
1814 198 1861 233 85

197 285 340 338 Imple
357 284 492 328 facies
513 290 666 329 eorum
686 289 940 341 ignominia:
955 292 979 318 *

147 351 191 388 et
216 351 416 398 quaerent
440 360 601 390 nomen
628 353 753 391 tuum
776 351 978 393 Domine.

196 403 484 454 Erubescant,
514 409 558 446 et
586 406 905 448 conturbentur
933 408 978 448 in

147 459 358 500 sachlum
387 461 555 502 saeculi:
582 463 606 489 *
635 466 680 504 et
711 463 978 505 confundan-

145 520 229 565 tur,
258 521 302 558 et
329 518 523 568 pereant.

197 573 255 613 Et
283 571 685 624 cognoscant'quia
711 586 872 615 nomen
896 575 978 617 tibi

145 629 379 670 Deminus:
398 631 422 657 *
443 634 491 671 tu
513 630 634 671 solus
658 630 912 672 Altissimus
933 632 978 672 in

147 685 267 726 omni
295 690 424 727 terra.

413 744 613 785 Psalmus
643 747 706 785 83.

232 811 335 839 uam
378 797 539 839 dilecta
581 798 866 840 tabernacula
902 805 978 842 tua

249 855 440 896 Demine
467 855 699 896 virtutum:
725 857 749 883 *
773 860 977 909 concupi-

146 911 241 961 scit,
266 915 310 952 et
337 910 487 952 deficit
508 911 652 952 anima
673 924 772 953 mea
795 912 839 952 in
866 914 978 955 atria

146 967 336 1008 Demini.

199 1023 287 1065 Cor
305 1035 462 1073 meum,
483 1028 526 1064 et
545 1036 649 1064 caro
671 1036 769 1065 mea
788 1026 812 1052 *
836 1026 977 1067 exsul-

145 1081 351 1122 taverunt
378 1080 423 1120 in
450 1080 594 1121 Deum
621 1080 781 1121 vivum.

196 1136 374 1178 Etenim
400 1148 554 1189 passer
586 1137 754 1178 invenit
785 1137 869 1179 sibi
902 1138 977 1180 do-

145 1206 280 1234 mum:
305 1194 329 1220 *
354 1197 398 1234 et
424 1197 570 1234 turtur
598 1192 750 1234 nidum
779 1194 874 1244 sibi,
902 1195 978 1236 ubi

145 1254 284 1301 ponat
309 1248 457 1301 pullos
484 1261 599 1290 suos.

198 1305 370 1347 Altaria
394 1310 471 1347 tua
489 1305 680 1347 Demine
704 1306 932 1348 virtutum:
954 1309 978 1335 *

145 1361 244 1403 Rex
270 1374 405 1412 meus,
434 1366 478 1403 et
506 1362 628 1403 Deus
656 1375 792 1403 meus.

197 1418 334 1469 Beati,
361 1418 436 1469 qui
461 1418 664 1460 habitant
683 1419 727 1459 in
747 1418 882 1461 domo
902 1424 978 1460 tua

145 1474 349 1515 Demine:
382 1476 406 1502 *
439 1475 484 1515 in
519 1475 682 1516 saecula
714 1476 978 1517 saeculorum

144 1530 388 1573 laudabunt
414 1535 470 1573 te.

196 1587 361 1628 Beatus
394 1587 476 1639 vir,
512 1589 634 1640 cujus
668 1593 735 1630 est
768 1589 978 1630 auxilium

146 1643 226 1684 abs
244 1648 306 1685 te:
330 1645 354 1671 *
373 1645 655 1686 ascensiones
675 1646 719 1686 in
742 1645 878 1687 corde
898 1658 978 1687 suo

147 1698 382 1752 dispesuit,
410 1701 455 1741 in
483 1700 597 1742 valle
625 1701 906 1743 lacrimarum
933 1702 978 1742 in

145 1754 246 1797 loco
276 1768 407 1808 quem
433 1757 595 1809 posuit.

197 1812 375 1854 Etenim
398 1813 757 1855 benedictionem
778 1813 902 1855 dabit
920 1814 978 1856 le-

145 1868 347 1919 gislator,
383 1869 511 1911 ibunt
547 1869 602 1911 de
630 1870 794 1911 virtute
822 1870 867 1910 in
895 1871 977 1912 vir-

145 1928 305 1966 tutem:
333 1927 357 1953 *
384 1925 607 1968 videbitur
634 1927 756 1968 Deus
793 1927 978 1968 deorum

145 1981 190 2021 in
217 1981 332 2023 Sion.

197 2033 388 2076 Demine
415 2034 538 2076 Deus
569 2035 782 2076 virtutum
818 2035 978 2077 exaudi

146 2090 392 2132 orationem
426 2104 586 2132 meam:
614 2092 638 2118 *
666 2091 845 2133 auribus
867 2093 977 2144 per-

146 2146 245 2199 cipe
271 2147 394 2188 Deus
422 2147 573 2189 Jacob.

195 2203 431 2244 Protector
455 2208 607 2245 noster
631 2204 780 2256 aspice
799 2205 935 2246 Deus:
954 2206 977 2232 *

147 2263 191 2300 et
213 2260 386 2312 respice
413 2260 458 2300 in
486 2260 643 2301 faciem
671 2259 835 2301 Christi
863 2261 942 2302 tui:

198 2316 311 2366 Quia
325 2315 480 2356 melior
496 2321 563 2357 est
579 2315 673 2357 dies
689 2329 777 2357 una
791 2317 836 2357 in
852 2317 976 2358 atriis

145 2372 244 2421 tuis,
273 2373 297 2399 *
324 2385 457 2424 super
483 2372 630 2412 millia.

196 2427 322 2479 Elegi
342 2428 539 2480 abjectus
559 2440 657 2469 esse
676 2428 721 2468 in
740 2428 873 2470 domo
891 2429 976 2470 Dei

145 2484 250 2525 mei:
287 2486 311 2511 *
347 2485 486 2535 magis
524 2497 656 2536 quam
691 2484 891 2526 habitare
932 2485 975 2525 in

145 2540 442 2582 tabernaculis
469 2542 766 2593 peccaterum.

199 2597 310 2646 Quia
342 2597 706 2647 misericordiam,
740 2601 784 2638 et
819 2597 975 2637 verita-

145 2656 235 2693 tem
254 2652 397 2704 diligit
415 2654 552 2695 Deus:
572 2655 595 2681 *
617 2653 802 2704 gratiam
822 2658 866 2694 et
884 2652 974 2702 glo-

145 2708 256 2749 riam
285 2708 409 2750 dabit
437 2710 665 2750 Deminus.

1081 292 1184 334 Non
1202 294 1395 346 privabit
1418 295 1545 336 bonis
1565 308 1653 346 eOS,
1680 297 1754 348 qui
1773 299 1858 338 am-

1030 348 1184 390 bulant
1220 350 1265 390 in
1301 351 1569 393 innocentia:
1610 354 1634 379 *
1670 353 1858 394 Domine

1031 404 1254 456 virtutum,
1272 406 1428 448 beatus
1448 408 1592 459 homo,
1615 409 1690 460 qui
1709 415 1859 461 sperat

1031 461 1075 501 in
1102 465 1157 503 te.

1084 528 1183 567 Ant.
1212 528 1278 567 Tu
1306 527 1427 568 solus
1446 528 1698 570 Altissimus
1727 543 1859 582 super

1032 593 1207 623 omnem
1235 586 1408 623 terram.

1084 647 1183 689 Ant.
1211 647 1497 689 Benedixisti.

1300 734 1498 775 Psalmus
1528 737 1592 775 84.

1031 796 1544 900 BenedixistiDomine
1554 803 1717 841 terram
1725 805 1858 842 tuam:

1135 855 1159 880 *
1179 854 1379 895 avertisti
1395 855 1698 906 captivitatem
1711 857 1858 899 Jacob.

1072 910 1300 952 Remisisti
1316 910 1592 962 iniquitatem
1603 912 1745 964 plebis
1756 918 1859 955 tuae:

1030 967 1054 993 *
1078 967 1293 1018 operuisti
1320 967 1466 1007 omnia
1489 970 1673 1019 peccata
1698 971 1859 1010 eorum.

1082 1022 1294 1074 Mitigasti
1329 1035 1505 1064 omnem
1531 1024 1641 1065 iram
1669 1030 1807 1066 tuam:
1836 1028 1859 1053 *

1030 1079 1230 1120 avertisti
1254 1078 1308 1120 ab
1334 1079 1398 1119 ira
1423 1079 1736 1131 indignationis
1760 1086 1859 1123 tuae.

1086 1135 1305 1176 Converte
1355 1148 1435 1176 nos
1484 1136 1605 1177 Deus
1655 1137 1859 1179 salutaris

1030 1196 1194 1232 noster:
1227 1193 1251 1218 *
1284 1196 1327 1233 et
1361 1193 1510 1233 averte
1540 1193 1649 1234 iram
1682 1198 1802 1235 tuam
1835 1208 1860 1236 a

1030 1248 1171 1289 nobis.

1082 1303 1311 1355 Numquid
1345 1304 1389 1344 in
1418 1305 1631 1345 aeternum
1658 1306 1861 1347 irasceris

1031 1359 1186 1402 nobis?
1210 1361 1233 1387 *
1257 1365 1333 1403 aut
1362 1360 1575 1402 extendes
1603 1361 1713 1402 iram
1741 1366 1861 1403 tuam

1032 1430 1057 1458 a
1084 1417 1368 1468 generatiOne
1396 1417 1440 1456 in
1467 1418 1818 1468 generatic'mem?

1082 1473 1204 1514 Deus
1245 1476 1293 1513 tu
1337 1474 1576 1514 conversus
1618 1474 1861 1516 vivificabis

1032 1542 1130 1570 nos:
1149 1530 1173 1555 *
1194 1533 1237 1569 et
1255 1529 1383 1580 plebs
1405 1534 1481 1570 tua
1500 1529 1723 1571 laetabitur
1742 1531 1786 1571 in
1807 1535 1861 1572 te.

1083 1585 1274 1627 Ostende
1308 1585 1437 1626 nobis
1472 1586 1661 1627 Domine
1698 1586 1860 1628 miseri-

1032 1642 1230 1683 cordiam
1253 1646 1392 1683 tuam:
1410 1644 1434 1669 *
1455 1646 1498 1683 et
1523 1642 1714 1683 salutare
1737 1648 1860 1684 tuum

1032 1698 1089 1739 da
1116 1698 1256 1739 nobis.

1083 1754 1275 1795 Audiam
1291 1754 1397 1806 quid
1411 1754 1617 1805 loquatur
1633 1754 1677 1794 in
1692 1767 1762 1796 me
1772 1755 1858 1795 Do-

1030 1811 1174 1851 minus
1200 1811 1338 1852 Deus:
1366 1812 1390 1838 *
1418 1810 1625 1862 quoniam
1652 1810 1858 1862 loquetur

1030 1879 1186 1919 pacem
1212 1867 1257 1907 in
1284 1867 1461 1919 plebem
1489 1879 1623 1907 suam.

1082 1923 1139 1964 Et
1167 1936 1300 1976 super
1334 1928 1510 1965 sanctos
1541 1935 1664 1964 suos:
1692 1924 1715 1950 *
1744 1927 1787 1964 et
1814 1923 1858 1963 in

1032 1992 1119 2030 eos,
1148 1980 1223 2031 qui
1251 1983 1567 2021 convertuntur
1595 1979 1652 2020 ad
1679 1991 1764 2020 cor.

1082 2036 1399 2077 Verumtamen
1456 2048 1597 2088 prope
1654 2035 1857 2076 timentes

1031 2105 1131 2133 eum
1155 2092 1347 2133 salutare
1375 2093 1529 2144 ipsius:
1561 2093 1585 2119 *
1616 2096 1664 2133 ut
1692 2090 1856 2132 inhabi-

1029 2153 1095 2190 tet
1122 2148 1264 2199 gleria
1290 2148 1335 2188 in
1361 2153 1480 2189 terra
1508 2152 1670 2189 nostra.

1081 2204 1405 2253 Misericordia,
1441 2209 1485 2245 et
1516 2204 1679 2245 veritas
1707 2203 1856 2245 obvia-

1030 2263 1187 2302 verunt
1215 2260 1318 2301 sibi:
1346 2261 1370 2287 *
1396 2260 1576 2312 justitia,
1605 2264 1649 2301 et
1676 2273 1763 2312 pax
1789 2272 1855 2300 os-

1030 2316 1188 2357 culatae
1217 2320 1328 2356 sunt.

1080 2372 1258 2413 Veritas
1292 2371 1347 2413 de
1374 2376 1492 2413 terra
1526 2377 1623 2413 orta
1652 2376 1734 2413 est:
1762 2373 1785 2398 *
1813 2375 1856 2412 et

1030 2428 1194 2480 justitia
1221 2427 1277 2469 de
1305 2427 1420 2469 coelo
1448 2429 1688 2480 prospexit.

1081 2483 1257 2525 Etenim
1275 2484 1492 2524 Dominus
1514 2483 1637 2525 dabit
1660 2482 1852 2533 benigni-

1028 2542 1179 2581 tatem:
1199 2541 1222 2567 *
1242 2544 1286 2581 et
1307 2544 1426 2581 terra
1449 2545 1600 2581 nostra
1626 2540 1748 2581 dabit
1772 2539 1853 2578 fru-

1029 2601 1149 2637 ctum
1177 2609 1313 2637 suum.

1080 2652 1256 2693 Justitia
1288 2656 1390 2693 ante
1418 2665 1516 2693 eum
1545 2649 1801 2692 ambulabit:
1829 2649 1852 2675 *

1030 2713 1072 2749 et
1099 2713 1236 2760 ponet
1263 2708 1306 2748 in
1334 2708 1405 2748 via
1431 2720 1607 2758 gressus
1636 2718 1749 2746 suos.
