2040 2944
174 163 246 197 410

174 259 367 309 inquam,
388 254 668 298 conversatio
687 259 839 295 nostra
858 253 902 293 in
923 266 1008 294 coe-

174 314 228 354 lis
258 319 336 355 est.
380 313 698 354 Verumtamen
725 323 812 352 non
844 310 907 351 sic
934 323 1009 351 no-

175 375 282 419 stra,
307 370 420 410 sicut
439 368 626 409 illorum.
661 368 867 420 Ipsorum
894 366 1009 408 enim

176 425 422 467 substantia
460 424 520 466 ibi
554 429 637 474 est,
678 428 830 465 nostra
861 428 1009 464 autem

175 481 408 524 desideria:
454 481 538 534 ipsi
584 493 665 533 per
710 479 1008 533 praesentiam,

173 551 256 579 nos
275 550 355 590 per
374 538 634 579 memoriam
653 536 714 579 ibi
735 549 896 578 sumus.

227 599 278 649 Rz.
303 598 451 640 Sancti
470 598 567 640 mei.
586 599 683 639 396.

398 676 446 715 In
469 676 540 715 III.
563 676 785 715 Nocturno.

176 738 327 780 Lectio
352 738 493 780 sancti
515 736 742 788 Evangelii
765 735 1008 777 secundum

453 794 722 836 Matthaeum.

253 853 405 893 Lectio
427 852 495 892 vii.
772 852 877 904 Cap.
894 853 931 891 5.

221 929 250 956 n
268 916 344 958 illo
359 918 575 968 tempore:
592 913 763 956 Videns
779 914 804 955 J
807 926 908 955 esus
923 918 1008 955 tur-

240 973 332 1022 bas,
352 972 550 1014 ascendit
564 972 608 1012 in
623 976 831 1020 montem,
851 975 895 1012 et
910 983 1010 1011 cum

173 1028 376 1079 sedisset,
408 1030 690 1071 accesserunt
724 1026 782 1069 ad
814 1040 914 1068 eum
948 1026 1009 1068 di-

173 1085 331 1138 scipuli
351 1086 453 1137 ejus.
479 1086 536 1127 Et
554 1085 735 1137 reliqua.

245 1166 311 1206 De
331 1164 526 1205 Homilia
544 1163 685 1204 sancti
704 1161 938 1212 Augustini

479 1219 704 1273 Episcopi.

174 1282 231 1315 Ex
256 1283 335 1317 Lib.
362 1283 389 1316 l.
415 1283 462 1316 dc
484 1282 601 1317 Scrm.
623 1283 781 1317 Domini
804 1282 842 1315 in
868 1287 1007 1317 monte.

517 1332 571 1365 Ca
604 1359 610 1365 .
634 1332 664 1365 4.

177 1383 559 1433 Wuapropten
575 1341 629 1421 psi
656 1379 875 1430 gradatim
901 1385 1009 1421 tam-

178 1467 185 1483 ν.
209 1433 296 1496 ξςθΐι
320 1451 451 1490 quam
489 1435 778 1478 ascendentes
812 1438 1009 1477 numere-

176 1490 297 1518 ³·²
317 1508 432 1544 mus,
473 1494 643 1547 primus
680 1493 741 1534 ibi
778 1497 846 1534 est
878 1493 1010 1534 timor

174 1553 275 1603 Dei,
304 1550 500 1593 secunda
523 1553 684 1602 pietas,
715 1549 847 1591 tertia
872 1550 1008 1591 scien-

174 1610 247 1658 tia,
269 1613 425 1661 quarta
442 1606 670 1655 fortitudo,
691 1606 890 1658 quintum
910 1620 1009 1649 con-

174 1665 334 1715 silium,
360 1669 511 1705 sextus
530 1663 794 1712 intellectus,
822 1664 1009 1716 septima

175 1722 400 1774 sapientia.
430 1721 584 1762 Timor
603 1720 688 1761 Dei
713 1721 915 1771 congruit
933 1720 1008 1762 hu-

173 1778 366 1827 milibus,
413 1777 469 1819 de
516 1776 676 1828 quibus
719 1776 791 1817 hic
836 1777 1009 1819 dicitur:

174 1835 303 1876 Beati
335 1837 558 1887 pauperes
591 1833 763 1886 spiritu:
802 1834 1009 1886 quoniam

174 1892 373 1944 ipsorum
402 1895 469 1932 est
496 1903 679 1941 regnum
705 1889 934 1940 coelorum;
963 1890 1009 1932 id

176 1951 258 1997 est,
288 1960 378 1989 non
410 1947 564 1996 inflati,
602 1959 690 1988 non
723 1946 919 1998 superbi,
953 1946 1008 1988 de

177 2003 335 2056 quibus
371 2002 616 2055 Apostolus
650 2002 772 2044 dicit:
810 2003 916 2044 Noli
949 2003 1007 2044 al-

173 2065 267 2101 tum
287 2062 462 2112 sapere,
491 2058 570 2100 sed
587 2059 708 2109 time3
736 2059 782 2101 id
806 2065 888 2109 est,
917 2060 1008 2101 noli

175 2116 339 2157 extolli.
393 2116 540 2157 Pietas
578 2115 780 2166 congruit
818 2116 1008 2157 mitibus.

175 2172 259 2222 Qui
280 2172 395 2214 enim
414 2172 487 2224 pie
508 2172 681 2224 quaerit,
706 2171 895 2214 honorat
914 2186 1008 2214 san-

175 2234 291 2270 ctam
305 2229 588 2281 Scripturam‚
609 2233 653 2269 et
672 2241 761 2269 non
776 2228 1008 2281 reprehen-

176 2284 239 2326 dit
259 2284 380 2336 quod
398 2284 594 2326 nondum
613 2284 826 2335 intelligit,
848 2290 891 2327 et
910 2298 1008 2337 pro-

174 2342 338 2393 pterea·
359 2354 446 2382 non
481 2341 661 2391 resistit3
694 2340 815 2393 quod
841 2346 908 2383 est
932 2342 1008 2382 mi-

174 2401 266 2438 tem
289 2409 398 2438 esse.
435 2396 564 2439 Unde
583 2397 655 2438 hic
675 2397 852 2438 dicitur:
879 2398 1010 2439 Beati

174 2453 316 2494 mites:
363 2453 571 2505 quoniam
617 2453 704 2505 ipsi
747 2452 1009 2496 haereditate

174 2509 466 2562 possidebunt
485 2515 658 2550 terram.

226 2568 276 2619 R.
296 2569 390 2611 Sint
404 2569 539 2611 lumbi
557 2570 692 2611 vestri
707 2571 945 2622 praecincti,
965 2577 1009 2613 et

174 2626 367 2667 lucernae
395 2624 601 2667 ardentes
635 2627 678 2666 in
706 2626 909 2667 manibus
938 2640 1008 2668 ve-

175 2682 292 2724 stris:
305 2677 327 2701 *
342 2682 398 2724 Et
413 2694 494 2723 vos
506 2681 669 2723 similes
681 2682 930 2724 hominibus
945 2696 1009 2725 ex-

441 156 510 189 Die
534 158 563 188 (ἰ.
590 156 687 189 Nov.
737 155 853 189 Sexta
879 155 941 188 die
967 155 1066 188 infra
1092 154 1172 189 Oct.
1198 154 1377 189 Omnium
1402 155 1639 189 Sanctorum.

1062 252 1366 305 spectantibus
1378 251 1605 294 dominum
1615 266 1754 303 suum,
1771 267 1896 306 quan·

1063 308 1121 350 do
1137 310 1385 350 revertatur
1400 321 1425 349 a
1439 309 1617 361 nuptiis.
1639 306 1688 357 V.
1701 310 1895 361 Vigilate

1063 378 1178 416 ergo,
1199 365 1302 417 quia
1320 365 1499 406 nescitis
1521 378 1607 418 qua
1623 365 1731 407 hora
1745 367 1895 408 Domi-

1061 435 1143 463 nus
1163 426 1312 463 vester
1332 424 1544 463 venturus
1564 421 1631 463 sit.
1657 423 1725 464 Et.

1352 480 1506 520 Lectio
1528 480 1612 519 viii.

1065 530 1291 638 Scientia
1310 535 1512 585 congruit
1530 535 1797 586 lugentibus,
1821 535 1896 587 qui

1153 592 1238 643 jam
1259 593 1562 643 cognoverunt
1584 592 1629 632 in
1647 592 1896 644 Scripturis‚

1062 648 1222 701 quibus
1241 648 1368 689 malis
1383 648 1517 690 vincti
1530 650 1776 698 teneantur,
1797 662 1896 701 quae

1061 710 1289 758 tamquam
1319 705 1437 747 bona
1470 710 1514 746 et
1546 705 1669 747 utilia
1696 705 1896 757 ignoran-

1061 767 1128 804 tes
1149 763 1447 815 appetierunt;
1476 762 1532 804 de
1557 762 1716 814 quibus
1739 761 1810 804 hic
1835 762 1896 804 di-

1062 819 1188 861 citur:
1212 819 1340 860 Beati
1364 819 1438 870 qui
1458 818 1610 870 lugent
1628 831 1755 860 nunc.
1791 819 1896 860 For-

1062 875 1206 917 titudo
1233 875 1436 926 congruit
1462 875 1756 917 esurientibus
1780 880 1825 917 et
1843 875 1896 917 si-

1061 931 1289 973 tientibus:
1333 931 1537 974 laborant
1574 932 1690 973 enim
1726 931 1896 974 deside-

1062 990 1210 1030 rantes
1236 987 1446 1039 gaudium
1471 988 1526 1030 de
1545 989 1661 1030 veris
1680 988 1824 1039 boniS‚
1853 994 1898 1031 et

1063 1047 1260 1086 amorem
1279 1058 1305 1086 a
1323 1045 1509 1086 terrenis
1529 1050 1573 1087 et
1589 1045 1898 1098 corporalibus

1063 1103 1263 1143 avertere
1288 1102 1532 1155 cupientes3
1561 1101 1617 1144 de
1642 1101 1802 1154 quibus
1825 1101 1898 1144 hic

1063 1157 1238 1199 dicitur:
1271 1158 1401 1200 Beati
1434 1159 1509 1211 qui
1543 1158 1743 1200 esuriunt
1773 1162 1818 1200 et
1845 1161 1898 1200 si·

1062 1214 1175 1256 tiunt
1190 1215 1411 1267 justitiam.
1438 1215 1680 1256 Consilium
1696 1216 1899 1267 congruit

1062 1271 1437 1313 misericordibus:
1482 1272 1569 1313 hoc
1612 1272 1728 1313 enim
1762 1285 1898 1313 unum

1063 1327 1306 1369 remedium
1330 1334 1398 1370 est
1423 1328 1477 1370 de
1501 1328 1635 1370 tantis
1654 1328 1781 1370 malis
1799 1341 1897 1370 eva·

1063 1383 1214 1434 dendi,
1242 1389 1291 1426 ut
1315 1384 1604 1436 dimittamus,
1633 1385 1747 1427 sicut
1769 1385 1898 1427 nobis

1063 1440 1223 1482 dimitti
1246 1441 1465 1483 volumus:
1491 1446 1535 1483 et
1558 1440 1829 1493 adjuvemus,
1853 1442 1897 1482 in

1064 1509 1152 1549 quo
1171 1500 1425 1550 possumus,
1453 1497 1582 1548 alios,
1607 1498 1722 1540 sicut
1742 1503 1786 1540 et
1804 1511 1897 1548 nOS,

1062 1553 1105 1594 in
1126 1566 1214 1605 quo
1234 1567 1323 1595 non
1338 1556 1587 1607 possumus,
1608 1555 1808 1607 cupimus
1823 1554 1896 1597 ad-

1062 1611 1216 1662 juvari3
1237 1610 1292 1652 de
1313 1610 1472 1663 quibus
1488 1610 1560 1652 hic
1575 1610 1750 1653 dicitur:
1768 1611 1898 1654 Beati

1061 1667 1388 1710 misericordes:
1441 1668 1651 1720 quoniam
1700 1668 1898 1721 ipsorum

1062 1724 1341 1766 miserebitur
1359 1725 1493 1766 Deus.

1115 1783 1166 1833 R.
1206 1780 1353 1823 Media
1390 1786 1522 1823 nocte
1558 1781 1725 1823 clamor
1756 1781 1898 1823 factus

1063 1843 1145 1879 est:
1181 1840 1203 1863 *
1234 1838 1351 1879 Ecce
1383 1851 1574 1890 sponsus
1605 1838 1742 1887 venit,
1781 1840 1898 1880 exite

1063 1893 1240 1935 obviam
1265 1895 1315 1935 ei.
1351 1887 1400 1939 V.
1426 1895 1673 1936 Prudentes
1692 1894 1897 1946 Virgines

1063 1953 1214 2003 aptate
1260 1957 1431 1993 vestras
1473 1951 1713 2004 lampades
1768 1951 1897 1993 Ecce.

1064 2007 1217 2048 Gloria
1236 2007 1368 2049 Patri.
1395 2008 1524 2049 Ecce.

1366 2062 1518 2103 Lectio
1538 2062 1592 2102 ix.

1110 2120 1344 2162 ntellectus
1374 2121 1575 2171 congruit
1598 2119 1775 2161 mundis
1800 2133 1894 2162 cor-

1124 2176 1191 2226 de,
1206 2182 1432 2229 tamquam
1446 2179 1637 2230 purgato
1654 2176 1795 2227 oeu10‚
1807 2189 1895 2229 quo

1063 2233 1182 2274 cerni
1201 2233 1359 2286 possit,
1388 2232 1510 2285 quod
1533 2235 1774 2286 corporeus
1794 2235 1895 2275 ocu-

1062 2289 1130 2330 lus
1146 2303 1235 2331 non
1248 2290 1370 2339 vidit,
1389 2303 1471 2332 nec
1485 2289 1602 2331 auris
1617 2289 1796 2339 audivit,
1815 2303 1897 2332 nec

1062 2346 1105 2386 in
1125 2359 1202 2388 cor
1222 2346 1413 2388 hominis
1432 2345 1646 2396 ascendit3
1666 2346 1722 2387 de
1738 2346 1896 2398 quibus

1062 2402 1133 2444 hic
1165 2403 1338 2445 dicitur:
1380 2402 1508 2444 Beati
1542 2402 1707 2443 mundo
1745 2402 1897 2444 corde:

1064 2460 1272 2511 quoniam
1294 2459 1381 2512 ipsi
1400 2460 1544 2500 Deum
1567 2458 1790 2500 videbunt.
1823 2460 1895 2501 Sa-

1062 2516 1227 2568 pientia
1255 2516 1457 2567 congruit
1483 2515 1696 2568 pacificis,
1731 2516 1775 2557 in
1804 2517 1895 2568 qui-

1062 2572 1145 2613 bus
1163 2573 1248 2624 jam
1273 2572 1477 2613 ordinata
1496 2577 1596 2613 sunt
1616 2573 1778 2621 omnia,
1804 2572 1896 2614 nul-

1061 2628 1220 2680 lusque
1251 2633 1399 2669 motus
1436 2627 1648 2669 adversus
1680 2629 1895 2670 rationem

1061 2684 1239 2726 rebellis
1266 2689 1350 2734 est,
1379 2682 1460 2726 sed
1485 2690 1642 2727 cuncta
1669 2685 1895 2738 obtempe-
