2040 2944
488 217 664 251 Officium
691 219 863 253 votivum
889 220 934 253 de
960 220 994 254 S
1020 220 1169 264 Joseph
1194 222 1347 264 Sponso
1374 223 1413 257 B.
1440 224 1485 257 M.
1511 224 1552 257 V.

218 306 268 358 V.
293 310 503 353 Invocavi
530 313 786 362 D6minum,
813 312 990 354 Patrem

159 366 337 408 Domini
350 368 447 409 mei.
475 370 527 420 Rz.
538 369 598 411 Ut
611 382 700 411 non
715 368 990 422 derelinquat

159 436 230 464 me
248 423 292 464 in
311 423 382 466 die
402 425 709 467 tribulati6nis.

163 505 316 547 Lectio
342 508 481 549 sancti
500 507 727 560 Evangelii
748 496 989 550 secandum

485 564 661 607 Lucam.

268 631 419 674 Lectio
442 634 509 675 vii.
683 635 785 687 Cap.
801 636 837 675 3.
854 648 888 676 c.

206 717 235 745 n
261 703 336 746 illo
363 706 582 758 tempore:
609 704 794 746 Factum
823 710 889 746 est
916 717 987 746 au-

232 765 341 811 tem,
379 774 478 803 cum
513 761 810 814 baptizaretur
847 762 988 802 omnis

158 817 352 870 populus
372 823 415 860 et
432 818 457 859 J
459 831 537 859 esu
555 817 780 871 baptizato
801 823 844 860 et
864 821 987 860 oran-

158 878 213 924 te,
233 876 434 927 apertum
452 879 520 917 est
539 874 711 917 coelum.
734 875 791 917 Et
810 875 988 928 reliqua.

160 956 350 998 Homih'a
365 957 505 999 sancti
517 957 752 1008 Augustini
766 958 988 1011 Episcopi.

250 1029 333 1063 Lib.
350 1029 402 1063 23.
420 1034 553 1064 contra
569 1030 600 1064 F
603 1034 698 1065 aust.
716 1041 798 1073 cap.
816 1030 845 1064 7.
863 1031 896 1064 8.

166 1098 301 1155 «χε-ξμς
329 1092 384 1134 de
417 1092 532 1134 coelo
561 1092 725 1134 dictum
757 1098 823 1135 est
856 1107 988 1146 super

165 1148 256 1213 ἷζε
279 1162 437 1202 aquam
463 1150 488 1190 J
491 1149 685 1191 ordanis:
715 1150 800 1191 Hic
828 1155 895 1192 est
920 1151 986 1191 Fi-

174 1208 257 1233 <22
277 1206 360 1247 lius
375 1219 499 1248 meus
513 1206 710 1256 dilectus,
725 1207 769 1247 in
782 1219 870 1258 quo
882 1207 988 1248 mihi

155 1262 268 1304 bene
308 1262 573 1316 complacui:
615 1262 987 1314 quemadmodum

157 1318 323 1361 dictum
359 1325 426 1361 est
462 1325 506 1361 et
541 1320 586 1360 in
616 1324 776 1361 monte.
830 1320 987 1373 Neque

157 1376 271 1417 enim
291 1376 393 1428 quia
416 1381 460 1418 et
482 1376 543 1418 ibi
563 1375 618 1418 de
643 1376 757 1418 coelo
782 1390 869 1418 vox
890 1378 987 1430 ipsa

157 1433 321 1483 sonuit,
355 1433 491 1474 Filius
522 1433 606 1474 Dei
639 1438 739 1475 ante
770 1446 859 1475 non
890 1434 987 1477 fuit:

157 1488 514 1542 quandequidem
546 1502 601 1531 ex
631 1492 760 1532 utero
791 1490 984 1542 Virginis

153 1545 227 1588 ille
250 1546 420 1600 accepit
439 1546 624 1588 formam
643 1547 768 1597 servi,
794 1548 868 1599 qui
887 1561 985 1589 cum

153 1602 198 1643 in
226 1602 366 1644 forma
393 1603 478 1644 Dei
505 1607 641 1653 esset,
673 1615 760 1644 non
788 1607 986 1656 rapinam

155 1658 391 1702 arbitratus
427 1665 513 1710 est,
550 1672 648 1701 esse
685 1673 732 1702 se
769 1661 986 1712 aequalem

154 1716 263 1757 Deo.
282 1716 483 1768 Denique
498 1715 616 1758 idem
627 1716 872 1769 Apostolus
884 1718 986 1759 Pau-

153 1771 222 1813 lus
238 1772 324 1814 alio
338 1772 439 1815 loco
456 1773 730 1826 apertissime
742 1772 862 1815 dicit:
876 1773 985 1815 Cum

155 1833 301 1870 autem
337 1829 456 1872 venit
493 1829 724 1883 plenitudo
760 1831 984 1883 temporis,

153 1885 271 1927 misit
286 1886 407 1927 Deus
424 1886 583 1927 Filium
602 1900 729 1927 suurn
747 1887 911 1929 factum
930 1900 985 1930 ex

153 1941 350 1993 muliere,
378 1943 543 1985 factum
569 1942 650 1985 sub
679 1943 792 1995 lege,
820 1949 868 1986 ut
896 1957 984 1994 eOS,

156 1998 231 2050 qui
257 1998 339 2040 sub
366 1999 464 2050 lege
493 2005 631 2050 erant,
658 1999 909 2051 redimeret,
937 2006 984 2043 ut

154 2054 352 2097 filiorum.
369 2054 654 2109 adopti6nem
677 2057 984 2110 reciperemus.

153 2112 257 2164 Ipse
276 2125 381 2163 ergo
401 2117 468 2154 est
481 2112 618 2155 Filius
632 2114 726 2162 Dei,
746 2114 820 2166 qui
837 2119 881 2156 et
895 2115 983 2156 Do-

153 2168 295 2209 minus
327 2168 473 2211 David
507 2170 749 2212 secundum
786 2170 982 2213 divinita-

153 2229 258 2275 tem,
286 2230 330 2267 et
351 2224 469 2267 idem
490 2226 586 2279 ipse
604 2227 741 2268 Filius
759 2226 905 2269 David
928 2241 982 2269 ex

154 2281 318 2323 semine
337 2281 483 2323 David
502 2282 743 2325 secundum
762 2297 947 2325 carnem.

203 2353 255 2405 Ιίι.
280 2354 305 2395 J
307 2354 447 2408 oseph
466 2355 528 2396 fili
545 2355 702 2407 David,
722 2357 812 2398 noli
829 2358 982 2400 timere

154 2412 354 2463 accipere
379 2412 562 2453 Mariam
589 2414 818 2465 cenjugem
846 2419 983 2455 tuam:

156 2466 276 2518 quod
295 2468 410 2509 enim
427 2468 471 2509 in
487 2481 538 2510 ea
557 2474 707 2511 natum
722 2475 799 2520 est,
819 2470 874 2512 de
888 2471 981 2524 Spi-

154 2522 239 2564 ritu
253 2528 405 2566 sancto
422 2530 502 2567 est:
516 2526 659 2578 pariet
673 2532 819 2568 autem
833 2527 981 2578 filium,

151 2578 175 2603 *
208 2579 266 2621 Et
297 2581 478 2623 vocabis
510 2594 670 2624 nomen
704 2584 794 2635 ejus
821 2584 981 2625 Jesum.

152 2628 203 2680 V.
230 2635 333 2688 Ipse
358 2637 470 2680 enim
495 2638 666 2681 salvum
687 2639 820 2681 faciet
842 2642 980 2693 pepu-

153 2690 243 2732 lum
276 2706 401 2734 suum
432 2707 457 2735 a
487 2696 683 2747 peccatis
717 2698 879 2738 eorum.
925 2697 982 2739 Et

153 2748 345 2790 vocabis.

1781 218 1871 262 [215]

1339 318 1489 360 Lectio
1511 321 1592 361 viii.

1051 359 1219 483 Quod
1236 377 1273 418 si
1289 377 1417 419 nobis
1438 378 1617 421 credere
1635 392 1725 421 non
1740 380 1871 433 prod-

1155 435 1290 483 esset,
1332 447 1421 476 non
1456 434 1542 477 hoc
1578 441 1669 478 tam
1705 439 1872 479 attente

1042 489 1159 531 idem
1178 490 1423 543 Apostolus
1441 492 1675 535 Timetheo
1701 499 1871 535 comen-

1044 545 1169 588 daret
1180 545 1344 588 dicens:
1358 548 1529 590 Memor
1541 554 1637 591 esto
1651 549 1872 592 Christum

1042 603 1067 643 J
1070 615 1193 644 esum
1220 607 1510 646 resurrexisse
1536 619 1561 646 a
1587 607 1788 657 mortuis,
1817 620 1871 648 ex

1043 659 1207 701 semine
1225 660 1385 711 David,
1412 662 1654 703 secundum
1675 663 1870 714 Evange-

1042 716 1147 757 lium
1162 730 1318 758 meum.
1347 718 1462 768 Quid
1478 731 1581 770 ergo
1598 720 1682 772 jam
1696 722 1872 763 moveat

1042 774 1182 816 sancti
1200 774 1428 826 Evangelii
1452 778 1726 827 sectatorem,
1752 777 1872 829 quod

1043 831 1134 871 sine
1152 831 1389 873 concubitu
1403 832 1427 873 J
1430 832 1569 885 oseph
1586 832 1783 875 Christus
1798 847 1869 875 na-

1042 891 1113 928 tus
1133 900 1187 928 ex
1206 888 1399 939 Virgine,
1424 888 1540 930 filius
1561 894 1708 932 tamen
1727 891 1872 932 David

1042 943 1303 996 appellatur,
1330 958 1429 986 cum
1452 947 1782 997 generationum
1806 950 1869 989 se-

1041 1001 1150 1041 riem
1182 1013 1269 1042 non
1301 1015 1440 1054 usque
1473 1002 1530 1044 ad
1557 1003 1758 1054 Mariam,
1791 1004 1871 1046 sed

1040 1070 1180 1110 usque
1207 1057 1263 1099 ad
1282 1058 1306 1099 J
1309 1059 1447 1111 oseph
1471 1059 1706 1102 Matthaeus
1730 1061 1868 1103 Evan-

1041 1114 1196 1165 gelista
1219 1114 1457 1167 perducat?
1493 1117 1639 1158 Primo
1661 1118 1762 1170 quia
1782 1131 1869 1159 ma-

1043 1171 1113 1212 riti
1156 1172 1246 1223 ejus
1290 1172 1432 1214 fuerat
1476 1178 1660 1227 propter
1702 1174 1870 1216 virilem

1042 1240 1194 1269 sexum
1213 1229 1360 1281 potius
1383 1229 1641 1272 honoranda
1664 1233 1870 1283 persana:

1040 1298 1184 1337 neque
1220 1286 1336 1327 enim
1373 1287 1474 1339 quia
1511 1287 1748 1329 conciibitu
1780 1301 1869 1330 non

1039 1344 1294 1394 permixtus,
1318 1342 1419 1384 ideo
1441 1357 1529 1385 non
1552 1346 1745 1394 maritus,
1769 1357 1869 1386 cum

1039 1398 1133 1451 ipse
1166 1399 1402 1441 Matthaeus
1433 1406 1580 1442 narret
1611 1400 1665 1442 ab
1697 1401 1868 1452 Angelo

1039 1455 1221 1497 Mariam
1254 1458 1482 1509 cenjugem
1509 1458 1647 1510 ipsius
1676 1457 1868 1510 appella-

1038 1517 1144 1562 tam,
1177 1513 1251 1565 qui
1277 1518 1443 1564 narrat,
1472 1514 1592 1567 quod
1620 1514 1675 1556 de
1703 1515 1868 1568 Spiritu

1039 1574 1192 1611 sancto
1213 1572 1488 1623 conceperat.

1092 1635 1144 1686 Rz.
1172 1634 1328 1685 Surge,
1359 1640 1403 1677 et
1431 1636 1582 1689 accipe
1610 1639 1796 1688 puerum
1825 1642 1868 1678 et

1037 1695 1222 1732 matrem
1242 1692 1343 1742 ejus,
1366 1697 1410 1734 et
1428 1692 1528 1743 fuge
1547 1693 1590 1733 in
1609 1693 1867 1746 AEgthum:

1038 1748 1062 1773 *
1076 1748 1133 1789 Et
1148 1752 1244 1789 esto
1260 1747 1330 1799 ibi,
1346 1761 1485 1801 usque
1501 1749 1605 1791 dum
1621 1749 1763 1791 dicam
1776 1749 1866 1791 tibi.

1038 1800 1090 1852 V.
1115 1804 1175 1846 Ut
1207 1804 1520 1858 adimpleretur
1550 1805 1671 1858 quod
1701 1805 1866 1848 dictum

1038 1866 1104 1902 est
1132 1874 1157 1902 a
1182 1862 1374 1903 Domino
1402 1875 1482 1915 per
1506 1862 1776 1915 Prophetam
1805 1861 1865 1904 di-

1038 1919 1223 1960 centem:
1247 1919 1315 1959 Ex
1333 1919 1531 1972 AEgypto
1552 1920 1709 1961 vocavi
1727 1919 1865 1961 filium

1036 1987 1192 2017 meum.
1220 1976 1287 2017 Et.
1316 1975 1469 2018 Gloria
1487 1976 1617 2018 Patri.
1644 1976 1712 2018 Et.

1336 2059 1488 2101 Lectio
1507 2060 1562 2100 ix.

1037 2122 1183 2231 Cum
1197 2141 1302 2170 vero
1317 2141 1427 2170 unus
1444 2128 1649 2181 idemque
1662 2131 1863 2170 narrator

1125 2188 1359 2238 utrumque
1371 2184 1497 2235 dicat,
1507 2188 1744 2238 utramque
1756 2198 1865 2227 com-

1035 2241 1224 2292 mendet,
1245 2246 1288 2283 et
1303 2241 1443 2283 virum
1457 2242 1607 2283 Mariae
1622 2242 1647 2283 J
1649 2242 1799 2295 oseph,
1820 2247 1863 2285 et

1036 2299 1198 2341 Christi
1216 2298 1443 2349 Virginem
1462 2298 1658 2348 Matrem,
1681 2303 1724 2340 et
1745 2298 1863 2340 Chri-

1035 2361 1150 2397 stum
1174 2368 1228 2396 ex
1254 2355 1418 2396 semine
1440 2354 1600 2406 David,
1629 2361 1672 2397 et
1695 2355 1862 2408 Joseph

1033 2413 1076 2453 in
1094 2412 1204 2453 serie
1224 2413 1616 2464 progeneratorum
1633 2411 1793 2454 Christi
1808 2425 1862 2454 ex

1033 2468 1192 2510 David:
1217 2466 1323 2519 quid
1341 2473 1488 2518 restat,
1511 2468 1595 2510 nisi
1618 2474 1661 2511 et
1678 2469 1861 2510 Mariam

1034 2538 1122 2566 non
1137 2525 1272 2566 fuisse
1292 2526 1545 2566 extraneam
1559 2539 1585 2567 a
1600 2525 1859 2576 cognatiene

1032 2581 1196 2631 David,
1230 2586 1274 2622 et
1307 2593 1404 2622 eam
1434 2582 1459 2622 J
1463 2582 1602 2635 oseph
1633 2582 1859 2633 conjugem

1032 2652 1121 2680 non
1135 2638 1295 2679 frustra
1314 2638 1582 2691 appellatam
1595 2643 1778 2692 propter
1792 2638 1858 2677 er-

1034 2694 1179 2737 dinem
1205 2707 1335 2736 sexus
1361 2699 1404 2736 et
1430 2693 1672 2737 animerum
1698 2693 1856 2735 confoe-

1034 2751 1320 2801 derati6nem3
1347 2756 1391 2793 et
1409 2752 1433 2792 J
1437 2751 1575 2804 oseph
1593 2750 1738 2803 petius
1757 2761 1856 2802 pro-
