2040 2944
193 164 284 209 [276]

194 266 295 303 ante
328 261 439 302 alios
472 261 654 313 rapere?
701 261 863 303 Itidem
895 266 939 304 et
972 262 1028 304 de

193 317 403 359 fratribus
436 316 646 370 collapsis
679 318 826 369 cogita
853 321 1027 371 putato·

195 387 280 426 que
299 373 555 415 thesaurum
574 379 618 416 te
641 377 880 427 reperisse,
906 375 1028 416 nimi-

193 443 290 471 rum
323 443 473 471 curam
505 430 691 472 illorum.
725 431 750 481 3
785 432 960 473 Etenim
991 432 1028 473 si

193 486 474 528 instillaveris
495 487 701 539 cuipiam,
730 487 851 530 velut
870 487 1028 538 oleum,
1089 498 1125 542 ξς
1150 535 1153 539 ἱ

194 543 442 584 doctrinam
474 544 707 594 sermonis,
747 544 784 586 si
820 544 1028 595 ligaveris
1102 583 1183 607 s

194 611 294 640 eum
332 599 687 650 mansuetudine,
726 601 763 642 si
802 601 1028 642 sanaveris
1138 608 1219 629 ἐ

192 655 446 705 tolerantia,
478 655 551 697 ille
583 661 628 698 te
662 656 794 698 faciet
822 656 1028 698 ditiorem

194 711 352 763 quovis
379 710 600 753 thesauro.
644 713 729 762 Qui
760 713 875 754 enim
903 725 1027 765 sepa-

192 767 357 808 raverit
375 768 622 819 pretiosum
640 781 666 809 a
684 768 774 819 vili,
799 774 1027 821 tamquam

194 836 245 864 os
272 836 420 865 meum
445 824 544 875 erit,
569 825 711 877 inquit
734 826 868 867 Deus.
911 826 1028 876 Quid

192 879 294 921 huic
346 879 466 922 bono
516 881 682 933 poterit
733 881 1027 935 aequiparari?

194 936 326 986 Quod
344 949 488 989 neque
507 938 724 990 jejunium,
742 951 887 991 neque
906 938 1027 980 humi

193 991 467 1043 cubationes,
500 1006 644 1046 neque
676 994 921 1047 pervigilia,
955 1007 1026 1036 ne-

195 1061 280 1100 que
306 1048 426 1090 aliud
454 1049 683 1102 quidpiam
707 1055 859 1103 potest
884 1050 1026 1093 effice-

192 1117 251 1154 re,
270 1103 316 1146 id
335 1105 471 1147 efficit
485 1106 631 1148 fratris
645 1110 883 1160 procurata
897 1107 1027 1149 salus.

247 1168 297 1220 R.
331 1166 427 1208 Sint
458 1166 595 1209 lumbi
622 1168 759 1210 vestri
788 1169 1027 1221 praecincti,

194 1227 237 1264 et
272 1222 463 1264 lucernae
503 1224 709 1267 ardentes
745 1225 790 1265 in
825 1224 1027 1266 manibus

192 1280 366 1321 vestris:
382 1281 403 1305 *
419 1281 476 1322 Et
494 1293 575 1323 vos
593 1281 756 1324 similes
776 1281 1027 1323 hominibus

193 1337 553 1389 exspectantibus
609 1337 837 1380 dominum
889 1351 1027 1388 suum,

194 1393 370 1445 quando
390 1397 636 1437 revertatur
656 1408 682 1436 a
700 1395 878 1448 nuptiis.
900 1391 1028 1442 ,vvi-

192 1449 326 1499 gilate
346 1462 469 1501 ergo,
495 1452 596 1503 quia
614 1452 793 1494 nescitis
814 1465 901 1504 qua
918 1451 1028 1493 hora

192 1505 408 1547 Dominus
437 1512 584 1549 vester
611 1511 822 1550 venturus
847 1509 915 1550 sit.
960 1509 1027 1551 Et.

195 1561 348 1604 Gloria
366 1563 498 1605 Patri.
525 1565 592 1606 Et.

248 1627 381 1662 Lectio
407 1629 456 1663 ix.
481 1630 527 1663 de
553 1629 587 1663 S.
614 1628 815 1671 Gorgonio
841 1630 948 1665 Mart.

379 1725 462 1767 Die
483 1727 534 1767 11.
553 1727 838 1779 Septembris.

194 1798 237 1838 S.
270 1797 551 1840 Pulcheriae
587 1801 791 1852 Imperat.
823 1801 1027 1853 Virginis.

527 1862 691 1905 Duplex.

250 1917 386 1952 Omnia
412 1918 459 1952 de
482 1919 685 1955 Communi
703 1921 808 1963 Virg.
834 1922 906 1966 [83]
930 1935 1025 1968 prae-

194 1969 250 1998 ter
274 1966 485 2008 sequentia.

532 2016 696 2057 Oratio.

283 2089 379 2127 eus,
424 2078 499 2130 qui
535 2078 713 2120 beatam
749 2079 1026 2121 Pulcheriam

314 2134 543 2185 Virginem
571 2140 693 2177 tuam
721 2136 930 2187 singulari
958 2149 1024 2178 ca-

195 2189 356 2231 stitatis
371 2194 667 2243 praerogativa
681 2192 914 2242 decorasti,
935 2194 1026 2245 qui-

196 2258 281 2296 que
295 2246 356 2287 illi
371 2246 428 2288 ad
443 2246 766 2290 defendendam
780 2249 1027 2291 Ecclesiam

195 2306 315 2342 tuam
342 2315 560 2345 summum
588 2305 693 2347 fidei
725 2308 922 2348 amorem
953 2307 1026 2348 tri-

195 2357 331 2399 buere
367 2359 562 2402 voluisti:
600 2361 813 2413 concede;
850 2368 899 2404 ut
934 2364 1026 2414 ejus

195 2413 524 2465 intercessione,
551 2417 633 2459 tibi
658 2418 781 2470 puris
806 2419 1026 2461 mentibus

195 2469 476 2520 inhaerentes,
514 2472 568 2513 ab
607 2475 801 2515 omnium
833 2474 1026 2517 hostium

195 2526 366 2567 insidiis
400 2527 744 2572 misericorditer
780 2531 1026 2573 liberemur.

197 2583 280 2624 Per
309 2583 557 2625 Dominum,

246 2644 453 2679 Commem.
484 2646 563 2681 Oct.
594 2652 630 2682 et
658 2649 716 2683 Ss.
740 2650 826 2685 Mm.
852 2652 959 2687 Proti
989 2657 1026 2687 et

194 2692 417 2735 Hyacinthi.
442 2696 518 2731 275.

611 166 683 201 Die
710 167 758 201 11.
782 166 885 209 Sept.
931 166 966 201 S.
991 166 1209 200 Pulcheriae
1232 166 1370 210 Imper.
1392 166 1499 210 Virg.

1134 263 1179 297 In
1210 263 1236 298 I.
1267 262 1469 298 Nocturno
1505 263 1711 300 Lectiones
1741 265 1789 301 de
1818 266 1917 301 Scri-

1083 315 1197 354 ptura
1222 315 1457 346 occurrente.

1318 378 1368 418 In
1386 378 1437 417 ΙΙ.
1456 377 1682 418 Nocturno.

1387 438 1541 480 Lectio
1561 438 1614 479 iv.

1169 503 1216 544 ,ζ
1231 493 1328 535 Elia
1350 493 1582 536 Pulcheria
1602 495 1816 546 Augusta,
1839 509 1915 550 pa-

1247 555 1331 599 tre,
1359 563 1461 601 avo,
1494 551 1628 593 fratre
1657 558 1791 604 atque
1818 554 1916 603 viro

1248 607 1553 649 Romanorum
1572 608 1916 661 imperatoribus

1079 663 1271 705 maxime
1315 663 1497 714 nobilis,
1542 665 1791 718 profligatis
1836 679 1916 708 sua

1079 720 1328 771 praesertim
1353 722 1490 773 opera
1514 721 1827 764 haereticorum
1851 735 1916 764 er-

1079 774 1266 826 roribus,
1281 781 1325 818 et
1340 776 1560 819 catholico
1575 777 1784 829 dogmate
1799 779 1917 821 circa

1079 832 1402 874 Incarnationis
1433 834 1691 885 mysterium
1728 840 1773 877 et
1809 834 1915 877 divi-

1079 901 1182 929 nam
1201 889 1527 932 Maternitatem
1548 891 1790 933 constituto
1808 892 1915 933 mul-

1080 950 1127 986 to
1152 945 1354 996 nobilior,
1381 946 1437 988 ab
1460 947 1558 999 ipsa
1581 948 1771 1000 pueritia
1793 953 1918 990 tanta

1080 1002 1297 1054 sapientia
1316 1002 1526 1044 divinitus
1544 1003 1734 1056 praedita
1753 1004 1845 1054 fuit,
1867 1010 1917 1046 ut

1079 1057 1109 1098 ii
1139 1057 1298 1110 quibus
1329 1063 1434 1111 post
1458 1059 1640 1101 Arcadii
1670 1061 1811 1113 patris
1839 1060 1916 1102 ob-

1079 1113 1189 1155 itum
1199 1114 1372 1167 imperii
1380 1116 1650 1168 procuratio,
1664 1115 1770 1158 dum
1780 1116 1917 1158 Theo

1081 1169 1233 1211 dosius
1253 1169 1548 1222 adolesceret,
1573 1174 1808 1214 commissa
1826 1173 1916 1215 fue-

1080 1231 1159 1276 rat,
1183 1227 1275 1278 ejus
1300 1227 1519 1270 arbitratu
1543 1229 1691 1270 omnia
1709 1229 1916 1279 facerent,

1081 1285 1287 1335 essetque
1324 1289 1534 1326 constans
1569 1285 1742 1338 opinio,
1786 1288 1917 1327 unius

1079 1339 1288 1391 puellulae
1306 1341 1471 1382 virtute
1491 1354 1544 1382 ac
1563 1342 1791 1394 sapientia,
1817 1354 1917 1394 quae

1079 1395 1244 1437 instare
1263 1401 1398 1449 atque
1416 1397 1622 1449 ingruere
1641 1397 1917 1448 videbantur,

1079 1452 1278 1504 pericula
1312 1453 1534 1503 discussa,
1578 1459 1623 1496 et
1661 1454 1917 1496 felicitatem

1079 1508 1266 1562 imperio
1299 1510 1598 1552 constitutam.
1642 1510 1776 1552 Domi
1812 1513 1916 1552 assi-

1080 1564 1168 1607 dua
1200 1565 1448 1619 disciplinae
1477 1567 1693 1617 exactrix,
1726 1579 1825 1609 eam
1855 1568 1916 1609 vi·

1080 1620 1212 1664 vendi
1236 1622 1424 1664 formam
1449 1622 1638 1673 induxit,
1662 1628 1711 1666 ut
1734 1623 1809 1665 illa
1831 1624 1917 1676 jam

1079 1691 1168 1719 non
1192 1679 1292 1720 aula
1314 1679 1634 1732 imperatorum
1652 1679 1733 1722 sed
1752 1682 1917 1722 ascete-

1079 1735 1192 1775 rium
1206 1735 1340 1786 vulgo
1357 1735 1590 1778 diceretur.
1611 1735 1916 1778 Theodosium

1079 1791 1274 1842 fratrem,
1297 1791 1562 1844 Eudoxiam,
1588 1806 1722 1846 quam
1744 1792 1807 1834 illi
1826 1805 1914 1834 ma-

1079 1847 1288 1889 trimonio
1335 1848 1686 1901 conjungendam
1736 1849 1916 1899 curavit,

1080 1903 1344 1955 Flaccillam,
1359 1904 1610 1956 Arcadiam,
1624 1905 1838 1947 Marinam
1848 1918 1915 1947 so-

1079 1962 1204 2002 rores
1227 1961 1289 2002 ita
1311 1961 1539 2004 imbuebat
1557 1961 1688 2004 bonis
1706 1962 1917 2012 moribus,

1080 2017 1406 2071 exercebatque
1431 2019 1488 2061 ad
1511 2019 1731 2069 virtutem,
1756 2023 1805 2061 ut
1825 2018 1915 2071 qui-

1079 2073 1163 2116 bus
1186 2077 1319 2116 aetate
1338 2087 1427 2116 non
1450 2075 1636 2118 multum
1660 2075 1916 2128 praestabat,

1080 2133 1235 2172 eorum
1278 2130 1552 2174 moderatrix
1593 2146 1646 2175 ac
1680 2134 1915 2186 propemo-

1081 2187 1186 2228 dum
1200 2192 1341 2229 mater
1361 2200 1458 2230 esse
1474 2187 1710 2231 videretur.
1740 2189 1837 2239 Qua
1854 2189 1915 2229 in-

1080 2244 1306 2286 stitutione
1332 2246 1510 2286 sorores
1536 2250 1749 2297 quantum
1772 2245 1915 2298 profe-

1080 2300 1230 2350 cerint,
1251 2300 1321 2342 vel
1339 2313 1394 2342 ex
1411 2300 1499 2342 hoc
1513 2314 1601 2343 uno
1616 2301 1800 2352 intelligi
1819 2306 1915 2353 pot-

1080 2361 1163 2406 est,
1193 2356 1315 2408 quod
1337 2356 1616 2399 Pulcheriam
1638 2357 1839 2407 imitatae,
1868 2370 1915 2399 se

1080 2414 1294 2465 suamque
1326 2413 1623 2464 virginitatem
1650 2414 1749 2454 Deo
1782 2413 1915 2455 devo-

1080 2470 1252 2510 verunt:
1288 2474 1425 2521 utque
1463 2470 1665 2520 Augusta
1700 2469 1825 2520 virgo
1863 2482 1915 2511 ea

1081 2537 1180 2576 quae
1199 2525 1456 2569 decreverat
1475 2525 1663 2578 amplius
1683 2526 1914 2567 confirma-

1080 2586 1162 2631 ret,
1196 2583 1439 2634 omnesque
1466 2581 1706 2623 voluntatis
1732 2595 1824 2624 suae
1852 2587 1913 2624 te—

1080 2643 1171 2679 stes
1197 2637 1396 2688 haberet,
1424 2650 1480 2679 ex
1504 2651 1611 2679 auro
1638 2643 1682 2680 et
1706 2639 1914 2691 pretiosis

1079 2693 1301 2746 lapidibus
1338 2707 1510 2737 sacram
1540 2707 1739 2737 mensam
1769 2694 1813 2735 in
1846 2707 1913 2737 ec-
