2040 2944
433 156 503 189 Die
527 156 581 188 25³.
607 156 708 196 Sept.
756 153 796 186 ln
824 152 1079 186 Dedicatione
1105 152 1139 186 S.
1166 152 1367 186 Michaelis
1392 154 1639 196 Archangeli.

184 251 285 303 quia
302 256 405 292 tunc
425 250 569 291 solum
588 254 689 290 sunt
707 248 884 299 Angeli,
912 261 1013 289 cum

180 319 260 359 per
289 319 366 348 eos
391 306 538 358 aliqua
563 305 829 347 nuntiantur.
883 304 1012 346 Unde

180 369 223 405 et
242 376 322 416 per
342 362 622 403 psalmistam
642 361 815 403 dicitur:
842 361 926 411 Qui
952 361 1010 402 fa-

179 420 239 461 cit
270 419 467 470 Angelos
501 431 605 460 suos
638 419 830 472 spiritus.
876 418 944 459 Ac
975 418 1011 459 si

178 478 379 529 patenter
398 474 531 517 dicat:
551 476 635 526 Qui
656 488 748 525 eos,
770 487 881 527 quos
901 487 1010 516 sem-

176 546 256 585 per
279 533 413 575 habet
437 534 632 586 spirituS,
662 533 793 575 etiam
817 546 916 575 cum
936 544 1010 573 vo-

176 589 325 638 luerit,
362 590 561 642 Angelos
597 590 712 631 facit.
767 589 826 630 Hi
863 594 1010 630 autem

177 647 250 697 qui
278 647 455 688 minima
483 647 698 695 nuntiant,
727 645 900 696 Angeli:
935 646 1010 697 qui

175 715 280 744 vero
307 715 477 744 summa
502 702 779 752 annuntiant,
813 701 1008 743 Archan-

174 759 260 809 geli
276 762 502 801 vocantur.
530 760 647 801 Hinc
667 763 735 800 est
751 758 866 800 enim
888 757 1009 810 quod

174 814 231 856 ad
250 815 434 856 Mariam
452 816 684 867 Virginem
708 828 796 856 non
825 815 1010 866 quilibet

172 872 382 923 Angelus,
403 872 483 914 sed
503 871 684 914 Gabriel
702 871 1008 922 Archangelus

172 929 370 970 mittitur.
407 929 480 970 Ad
506 929 592 971 hoc
621 929 788 981 quippe
816 928 1007 970 ministe-

172 985 301 1034 rium,
344 998 564 1026 summum
600 985 820 1035 Angelum
857 987 1007 1027 venire

172 1040 353 1092 dignum
372 1042 525 1091 fuerat,
547 1042 621 1094 qui
637 1054 856 1083 summum
871 1042 1007 1082 emni-

172 1111 245 1139 um
274 1098 514 1140 nuntiabat.
557 1098 641 1149 Qui
674 1098 841 1140 idcirco
875 1098 1007 1139 etiam

171 1155 356 1207 privatis
388 1155 639 1196 nominibus
672 1157 925 1204 censentur,
958 1159 1007 1196 ut

171 1211 367 1262 signetur
403 1224 484 1264 per
518 1212 752 1261 vocabula,
794 1211 926 1253 etiam
963 1212 1006 1252 in

171 1268 430 1320 operatione
460 1268 566 1320 quid
594 1269 780 1310 valeant.
818 1268 1007 1309 Michael

171 1337 376 1377 namque,
414 1325 521 1375 Quis
555 1330 602 1367 ut
633 1324 777 1367 Deus?
823 1324 1006 1366 Gabriel

171 1386 332 1431 autem,
377 1380 613 1423 Fortitudo
660 1381 758 1423 Dei:
804 1381 1006 1434 Raphael

171 1450 277 1479 vero
298 1437 457 1479 dicitur
476 1437 695 1480 Medicina
714 1439 808 1480 Dei.

226 1496 278 1547 R.
313 1495 447 1536 Venit
479 1494 669 1536 Michael
700 1495 1005 1547 Archangelus

171 1564 271 1593 cum
298 1551 578 1594 multitudine
607 1552 896 1603 Angelorum,
934 1553 1005 1594 cui

169 1607 351 1650 tradidit
371 1609 492 1650 Deus
512 1609 680 1650 animas
700 1611 966 1660 sanctorum,
983 1637 1005 1660 „¹

170 1665 230 1706 Ut
255 1664 472 1717 perducat
497 1678 572 1707 eas
596 1666 639 1706 in
657 1666 913 1719 paradisum
932 1679 1003 1708 ex-

170 1721 430 1763 sultatic'mis.
458 1716 511 1767 V.
527 1723 691 1764 Emitte
705 1722 895 1764 Demine
910 1723 1004 1775 Spi-

171 1778 303 1819 ritum
322 1784 523 1820 sanctum
540 1785 665 1821 tuum
686 1779 742 1821 de
762 1779 897 1830 coelis,
917 1782 1003 1832 spi-

170 1834 302 1875 ritum
324 1835 551 1928 sapientiae
577 1840 621 1896 et
638 1835 901 1877 intellectus.
934 1836 1003 1878 Ut.

499 1896 628 1930 ,Οοῒιο
651 1890 703 1929 vi.

258 1953 276 1990 t
296 1948 470 2000 quoties
494 1949 617 1990 mirae
636 1949 811 1990 virtutis
836 1949 1003 2002 aliquid

267 2004 425 2055 agitur,
450 2005 637 2047 Michael
662 2006 776 2047 mitti
800 2004 1002 2058 perhibe-

169 2066 254 2102 tur:
278 2067 326 2103 ut
350 2074 404 2103 ex
426 2062 526 2114 ipso
548 2067 649 2104 actu
669 2067 713 2104 et
731 2062 907 2104 nemine
930 2062 1002 2104 de-

169 2123 240 2159 tur
258 2118 458 2170 intelligi,
487 2120 590 2172 quia
609 2119 753 2161 nuHus
773 2124 924 2172 potest
942 2120 1001 2161 fa-

170 2187 287 2224 cere,
314 2175 436 2228 quod
461 2176 607 2218 facere
631 2176 846 2229 praevalet
868 2176 1001 2217 Deus.

170 2230 298 2273 Unde
327 2237 370 2274 et
396 2232 469 2274 ille
499 2235 705 2286 antiquus
733 2232 892 2282 hostis,
928 2233 1002 2284 qui

170 2287 267 2329 Deo
307 2301 404 2331 esse
443 2302 523 2342 per
561 2289 812 2342 superbiam
849 2289 1001 2330 similis

170 2345 433 2397 concupivit,
453 2345 622 2388 dicens:
646 2346 697 2387 In
718 2346 878 2387 coelum
898 2358 998 2387 con-

170 2400 395 2450 scendam,
437 2415 571 2454 super
602 2407 720 2444 astra
754 2402 855 2444 coeli
886 2401 1000 2443 exal-

169 2455 276 2498 tabo
295 2457 455 2498 solium
473 2471 634 2508 meum,
659 2458 811 2500 similis
830 2471 907 2500 ero
927 2458 1000 2499 Al-

169 2512 358 2554 tissimo:
386 2514 490 2554 dum
514 2515 557 2555 in
580 2515 666 2557 fine
689 2515 842 2556 mundi
859 2515 903 2556 in
922 2527 1001 2556 sua

170 2568 332 2610 virtute
364 2569 635 2622 relinquetur
668 2573 866 2613 extremo
900 2583 999 2623 sup-

169 2624 304 2677 plicio
330 2626 628 2678 perimendus,
663 2639 763 2669 cum
786 2626 1000 2668 Michaele

170 2681 452 2732 Archangelo
476 2683 755 2734 praeliaturus
781 2696 878 2726 esse
902 2695 1000 2735 per-

1065 247 1258 298 hibetur,
1291 249 1405 290 sicut
1436 261 1517 301 per
1544 249 1760 291 Joannem
1794 248 1897 290 dici·

1066 309 1152 345 tur:
1176 304 1361 346 Factum
1386 310 1454 347 est
1477 305 1681 357 praelium
1699 318 1800 347 cum
1818 304 1896 345 Mi-

1065 360 1215 402 chaele
1258 361 1549 412 Archangelo.
1603 361 1676 403 Ad
1711 361 1897 402 Mariam

1066 430 1243 469 quoque
1269 418 1451 460 Gabriel
1477 418 1680 467 mittitur,
1711 417 1786 470 qui
1811 417 1895 459 Dei

1063 473 1298 516 Fortitudo
1323 475 1585 516 nominatur.
1618 473 1749 515 Illum
1774 473 1895 526 quip-

1063 542 1120 581 pe
1147 531 1350 572 nuntiare
1377 530 1599 580 veniebat,
1633 530 1710 582 qui
1737 529 1794 572 ad
1822 529 1894 572 de-

1062 585 1293 628 bellandas
1313 589 1467 635 aereas
1486 588 1737 640 potestates
1757 586 1896 628 humi-

1062 642 1116 683 lis
1135 646 1353 695 apparere
1374 643 1581 695 dignatus
1597 648 1675 685 est.
1693 642 1897 695 Raphael

1064 711 1242 752 quoque
1266 701 1598 753 interpretatur,
1622 705 1672 742 ut
1695 698 1897 749 diximus,

1062 755 1281 798 Medicina
1305 757 1404 799 Dei:
1434 758 1537 810 quia
1561 756 1769 799 videlicet
1793 755 1898 798 dum

1062 812 1220 854 Tobiae
1253 814 1408 855 oculos
1442 815 1568 867 quasi
1594 827 1676 867 per
1704 812 1898 855 officium

1062 870 1301 912 curatiOnis
1337 871 1496 923 tetigit,
1549 870 1762 913 caecitatis
1804 870 1896 922 ejus

1061 925 1268 968 tenebras
1287 928 1426 969 tersit.

1118 993 1169 1044 Rt·
1182 991 1233 1032 In
1251 993 1455 1045 tempore
1473 992 1550 1034 illo
1571 994 1806 1042 consurget
1818 991 1896 1032 Mi·

1061 1047 1202 1097 chael,
1232 1048 1306 1100 qui
1330 1054 1418 1090 stat
1444 1062 1528 1102 pro
1554 1049 1654 1090 filiis
1678 1047 1854 1090 vestris:
1873 1049 1895 1072 *

1060 1104 1117 1145 Et
1140 1105 1287 1146 veniet
1312 1110 1505 1158 tempus,
1535 1106 1664 1158 quale
1689 1117 1779 1145 non
1803 1103 1896 1153 fuit,

1060 1173 1115 1202 ex
1144 1173 1232 1213 quo
1261 1167 1415 1212 gentes
1445 1175 1543 1204 esse
1571 1163 1803 1215 coeperunt
1826 1173 1895 1202 us-

1061 1230 1146 1269 que
1175 1218 1233 1260 ad
1260 1218 1381 1261 illud.
1430 1215 1480 1267 V.
1509 1220 1561 1260 In
1588 1221 1791 1271 tempore
1818 1217 1895 1259 illo

1060 1274 1302 1316 salvabitur
1321 1276 1515 1328 populus
1530 1281 1631 1317 tuus
1647 1275 1801 1324 omnis,
1821 1273 1895 1326 qui

1059 1331 1262 1372 inventus
1299 1332 1430 1374 fuerit
1470 1333 1662 1385 scriptus
1698 1332 1743 1372 in
1779 1330 1894 1372 libro

1059 1387 1172 1429 vitae.
1201 1388 1269 1430 Et.
1301 1389 1453 1430 Gloria
1471 1389 1602 1431 Patri.
1630 1389 1698 1430 Et.

1287 1474 1336 1513 In
1355 1475 1426 1515 111.
1446 1475 1681 1520 Nocturno„

1114 1538 1215 1579 Ant.
1254 1537 1448 1588 Angelus
1477 1535 1782 1587 Archangelus
1815 1535 1892 1576 Mi-

1058 1592 1199 1643 chael,
1230 1594 1315 1635 Dei
1346 1594 1524 1636 nuntius
1551 1606 1635 1646 pro
1665 1591 1893 1634 animabus

1057 1649 1192 1700 justis,
1213 1650 1396 1703 alleluja,
1417 1650 1601 1702 alleluja.

1115 1715 1213 1756 Ant.
1234 1716 1347 1757 Data
1367 1721 1467 1758 sunt
1488 1715 1528 1758 ei
1546 1716 1726 1757 incensa
1743 1713 1893 1764 multa,

1056 1774 1105 1811 ut
1124 1769 1324 1813 adoleret
1349 1784 1401 1814 ea
1422 1777 1524 1814 ante
1543 1771 1681 1813 altere
1701 1773 1893 1820 aureum,

1058 1826 1180 1878 quod
1199 1833 1267 1870 est
1287 1832 1389 1870 ante
1410 1828 1565 1870 oculos
1584 1827 1772 1869 Demini.

1115 1895 1214 1935 Ant.
1251 1894 1383 1936 Multa
1407 1893 1625 1945 magnalia
1650 1892 1706 1935 de
1730 1890 1891 1934 Micha-

1057 1949 1123 1990 ele
1142 1950 1440 2002 Archangelo‚
1468 1950 1544 2003 qui
1567 1949 1694 1991 fortis
1716 1949 1762 1990 in
1779 1949 1892 2001 pra'e·
1957 1973 1971 1983 ι

1055 2005 1115 2046 lio
1136 2006 1239 2048 fecit
1258 2007 1500 2050 victoriam.

1111 2067 1162 2118 V.
1177 2072 1228 2112 In
1244 2074 1487 2126 conspectu
1499 2071 1772 2123 Angelerum
1783 2070 1892 2123 psal-

1055 2127 1143 2168 lam
1168 2128 1249 2170 tibi
1275 2129 1397 2170 Deus
1422 2142 1559 2171 meus.
1600 2128 1653 2179 Rz.
1675 2125 1890 2168 Adorabo

1055 2183 1113 2225 ad
1158 2185 1374 2238 templum
1419 2190 1620 2227 sanctum
1659 2187 1801 2232 tuum,
1847 2186 1891 2224 et

1056 2240 1304 2283 confitebor
1321 2241 1488 2283 nemini
1507 2246 1596 2283 tuo.

1058 2326 1209 2368 Lectio
1238 2327 1379 2369 sancti
1397 2325 1623 2377 Evangelii
1648 2323 1891 2366 secundum

1341 2383 1612 2425 Matthaem.

1136 2447 1288 2487 Lectio
1310 2446 1377 2486 vii.
1628 2446 1731 2494 Cap.
1754 2443 1810 2481 18.

1054 2509 1130 2615 In
1156 2514 1230 2556 illo
1256 2516 1473 2566 tempore:
1505 2513 1801 2554 Accesserunt
1826 2511 1887 2554 di-

1116 2570 1274 2623 scipuli
1289 2569 1346 2611 ad
1359 2570 1384 2610 J
1386 2582 1519 2620 esum,
1537 2569 1748 2610 dicentes:
1768 2568 1888 2618 Quis,

1054 2631 1202 2679 putas,
1240 2627 1379 2678 major
1411 2630 1479 2667 est
1509 2625 1553 2666 in
1586 2637 1721 2676 regno
1755 2624 1888 2666 coele-

1054 2682 1172 2724 rum?
1201 2682 1258 2723 Et
1275 2681 1456 2733 reliqua.
