2040 2944
748 198 855 231 Furia
882 199 1011 241 quinta
1039 200 1084 232 ad
1112 200 1271 234 Iiaudcs

203 289 389 329 Incensa
408 289 507 340 igni,
529 294 572 331 et
592 289 780 331 suffossa
799 292 823 318 *
842 291 898 333 ab
920 292 980 332 in-

152 345 408 397 crepatione
433 345 582 387 vultus
609 346 675 387 tui
702 347 920 398 peribunt.

203 401 302 442 Fiat
345 414 500 442 manus
546 406 622 443 tua
667 415 799 455 super
839 404 982 448 virum

153 457 348 498 dexterae
385 462 492 499 tuae:
533 460 556 485 *
594 463 638 500 et
674 472 806 511 super
842 460 981 501 filium

151 513 353 563 hominis,
382 526 514 565 quem
541 515 811 556 confirmasti
838 516 929 557 tibi.

204 570 261 611 Et
287 582 378 610 non
407 566 675 612 discedimus
708 584 732 612 a
760 576 816 621 te,
845 573 981 614 vivifi-

153 625 275 666 cabis
309 638 410 667 nos:
438 628 462 653 *
490 632 534 668 et
569 639 731 668 nomen
764 632 888 669 tuum
920 629 980 669 in-

153 681 422 723 vocabimus.

203 738 393 779 Domine
404 739 527 780 Deus
538 739 763 789 virtutum,
772 742 982 782 converte

151 806 248 835 nos:
267 796 291 822 *
312 799 356 836 et
384 795 569 837 ostende
597 795 753 840 faciem
781 801 912 846 tuam,
939 803 981 839 et

153 850 262 892 salvi
290 850 463 892 erimus.

200 908 301 949 Ant.
335 908 558 960 Propitius
578 913 673 950 esto
692 910 887 961 peccatis
906 923 981 950 no-

154 965 258 1006 stris
285 964 486 1005 Domine.

200 1020 283 1060 Per
301 1022 487 1062 Annum.
508 1018 555 1068 Υ.
583 1021 850 1063 Gaudebunt
866 1023 982 1064 labia

152 1090 267 1126 mea,
304 1090 404 1118 eum
441 1080 676 1119 cantavero
714 1078 806 1119 tibi.
837 1082 886 1131 R
925 1080 982 1120 Et

154 1133 299 1174 anima
326 1145 424 1174 mea
454 1146 586 1185 quam
614 1133 850 1175 redemisti.
919 1154 925 1158 ·

199 1189 285 1229 Pro
316 1203 402 1230 uno
424 1191 548 1231 Mart.
578 1187 627 1237 Y.
659 1190 813 1231 Gloria
842 1197 886 1232 et
905 1192 980 1233 ho-

150 1247 259 1287 nore
276 1246 499 1287 coronasti
520 1258 619 1287 eum
636 1246 835 1288 Domine.
852 1251 901 1289 R
926 1249 981 1289 Et

152 1302 422 1343 constituisti
451 1314 551 1343 eum
576 1315 709 1354 super
730 1304 867 1355 opera
894 1307 980 1345 ma-

151 1371 286 1399 nuum
313 1360 500 1399 tuarum.

199 1419 285 1458 Pro
311 1418 420 1469 p.lur
442 1419 566 1459 Mart
595 1414 645 1465 V.
678 1415 908 1456 Laetamini
938 1417 982 1456 in

150 1470 356 1519 Demino,
384 1475 428 1511 et
456 1471 674 1512 exsultate
702 1472 814 1523 justi
841 1477 891 1527 R.
925 1474 982 1514 Et

151 1525 402 1577 gloriamini
428 1539 582 1568 omnes
610 1528 721 1570 recti
750 1518 896 1570 corde.

199 1585 286 1625 Pro
323 1585 445 1625 Conf.
480 1585 605 1625 Pont.
644 1592 686 1625 et
726 1598 813 1625 non
852 1585 977 1624 l’ont.

148 1636 199 1688 ΥΤ.
218 1639 397 1680 Amavit
418 1651 517 1680 eum
540 1639 769 1689 DominuS,
791 1645 836 1682 et
855 1643 981 1681 orna-

152 1694 215 1736 vit
246 1707 356 1745 eum.
383 1698 433 1749 R.
463 1695 630 1736 Stolam
657 1696 811 1747 gloriae
840 1697 981 1738 induit

153 1764 265 1793 eum.

201 1810 287 1850 Pro
316 1822 401 1850 una
436 1810 607 1851 Sancta.
642 1804 691 1855 Υ
723 1808 879 1861 Specie
906 1813 982 1850 tua

153 1868 198 1904 et
224 1864 552 1916 pulchritudine
583 1870 670 1906 tua.
701 1868 750 1918 R.
784 1864 981 1914 Intende,

153 1922 367 1973 prospere
393 1920 601 1973 procede,
628 1926 671 1962 et
698 1934 843 1972 regna.

530 2007 626 2034 Q,
631 2020 761 2022 Wo-

409 2087 488 2128 Ad
513 2087 722 2128 Laudes.

202 2157 300 2221 Ant.
333 2157 434 2199 Tibi
449 2157 532 2222 soli
551 2157 745 2210 peccavi,
756 2159 780 2184 *
794 2158 982 2199 Domine

153 2225 363 2255 miserere
391 2226 489 2255 me1.

203 2280 271 2319 Ps.
305 2279 518 2321 Miserere
541 2279 639 2320 mei.
667 2280 735 2320 49.

205 2343 303 2383 Ant.
340 2343 539 2384 Domine.

422 2420 486 2459 Ps
479 2419 617 2459 llmus
647 2420 711 2457 80

193 2498 277 2528 κ
290 2483 454 2530 omme
496 2481 712 2532 refugium
752 2480 893 2521 factus
938 2493 984 2521 es

278 2560 281 2573 ι
305 2536 452 2578 nobis:
487 2538 511 2563 *
552 2549 577 2578 a
617 2536 900 2586 generatione
940 2536 985 2576 in

250 2597 276 2609 ·‘''
305 2593 645 2643 generationem.

209 2648 473 2700 Priusquam
500 2653 674 2690 montes
702 2648 876 2697 fierent,
910 2651 984 2688 aut

157 2704 420 2747 formaretur
463 2709 582 2748 terra
628 2709 672 2747 et
715 2703 850 2746 orbis:
892 2705 916 2730 *
961 2716 987 2745 a

1816 201 1861 236 81

1034 295 1197 335 saeculo
1236 301 1279 337 et
1315 309 1453 348 usque
1489 297 1531 337 in
1566 298 1776 339 saeculum
1813 304 1860 340 tu

1035 362 1081 390 es
1109 350 1240 392 Deus.

1085 406 1153 447 Ne
1179 409 1352 449 avertas
1375 409 1597 450 hominem
1624 410 1668 450 in
1692 410 1859 451 humili-

1033 465 1187 504 tatem:
1215 465 1238 490 *
1267 468 1310 505 et
1348 464 1512 507 dixisti:
1546 465 1859 507 Convertimini

1034 518 1112 558 filii
1138 518 1374 560 hominum.

1087 579 1304 628 Quoniam
1329 581 1447 622 mille
1469 582 1568 621 anni
1587 587 1688 623 ante
1708 583 1859 624 oculos

1033 640 1152 684 tuos,
1189 637 1212 662 *
1251 641 1474 687 tamquam
1513 637 1606 679 dies
1644 637 1858 690 hesterna,

1035 703 1134 742 quae
1163 693 1387 744 praeteriit,

1086 753 1142 793 Et
1163 752 1365 794 custodia
1389 753 1432 793 in
1451 758 1591 803 nocte,
1611 756 1634 780 *
1655 767 1752 805 quae
1775 769 1857 807 pro

1027 807 1170 852 ,nihilo
1191 809 1418 858 habentur,
1435 811 1586 850 eorum
1606 811 1706 851 anni
1724 818 1858 853 erunt.

1087 869 1215 910 Mane
1232 870 1345 910 sicut
1360 869 1496 910 herba
1510 873 1716 921 transeat,
1732 885 1858 914 mane

1035 925 1202 975 floreat,
1231 931 1274 966 et
1302 928 1511 967 transeat:
1532 928 1555 953 *
1576 928 1759 979 vespere
1788 928 1858 970 de—

1035 981 1164 1031 cidat,
1192 981 1367 1023 induret
1397 987 1440 1023 et
1468 984 1648 1023 arescat.

1087 1042 1199 1091 Quia
1228 1041 1465 1083 defecimus
1494 1043 1537 1082 in
1565 1044 1629 1084 ira
1654 1049 1739 1094 tua,
1768 1047 1791 1071 *
1817 1051 1859 1087 et

1034 1098 1078 1137 in
1106 1098 1254 1139 furore
1281 1103 1358 1139 tuo
1387 1098 1553 1140 turbati
1582 1113 1742 1141 sumus.

1086 1158 1280 1199 Posuisti
1315 1159 1570 1210 iniquitates
1606 1166 1779 1202 nostras
1815 1162 1859 1202 in

1035 1217 1276 1266 conspectu
1294 1220 1388 1256 tuo:
1402 1217 1425 1242 *
1437 1215 1645 1256 saeculum
1661 1223 1860 1258 nostrum

1035 1270 1078 1310 in
1107 1270 1425 1313 illuminatione
1454 1271 1600 1312 vultus
1629 1273 1703 1313 tui.

1087 1331 1304 1380 Quoniam
1327 1345 1479 1373 omnes
1506 1331 1600 1373 dies
1625 1333 1765 1373 nostri
1788 1333 1858 1374 de-

1035 1387 1246 1428 fecerunt:
1263 1390 1286 1415 *
1305 1393 1348 1429 et
1368 1389 1411 1428 in
1431 1389 1495 1429 ira
1514 1393 1590 1429 tua
1609 1388 1858 1430 defecimus.

1086 1447 1203 1488 Anni
1231 1449 1371 1490 nostri
1400 1450 1514 1491 sicut
1539 1452 1698 1490 aranea
1726 1449 1858 1490 medi-

1034 1503 1260 1545 tab1'mtur:
1280 1506 1303 1531 *
1325 1505 1419 1546 dies
1448 1508 1661 1547 annorum
1691 1508 1859 1546 nostro-

1034 1573 1131 1600 rum
1163 1561 1207 1600 in
1235 1561 1355 1612 ipsis,
1384 1564 1663 1614 septuaginta
1693 1562 1803 1602 anni.

1086 1620 1131 1661 Si
1159 1626 1306 1662 autem
1333 1622 1376 1662 in
1398 1621 1714 1675 potentatibus,
1741 1627 1860 1663 octo-

1034 1679 1154 1727 ginta
1189 1678 1304 1717 anni:
1338 1680 1360 1704 *
1390 1685 1433 1719 et
1471 1678 1658 1731 amplius
1698 1680 1860 1727 eorum,

1034 1732 1160 1773 labor
1190 1738 1233 1774 et
1262 1733 1399 1775 dolor.

1088 1794 1304 1843 Quoniam
1330 1795 1583 1847 supervenit
1612 1797 1858 1835 mansuetu-

1037 1851 1114 1892 do:
1143 1852 1166 1877 *
1195 1856 1237 1892 et
1266 1852 1562 1903 corripiemur.

1087 1911 1196 1961 Quis
1211 1912 1335 1953 novit
1350 1914 1618 1964 potestatem
1632 1911 1708 1951 irae
1719 1916 1807 1951 tuae
1817 1927 1824 1950 :
1836 1912 1859 1936 *

1036 1972 1080 2009 et
1107 1980 1201 2019 prae
1228 1968 1387 2009 timore
1416 1973 1493 2008 tuo
1523 1968 1632 2007 iram
1653 1972 1773 2008 tuam
1799 1966 1858 2007 di-

1035 2024 1291 2064 numerare?

1087 2084 1327 2124 Dexteram
1347 2089 1466 2125 tuam
1488 2083 1551 2123 sic
1570 2087 1719 2123 notam
1738 2082 1820 2122 fac:
1836 2082 1859 2107 *

1037 2145 1080 2181 et
1109 2139 1306 2180 eruditos
1335 2139 1469 2180 corde
1498 2139 1542 2178 in
1571 2138 1795 2190 sapientia.

1088 2200 1356 2241 Convertere
1383 2199 1572 2240 Domine
1604 2196 1857 2249 usquequo?

1036 2258 1060 2283 *
1089 2261 1132 2297 et
1161 2255 1452 2308 deprecabilis
1488 2260 1582 2296 esto
1612 2267 1745 2306 super
1773 2266 1858 2295 ser-

1037 2325 1116 2353 vos
1144 2316 1257 2352 tuos.

1087 2367 1265 2419 Repleti
1293 2380 1442 2407 sumus
1469 2379 1597 2408 mane
1616 2365 1858 2406 misericor-

1037 2423 1110 2464 dia
1136 2427 1226 2464 tua:
1250 2424 1274 2449 *
1292 2428 1336 2463 et
1364 2422 1688 2470 exsultavimus,
1717 2425 1760 2462 et
1789 2419 1858 2461 de-

1037 2479 1187 2520 lectati
1211 2491 1360 2519 sumus
1383 2478 1584 2519 omnibus
1613 2476 1767 2519 diebus
1786 2488 1857 2516 no-

1039 2535 1151 2576 stris.

1089 2590 1248 2631 Laetati
1260 2603 1408 2630 sumus
1424 2601 1506 2642 pro
1519 2588 1684 2637 diebus,
1701 2586 1857 2638 quibus

1038 2659 1118 2687 nos
1137 2645 1391 2687 humiliasti:
1410 2648 1434 2672 *
1454 2644 1589 2694 annis,
1616 2643 1772 2696 quibus
1798 2643 1856 2682 vi-

1040 2702 1182 2745 dimus
1210 2701 1334 2743 mala.
