2040 2944
158 274 365 327 prehensi
384 280 496 317 sunt.
523 275 565 317 A
581 275 740 328 quibus
755 288 855 317 cum
869 274 990 316 nullo

157 330 293 372 modo
326 331 555 384 impetrari
591 336 761 384 posset,
798 336 847 373 ut
881 331 990 372 chri-

157 387 346 428 stianam
402 387 661 439 religionem
719 387 990 438 deserentes,

157 442 266 484 deos
293 443 506 492 colerent,
535 443 705 485 acerbis
730 443 989 485 verberibus

157 500 277 549 03081,
310 500 453 541 securi
483 500 698 542 feriuntur
723 501 854 542 tertio
882 500 990 542 Idus

155 555 436 608 Septembris.
494 559 557 598 Te
577 558 732 598 Deum.
751 558 811 597 14.

206 618 250 652 In
275 618 393 652 Laud.
418 619 459 652 fit
484 629 680 654 commem.
706 620 762 655 Ss.
788 621 894 655 Mart.

209 670 309 710 Ant.
330 669 476 711 Vestri
495 669 643 722 capilli
661 670 818 723 capitis
835 682 987 711 omnes

155 725 372 766 numerati
391 731 508 768 sunt:
530 726 666 768 nolite
685 727 856 768 timere:
880 727 986 768 mul-

154 780 211 822 tis
229 781 484 833 passeribus
502 782 707 824 meliores
728 783 833 824 estis
853 796 946 824 vos.

206 834 255 885 V.
281 836 577 880 Exsultabunt
600 840 742 881 sancti
767 839 811 880 in
835 839 986 890 gluria.

153 895 203 946 Rz.
222 892 511 936 Laetabuntur
530 895 574 936 in
593 895 811 938 cubilibus
832 897 933 937 suis.

204 950 369 993 Oratio.
381 953 984 1005 BeatorumMartyrum.275.

339 1038 423 1080 Die
442 1040 500 1080 12.
518 1039 804 1093 Septembris.

260 1106 421 1154 Quinta
442 1103 511 1146 die
532 1106 642 1146 infra
664 1105 877 1146 Octavam

306 1159 602 1202 nativitatis
621 1161 673 1201 B.
692 1161 754 1202 M.
769 1161 826 1202 V.

200 1230 245 1263 In
273 1230 300 1264 I.
330 1231 530 1266 Nocturno
566 1232 770 1266 Lectiones
804 1233 849 1266 de
883 1233 981 1267 Scri-

149 1281 263 1320 ptura
288 1284 521 1313 occurrente.

317 1365 320 1368 -
372 1340 422 1379 In
449 1340 499 1379 ΙΙ.
529 1340 753 1379 Nocturno.

290 1403 453 1445 Sermo
482 1404 622 1446 sancti
648 1404 829 1446 Joannis

409 1459 726 1512 Chrysostomi.

343 1522 461 1566 Apud
485 1522 785 1566 Metaphrasten.

449 1574 601 1615 Lectio
623 1576 675 1615 iv.

280 1628 319 1670 ei
340 1629 477 1670 Filius
502 1642 590 1670 non
619 1629 798 1672 divitem
820 1637 895 1674 aut
917 1633 978 1674 lo—

187 1702 233 1728 μ
263 1710 271 1736 μ
297 1685 517 1737 cupletem
550 1685 742 1738 aliquam
773 1688 979 1730 feminam

159 1741 200 1763 ὲκ
217 1736 269 1764 ὲ
296 1741 380 1783 sibi
397 1747 583 1784 matrem
604 1742 751 1793 elegit,
779 1744 858 1785 sed
877 1743 978 1786 bea-

146 1801 237 1838 tam
260 1797 489 1848 Virginem
514 1798 650 1849 illam,
682 1800 804 1851 cujus
834 1801 978 1842 anima

145 1853 382 1895 virtutibus
408 1857 564 1896 ornata
590 1860 694 1897 erat.
729 1856 839 1897 Cum
863 1857 978 1898 enim

145 1908 276 1950 beata
294 1910 434 1951 Maria
462 1923 597 1964 supra
625 1924 800 1953 omnem
827 1912 976 1955 huma-

143 1978 245 2007 nam
267 1969 470 2008 naturam
495 1968 743 2009 castitatem
767 1972 976 2022 servaret,

143 2024 382 2075 propterea
411 2022 634 2066 Christum
661 2025 900 2067 Dominum
932 2027 976 2067 in

143 2083 295 2120 ventre
329 2080 541 2132 concepit.
597 2080 670 2122 Ad
701 2081 814 2123 hanc
844 2083 976 2134 igitur

143 2135 465 2176 sanctissimam
480 2136 706 2188 Virginem
726 2143 770 2179 et
786 2138 870 2179 Dei
885 2139 973 2180 Ma-

141 2194 254 2232 trem
284 2194 584 2243 accurrentes,
618 2195 709 2245 ejus
739 2196 975 2251 patrocinii

127 2247 376 2290 -utilitatem
444 2252 740 2302 assequamur.
817 2252 973 2304 Itaque

143 2307 433 2356 quaecumque
461 2306 567 2347 estis
593 2307 782 2357 virgines
808 2307 865 2348 ad
885 2309 972 2349 Ma-

140 2363 253 2400 trem
277 2361 455 2402 Domini
482 2362 715 2413 confugite.
752 2363 833 2404 Illa
859 2364 973 2404 enim

139 2415 493 2467 pulcherrimam,
520 2419 902 2471 pretiosissimam,
929 2425 973 2461 et

139 2471 518 2525 incorruptibilem
543 2475 874 2527 possessionem
896 2488 971 2528 pa-

139 2529 326 2570 trocinio
345 2543 426 2572 suo
445 2530 573 2572 vobis
594 2530 885 2573 conservabit.

192 2587 242 2638 Rv.
282 2587 501 2631 Nativitas
534 2589 740 2641 gloriesae
775 2590 971 2641 Virginis

139 2642 290 2684 Mariae
324 2656 379 2685 ex
411 2646 575 2687 semine
608 2646 820 2696 Abrahae,
859 2651 970 2687 ortae

138 2697 194 2739 de
219 2699 336 2740 tribu
355 2700 380 2740 J
381 2700 485 2751 uda,
510 2701 628 2743 clara
655 2715 709 2744 ex
728 2703 864 2755 stirpe
881 2702 967 2743 Da-

442 173 514 208 Die
540 174 588 207 12.
614 174 716 218 Sept.
765 176 905 215 Quinta
930 175 991 210 die
1019 176 1116 209 infra
1143 176 1222 210 Oct.
1248 177 1375 211 Nativ.
1402 178 1441 211 B.
1468 178 1514 211 M.
1541 178 1584 211 V.

1813 182 1879 217 277

1042 273 1134 315 vid:
1164 280 1187 303 *
1215 275 1346 327 Cujus
1379 275 1469 317 vita
1500 276 1663 329 inclyta
1696 282 1876 319 cunctas

1042 330 1235 372 illustrat
1262 332 1483 373 ecclesias.
1524 333 1574 382 V.
1601 333 1749 375 Hodie
1774 339 1876 375 nata

1044 392 1111 428 est
1141 386 1273 428 beata
1298 388 1438 439 Virgo
1465 389 1606 431 Maria
1636 403 1690 432 ex
1720 393 1875 443 proge-

1041 443 1111 485 nie
1131 443 1288 486 David.
1318 444 1460 496 Cuius.

1354 500 1506 541 Lectio
1527 515 1563 540 v.

1145 569 1306 607 agnum
1324 560 1478 599 revera
1496 559 1769 610 miraculum,
1795 560 1874 601 fra-

1166 618 1257 655 tres
1298 612 1588 666 dilectissimi,
1630 616 1712 658 fuit
1743 616 1875 658 beata
1925 617 1927 619 ’

1040 682 1215 722 semper
1246 670 1386 721 Virgo
1419 671 1568 712 Maria.
1610 672 1725 722 Quid
1756 686 1873 714 nam-

1041 738 1127 777 que
1160 726 1235 767 illa
1265 728 1403 778 majus
1437 733 1512 769 aut
1540 728 1754 770 illustrius
1783 730 1872 771 ullo

1038 796 1247 835 umquam
1284 785 1486 836 tempore
1525 785 1751 827 inventum
1788 792 1872 837 est,

1039 851 1118 880 seu
1168 839 1407 891 aliquando
1455 841 1639 882 inveniri
1683 844 1872 895 poterit?

1038 896 1150 937 Haec
1170 896 1265 937 sola
1285 896 1446 937 coelum
1464 910 1516 939 ac
1537 903 1699 939 terram
1720 900 1871 952 ampli-

1037 952 1189 994 tudine
1236 954 1474 1005 superavit.
1535 955 1754 1004 Quidnam
1799 956 1872 997 illa

1037 1009 1254 1051 sanetius?
1274 1010 1376 1050 Non
1391 1010 1639 1063 Prophetae,
1657 1025 1746 1053 non
1760 1013 1873 1065 Ape-

1037 1066 1157 1115 stoli,
1189 1079 1278 1107 non
1302 1067 1538 1118 Martyres,
1571 1081 1659 1109 non
1683 1070 1870 1111 Patriar-

1037 1121 1148 1172 chae,
1167 1135 1255 1163 non
1275 1123 1450 1173 Angeli,
1469 1136 1556 1164 non
1576 1124 1762 1175 Throni,
1781 1139 1869 1168 non

1035 1178 1389 1229 Dominationes,
1410 1193 1497 1221 non
1515 1181 1761 1233 Seraphim,
1781 1196 1869 1224 non

1036 1235 1287 1276 Cherubim:
1303 1249 1392 1277 non
1407 1235 1596 1289 denique
1612 1237 1730 1280 aliud
1747 1240 1868 1291 quid-

1034 1292 1153 1343 piam
1173 1292 1286 1333 inter
1305 1295 1476 1334 creatas
1496 1306 1566 1334 res
1582 1294 1776 1336 visibiles
1795 1302 1869 1338 aut

1035 1348 1293 1399 invisibiles,
1319 1350 1458 1401 majus
1483 1355 1558 1391 aut
1582 1351 1868 1393 excellentius

1033 1404 1218 1446 inveniri
1232 1410 1394 1458 potest.
1423 1406 1592 1448 Eadem
1613 1408 1770 1449 ancilla
1784 1409 1867 1451 Dei

1034 1466 1101 1502 est
1125 1467 1169 1503 et
1193 1467 1348 1503 mater:
1374 1462 1530 1504 eadem
1549 1463 1689 1514 Virgo
1719 1470 1762 1507 et
1784 1465 1867 1506 Ge-

1033 1518 1176 1559 nitriX.

1086 1577 1136 1628 R.
1161 1574 1270 1616 Cum
1290 1574 1558 1627 jucunditate
1578 1576 1866 1620 Nativitatem

1030 1630 1175 1672 beatae
1218 1632 1370 1672 Mariae
1414 1632 1706 1674 celebremus:
1744 1636 1767 1659 *
1807 1635 1865 1677 Ut

1030 1687 1127 1739 ipsa
1155 1700 1237 1740 pro
1266 1688 1394 1729 nobis
1423 1689 1668 1731 intercedat
1695 1690 1752 1732 ad
1775 1692 1863 1732 Do-

1029 1744 1195 1785 minum
1214 1745 1236 1784 J
1242 1757 1365 1786 esum
1387 1745 1618 1786 Christum.
1650 1742 1699 1793 lo.
1719 1748 1863 1790 Corde

1030 1804 1074 1840 et
1095 1801 1240 1842 animo
1258 1800 1434 1843 Christo
1455 1804 1663 1843 canamus
1678 1803 1862 1854 gloriam

1028 1855 1072 1896 in
1091 1856 1174 1897 hac
1194 1870 1320 1898 sacra
1339 1858 1617 1900 solemnitate
1634 1860 1862 1911 praecelsae

1030 1913 1267 1956 Genitricis
1286 1915 1370 1956 Dei
1389 1915 1552 1956 Mariae.
1585 1916 1655 1957 Ut.

1333 1972 1485 2013 Lectio
1506 1974 1557 2013 vi.

1123 2039 1189 2068 aec
1209 2029 1301 2079 eius
1320 2033 1460 2069 mater
1481 2034 1564 2078 est,
1591 2029 1665 2080 qui
1684 2042 1709 2069 a
1729 2031 1860 2071 Patre

1139 2089 1241 2125 ante
1260 2097 1389 2126 omne
1404 2085 1668 2137 principium
1688 2086 1860 2135 genitus

1026 2140 1118 2190 fuit,
1135 2153 1266 2192 quem
1282 2141 1440 2192 Angeli
1455 2147 1499 2183 et
1514 2141 1713 2183 hemines
1728 2145 1858 2192 agno-

1027 2202 1154 2238 scunt
1189 2197 1427 2238 Deminum
1463 2210 1610 2238 rerum
1653 2199 1860 2240 omnium.

1025 2253 1163 2294 Visne
1205 2256 1474 2304 cognoscere
1514 2259 1679 2306 quanto
1717 2255 1857 2306 Virgo

1024 2308 1121 2350 haec
1169 2310 1450 2361 praestantior
1501 2310 1557 2352 sit
1603 2311 1857 2353 coelestibus

1026 2366 1260 2407 Potentiis?
1289 2366 1384 2408 Illae
1409 2380 1509 2408 cum
1531 2367 1689 2409 timore
1710 2374 1753 2409 et
1773 2373 1855 2410 tre-

1023 2424 1147 2463 more
1191 2424 1419 2473 assistunt,
1463 2423 1622 2465 faciem
1657 2424 1856 2466 velantes

1024 2491 1162 2519 suam:
1185 2478 1281 2520 haec
1299 2478 1538 2520 humanum
1555 2493 1693 2530 genus
1713 2481 1776 2522 illi
1795 2481 1855 2522 of-

1023 2534 1118 2584 fert,
1139 2547 1269 2586 quem
1283 2536 1443 2585 genuit.
1472 2537 1555 2578 Per
1569 2536 1682 2578 hanc
1697 2542 1740 2578 et
1754 2549 1853 2590 pec-

1023 2593 1223 2631 catorum
1234 2592 1407 2632 veniam
1417 2593 1739 2644 consequimur.
1758 2594 1854 2633 Ave

1022 2647 1153 2697 igitur
1172 2652 1323 2697 mater,
1347 2648 1519 2699 coelum,
1539 2649 1698 2702 puella,
1718 2649 1853 2698 virgo,

1021 2702 1222 2753 thronus,
1257 2703 1471 2746 Ecclesiae
1501 2710 1666 2746 nostrae
1700 2703 1852 2754 decus,
