2040 2944
736 210 939 245 Dominica
963 211 1025 245 IV.
1050 212 1238 248 Octobris.

143 301 391 352 significare
423 303 567 346 vobis:
601 309 650 346 ut
682 311 726 348 et
752 319 832 348 vos
867 321 970 360 quo-

143 370 228 410 que
266 360 406 409 agatis
446 359 563 402 diem
594 363 889 415 scenopegiae,
927 369 971 406 et

141 413 259 456 diem
282 415 410 466 ignis,
441 416 515 469 qui
544 416 672 459 datus
701 423 767 460 est
792 420 969 472 quando

140 469 378 513 Nehemias
403 473 624 515 aedificato
648 475 815 528 templo
843 481 887 518 et
911 477 969 518 al-

139 527 224 568 tari
244 527 403 570 obtulit
422 530 646 572 sacrificia.
673 531 787 573 Nam
808 545 907 574 cum
925 533 969 574 in

138 583 367 626 Persidem
383 585 645 629 ducerentur
655 593 804 640 patres
818 590 968 638 nostri,

139 639 411 691 sacerdotes,
442 642 516 694 qui
539 647 643 685 tunc
667 643 861 686 cultores
884 646 968 687 Dei

140 702 279 747 erant,
314 700 545 751 acceptum
574 699 720 750 ignem
752 700 808 742 de
840 702 967 743 altari

138 753 311 796 occulte
332 754 658 798 absconderunt
677 757 721 797 in
740 758 869 808 valle,
893 760 967 801 ubi

138 814 233 852 erat
255 813 417 863 puteus
437 811 570 862 altus,
600 818 644 854 et
668 814 828 865 siccus,
857 821 901 858 et
923 817 965 857 in

137 878 191 907 eo
209 868 425 910 contutati
445 874 545 911 sunt
565 882 674 920 eum,
693 871 754 913 ita
769 877 816 914 ut
832 874 965 914 omni-

134 922 217 964 bus
236 923 412 975 ignotus
433 931 551 968 esset
570 926 706 968 locus.

184 992 235 1044 R».
263 989 484 1032 Exaudiat
503 991 717 1034 Dominus
743 994 964 1037 orationes

133 1050 314 1095 vestras,
334 1051 378 1088 et
396 1049 702 1091 reconcilietur
721 1050 858 1100 vobis,
882 1065 964 1094 nee

132 1115 214 1143 vos
251 1102 428 1146 deserat
464 1105 508 1146 in
540 1107 741 1159 tempore
774 1107 908 1158 malo,
937 1110 959 1134 *

132 1158 347 1201 Dominus
367 1160 488 1203 Deus
511 1167 673 1204 noster.
708 1157 757 1208 V.
783 1164 870 1206 Det
888 1178 961 1206 vo-

132 1214 200 1256 bis
220 1228 297 1258 cor
316 1217 528 1268 omnibus,
546 1223 596 1260 ut
614 1220 769 1262 colatis
790 1233 899 1270 eum,
919 1227 962 1264 et

132 1271 301 1314 faciatis
321 1274 412 1325 ejus
427 1274 710 1318 voluntatem.
734 1277 960 1319 Dominus.

430 1357 584 1399 Lectio
604 1358 660 1399 iii.

207 1442 281 1481 um
331 1433 479 1471 autem
519 1434 821 1483 praeterissent
862 1435 961 1475 anni

228 1485 369 1535 multi,
389 1492 433 1528 et
451 1487 617 1540 placuit
635 1488 732 1531 Deo
752 1495 801 1531 ut
818 1491 959 1533 mitte-

128 1542 249 1584 retur
280 1542 516 1585 Nehemias
553 1557 578 1586 a
614 1558 716 1597 rege
748 1547 957 1590 Persidis:

128 1601 315 1651 nepotes
347 1600 629 1642 sacerdotum
659 1602 850 1654 illorum,
886 1606 959 1657 qui

128 1655 466 1707 absconderant,
498 1658 616 1700 misit
648 1658 705 1701 ad
736 1661 957 1712 requiren-

129 1710 234 1754 dum
259 1713 419 1764 ignem:
456 1719 501 1756 et
532 1715 646 1757 sicut
672 1719 958 1760 narraverunt

126 1768 271 1820 nobis,
298 1782 388 1811 non
405 1770 664 1814 invenerunt
688 1773 848 1823 ignem,
877 1774 957 1817 sed

126 1838 287 1878 aquam
308 1840 512 1869 crassam.
539 1828 596 1870 Et
614 1829 738 1881 jussit
758 1842 833 1871 eos
853 1830 956 1872 hau-

125 1884 230 1933 rire,
265 1888 309 1925 et
337 1883 493 1926 afferre
521 1885 619 1927 sibi:
653 1891 697 1927 et
725 1887 954 1938 sacrificia,

126 1950 225 1990 quae
253 1939 461 1993 imposita
489 1946 628 1992 erant,
661 1942 786 1993 jussit
814 1946 954 1985 sacer-

126 1994 208 2037 dos
236 1996 473 2038 Nehemias
502 1999 674 2051 aspergi
705 1999 802 2052 ipsa
829 2013 954 2052 aqua,

125 2057 169 2094 et
186 2051 314 2104 ligna,
339 2059 382 2096 et
402 2066 501 2107 quae
523 2061 645 2096 erant
665 2057 954 2109 superposita.

123 2108 271 2161 thue
295 2109 382 2152 hoc
405 2110 569 2152 factum
595 2116 678 2161 est,
712 2116 756 2153 et
778 2117 953 2165 tempus

124 2165 262 2215 affuit,
298 2179 386 2218 quo
415 2166 483 2209 sol
511 2167 696 2218 refulsit,
731 2169 804 2221 qui
830 2169 952 2222 prius

124 2227 218 2264 erat
240 2223 284 2263 in
309 2223 478 2274 nubilo,
507 2226 718 2266 accensus
744 2230 810 2267 est
837 2226 951 2277 ignis

122 2291 322 2330 magnus,
346 2280 406 2322 ita
431 2286 479 2322 ut
504 2293 657 2323 omnes
680 2282 951 2324 mirarentur.

175 2339 226 2391 Rz.
261 2341 528 2392 Congregati
560 2347 661 2383 sunt
686 2342 848 2384 inimici
875 2355 950 2384 no-

122 2396 216 2446 stri,
249 2402 293 2438 et
324 2398 566 2448 gloriantur
598 2397 642 2438 in
668 2398 828 2440 virtute
856 2412 950 2440 sua:

122 2455 300 2495 contere
329 2453 633 2495 fortitudinem
659 2454 834 2495 illorum
861 2455 949 2496 Do·

120 2509 251 2559 mine,
280 2515 324 2552 et
350 2509 554 2563 disperge
579 2510 694 2552 illos:
716 2508 739 2531 *
765 2510 825 2552 Ut
848 2523 947 2561 cog-

119 2567 322 2616 noscant,
359 2567 460 2619 quia
496 2579 585 2608 non
622 2572 689 2609 est
726 2566 836 2608 alius
874 2567 949 2618 qui

120 2627 287 2673 pugnet
322 2636 404 2675 pro
441 2623 584 2673 nobis,
628 2623 711 2664 nisi
745 2628 793 2664 tu
827 2623 947 2664 Deus

120 2682 282 2719 noster.
328 2671 378 2723 V·
409 2680 627 2732 Disperge
659 2679 758 2721 illos
789 2679 833 2720 in
865 2680 946 2720 vir-

118 2736 213 2775 tute
231 2739 323 2785 tua,
351 2740 395 2777 et
418 2735 595 2778 destrue
620 2749 697 2778 eos
720 2737 945 2789 protector

1784 218 1849 253 181

1022 314 1172 351 noster
1212 311 1410 353 Domine.
1471 313 1531 354 Ut
1569 316 1848 364 cognoscant.

1025 364 1178 407 Gloria
1195 367 1326 409 Patri.
1353 368 1412 410 Ut
1431 371 1709 420 cognoscant.

1253 450 1302 488 In
1322 451 1372 490 H.
1395 452 1615 493 Nocturno.

1022 506 1091 545 Ex
1110 504 1320 547 Tractatu
1346 507 1485 548 sancti
1508 508 1533 548 J
1535 508 1687 549 oannis
1713 509 1845 562 Chry-

1022 561 1208 602 sostomi
1244 574 1377 614 super
1407 563 1629 605 Psalmum
1663 565 1846 616 quadra—

1223 618 1436 668 gesimum
1455 620 1641 662 tertium.

1321 694 1472 735 Lectio
1493 695 1546 735 iv.

1030 753 1245 803 §fx
1283 748 1459 790 auribus
1492 751 1654 792 nostris
1682 752 1844 794 audivi-

1027 790 1035 854 sf
1051 799 1121 876 13]
1167 819 1274 855 mus,
1294 811 1444 858 patres
1463 807 1601 848 nostri
1621 809 1844 850 annuntia-

1166 864 1322 903 verunt
1336 861 1463 903 nobis
1480 875 1602 915 opus,
1619 865 1738 915 quod
1750 877 1844 918 ope-

1017 919 1138 959 ratus
1171 931 1219 960 es
1249 918 1293 958 in
1325 918 1478 960 diebus
1515 922 1677 961 eorum.
1716 922 1844 963 Hunc

1016 973 1239 1016 Psalmum
1267 974 1372 1017 dicit
1400 975 1577 1027 quidem
1605 977 1843 1029 Propheta,

1017 1030 1123 1073 dicit
1156 1038 1302 1073 autem
1329 1045 1417 1073 non
1447 1045 1501 1073 ex
1527 1036 1717 1085 persona
1745 1038 1843 1086 pro-

1015 1088 1127 1140 pria,
1160 1087 1240 1130 sed
1268 1101 1322 1130 ex
1350 1091 1540 1141 persona
1568 1089 1842 1132 Machabaeo-

1015 1157 1127 1193 rum,
1170 1157 1352 1185 narrans
1386 1150 1429 1186 et
1460 1145 1709 1197 praedicens
1743 1160 1842 1198 quae

1011 1200 1161 1242 ‘futura
1192 1206 1316 1243 erant
1347 1201 1422 1242 illo
1455 1204 1666 1254 tempore.
1710 1203 1842 1245 Tales

1015 1257 1131 1298 enim
1156 1262 1257 1299 sunt
1282 1258 1534 1311 Prophetae:
1563 1259 1707 1299 omnia
1734 1262 1840 1301 tem-

1013 1326 1124 1366 pora
1143 1318 1423 1367 percurrunt,
1452 1315 1704 1367 praesentia,
1731 1329 1841 1368 prae-

1013 1370 1159 1420 terim,
1186 1371 1342 1412 futura.
1379 1371 1564 1421 Quinam
1590 1371 1675 1413 sint
1695 1377 1840 1413 autem

1012 1427 1057 1469 hi
1081 1427 1342 1478 Machabaei,
1377 1428 1570 1481 quidque
1594 1429 1715 1481 passi
1740 1429 1840 1480 sint,

1013 1490 1057 1527 et
1086 1484 1193 1537 quid
1219 1485 1419 1534 fecerint,
1452 1485 1746 1526 necessarium
1774 1491 1841 1528 est
1884 1529 1885 1536 ,

1011 1542 1201 1594 primum
1229 1540 1392 1591 dicere,
1428 1546 1476 1582 ut
1504 1541 1590 1582 sint
1619 1542 1839 1594 apertiora

1012 1611 1112 1650 quae
1152 1598 1196 1638 in
1237 1600 1492 1649 argumento
1532 1597 1744 1639 dicuntur.
1801 1599 1837 1639 Ii

1011 1654 1138 1704 enim,
1164 1667 1263 1695 cum
1284 1655 1515 1695 invasisset
1533 1654 1557 1694 J
1559 1653 1732 1695 udaeam
1751 1655 1836 1695 An-

1008 1711 1197 1760 tiochus,
1224 1711 1298 1762 qui
1318 1710 1461 1752 dictus
1486 1716 1553 1752 est
1571 1710 1835 1763 Epiphanes,

1009 1772 1053 1808 et
1085 1768 1231 1808 omnia
1265 1767 1557 1816 devastasset,
1596 1772 1640 1808 et
1672 1767 1834 1808 multos

1009 1825 1084 1875 qui
1102 1829 1206 1866 tunc
1225 1829 1365 1873 erant,
1395 1836 1419 1864 a
1446 1823 1599 1876 patriis
1624 1823 1833 1864 institutis

1006 1881 1174 1922 resilire
1218 1882 1450 1931 coegisset,
1502 1882 1833 1933 permanserunt

1006 1936 1131 1978 illaesi
1151 1937 1205 1978 ab
1226 1936 1310 1978 illis
1329 1936 1655 1978 tentationibus.

1058 1999 1107 2039 R.
1141 1998 1360 2051 Impetum
1392 1997 1665 2039 inimicorum
1697 2010 1751 2039 ne
1783 1998 1832 2040 ti-

1005 2054 1216 2095 mueritis:
1236 2056 1452 2095 memores
1472 2056 1629 2103 estote,
1651 2056 1830 2106 quomo-

1006 2109 1064 2151 do
1089 2110 1198 2152 salvi
1222 2111 1325 2152 facti
1349 2115 1448 2152 sunt
1466 2115 1616 2162 patres
1634 2110 1787 2151 nostri:
1806 2113 1828 2138 *

1005 2167 1063 2207 Et
1090 2180 1203 2208 nunc
1232 2167 1467 2208 clamemus
1499 2166 1543 2206 in
1572 2165 1749 2216 coelum,
1787 2171 1830 2208 et

1004 2223 1280 2264 miserebitur
1323 2223 1462 2264 nostri
1501 2223 1622 2263 Deus
1666 2227 1827 2264 noster.

1005 2274 1056 2325 V.
1102 2279 1369 2320 Mementote
1413 2278 1675 2320 mirabilium
1720 2280 1829 2330 ejus,

1005 2347 1104 2386 quae
1137 2335 1241 2377 fecit
1267 2334 1502 2384 Pharaoni,
1539 2339 1583 2376 et
1616 2335 1825 2376 exercitui

1003 2391 1093 2442 ejus
1112 2391 1156 2431 in
1174 2391 1284 2431 Mari
1303 2390 1448 2432 rubro.
1475 2390 1542 2433 Et.

1312 2458 1462 2499 Lectio
1484 2474 1520 2499 v.

1080 2516 1099 2553 t
1120 2511 1295 2564 quando
1314 2524 1447 2562 grave
1472 2511 1648 2564 quidem
1667 2511 1828 2553 bellum

1095 2567 1339 2618 ingruebat,
1363 2580 1444 2609 nec
1465 2567 1704 2620 quidquam
1725 2579 1825 2620 pos-

1000 2629 1097 2666 sent
1112 2625 1255 2665 facere
1271 2623 1391 2675 quod
1406 2623 1648 2677 prodesset,
1668 2637 1714 2665 se
1730 2623 1824 2664 abs-

1001 2680 1264 2722 condebant:
1288 2692 1390 2720 nam
1413 2680 1498 2722 hoc
1518 2692 1693 2732 quoque
1712 2679 1821 2720 fece-

998 2741 1097 2778 runt
1120 2735 1337 2789 Apostoli.
1377 2736 1479 2778 Non
1507 2736 1621 2778 enim
1648 2747 1822 2787 semper
