2040 2944
641 202 685 236 In
709 202 833 235 Festis
857 201 897 234 B.
923 200 1054 234 Mariae
1077 199 1120 233 V.
1146 209 1214 242 per
1238 209 1386 234 annum.

163 302 188 328 *
221 301 264 342 in
301 299 594 342 custodiendis
629 300 712 342 illis
752 299 978 342 retributio

163 357 308 399 multa.

213 413 384 455 Delicta
405 413 500 465 quis
518 411 736 464 intelligit?
763 412 817 454 ab
837 412 978 454 occul-

162 470 217 512 tis
234 470 342 511 meis
364 468 525 511 munda
542 482 625 511 me:
643 470 667 495 *
686 474 729 511 et
752 468 806 511 ab
830 468 979 510 alienis

162 539 294 579 parce
313 538 440 568 servo
458 530 545 567 tuo.

213 583 258 624 Si
271 582 356 624 mei
370 595 456 623 non
470 582 628 624 fuerint
643 581 861 630 dominati,
875 586 978 622 tunc

162 638 462 680 immaculatus
486 651 577 680 ero:
595 638 619 664 *
642 643 686 680 et
710 637 978 680 emundabor

163 708 188 736 a
207 695 366 737 delicto
384 695 584 736 maximo.

213 752 270 793 Et
288 755 413 793 erunt
431 756 478 792 ut
492 751 792 803 complaceant
806 750 978 803 elequia

163 808 250 849 oris
268 807 366 849 mei:
385 808 408 833 *
428 812 471 849 et
488 807 712 849 meditatio
732 807 875 849 cordis
892 808 979 849 mei

161 865 205 905 in
224 865 461 916 conspectu
479 868 555 905 tuo
575 876 757 916 semper.

212 920 398 961 Domine
422 919 591 972 adjutor
613 933 750 970 meus,
769 921 792 946 *
816 925 859 962 et
882 920 976 962 red-

163 979 333 1029 emptor
351 989 484 1018 meus.

209 1047 307 1088 Ant.
340 1046 462 1086 Sicut
487 1045 662 1098 myrrha
690 1045 843 1096 electa,
874 1045 977 1087 ode-

161 1114 254 1143 rem
278 1101 436 1143 dedisti
458 1102 701 1152 suavitatis,
729 1106 878 1144 sancta
895 1102 979 1143 Dei

162 1158 369 1200 Genitrix.

208 1228 307 1268 Ant.
335 1228 450 1269 Ante
474 1231 618 1268 torum
641 1227 664 1254 *
687 1227 814 1279 hujus
838 1227 978 1278 Virgi-

160 1284 226 1324 nis
253 1283 524 1335 frequentate
554 1283 680 1326 nobis
713 1283 856 1326 dulcia
883 1285 978 1325 can-

161 1340 247 1382 tica
267 1339 484 1382 dramatis.

420 1414 616 1454 Psalmus
644 1413 706 1453 23.

248 1482 381 1524 omini
411 1487 478 1524 est
508 1487 641 1533 terra,
680 1488 723 1525 et
754 1483 978 1536 plenitudo

265 1539 368 1591 ejus:
388 1541 412 1567 *
431 1539 549 1581 orbis
569 1542 798 1589 terrarum,
828 1544 871 1581 et
890 1540 978 1581 uni·
1038 1560 1099 1580 «
1117 1550 1143 1579 ⁹»

161 1595 278 1638 versi
298 1595 372 1648 qui
389 1595 586 1637 habitant
603 1596 647 1636 in
668 1608 731 1637 eo.

214 1652 325 1702 Quia
347 1652 442 1704 ipse
467 1664 598 1704 super
622 1652 759 1693 maria
782 1652 980 1694 fundavit

163 1721 274 1750 eum:
305 1709 329 1735 *
361 1712 405 1749 et
438 1721 570 1760 super
606 1708 782 1749 flumina
813 1721 979 1760 praepa-

162 1764 274 1806 ravit
301 1776 409 1805 eum.

214 1820 320 1870 Quis
354 1819 559 1861 ascendet
594 1820 638 1861 in
670 1825 863 1862 montem
894 1820 980 1861 Do-

162 1874 288 1917 mini?
323 1878 347 1904 *
380 1880 455 1917 aut
495 1876 590 1928 quis
630 1875 761 1918 stabit
799 1876 843 1917 in
881 1876 980 1918 loco

160 1932 316 1974 sancto
345 1930 458 1984 ejus?

212 1990 426 2030 Innocens
443 1988 642 2030 manibus
662 1992 705 2030 et
722 1988 884 2030 mundo
898 2002 983 2031 cor·

164 2045 230 2096 de,
249 2047 273 2073 *
293 2045 367 2098 qui
392 2057 480 2086 non
507 2045 674 2097 accepit
696 2045 741 2085 in
759 2057 871 2086 vano
896 2046 981 2086 ani-

164 2115 280 2144 mam
315 2114 456 2151 suam,
495 2113 576 2143 nec
613 2101 767 2153 juravit
801 2101 845 2142 in
879 2100 981 2143 dolo

162 2158 362 2211 preximo
391 2170 482 2199 suo.

215 2215 299 2256 Hic
344 2214 527 2266 accipiet
565 2213 913 2256 benedictienem
957 2227 983 2255 a

164 2271 367 2313 Domino:
382 2272 406 2298 *
425 2275 468 2312 et
487 2269 827 2312 misericordiam
845 2283 870 2311 a
884 2270 981 2312 Deo

166 2327 343 2370 salutari
369 2340 459 2369 suo.

215 2384 324 2426 Haec
356 2388 422 2425 est
448 2383 668 2434 generatio
698 2383 981 2435 quaerentium

167 2452 301 2538 eum,b
320 2441 344 2466 *
385 2440 670 2493 quaerentium
709 2439 863 2481 faciem
897 2439 981 2481 Dei

166 2496 191 2537 J
193 2508 271 2537 aco
305 2528 313 2537 .

217 2552 416 2594 Attollite
460 2557 611 2605 portas
654 2551 871 2604 principes
911 2563 981 2592 ve-

168 2613 293 2658 stras,
321 2614 364 2650 et
391 2609 617 2651 elevamini
643 2612 783 2661 portae
803 2609 981 2648 aeterna-

166 2664 247 2706 les:
275 2666 299 2692 *
326 2669 370 2706 et
395 2665 589 2707 introibit
615 2665 712 2706 Rex
739 2664 899 2715 gloriae.

218 2720 323 2771 Quis
351 2726 417 2763 est
441 2721 523 2763 iste
543 2722 640 2763 Rex
660 2718 832 2772 gleriae?
852 2721 876 2747 *
893 2719 980 2760 Do-

1029 300 1169 340 minus
1202 299 1324 341 fortis
1361 303 1403 340 et
1430 302 1600 351 potens:
1634 297 1846 338 Deminus

1029 360 1186 408 potens
1212 355 1256 396 in
1283 354 1445 407 praelio.

1081 415 1280 457 Attollite
1327 420 1477 468 portas
1519 415 1735 468 principes
1776 427 1845 455 ve-

1030 478 1158 522 stras,
1187 477 1230 514 et
1257 471 1483 513 elevamini
1505 476 1644 524 portae
1668 473 1845 513 aeterna-

1029 529 1108 571 les:
1135 530 1158 556 *
1187 534 1230 570 et
1256 527 1449 570 introibit
1475 528 1573 569 Rex
1599 527 1760 578 gleriae.

1081 589 1186 639 Quis
1215 594 1280 631 est
1306 589 1387 630 iste
1407 589 1503 630 Rex
1526 587 1698 639 gloriae?
1718 590 1741 614 *
1759 588 1845 628 Do-

1028 646 1168 687 minus
1195 646 1402 687 virtutum
1428 645 1522 697 ipse
1551 649 1616 686 est
1635 645 1731 686 Rex
1757 644 1846 695 glo-

1029 715 1114 743 riae.

1082 765 1179 804 Ant.
1208 764 1322 804 Ante
1346 767 1489 803 torum
1511 762 1635 812 hujus
1654 761 1846 811 Virginis

1028 820 1300 872 frequentate
1336 818 1461 860 nobis
1498 818 1641 859 dulcia
1679 818 1847 859 cantica

1031 876 1246 919 dramatis.

1079 937 1127 988 V.
1166 941 1318 994 Specie
1349 946 1424 983 tua
1456 946 1499 982 et
1525 939 1847 992 pulchritudine

1030 1003 1114 1039 tua.
1130 1000 1179 1051 R.
1208 997 1399 1047 Intende,
1418 999 1629 1050 prospere
1646 995 1847 1048 procede,

1031 1059 1074 1096 et
1092 1067 1235 1105 regna.

1082 1120 1207 1160 Pater
1226 1123 1384 1160 noster.

1080 1184 1323 1226 Absolutio.
1350 1182 1523 1224 Exaudi
1542 1183 1738 1224 Demine.

1080 1241 1129 1292 V.
1158 1244 1268 1286 Jube
1288 1244 1456 1286 domne.

1080 1311 1241 1352 Bened.
1270 1308 1590 1352 Benedictione.

1138 1390 1206 1429 De
1232 1387 1458 1429 Parabolis
1486 1386 1742 1428 Salomonis.

1105 1457 1254 1498 Lectio
1275 1458 1299 1497 i.
1451 1457 1552 1509 Cap.
1568 1458 1604 1496 8.
1620 1456 1658 1496 b.
1675 1460 1717 1496 et
1733 1457 1769 1495 9.

1149 1536 1205 1575 go
1234 1522 1444 1575 sapientia
1470 1521 1619 1563 habito
1645 1522 1688 1562 in
1713 1524 1848 1563 consi-

1037 1583 1051 1633 ῖζ,
1073 1580 1143 1637 ’ξ’
1166 1580 1235 1629 lio,
1256 1584 1298 1620 et
1318 1577 1496 1620 eruditis
1512 1579 1721 1619 intersum
1736 1578 1848 1628 cogi-

1047 1642 1051 1651 '
1166 1634 1412 1677 tati6nibus.
1444 1635 1594 1675 Timor
1611 1634 1787 1674 Demini
1806 1647 1848 1674 o-

1032 1692 1095 1733 dit
1113 1692 1287 1733 malum:
1314 1691 1615 1741 arrogantiam,
1642 1694 1684 1731 et
1703 1691 1849 1742 super-

1031 1748 1157 1798 biam,
1183 1753 1226 1790 et
1244 1748 1357 1788 viam
1375 1759 1565 1799 pravam,
1591 1751 1634 1787 et
1660 1758 1709 1787 os
1728 1745 1848 1787 bilin-

1031 1817 1115 1855 gue
1135 1804 1339 1847 detestor.
1371 1803 1516 1844 Meum
1535 1807 1601 1843 est
1621 1801 1849 1843 consilium

1033 1866 1076 1903 et
1092 1861 1284 1913 aequitas,
1303 1873 1400 1902 mea
1414 1864 1480 1901 est
1494 1858 1734 1912 prudentia,
1753 1871 1849 1899 mea

1034 1923 1101 1959 est
1137 1916 1359 1959 fortitudo.
1402 1917 1486 1958 Per
1522 1928 1591 1957 me
1626 1927 1751 1966 reges
1786 1928 1848 1956 re-

1033 1978 1181 2026 gnant,
1217 1978 1260 2015 et
1291 1973 1436 2024 legum
1464 1971 1713 2013 conditores
1739 1972 1850 2023 justa

1034 2031 1285 2072 decernunt:
1317 2042 1396 2082 per
1426 2041 1498 2069 me
1529 2028 1747 2081 principes
1774 2030 1849 2068 im-

1034 2091 1207 2140 perant,
1236 2090 1279 2127 et
1303 2086 1505 2138 potentes
1532 2083 1769 2125 decernunt
1793 2084 1849 2134 ju-

1034 2143 1204 2185 stitiam.
1239 2142 1333 2193 Ego
1361 2141 1589 2191 diligentes
1611 2152 1681 2180 me
1704 2139 1850 2190 diligo:

1035 2204 1078 2242 et
1103 2199 1175 2251 qui
1199 2210 1324 2239 mane
1343 2196 1521 2248 vigilant
1545 2195 1602 2237 ad
1620 2208 1706 2245 me,
1735 2195 1850 2236 inve-

1033 2256 1152 2297 nient
1169 2267 1249 2295 me.

1081 2320 1131 2371 R.
1156 2320 1312 2361 Sancta
1331 2322 1374 2359 et
1391 2315 1666 2358 immaculata
1681 2315 1850 2366 virgini-

1034 2381 1112 2426 tas,
1133 2375 1288 2427 quibus
1310 2379 1353 2416 te
1372 2373 1572 2415 laudibus
1592 2371 1767 2414 efferam
1781 2373 1850 2412 ne-

1035 2432 1140 2474 scio:
1155 2434 1178 2458 *
1194 2431 1304 2481 Quia
1323 2443 1453 2482 quem
1473 2429 1572 2471 coeli
1591 2430 1748 2481 capere
1765 2441 1851 2469 non

1067 2491 1254 2537 eterant,
1299 2492 1375 2528 tuo
1413 2485 1578 2537 gremio
1620 2484 1850 2526 contulisti.

1073 2575 1079 2582 .
1109 2544 1346 2586 Benedicta
1371 2548 1418 2584 tu
1442 2543 1486 2583 in
1511 2541 1778 2590 mulieribus,
1808 2544 1851 2581 et

1034 2600 1289 2643 benedictus
1341 2599 1506 2640 fructus
1559 2598 1722 2640 ventris
1778 2595 1850 2637 tui.

1036 2658 1155 2708 Quia.

1086 2719 1245 2760 Bened.
1273 2715 1529 2767 Unigenitus
1547 2714 1640 2756 Dei.
