2040 2944
829 184 1038 217 Commune
1065 183 1276 226 Virginum.

200 297 303 324 num
320 295 417 324 esse
431 286 614 334 propter
628 281 862 320 instantem
877 291 1024 320 neces-

200 340 393 387 sitatem,
432 337 638 390 quoniam
666 336 829 378 bonum
857 340 923 376 est
950 335 1024 376 he-

200 396 305 436 mini
330 395 391 436 sic
417 407 522 436 esse.
559 393 774 444 Alligatus
800 404 846 433 es
874 390 1024 433 uxori?

198 451 287 493 noli
316 453 511 503 quaerere
538 449 811 491 solutionem.
847 448 1025 489 Solutus

199 521 245 550 es
265 507 319 549 ab
335 505 494 549 uxore?
515 506 604 548 noli
620 508 816 558 quaerere
831 507 1025 546 uxorem.

198 565 242 606 Si
274 569 418 605 autem
451 563 674 616 acceperis
702 565 902 612 uxerem,
937 575 1025 604 non

197 621 402 673 peccasti.
430 621 486 662 Et
505 621 541 661 si
560 620 758 672 nupserit
776 620 916 671 virgo,
936 632 1023 661 non

197 678 408 730 peccavit.
474 676 820 719 Tribulationem
877 681 1024 718 tamen

198 735 340 776 carnis
367 733 590 776 habebunt
617 733 874 785 hujusmodi.
928 734 1023 785 Ego

198 796 343 832 autern
380 790 505 832 vobis
542 802 687 843 parco.
742 790 841 831 Hoc
875 793 1023 843 itaque

198 847 315 897 dico,
344 847 514 889 fratres:
555 847 749 899 Tempus
777 846 910 889 breve
942 852 1022 889 est:

197 904 412 956 reliquum
427 909 505 953 est,
524 908 572 944 ut
591 907 633 944 et
652 903 725 955 qui
740 903 903 946 habent
917 906 1022 946 uxo·

198 974 287 1011 res,
315 966 539 1013 tamquam
565 972 653 1000 non
680 959 893 1001 habentes
921 961 1022 1002 sint:

198 1021 241 1058 et
261 1017 333 1069 qui
352 1017 473 1066 flent,
497 1021 721 1068 tamquam
745 1029 832 1057 non
852 1017 1022 1059 flentes:

197 1078 240 1115 et
261 1074 333 1126 qui
350 1073 553 1125 gaudent,
571 1078 795 1124 tamquam
815 1086 903 1114 non
921 1087 1021 1125 gau-

196 1130 363 1172 dentes:
404 1135 447 1172 et
483 1130 555 1183 qui
593 1135 756 1180 emunt,
798 1135 1022 1183 tamquam

195 1200 282 1229 non
314 1187 608 1241 possidentes:
651 1192 694 1229 et
733 1188 806 1240 qui
842 1191 1022 1239 utuntur

195 1245 281 1286 hoc
309 1245 494 1294 mundo,
526 1250 751 1297 tamquam
783 1258 871 1286 non
898 1248 1021 1287 utan—

195 1306 279 1342 tur:
324 1302 520 1354 praeterit
562 1301 676 1343 enim
716 1301 855 1352 figura
896 1301 1021 1354 hujus

195 1358 355 1400 mundi.

456 1413 536 1451 Pro
560 1413 762 1462 Martyre.

249 1471 297 1521 R.
330 1467 444 1509 Veni
474 1479 638 1520 sponsa
667 1467 842 1516 Christi,
871 1467 1021 1520 accipe

197 1527 415 1573 coronam,
436 1536 567 1576 quam
588 1523 667 1565 tibi
682 1524 898 1565 Dominus
912 1537 1021 1575 prae-

196 1581 366 1634 paravit
394 1580 438 1620 in
466 1581 691 1621 aeternum:
719 1593 801 1633 pro
831 1581 950 1631 cujus
980 1593 1021 1621 a·

196 1640 318 1679 mere
338 1637 591 1688 sanguinem
606 1642 729 1678 tuum
745 1636 904 1685 fudisti,
921 1636 942 1657 ¹⁸
966 1637 1023 1678 Et

197 1707 295 1736 cum
324 1693 502 1744 Angelis
534 1693 578 1733 in
609 1693 861 1746 paradisum
891 1694 1021 1735 intro-

196 1751 277 1792 isti.
306 1747 355 1798 Υ.
373 1750 487 1792 Veni
508 1749 647 1791 electa
665 1763 773 1800 mea,
797 1755 840 1792 et
860 1763 1021 1803 ponam

196 1808 239 1848 in
260 1813 303 1849 te
327 1807 533 1848 thronum
551 1819 712 1856 meum,
742 1807 843 1859 quia
867 1819 1021 1848 concu-

197 1864 304 1916 pivit
324 1864 420 1905 Rex
440 1863 631 1916 speciem
649 1868 779 1904 tuam.
811 1864 868 1905 Et
887 1876 996 1904 cum.

253 1925 292 1959 Si
316 1935 393 1958 non
420 1924 532 1958 fuerit
556 1924 711 1966 Martyr,
738 1923 808 1957 dic.
836 1932 941 1966 sequ.

251 1977 299 2027 R.
318 1977 432 2018 Veni
452 1976 590 2018 electa
608 1989 716 2026 mea,
737 1981 780 2018 et
798 1990 960 2030 ponam
978 1977 1022 2018 in

197 2038 241 2075 te
268 2033 473 2074 thronum
500 2045 661 2074 meum:
682 2032 703 2054 *
727 2034 837 2084 Quia
865 2047 1022 2076 concu-

198 2090 306 2142 pivit
322 2091 418 2132 Rex
435 2090 627 2142 speciem
640 2094 772 2130 tuam.
800 2082 850 2134 V·
868 2091 1022 2144 Specie

198 2152 273 2187 tua
304 2151 347 2188 et
378 2145 700 2199 pulchritudine
732 2152 807 2188 tua
836 2147 1023 2198 intende,

199 2205 412 2256 prespere
431 2202 637 2256 procede,
664 2207 707 2244 et
726 2216 868 2254 regna.
902 2204 1022 2254 Quia.

254 2256 412 2297 Bened.
442 2258 699 2309 Unigenitus
717 2259 811 2301 Dei.

509 2317 658 2357 Lectio
678 2317 716 2356 ii.

295 2380 366 2421 olo
406 2385 549 2422 autem
580 2393 661 2422 vos
694 2381 786 2422 sine
819 2380 1023 2421 sollicitu-

305 2436 404 2478 dine
425 2450 532 2478 esse.
570 2438 653 2488 Qui
673 2438 764 2479 sine
790 2440 927 2479 uxore
947 2442 1023 2487 est,

203 2493 413 2535 sollicitus
456 2499 521 2535 est
562 2507 659 2546 quae
696 2494 873 2535 Domini
913 2498 1023 2544 sunt,

203 2549 426 2602 quemodo
445 2549 617 2602 placeat
635 2551 744 2592 Deo.
776 2551 859 2600 Qui
878 2555 1024 2592 autem

203 2619 301 2648 cum
325 2608 462 2646 uxore
489 2611 571 2654 est,
600 2606 811 2648 sollicitus
835 2611 902 2648 est
926 2618 1024 2658 quae

203 2667 302 2704 sunt
353 2661 520 2711 mundi,
576 2663 798 2714 quemodo
852 2662 1026 2716 placeat

202 2719 343 2769 uxeri,
381 2724 424 2760 et
456 2717 620 2760 divisus
653 2724 730 2760 est.
783 2720 840 2761 Et
871 2718 1026 2760 mulier

1077 278 1273 330 innupta,
1301 283 1346 319 et
1367 278 1490 329 virgo
1516 278 1680 329 cogitat
1699 292 1797 331 quae
1816 279 1904 320 Do-

1077 335 1181 375 mini
1200 339 1311 383 sunt,
1329 339 1378 375 ut
1397 335 1453 376 sit
1473 340 1624 377 sancta
1644 337 1840 388 cerpore,
1861 341 1905 377 et

1078 391 1245 444 spiritu.
1279 391 1387 441 Quae
1407 397 1553 434 autem
1572 396 1709 444 nupta
1728 398 1809 442 est,
1834 395 1903 434 ce·

1076 448 1188 498 gitat
1217 460 1315 500 quae
1344 453 1445 489 sunt
1475 447 1642 497 mundi,
1679 448 1902 500 quomodo

1077 504 1251 557 placeat
1270 504 1375 545 viro.
1402 504 1542 546 Porro
1564 504 1649 546 hoc
1669 503 1724 546 ad
1742 504 1903 546 utilita-

1077 566 1166 603 tem
1184 567 1377 617 vestram
1393 562 1507 604 dico:
1525 574 1613 603 non
1632 566 1680 603 ut
1699 561 1903 614 laqueum

1078 618 1203 660 vobis
1222 619 1419 671 injiciam,
1439 618 1517 661 sed
1537 618 1594 660 ad
1612 618 1667 667 id,
1690 618 1811 671 quod
1828 618 1903 660 ho-

1076 677 1249 718 nestum
1288 681 1370 726 est,
1411 681 1455 718 et
1496 675 1616 728 quod
1650 675 1914 717 facultatem

1075 733 1273 785 praebeat
1296 734 1389 775 sine
1416 732 1730 786 impedimento
1755 732 1903 773 Domi-

1075 803 1178 831 num
1197 790 1468 833 obsecrandi.

1131 864 1176 914 R.
1220 859 1390 901 Diffusa
1427 866 1494 903 est
1529 861 1668 913 gratia
1700 862 1743 903 in
1776 860 1903 902 labiis

1074 919 1176 960 tuis:
1196 922 1217 943 *
1238 918 1479 970 Propterea
1502 917 1726 960 benedixit
1750 923 1795 960 te
1818 917 1902 959 De·

1075 989 1126 1016 us
1154 975 1198 1016 in
1226 976 1449 1016 aeternum.
1498 971 1547 1022 V.
1571 974 1726 1027 Specie
1754 980 1830 1017 tua
1859 979 1903 1016 et

1074 1031 1398 1085 pulchritudine
1417 1036 1493 1073 tua
1510 1031 1702 1080 intende,
1720 1034 1901 1085 prospe-

1075 1102 1121 1131 re
1139 1088 1343 1142 procede,
1363 1093 1406 1130 et
1425 1101 1570 1139 regna.
1596 1088 1850 1142 Propterea.

1129 1154 1288 1195 Bencd.
1316 1154 1501 1207 Spiritus
1521 1154 1659 1196 sancti
1678 1154 1829 1206 gratia.

1379 1228 1530 1268 Lectio
1551 1228 1604 1267 iii.

1078 1290 1160 1396 Si
1189 1295 1284 1347 quis
1314 1298 1460 1335 autem
1487 1298 1662 1347 turpem
1691 1307 1737 1336 se
1765 1293 1903 1336 videri

1159 1351 1377 1393 existimat
1421 1363 1554 1403 super
1599 1351 1765 1402 virgine
1809 1363 1903 1400 sua,

1076 1407 1196 1460 quod
1219 1407 1276 1448 sit
1301 1406 1600 1459 superadulta,
1626 1412 1670 1448 et
1692 1407 1752 1448 ita
1776 1409 1902 1460 oper-

1074 1469 1138 1506 tet
1155 1464 1264 1506 fieri:
1285 1463 1405 1516 quod
1420 1463 1513 1505 vult
1531 1463 1676 1505 faciat:
1695 1476 1783 1505 non
1803 1476 1902 1516 pec-

1075 1526 1164 1570 cat,
1193 1521 1229 1562 si
1252 1519 1400 1562 nubat.
1439 1519 1554 1561 Nam
1585 1521 1658 1572 qui
1681 1521 1834 1562 statuit
1859 1521 1903 1561 in

1075 1577 1210 1619 corde
1234 1590 1314 1618 suo
1339 1576 1506 1625 firmus,
1533 1589 1622 1618 non
1646 1575 1814 1619 habens
1831 1590 1902 1619 ne-

1075 1634 1341 1683 cessitatem,
1368 1635 1636 1686 potestatem
1660 1638 1807 1676 autem
1830 1633 1903 1675 ha-

1074 1690 1183 1732 bens
1212 1703 1303 1731 suae
1330 1689 1589 1739 voluntatis,
1623 1694 1666 1732 et
1695 1689 1781 1732 hoc
1798 1690 1903 1742 judi-

1075 1747 1190 1788 cavit
1218 1747 1260 1787 in
1290 1745 1424 1788 corde
1453 1758 1552 1797 suo,
1581 1748 1757 1788 servare
1775 1747 1901 1798 virgi-

1074 1816 1174 1845 nem
1194 1816 1329 1852 suam,
1348 1802 1460 1845 bene
1477 1802 1590 1844 facit.
1618 1803 1755 1855 Igitur
1769 1807 1813 1845 et
1828 1803 1902 1856 qui

1074 1860 1352 1901 matrimonio
1378 1859 1514 1911 jungit
1533 1860 1743 1911 virginem
1769 1872 1902 1909 suam,

1075 1916 1186 1959 bene
1210 1916 1326 1958 facit:
1355 1921 1399 1958 et
1425 1917 1499 1969 qui
1522 1929 1610 1958 non
1637 1917 1789 1968 jungit,
1815 1918 1901 1958 me-

1074 1974 1157 2015 lius
1184 1973 1298 2015 facit.
1334 1973 1491 2015 Mulier
1519 1973 1693 2024 alligata
1722 1978 1790 2015 est
1816 1973 1903 2025 legi

1077 2035 1240 2083 quanto
1251 2032 1451 2083 tempore
1461 2030 1526 2071 vir
1539 2030 1630 2082 ejus
1640 2030 1755 2072 vivit.
1773 2029 1902 2080 Quod

1076 2089 1111 2129 si
1137 2087 1363 2129 dormierit
1386 2087 1452 2128 vir
1475 2087 1580 2138 ejus,
1608 2086 1793 2128 liberata
1821 2092 1902 2128 est:

1077 2145 1145 2186 cui
1164 2143 1257 2185 vult
1275 2143 1424 2194 nubat,
1450 2147 1619 2185 tantum
1638 2143 1681 2183 in
1700 2143 1902 2184 Demino.

1075 2201 1255 2243 Beatior
1273 2205 1419 2241 autem
1439 2200 1534 2249 erit,
1563 2199 1599 2241 si
1622 2199 1685 2240 sic
1703 2201 1902 2252 perman-

1076 2258 1198 2307 serit,
1227 2256 1468 2298 secundum
1491 2269 1636 2298 meum
1661 2255 1902 2297 consilium:

1076 2319 1184 2367 puto
1213 2318 1359 2355 autem
1389 2312 1507 2365 quod
1527 2318 1570 2354 et
1590 2325 1672 2363 ego
1695 2311 1918 2364 Spiritum*

1076 2371 1159 2413 Dei
1178 2370 1374 2412 habeam.
1902 2369 1905 2372 ’

1132 2436 1180 2488 Ιζι,
1213 2435 1368 2488 Specie
1401 2439 1475 2476 tua
1506 2438 1549 2476 et
1577 2432 1901 2486 pulchritudine

1077 2498 1151 2534 tua
1184 2496 1206 2518 *
1226 2490 1427 2539 Intende,
1456 2492 1669 2543 prespere
1698 2489 1903 2542 procede,

1078 2554 1121 2590 ct
1143 2561 1287 2601 regna.
1325 2544 1375 2594 V.
1400 2546 1571 2587 Diffusa
1599 2551 1664 2587 est
1691 2546 1832 2596 gratia
1859 2546 1902 2586 in

1078 2605 1203 2647 labiis
1227 2605 1328 2653 tuis,
1353 2604 1591 2656 propterea
1615 2602 1840 2644 benedixit
1858 2607 1903 2643 te

1078 2662 1198 2703 Deus
1222 2662 1266 2702 in
1287 2662 1509 2702 aeternum.
1533 2658 1727 2700 Intende.
1754 2658 1903 2699 Gloria

1077 2718 1207 2760 Patri.
1234 2716 1427 2759 Intende.
