2040 2944
718 195 888 229 Sabbato
914 195 962 228 ad
986 195 1222 230 Matutinum.
1804 199 1848 234 93

198 289 397 338 Quaesita
416 292 500 343 jam
519 292 708 344 primum
727 293 837 334 fides

252 347 302 387 In
322 347 457 388 corde
476 348 647 390 radices
667 354 781 400 agat:

253 403 453 445 Secunda
473 418 574 457 spes
594 405 879 456 congaudeat,

254 460 349 509 Qua
368 462 506 512 major
526 466 668 503 exstat
687 462 858 503 caritas.

196 528 295 570 Deo
313 530 433 571 Patri
453 531 510 571 sit
528 531 678 582 gloria,

252 585 443 637 Eiusque
464 587 547 628 soli
566 588 689 638 Filio,

254 642 363 683 Cum
382 643 547 696 Spiritu
565 644 797 694 paraclito,

237 698 390 749 ,Nunc‚
410 704 454 740 et
474 713 554 752 per
573 713 700 742 omne
721 700 939 742 saeculum.

459 753 613 794 Amen.

195 811 246 862 V.
278 815 456 868 Repleti
482 830 630 858 sumus
656 831 782 859 mane
809 819 973 860 miseri-

151 871 302 912 cordia
331 877 417 914 tua.
462 873 512 925 Rt.
553 874 895 925 Exsultavimus,
931 880 974 916 et

151 927 358 970 delectati
378 943 537 970 sumus.

197 985 267 1026 Ad
282 985 561 1026 Benedictus.
582 987 681 1027 Ant.
706 986 791 1029 Per
807 989 975 1029 viscera

149 1039 172 1064 *
189 1041 504 1084 misericordiae
520 1044 603 1084 Dei
622 1045 761 1085 nostri
782 1044 975 1085 visitavit

149 1109 230 1138 nos
254 1098 409 1140 Oriens
431 1112 485 1140 ex
502 1100 603 1141 alto.

186 1162 344 1206 Preces,
376 1163 533 1207 quando
566 1163 741 1198 dicendae
772 1169 876 1207 sunt,
907 1165 971 1199 ha-

143 1210 281 1245 bentur
306 1221 423 1255 supra
448 1212 487 1245 in
510 1211 623 1246 Feria
646 1211 692 1246 Π.
721 1214 773 1248 51.

368 1295 662 1321 —ffiffiss
677 1308 782 1309 ἶ

233 1378 456 1420 Sabbato
485 1380 551 1420 ad.
577 1380 896 1422 Matutinum.

200 1445 323 1486 Invit.
351 1446 590 1487 Dominum
610 1447 753 1488 Deum
776 1453 975 1488 nostrum

143 1503 166 1527 *
192 1500 362 1551 Venite,
383 1501 626 1544 adoremus.

202 1567 270 1607 Ps.
297 1567 467 1617 Venite,
488 1569 765 1610 exsultemus.
783 1570 820 1609 2.

454 1638 666 1690 Hymnus.

270 1715 428 1744 ummae
443 1703 608 1745 Parens
629 1703 882 1753 clementiae,

276 1758 429 1800 Mundi
447 1761 563 1810 regis
584 1761 658 1811 qui
677 1760 933 1810 machinam,

251 1814 390 1856 Unius
410 1820 453 1857 et
472 1815 741 1866 substantiae,

252 1871 500 1924 Trinusque
519 1873 720 1925 personis
739 1873 875 1914 Deus:

196 1939 387 1982 Nostros
406 1941 506 1993 pius
523 1955 625 1996 ,cum
644 1941 826 1983 canticis

250 1997 400 2039 Fletus
419 1997 606 2050 benigne
626 1999 815 2050 suscipe:

250 2054 309 2095 Ut
327 2054 462 2095 corde
482 2068 594 2107 puro
617 2055 814 2096 sordium

250 2110 315 2151 Te
332 2111 607 2163 perfruamur
626 2111 800 2162 largius.

197 2179 404 2229 Lumbos,
421 2180 627 2232 jecurque
647 2180 895 2222 morbidum

249 2235 456 2287 Flammis
476 2236 611 2278 adiu-e
633 2238 847 2288 congruis,

249 2292 447 2333 Accincti
466 2298 513 2334 ut
534 2298 655 2334 artus
673 2293 888 2335 excubent

250 2349 375 2389 Luxu
395 2351 567 2390 remoto
587 2349 792 2401 pessimo.

198 2417 474 2469 Quicumque
493 2422 541 2458 ut
560 2417 690 2458 horas
706 2419 902 2459 noctium

248 2473 375 2515 Nunc
395 2474 665 2515 concinendo
686 2475 938 2526 rumpimus,

248 2530 448 2571 Ditemur
468 2543 620 2571 omnes
639 2530 804 2571 affatim

247 2586 387 2627 Donis
405 2586 548 2628 beatae
567 2587 733 2639 patriae.

197 2652 375 2705 Praesta,
395 2656 526 2697 Pater
545 2655 750 2708 piissime,

247 2711 454 2763 Patrique
473 2725 654 2764 compar
673 2712 821 2760 Unice,

300 2853 363 2878 Pars
381 2853 550 2879 Autumnalis.

1130 295 1238 336 Cum
1258 296 1419 348 Spiritu
1438 296 1654 337 Paraclito

1129 352 1332 402 Regnans
1351 365 1430 404 per
1451 365 1578 394 omne
1600 352 1817 393 saeculum.

1334 408 1486 450 Amen.

1081 470 1180 511 Ant.
1201 472 1314 521 Quia
1331 473 1556 514 mirabilia.

1298 540 1495 581 Psalmus
1516 542 1580 581 97.

1030 611 1110 642 '2⁷
1148 608 1294 647 antate
1315 607 1504 648 Domino
1533 609 1749 650 canticum
1775 623 1847 651 no-

1032 677 1034 686 <
1165 675 1280 702 vum:
1299 663 1322 688 *
1344 663 1444 714 quia
1463 664 1677 706 mirabilia
1695 666 1808 707 fecit.

1031 734 1032 741 ¹
1072 719 1083 725 ²
1118 727 1139 745 ζ’
1197 718 1390 760 Salvavit
1419 720 1502 761 sibi
1531 720 1710 762 dextera
1739 723 1847 774 ejus:

1026 774 1048 799 *
1069 781 1112 815 et
1129 774 1355 815 brachium
1375 781 1572 817 sanctum
1594 778 1694 829 ejus.

1077 831 1243 872 Notum
1275 831 1379 872 fecit
1406 833 1620 873 Dominus
1658 834 1848 876 salutare

1026 900 1165 927 suum:
1184 888 1208 912 *
1227 887 1271 927 in
1291 890 1532 941 conspectu
1553 889 1758 931 Gentium
1784 904 1847 932 re-

1026 943 1188 984 velavit
1207 945 1415 996 justitiam
1434 959 1567 986 suam.

1077 1000 1353 1041 Recordatus
1414 1006 1479 1043 est
1532 1003 1846 1044 misericordiae

1027 1069 1132 1107 suae,
1154 1057 1177 1082 *
1198 1061 1240 1097 et
1267 1058 1465 1099 veritatis
1494 1072 1585 1099 suae
1614 1059 1764 1100 domui
1787 1060 1846 1100 Is-

1026 1112 1128 1153 rael

1078 1168 1297 1211 Viderunt
1315 1183 1466 1211 omnes
1489 1172 1661 1212 termini
1679 1176 1809 1213 terrae
1824 1172 1847 1197 *

1027 1225 1217 1267 salutare
1235 1226 1319 1268 Dei
1337 1227 1485 1268 nostri.

1077 1282 1101 1322 J
1103 1281 1267 1324 ubilate
1283 1283 1380 1324 Deo
1402 1283 1542 1324 omnis
1564 1288 1693 1324 terra:
1712 1284 1736 1309 *
1752 1297 1847 1325 can-

1026 1340 1128 1388 tate,
1149 1344 1193 1379 et
1215 1339 1440 1389 exsultate,
1460 1344 1503 1380 et
1519 1340 1703 1392 psallite.

1077 1395 1256 1436 Psallite
1284 1396 1474 1437 Domino
1507 1396 1551 1436 in
1587 1396 1767 1447 cithara,
1805 1397 1848 1436 in

1026 1450 1193 1492 cithara
1222 1457 1264 1492 et
1291 1464 1400 1493 voce
1427 1452 1599 1504 psalmi:
1618 1453 1641 1478 *
1667 1453 1709 1492 in
1729 1453 1847 1494 tubis

1027 1506 1275 1557 ductilibus,
1296 1513 1339 1549 et
1358 1521 1467 1549 voce
1485 1508 1604 1549 tubae
1623 1511 1805 1550 corneae.

1077 1563 1267 1605 Jubilaite
1293 1564 1337 1604 in
1361 1566 1601 1617 conspectu
1626 1565 1741 1616 regis
1761 1566 1847 1606 Do-

1024 1620 1144 1660 mini:
1164 1620 1186 1645 *
1206 1623 1434 1661 moveatur
1452 1634 1582 1670 mare,
1603 1626 1645 1662 et
1664 1621 1847 1673 plenitu-

1026 1675 1083 1717 do
1103 1677 1207 1728 ejus:
1231 1676 1351 1718 orbis
1369 1679 1598 1726 terrarum,
1618 1682 1661 1718 et
1681 1677 1755 1729 qui
1774 1677 1845 1718 ha-

1024 1731 1166 1773 bitant
1185 1732 1230 1772 in
1251 1745 1314 1774 eo.

1075 1788 1275 1829 Fhimina
1303 1789 1513 1841 plaudent
1539 1802 1680 1838 manu,
1718 1788 1845 1829 simul

1024 1849 1197 1885 montes
1232 1845 1512 1886 exsultabunt
1548 1858 1573 1886 a
1606 1847 1846 1898 conspectu

1024 1900 1218 1941 Domini:
1237 1902 1260 1926 *
1280 1901 1485 1953 quoniam
1512 1901 1630 1942 venit
1655 1901 1846 1953 judicare

1025 1961 1196 1998 terram.

1075 2013 1298 2055 Judicabit
1320 2013 1471 2056 orbem
1490 2017 1704 2055 terrarum
1722 2014 1765 2054 in
1787 2013 1844 2064 ju-

1025 2069 1154 2119 stitia,
1173 2070 1196 2095 *
1214 2075 1258 2111 et
1275 2070 1465 2123 populos
1484 2070 1527 2110 in
1547 2071 1763 2121 aequitate.

1298 2147 1495 2187 Psalmus
1517 2147 1580 2185 98.

1117 2208 1287 2249 ominus
1297 2208 1504 2260 regnavit,
1514 2208 1755 2249 irascantur
1768 2210 1842 2260 po-

1125 2264 1232 2316 puli:
1252 2265 1275 2289 *
1296 2265 1369 2315 qui
1393 2264 1517 2305 sedet
1536 2277 1666 2316 super
1685 2264 1843 2305 Cheru-

1023 2319 1123 2369 him,
1142 2323 1371 2361 moveatur
1390 2325 1518 2361 terra.

1073 2376 1288 2416 Dominus
1320 2376 1364 2416 in
1391 2376 1496 2417 Sion
1523 2389 1720 2428 magnus:
1747 2377 1771 2402 *
1799 2381 1841 2418 et

1023 2431 1220 2472 excelsus
1239 2444 1370 2484 super
1390 2444 1541 2473 omnes
1560 2433 1760 2485 populos.

1074 2488 1373 2528 Confiteantur
1392 2489 1557 2529 nomini
1575 2494 1651 2529 tuo
1669 2501 1839 2540 magno:

1023 2544 1227 2595 quoniam
1246 2543 1457 2593 terribile,
1474 2549 1521 2585 et
1541 2549 1739 2585 sanctum
1758 2549 1839 2585 est:

1021 2600 1043 2625 *
1064 2605 1107 2641 et
1126 2599 1267 2640 honor
1284 2600 1400 2651 regis
1418 2600 1622 2652 judicium
1642 2600 1791 2651 diligit.

1071 2656 1140 2696 Tu
1175 2656 1341 2707 parasti
1375 2656 1656 2697 directiones:
1683 2657 1706 2681 *
1732 2655 1836 2706 judi-

1021 2712 1134 2752 cium
1146 2718 1188 2753 et
1198 2712 1405 2763 justitiam
1419 2713 1463 2752 in
1473 2711 1608 2753 Jacob
1625 2717 1672 2752 tu
1686 2710 1836 2752 fecisti.

1589 2840 1632 2873 72
