2040 2944
205 178 275 223 [14]

207 279 368 318 ruinas:
404 276 428 301 *
465 274 778 328 conquassabit
811 275 957 328 capita
990 276 1033 316 in

208 339 325 375 terra
343 331 590 373 multorum.

257 390 325 430 De
349 390 544 430 torrente
569 388 613 429 in
637 388 708 430 via
727 388 867 430 bibet:
884 388 908 415 *
934 401 1032 441 pro-

207 448 359 499 pterea
379 445 588 487 exaltabit
607 449 750 498 caput.

259 505 357 543 Ant.
400 502 570 543 Juravit
600 502 834 551 Dominus,
870 506 914 544 et
945 514 1033 543 non

206 558 438 611 poenitebit
458 572 571 600 eum:
599 559 668 600 Tu
692 572 739 601 es
763 558 972 601 sacerdos
990 559 1033 600 in

207 617 430 657 aeternum.

257 674 357 714 Ant.
399 671 599 714 Collocet
632 686 731 714 eum
762 673 786 699 *
817 673 1032 715 Dominus

207 742 307 770 cum
325 728 597 782 principibus
616 729 769 783 populi
788 730 864 771 sui.

469 790 666 831 Psalmus
686 791 764 830 112.

257 842 417 884 audate
450 843 576 895 pueri
607 843 860 884 Dominum:
890 843 914 869 *
945 842 1033 884 lau-

310 899 411 941 date
430 912 590 941 nomen
608 900 797 941 Domini.

257 956 321 998 Sit
339 969 499 998 nomen
511 956 690 998 Domini
708 955 1000 1005 benedictum,
1010 956 1033 982 *

205 1026 259 1055 ex
278 1013 363 1055 hoc
382 1026 507 1063 nunc,
530 1018 574 1055 et
591 1026 731 1066 usque
749 1013 794 1054 in
813 1013 1034 1055 saeculum.

255 1070 297 1111 A
317 1070 424 1111 solis
441 1075 541 1111 ortu
555 1083 694 1122 usque
710 1070 767 1112 ad
782 1070 1033 1119 occasum‚*

204 1126 424 1169 laudabile
443 1139 604 1168 nomen
622 1127 811 1168 Domini.

256 1183 468 1225 Excelsus
509 1196 641 1237 super
678 1196 830 1225 omnes
867 1183 1032 1225 Gentes

204 1241 436 1290 Dominus,
455 1241 479 1267 *
507 1245 551 1283 et
578 1253 710 1293 super
730 1241 869 1283 coelos
893 1240 1032 1292 gloria

206 1310 307 1349 ejus.

257 1354 364 1404 Quis
380 1354 491 1396 sicut
505 1354 720 1396 Dominus
734 1355 856 1396 Deus
871 1358 1031 1405 noster,

207 1411 281 1463 qui
298 1410 342 1451 in
361 1411 460 1452 altis
479 1410 658 1460 habitat,
673 1410 696 1437 *
717 1415 760 1453 et
774 1410 953 1452 humilia
967 1412 1031 1452 re-

206 1467 334 1520 spicit
350 1467 395 1508 in
415 1467 529 1509 coelo
550 1472 594 1509 et
611 1468 656 1508 in
674 1466 815 1509 terra?

256 1524 481 1566 Suscitans
513 1537 538 1566 a
568 1528 687 1566 terra
718 1526 911 1577 inopem,
936 1525 960 1551 *
988 1529 1032 1567 et

205 1581 260 1623 de
280 1583 475 1623 stercore
495 1581 666 1632 erigens
685 1584 941 1634 paaperem:

258 1638 317 1680 Ut
345 1637 534 1680 collocet
562 1651 662 1680 eum
695 1651 795 1680 cum
827 1638 1031 1692 principi-

203 1695 301 1746 bus,
321 1695 344 1721 *
373 1694 764 1748 cum,principibus
783 1695 936 1748 populi
955 1696 1031 1737 sui.

255 1751 340 1802 Qui
358 1751 555 1794 habitare
572 1751 676 1793 facit
691 1751 884 1793 sterilem
898 1752 941 1793 in
957 1751 1030 1794 do-

203 1821 287 1858 mo,
307 1809 331 1835 *
358 1813 543 1850 matrem
560 1808 750 1850 filiorum
768 1808 1001 1851 laetantem.

257 1864 354 1904 Ant.
375 1864 573 1907 Collocet
588 1878 687 1907 eum
701 1866 917 1908 Dominus
933 1879 1031 1908 cum

203 1920 474 1974 principibus
493 1922 647 1975 populi
666 1922 743 1963 sui.

260 1976 355 2017 Ant.
367 1976 583 2031 Dirupisti
593 1979 690 2020 Dfie
701 1979 724 2005 *
734 1978 907 2020 vincula
920 1991 1032 2020 mea:

204 2032 282 2075 tibi
301 2034 559 2078 sacrificabo
578 2035 768 2077 hostiam
786 2035 937 2077 laudis,

468 2093 667 2134 Psalmus
687 2094 766 2134 115.

206 2140 438 2249 Credidi,
483 2152 667 2201 propter
704 2147 824 2200 quod
858 2148 1032 2190 locutus

300 2215 410 2250 sum:
438 2204 461 2230 *
497 2217 578 2255 ego
607 2209 753 2247 autem
780 2204 1032 2247 humiliatus

207 2271 303 2300 sum
325 2273 463 2301 nlmlS.

257 2316 351 2366 Ego
364 2316 454 2358 dixi
469 2317 512 2358 in
523 2319 708 2359 excessu
721 2318 867 2360 meo:*
879 2317 1032 2359 Omnis

207 2370 338 2413 homo
359 2373 558 2415 mendax.

259 2428 374 2477 Quid
401 2430 638 2472 retribuam
665 2431 874 2481 Domino,
899 2431 923 2457 *
950 2443 1032 2483 pro

207 2484 418 2535 omnibus,
448 2499 546 2538 quae
566 2487 766 2530 retribuit
784 2487 912 2529 mihi?

261 2541 451 2583 Calicem
471 2543 672 2585 salutaris
691 2545 919 2597 accipiam:
942 2545 966 2570 *
990 2549 1034 2586 et

206 2610 365 2639 nomen
384 2598 562 2640 Domini
581 2601 809 2643 invocabo.

259 2655 376 2696 Vota
403 2668 501 2696 mea
528 2656 718 2699 Domino
748 2657 931 2699 reddam
963 2670 1032 2699 co-

207 2724 299 2752 ram
325 2712 443 2752 omni
469 2713 635 2765 populo
661 2715 766 2766 eius:
791 2714 814 2740 *
838 2714 1033 2767 pretiosa

792 183 1002 217 Commune
1026 183 1315 226 Apostolorum.

1083 276 1127 316 in
1147 277 1387 328 conspectu
1404 276 1583 318 Domini
1600 290 1720 319 mors
1739 280 1908 320 sancto-

1084 345 1180 373 rum
1201 345 1307 384 elus:

1137 389 1175 430 O
1194 389 1383 431 Domine
1403 389 1504 442 quia
1522 402 1604 441 ego
1622 403 1775 434 servus
1794 397 1909 434 tuus:

1083 446 1107 471 *
1127 458 1209 496 ego
1229 458 1382 488 servus
1400 451 1516 497 tuuS,
1544 451 1588 488 et
1606 447 1722 490 filius
1739 449 1908 492 ancillae

1083 507 1182 544 tuae.

1135 559 1349 613 Dirupisti
1368 560 1540 602 vincula
1563 573 1676 603 mea:
1698 562 1722 588 *
1745 561 1825 604 tibi
1844 575 1908 604 sa-

1085 615 1292 658 crificabo
1307 616 1497 659 hostiam
1515 617 1668 668 laudis,
1689 622 1732 660 et
1750 631 1909 661 nomen

1083 673 1262 714 Domini
1279 673 1509 715 invocabo.

1135 729 1254 771 Vota
1289 743 1387 772 mea
1418 730 1610 772 Domino
1647 730 1830 773 reddam
1865 731 1909 773 in

1084 788 1324 839 conspectu
1347 787 1489 828 omnis
1514 787 1667 841 populi
1692 789 1797 840 ejus:
1818 788 1843 815 *
1865 789 1909 830 in

1084 843 1205 884 atriis
1225 842 1382 885 domus
1399 844 1592 894 Domini,
1619 844 1664 886 in
1682 844 1828 887 medio
1847 845 1910 887 tui

1083 899 1338 942 Jerusalem.

1135 958 1235 998 Ant.
1259 957 1473 1010 Dirupisti
1491 957 1587 1000 Dfie
1606 957 1779 1000 vincula
1797 970 1910 1000 mea:

1084 1012 1163 1055 tibi
1183 1013 1441 1055 sacrificabo
1460 1013 1650 1056 hostiam
1668 1014 1821 1056 laudis.

1135 1072 1235 1111 Ant.
1269 1070 1434 1112 Euntes
1465 1070 1587 1113 ibant
1612 1071 1636 1098 *
1665 1075 1709 1113 et
1736 1071 1910 1122 flebant,

1083 1126 1304 1169 mittentes
1324 1127 1490 1169 semina
1508 1140 1597 1169 sua.

1342 1186 1541 1228 Psalmus
1560 1187 1647 1228 125.

1129 1253 1157 1280 n
1181 1239 1478 1282 convertendo
1497 1240 1712 1282 Dominus
1732 1241 1909 1294 captivi-

1158 1299 1295 1338 tatem
1311 1297 1430 1338 Sion:
1453 1297 1478 1323 *
1503 1297 1606 1339 facti
1627 1310 1777 1339 sumus
1798 1298 1911 1340 sicut

1083 1353 1316 1395 consolati:

1135 1410 1259 1452 Tunc
1274 1410 1490 1463 repletum
1505 1414 1572 1452 est
1586 1410 1748 1462 gaudio
1766 1423 1816 1452 os
1835 1423 1909 1452 no·

1083 1472 1238 1508 strum:
1264 1467 1288 1493 *
1317 1471 1361 1509 et
1387 1466 1535 1518 lingua
1552 1472 1705 1509 nostra
1724 1467 1908 1510 exsulta-

1081 1524 1211 1565 tione.

1134 1580 1259 1622 Tunc
1278 1579 1425 1622 dicent
1448 1580 1560 1622 inter
1580 1580 1760 1622 Gentes:
1778 1580 1802 1607 *
1821 1580 1910 1622 Ma-

1082 1637 1305 1688 gnificavit
1318 1637 1537 1678 Dominus
1555 1636 1701 1679 facere
1721 1650 1821 1679 cum
1837 1637 1910 1679 eis.

1134 1693 1431 1745 Magnificavit
1444 1693 1661 1735 Dominus
1675 1693 1821 1736 facere
1835 1706 1910 1735 no-

1082 1751 1268 1793 biscum:
1287 1750 1311 1776 *
1331 1750 1434 1792 facti
1452 1763 1602 1792 sumus
1620 1750 1833 1793 laetantes.

1135 1807 1351 1849 Converte
1382 1807 1572 1849 Domine
1608 1807 1910 1860 captivitatem

1083 1869 1291 1915 nostram,
1306 1864 1330 1890 *
1352 1864 1464 1906 sicut
1483 1869 1655 1906 torrens
1674 1864 1718 1905 in
1733 1863 1910 1906 Austro.

1136 1921 1220 1972 Qui
1235 1921 1448 1963 seminant
1463 1921 1507 1962 in
1521 1921 1723 1971 lacrimis,
1737 1921 1762 1947 *
1780 1921 1824 1962 in
1839 1934 1909 1963 ex-

1084 1978 1317 2020 sultatione
1335 1982 1512 2020 metent.

1134 2035 1302 2077 Euntes
1316 2034 1438 2077 ibant
1453 2039 1497 2077 et
1511 2033 1685 2084 flebant,
1698 2034 1722 2061 *
1741 2034 1910 2076 mitten-

1083 2097 1151 2134 tes
1171 2091 1335 2133 semina
1355 2104 1445 2133 sua.

1134 2148 1374 2190 Venientes
1414 2152 1560 2190 autem
1596 2147 1771 2189 venient
1810 2159 1909 2188 cum

1085 2205 1391 2255 exsultatione,
1409 2205 1433 2231 *
1464 2206 1693 2258 portantes
1715 2205 1908 2256 manipu-

1085 2263 1152 2304 los
1172 2274 1286 2304 suos.

1138 2316 1236 2357 Ant.
1254 2318 1419 2360 Euntes
1433 2317 1554 2360 ibant
1567 2321 1611 2359 et
1625 2315 1800 2366 flebant,
1815 2316 1908 2358 mit-

1084 2377 1226 2418 tentes
1246 2375 1411 2417 semina
1430 2387 1518 2416 sua.

1138 2431 1236 2471 Ant.
1266 2431 1547 2473 Confortatus
1567 2433 1633 2471 est
1651 2429 1674 2455 *
1693 2428 1909 2482 principa-

1086 2493 1155 2530 tus
1176 2490 1344 2537 eorum,
1378 2492 1422 2530 et
1439 2485 1644 2528 honorati
1663 2490 1764 2527 sunt
1783 2485 1909 2527 amici

1085 2545 1148 2587 tui
1166 2545 1299 2586 Deus.

1342 2590 1539 2631 Psalmus
1561 2592 1645 2631 138.

1084 2642 1320 2748 Domine
1344 2654 1542 2708 probasti
1565 2667 1650 2705 me,
1684 2660 1728 2697 et
1752 2667 1910 2706 cogno-

1202 2713 1301 2755 visti
1326 2725 1410 2754 me:
1433 2713 1456 2738 *
1479 2717 1527 2754 tu
1552 2711 1795 2763 cognovisti
1823 2724 1908 2754 ses—
