2040 2944
671 235 772 268 Infra
798 233 1092 267 Hebdomadam
1118 232 1154 265 ii.
1180 231 1426 274 Septembris.

191 332 331 372 minos
360 342 478 377 suos,
515 333 558 369 et
590 327 806 378 intelligas
835 326 1014 368 semitas

192 388 346 429 domus
366 387 466 437 ejus.

247 448 297 498 R.
319 443 462 492 Quare
482 439 743 482 detraxistis.
762 440 842 480 131.

399 545 579 580 Feria
615 543 810 579 Sexta

451 603 513 642 De
532 600 645 642 libro
665 600 689 641 J
693 600 761 641 ob.

294 664 443 704 Lectio
464 664 485 703 i.
719 661 822 712 Cap.
841 663 913 701 40.

285 722 536 774 espondens
548 726 694 764 autem
705 721 919 762 Do'minus
929 721 1015 763 101)

302 778 356 820 de
375 779 559 829 turbine,
580 778 702 820 dixit:
722 778 916 829 Accinge
936 778 1014 819 sic-

190 841 236 876 ut
255 835 320 876 vir
339 835 512 877 lumbos
527 841 642 877 tuos:
652 833 945 885 interrogabo
960 839 1015 884 te,

190 897 233 933 et
264 890 407 933 indica
438 891 552 932 mihi.
592 890 816 942 Numquid
847 891 1016 931 irritum

189 948 325 989 facies
353 947 558 999 judicium
585 960 748 995 meum,
786 953 829 988 et
856 946 1014 988 conde-

189 1004 359 1045 mnabis
386 1017 472 1053 me,
504 1010 552 1046 ut
578 1010 626 1046 tu
654 1002 920 1056 justificeris?
960 1003 1016 1045 Et

190 1061 226 1101 si
254 1060 390 1102 habes
418 1060 645 1102 brachium
673 1061 784 1101 sicut
808 1061 943 1110 Deus,
973 1066 1016 1102 et

190 1117 226 1157 si
242 1129 351 1158 voce
370 1117 497 1158 simili
516 1116 665 1159 tonas?
687 1116 922 1158 Circumda
936 1117 1016 1158 tibi

189 1172 406 1223 decorem,
431 1179 474 1215 et
498 1175 541 1214 in
561 1173 747 1215 sublime
768 1175 945 1224 erigere,
973 1179 1016 1215 et

189 1235 284 1271 esto
299 1230 528 1281 gloriosus,
549 1235 592 1272 et
606 1231 819 1282 speciesis
835 1229 1016 1272 induere

188 1286 394 1328 vestibus.

242 1345 291 1396 Rv.
317 1342 477 1384 Induta
495 1348 573 1385 est.
591 1345 670 1385 131.

499 1400 651 1441 Lectio
672 1401 712 1440 ii.

190 1454 450 1559 Disperge
470 1456 685 1509 superbos
704 1457 747 1497 in
764 1457 911 1499 furore
925 1461 1014 1508 tuo,

294 1517 337 1553 et
356 1513 595 1566 respiciens
616 1525 790 1555 omnem
809 1517 1014 1564 arrogan-

187 1572 277 1609 tem
303 1568 492 1610 humilia.
525 1570 716 1622 Respice
742 1574 924 1612 cunctos
948 1584 1015 1612 su-

187 1624 366 1676 perbOS,
396 1631 439 1667 et
468 1625 687 1668 confunde
717 1639 813 1676 008,
843 1631 887 1668 et
915 1629 1014 1669 cen-

187 1685 280 1722 tere
299 1681 459 1734 impios
478 1682 521 1722 in
541 1682 640 1724 1000
660 1696 752 1724 8110.
775 1682 1015 1725 Absconde

188 1749 264 1778 eos
285 1738 328 1778 in
347 1738 528 1790 pulvere
548 1739 692 1788 simul,
719 1744 762 1781 et
784 1740 920 1781 facies
944 1743 1014 1782 eo-

187 1806 285 1834 rum
316 1793 521 1846 demerge
551 1796 595 1836 in
629 1795 817 1837 feveam:
857 1801 901 1838 et
932 1809 1014 1848 ego

188 1850 432 1892 confitebor
462 1851 582 1904 quod
607 1852 777 1894 salvare
802 1858 847 1894 te
872 1853 1015 1905 possit

188 1906 369 1948 dextera
418 1913 504 1949 tua.
568 1909 701 1958 Ecce,
751 1909 1014 1960 Behemoth‚

190 1975 319 2014 quem
356 1963 439 2004 feci
476 1970 638 2014 tecum,
683 1965 851 2014 foenum
891 1967 1015 2018 quasi

187 2019 270 2061 bos
316 2020 532 2062 comedet:
577 2021 790 2063 fortitudo
836 2023 926 2074 ejus
971 2023 1015 2063 in

188 2075 347 2117 lumbis
371 2077 477 2128 ejuS,
507 2082 550 2119 et
570 2079 707 2120 virtus
727 2078 842 2120 illius
861 2079 905 2120 in
924 2093 1013 2121 um-

188 2131 318 2174 bilico
338 2134 502 2175 ventris
522 2135 625 2186 ejus.

241 2191 290 2242 Rv.
316 2189 531 2232 Paucitas.
550 2192 635 2232 132.

292 2247 442 2287 Lectio
464 2247 517 2286 iii.
722 2246 825 2297 Cap.
846 2248 910 2287 42.

276 2301 523 2353 espondens
542 2308 689 2345 autem
707 2303 732 2344 J
735 2303 792 2345 ob
812 2304 1013 2354 DeminQ

292 2357 416 2399 dixit:
444 2359 544 2401 Scio
571 2360 672 2412 quia
697 2361 841 2402 omnia
866 2366 1012 2414 potes,

189 2418 233 2454 et
252 2413 369 2455 nulla
386 2419 430 2456 te
448 2415 555 2457 latet
575 2417 796 2468 cogitatio.
824 2418 931 2468 Quis
947 2422 1014 2459 est

188 2469 288 2518 iste,
326 2471 399 2522 qui
436 2472 548 2513 celat
584 2473 812 2515 consilium
843 2474 1014 2526 absque

189 2526 390 2582 scientia?
423 2527 523 2570 ideo
556 2529 809 2582 insipienter
841 2530 1014 2572 locutus

189 2595 302 2632 sum,
322 2587 365 2624 et
387 2596 485 2635 quae
503 2585 616 2627 ultra
634 2586 813 2628 modum
833 2586 1013 2628 excede-

187 2644 284 2680 rent
303 2639 526 2681 scientiam
543 2655 695 2683 meam.
724 2643 852 2692 Audi,
871 2648 915 2684 et
931 2655 1013 2694 ego

188 2696 357 2748 loquar:
381 2696 663 2748 interrogabo
683 2704 743 2749 te,
770 2705 813 2742 et
837 2702 1014 2752 respen-

189 2752 244 2796 de
271 2752 387 2795 mihi.
437 2752 603 2796 Auditu
635 2756 751 2796 auris
783 2755 930 2798 audivi
958 2761 1013 2805 te,

1066 337 1181 366 nunc
1207 329 1353 366 autem
1378 323 1531 366 oculus
1554 336 1677 365 meus
1696 323 1817 366 videt
1838 329 1894 366 te.

1066 380 1240 423 Idcirco
1276 381 1371 433 ipse
1407 393 1477 421 me
1515 379 1809 432 reprehendo,
1851 385 1896 422 et

1067 451 1150 489 ago
1182 437 1485 490 poenitentiam
1516 437 1560 477 in
1593 436 1739 478 favilla
1764 442 1811 480 et
1839 440 1895 479 ci-

1067 507 1182 605 nei-{U
1195 550 1297 592 Non
1316 549 1574 591 abscendas.
1592 550 1678 590 132.

1353 658 1612 695 Sabbata

1320 713 1385 752 De
1414 710 1526 752 libro
1554 710 1579 751 J
1582 709 1651 751 ob.

1174 774 1327 814 Lectio
1348 773 1371 813 i.
1556 771 1658 822 Cap.
1674 772 1738 811 42.
1754 770 1793 812 b.

1094 845 1133 885 ῐῗ,
1155 837 1359 885 ostquam
1374 837 1521 874 autem
1535 832 1711 874 locutus
1727 837 1795 874 est
1808 832 1896 874 Do-

1079 863 1142 927 {iv-vj,
1171 890 1314 931 minus
1339 889 1475 931 verba
1500 890 1596 930 haec
1622 888 1679 930 ad
1703 889 1727 930 J
1731 888 1806 938 ob,
1835 888 1896 930 di-

1069 946 1132 988 xit
1161 946 1218 988 ad
1243 946 1429 999 Eliphaz
1454 945 1776 987 Themanitem:
1807 946 1895 986 Ira-

1068 1008 1139 1045 tus
1159 1007 1227 1044 est
1245 1002 1366 1043 furor
1384 1015 1508 1044 meus
1526 1002 1572 1043 in
1589 1007 1645 1051 te,
1665 1006 1708 1043 et
1723 1002 1767 1042 in
1783 1000 1895 1043 duos

1069 1062 1234 1101 amieos
1266 1064 1384 1109 tuos,
1426 1059 1633 1110 quoniam
1669 1071 1759 1100 non
1791 1058 1896 1100 estis

1068 1116 1205 1158 locuti
1225 1128 1375 1157 coram
1392 1128 1463 1157 me
1482 1120 1662 1164 rectum,
1681 1115 1794 1156 sicut
1809 1127 1896 1156 ser-

1069 1187 1149 1215 vus
1174 1186 1297 1215 meus
1317 1173 1342 1213 J
1345 1172 1414 1215 ob.
1447 1172 1614 1214 Sumite
1640 1184 1745 1223 ergo
1770 1171 1898 1213 vobis

1070 1235 1240 1283 septem
1265 1235 1433 1279 tauros,
1462 1234 1506 1271 et
1531 1234 1702 1282 septem
1727 1230 1898 1279 arietes,

1070 1293 1114 1329 et
1131 1288 1192 1328 ite
1212 1287 1269 1328 ad
1287 1299 1462 1328 servum
1480 1299 1626 1328 meum
1645 1285 1669 1326 J
1671 1285 1746 1334 ob,
1773 1289 1817 1326 et
1836 1284 1896 1326 of-

1068 1344 1178 1386 ferte
1203 1344 1510 1386 holocaustum
1533 1355 1616 1395 pro
1641 1341 1783 1384 vobis:
1811 1342 1835 1383 J
1839 1341 1897 1383 ob

1070 1406 1215 1442 autem
1239 1413 1391 1442 servus
1414 1412 1537 1441 meus
1557 1399 1703 1441 orabit
1721 1411 1804 1451 pro
1823 1411 1897 1440 vo-

1069 1458 1152 1500 bis:
1178 1458 1335 1499 faciem
1363 1458 1453 1509 eius
1478 1456 1715 1509 suscipiam
1737 1460 1786 1497 ut
1808 1467 1898 1496 non

1069 1514 1195 1556 vobis
1231 1514 1471 1566 imputetur
1512 1512 1709 1555 stultitia:
1753 1524 1898 1564 neque

1069 1572 1183 1613 enim
1202 1571 1340 1612 locuti
1360 1571 1466 1612 estis
1485 1569 1543 1611 ad
1565 1582 1636 1611 me
1654 1573 1791 1619 recta,
1817 1569 1896 1610 sic-

1068 1633 1116 1670 ut
1135 1640 1288 1670 servus
1306 1640 1431 1668 meus
1450 1627 1474 1668 J
1477 1626 1546 1668 ob.

1121 1690 1172 1741 R.
1198 1684 1306 1734 Quis
1326 1683 1433 1725 mihi
1450 1683 1625 1726 tribuat.
1643 1684 1728 1724 132.

1377 1746 1531 1788 Lectio
1550 1747 1590 1787 ii.

1145 1797 1320 1839 bierunt
1339 1810 1444 1849 ergo
1462 1796 1648 1850 Eliphaz
1666 1796 1896 1839 Themani-

1168 1860 1253 1904 tes,
1282 1859 1326 1896 et
1345 1853 1518 1896 Baldad
1536 1853 1728 1904 Suhites,
1753 1858 1798 1896 et
1819 1855 1896 1896 So-

1066 1911 1178 1965 phar
1196 1910 1512 1960 Naamathites‚
1537 1916 1581 1952 et
1600 1910 1798 1952 fecerunt
1815 1911 1895 1953 sic-

1067 1973 1115 2010 ut
1132 1968 1308 2009 locutus
1332 1967 1476 2009 fuerat
1493 1967 1709 2008 Dominus
1730 1966 1788 2009 ad
1807 1979 1908 2019 eos,-

1068 2030 1112 2066 et
1146 2024 1341 2077 suscepit
1368 2023 1585 2066 Deminus
1616 2023 1774 2065 faciem
1798 2024 1822 2065 J
1826 2023 1896 2066 ob.

1068 2081 1282 2122 Deminus
1305 2093 1481 2133 quoque
1501 2082 1740 2122 conversus
1759 2086 1827 2123 est
1840 2080 1898 2123 ad

1067 2138 1373 2191 poenitentiam
1396 2138 1420 2178 J
1424 2137 1499 2186 ob,
1527 2150 1627 2178 cum
1652 2139 1799 2179 oraret
1823 2137 1896 2179 ille

1067 2206 1150 2247 pro
1170 2194 1322 2235 amicis
1342 2194 1443 2235 suis.
1477 2193 1534 2235 Et
1554 2193 1728 2235 addidit
1746 2194 1896 2236 Demi-

1067 2264 1148 2292 nus
1193 2251 1339 2292 omnia
1389 2254 1679 2302 quaecumque
1724 2250 1897 2292 faerant

1067 2307 1091 2348 J
1095 2307 1169 2357 ob,
1192 2307 1393 2359 duplicia.
1427 2307 1656 2348 Venerunt
1675 2311 1821 2348 autem
1839 2306 1897 2348 ad

1069 2377 1167 2406 eum
1195 2376 1346 2405 omnes
1370 2364 1526 2406 fratres
1549 2363 1630 2413 sui,
1659 2368 1703 2405 et
1726 2364 1895 2405 univer-

1069 2434 1130 2462 sae
1155 2423 1331 2462 sorores
1356 2434 1463 2470 suae,
1493 2425 1537 2462 et
1561 2420 1706 2462 cuncti
1726 2420 1799 2472 qui
1820 2422 1894 2462 no-

1068 2483 1219 2519 verant
1246 2490 1345 2519 eum
1370 2477 1509 2530 prius,
1537 2481 1580 2518 et
1608 2476 1896 2518 comederunt

1068 2548 1166 2576 cum
1200 2547 1253 2576 eo
1286 2547 1445 2586 panem
1476 2534 1520 2574 in
1549 2533 1682 2574 domo
1711 2533 1817 2584 ejus:
1852 2539 1896 2576 et

1067 2589 1300 2628 moverunt
1315 2599 1447 2638 super
1463 2598 1563 2627 eum
1578 2590 1721 2637 caput,
1737 2590 1781 2626 et
1796 2598 1894 2626 con-

1069 2643 1198 2685 solati
1223 2648 1323 2684 sunt
1350 2655 1449 2684 eum
1473 2654 1605 2695 super
1634 2642 1752 2682 omni
1776 2642 1893 2684 malo

1069 2699 1189 2751 quod
1238 2698 1444 2740 intulerat
1496 2698 1710 2740 Dominus
1761 2711 1894 2752 super

1068 2769 1182 2799 eum:
1209 2761 1254 2798 et
1283 2754 1498 2798 dederunt
1525 2755 1565 2796 ei
1591 2758 1893 2808 unusquisque
