2040 2944
532 178 603 212 Die
631 178 678 211 13.
706 177 895 211 Octobris.
943 177 977 211 S.
1004 177 1174 211 Eduardi
1206 178 1318 220 Regis
1346 177 1454 212 Conf.

148 271 284 320 retur,
316 270 524 312 instinctu
551 270 724 312 coelesti
752 270 978 312 sentiebat.

150 325 370 368 Cardinffli
389 326 707 377 Alexandrino,
727 327 784 369 ad
803 328 978 379 conjun-

147 382 315 434 gendos
341 388 495 425 contra
519 384 688 426 Turcas
715 384 978 426 christianos

146 440 384 493 principes,
408 440 555 492 legeto
576 453 725 483 comes
751 440 928 482 additus
952 454 978 482 a

145 494 279 537 beato
316 497 395 538 Pio
440 497 612 549 quinto,
655 496 842 538 arduum
882 497 976 547 iter,

145 552 295 594 fractis
323 553 408 605 jam
435 566 548 606 pene
571 553 755 603 viribus,
783 554 978 606 suscepit

146 621 201 650 ex
221 609 487 661 obedientia,
514 611 558 652 in
588 623 675 663 qua
697 615 740 652 et
758 610 862 652 vitae
883 623 975 652 cur-

146 679 243 708 sum
275 667 451 717 Romae,
483 672 532 709 ut
561 669 757 720 optarat,
790 667 976 709 feliciter

146 724 487 774 consummavit,
531 737 646 766 anno
691 724 836 766 aetatis
882 737 975 766 suae

146 780 420 831 sexagesimo
445 781 661 831 secundo,
690 781 843 823 salutis
868 794 975 824 vero

145 835 376 878 millesimo
414 836 764 889 quingentesimo
802 843 975 890 septua-

144 893 311 943 gesimo
327 893 533 935 secundo.
561 894 602 935 A
617 900 770 936 sancta
784 895 975 945 Teresia,

146 961 245 1001 quae
261 950 351 1002 ejus
365 950 571 992 utebatur
582 951 785 1002 consiliis,
801 952 867 994 vir
881 965 975 993 san-

145 1010 252 1057 ctus,
272 1019 298 1048 a
313 1007 531 1058 Gregorio
547 1007 855 1050 decimotertio
870 1008 974 1050 fide-

143 1061 198 1103 lis
222 1062 478 1105 administer
501 1065 770 1117 appellatus3
798 1065 976 1107 demum

145 1131 171 1159 a
195 1119 419 1163 Clemente
445 1121 634 1168 decimo,
662 1122 862 1175 pluribus
887 1135 975 1163 ma-

144 1178 329 1228 gnisque
354 1177 497 1220 clarus
525 1179 767 1230 miraculis,
801 1179 846 1220 in
880 1192 974 1220 san-

144 1234 318 1274 ctorum
336 1237 564 1276 numerum
584 1241 652 1278 est
670 1235 931 1289 adscriptus.

194 1292 245 1343 R.
264 1290 355 1332 Iste
373 1291 518 1334 homo.
546 1292 626 1345 [72]

194 1361 238 1395 In
262 1361 326 1395 III.
351 1362 550 1396 Nocturno
572 1361 743 1395 Homilia
768 1362 806 1395 in
824 1362 968 1405 Evang.

141 1408 242 1442 Ecce
258 1416 331 1442 nos
347 1407 584 1452 reliquimus
600 1411 646 1444 de
668 1410 812 1445 Comm.
828 1412 968 1445 Abbat.

144 1457 172 1490 1.
190 1459 287 1494 loco.
314 1455 394 1499 [80]

359 1548 443 1590 Die
461 1550 518 1590 13.
540 1549 758 1592 Octobris.

249 1617 292 1658 S.
320 1617 546 1660 Eduardi
568 1622 714 1671 Regis,
745 1621 866 1661 Conf.

429 1681 690 1725 SemidupleX.

196 1732 332 1767 Omnia
351 1734 397 1768 de
418 1734 622 1769 Communi
640 1736 749 1770 Conf.
766 1747 845 1771 non
861 1737 969 1771 Pont.

147 1776 217 1821 [67]
238 1787 380 1825 praeter
397 1793 503 1827 sequ.
532 1779 592 1823 (m.
609 1783 633 1815 t·
649 1783 698 1822 V·)

475 1836 638 1878 Oratio.

235 1898 327 1937 ωε,
352 1888 426 1939 qui
444 1887 624 1929 beatum
640 1838 791 1941 ¹regem
809 1890 974 1932 Eduar-

258 1942 363 1984 dum
379 1944 689 1986 Confessorem
707 1950 831 1988 tuum
851 1952 975 1989 aeter-

145 1998 293 2040 nitetis
325 2000 465 2051 gleria
500 2002 743 2044 coronasti:
781 2003 850 2044 fac
881 2017 974 2055 nos,

146 2057 418 2108 quaesumus3
455 2057 517 2099 ita
555 2071 655 2099 eum
691 2060 895 2101 venerari
930 2061 975 2102 in

143 2112 284 2162 terris,
303 2117 352 2154 ut
368 2126 468 2155 cum
483 2127 536 2156 eo
553 2117 738 2166 regnare
752 2119 975 2168 possimus

144 2167 189 2208 in
216 2169 350 2211 coelis.
395 2171 480 2212 Per
505 2171 753 2213 Deminum.

194 2240 238 2274 In
268 2241 295 2275 Ι.
327 2241 527 2276 Nocturno
559 2242 763 2277 Lectiones
797 2243 843 2277 de
873 2242 971 2277 Scri-

143 2291 255 2331 ptura
281 2294 513 2324 occurrente.

367 2360 416 2399 In
443 2361 493 2399 11.
522 2360 746 2399 Nocturno.

445 2425 596 2466 Lectio
618 2426 670 2466 iv.

152 2484 165 2530 ’ζ’
220 2484 255 2535 *ij
265 2479 468 2531 duarduS,
484 2485 778 2533 cognomento
796 2484 972 2526 Confes-

156 2547 165 2589 j,
187 2535 253 2595 {43:³91ss
283 2549 376 2588 sor,
416 2551 556 2591 nepos
598 2540 737 2581 sancti
777 2539 974 2582 Eduardi

216 2593 221 2597 “
282 2593 418 2644 Regis
459 2600 503 2636 et
542 2596 767 2647 Martyris,
810 2597 973 2648 Anglo-

145 2647 368 2690 Saxonum
385 2662 539 2701 regum
553 2652 742 2702 ultimus,
765 2665 894 2705 quem
912 2653 973 2694 fu-

144 2707 291 2746 turum
313 2718 461 2758 regem
478 2707 739 2751 Brithueldo
759 2709 854 2751 viro
881 2723 974 2751 san-

1031 271 1228 313 ctissimo
1252 272 1297 312 in
1324 273 1483 314 mentis
1509 274 1694 314 excessu
1713 272 1863 313 Domi-

1030 340 1112 368 nus
1123 327 1452 377 demonstravit,
1465 329 1673 371 decennis
1690 342 1714 370 a
1725 329 1862 370 Danis

1028 383 1236 435 Angliam
1261 386 1539 427 vastantibus
1567 388 1780 439 quaesitus
1806 385 1862 427 ad

1029 453 1194 492 necem,
1206 442 1407 483 exsulare
1420 443 1592 494 cogitur
1608 442 1727 496 apud
1738 445 1863 484 avun-

1030 497 1186 548 culum,
1205 499 1491 540 Normanniae
1512 499 1688 541 ducem:
1715 499 1791 541 ubi
1818 499 1863 540 in

1028 554 1185 596 mediis
1199 555 1407 597 vitiorum
1421 555 1641 598 illecebris
1660 556 1795 598 talem
1814 569 1861 598 se

1030 611 1226 653 exhibuit
1248 612 1500 663 integritate
1525 613 1645 663 vitae,
1671 616 1861 654 morum-

1030 680 1116 720 que
1133 669 1397 719 innocentia,
1424 674 1473 711 ut
1497 669 1700 711 emnibus
1727 669 1861 711 admi-

1029 726 1187 767 rationi
1206 731 1333 768 esset.
1370 727 1521 768 Eluxit
1539 727 1584 767 in
1603 739 1656 768 eo
1676 726 1747 768 vel
1767 731 1861 768 tum

1027 782 1139 824 mira
1153 785 1295 835 pietas
1311 784 1356 824 in
1366 784 1511 825 Deum
1525 796 1577 825 ac
1592 796 1663 824 res
1679 782 1861 834 divinas,

1029 839 1198 892 fuitque
1212 840 1387 892 ingenio
1397 841 1641 891 mitissimo,
1657 845 1789 892 atque
1805 840 1861 883 ab

1028 897 1148 937 omni
1167 896 1423 938 dominandi
1443 897 1686 950 cupiditate
1707 898 1861 940 alieno.

1031 954 1161 1006 Cujus
1179 967 1232 996 ea
1246 967 1334 996 vox
1348 955 1495 1005 fertur,
1514 954 1645 996 Malle
1661 968 1708 996 se
1724 967 1859 1006 regno

1029 1013 1191 1060 carere,
1208 1011 1328 1064 quod
1343 1012 1435 1053 sine
1452 1011 1574 1054 caede
1590 1016 1634 1053 et
1650 1012 1860 1063 sanguine

1029 1067 1218 1109 obtineri
1235 1081 1324 1110 non
1342 1069 1495 1121 possit.

1078 1130 1129 1182 R.
1158 1125 1407 1166 Honestum
1432 1125 1536 1167 fecit
1562 1125 1686 1167 illum
1710 1126 1859 1167 Demi-

1028 1194 1120 1231 nus,
1144 1186 1188 1223 et
1208 1182 1448 1224 custodivit
1469 1195 1568 1224 eum
1588 1182 1643 1224 ab
1663 1183 1860 1232 inimicis,

1029 1242 1073 1279 et
1101 1251 1127 1279 a
1152 1238 1462 1281 seductoribus
1487 1239 1648 1281 tutavit
1672 1239 1810 1280 illum:
1835 1244 1857 1267 *

1028 1295 1084 1336 Et
1113 1295 1237 1337 dedit
1269 1295 1332 1336 illi
1366 1296 1611 1338 claritatem
1640 1298 1859 1338 aeternam.

1026 1349 1076 1401 V.
1092 1351 1117 1392 J
1118 1357 1265 1394 ustum
1280 1353 1463 1395 deduxit
1477 1353 1572 1395 Dfis
1588 1366 1669 1406 per
1684 1354 1778 1395 vias
1794 1366 1858 1395 re-

1029 1413 1134 1460 ctaS,
1151 1414 1193 1451 et
1209 1410 1402 1452 ostendit
1412 1410 1475 1451 illi
1485 1423 1668 1462 regnum
1681 1411 1774 1452 Dei.
1792 1411 1860 1453 Et.

1335 1469 1487 1509 LectlO
1507 1483 1544 1509 V·

1106 1524 1308 1566 xstinctis
1327 1537 1432 1566 mox
1450 1524 1663 1577 tyrannis,
1683 1525 1758 1577 qui
1777 1525 1860 1566 fra-

1122 1581 1263 1622 tribus
1296 1581 1386 1622 suis
1423 1581 1559 1623 vitam
1597 1586 1642 1623 et
1677 1595 1861 1633 regnum

1029 1637 1297 1690 eripuerant,
1325 1640 1560 1680 revocatur
1582 1638 1627 1678 in
1653 1639 1860 1691 patriam:

1028 1693 1104 1735 ubi
1131 1695 1313 1735 summis
1341 1695 1535 1736 omnium
1561 1695 1673 1736 votis
1699 1700 1743 1737 et
1766 1709 1859 1747 gra-

1027 1749 1242 1792 tulatione
1268 1764 1404 1802 regno
1427 1754 1612 1804 potitus,
1641 1751 1698 1793 ad
1726 1752 1860 1794 hosti-

1027 1805 1134 1847 lium
1165 1807 1330 1848 irerum
1363 1807 1551 1850 delenda
1578 1809 1764 1859 vestigia
1796 1814 1860 1851 to-

1029 1867 1123 1904 tum
1144 1877 1191 1905 se
1211 1864 1444 1915 convertit,
1470 1878 1495 1906 a
1521 1865 1658 1907 sacris
1679 1867 1862 1907 exorsus

1029 1932 1080 1961 ac
1099 1920 1314 1962 Divorum
1338 1921 1535 1974 templis:
1565 1935 1753 1974 quorum
1777 1922 1862 1963 alia

1029 1989 1053 2018 a
1071 1976 1369 2019 fundamentis
1398 1979 1553 2028 erexit,
1584 1979 1669 2020 elia
1696 1980 1860 2030 refecit,

1028 2037 1237 2086 auxitque
1271 2035 1487 2077 reditibus
1521 2049 1573 2077 ac
1602 2036 1861 2088 privilegiis3

1026 2090 1071 2131 in
1086 2104 1184 2132 eam
1199 2104 1348 2133 curam
1362 2093 1642 2145 potissimum
1657 2093 1860 2143 intentus,

1028 2152 1076 2189 ut
1113 2149 1421 2191 refloresceret
1459 2149 1657 2202 collapsa
1694 2150 1860 2201 religio.

1027 2204 1098 2246 Ab
1132 2205 1244 2246 aulae
1282 2205 1542 2258 proceribus
1581 2206 1860 2260 compulsum

1027 2261 1085 2302 ad
1112 2262 1310 2314 nuptias,
1340 2267 1549 2315 constans
1578 2267 1645 2304 est
1674 2264 1859 2305 assertio

1027 2317 1313 2370 scripterum,
1355 2331 1456 2360 cum
1490 2319 1658 2370 virgine
1695 2333 1861 2373 sponsa

1028 2374 1324 2424 virginitatem
1360 2374 1404 2415 in
1449 2375 1728 2417 matrimomo
1772 2389 1858 2417 ser-

1027 2432 1168 2471 vasse.
1213 2430 1382 2472 Tantus
1409 2431 1453 2472 in
1481 2443 1534 2473 eo
1563 2432 1645 2474 fuit
1672 2432 1716 2473 in
1742 2432 1859 2474 Chri-

1027 2491 1143 2527 stum
1169 2499 1293 2528 amor
1323 2492 1367 2529 et
1393 2487 1521 2538 fides,
1552 2494 1601 2531 ut
1632 2489 1754 2531 illum
1786 2489 1858 2530 ali-

1028 2542 1205 2594 quando
1238 2543 1352 2585 inter
1378 2544 1614 2586 Misserum
1648 2545 1859 2587 solemnia

1026 2598 1176 2642 videre
1212 2600 1421 2642 meruerit
1457 2601 1621 2643 blando
1654 2602 1778 2642 vultu
1815 2605 1859 2642 et

1028 2654 1174 2696 divina
1205 2655 1302 2697 luce
1339 2656 1588 2708 fulgentem.
1652 2657 1721 2699 Ob
1757 2668 1856 2709 pro-

1027 2710 1168 2752 fusam
1197 2712 1444 2764 caritatem,
1487 2713 1786 2765 orphanerum
1814 2717 1858 2753 et
