2040 2944
481 174 657 207 Officium
682 173 856 206 votivum
882 171 928 205 de
955 170 1010 205 Ss.
1036 170 1241 213 Apostolis
1267 169 1381 203 Petro
1408 173 1443 203 et
1467 167 1599 201 Paulo.

467 281 619 321 Lectio
640 279 723 320 viii.

263 344 496 395 uicumque
507 340 732 394 reliquerit
741 345 924 394 patrem,
935 346 1011 383 aut

289 405 489 448 matrem,
513 403 589 440 aut
610 397 805 447 domum,
831 401 907 439 aut
927 397 1009 438 fra-

179 463 284 507 tres,
310 461 384 498 aut
408 457 600 505 sorores,
625 453 877 506 centuplum
899 456 1009 495 acci-

179 515 272 567 piet
291 514 334 554 in
352 512 438 554 hoc
462 511 641 561 saeculo,
667 515 710 552 et
733 511 868 552 vitam
888 512 1010 552 aeter-

180 584 281 612 nam
299 568 555 623 possidebit.
587 568 751 610 Multos
773 567 950 620 quidem
968 568 1010 608 in

179 627 265 668 hoc
303 626 487 675 saeculo,
525 625 599 677 qui
632 638 711 666 sua
743 624 1011 677 pauperibus

181 683 470 731 donaverunt,
493 682 697 724 uberiore
720 681 929 723 thesauro
951 682 1011 723 lo-

182 741 428 793 cupletatos
448 739 582 780 fuisse
603 739 899 790 cognovimus.
932 738 1013 780 Est

180 797 499 851 pulcherrimus
532 795 676 845 locus,
711 800 759 837 ut
792 795 924 836 etiam
956 794 1014 836 ad

180 852 526 895 misericordiam
563 853 871 905 provocentur.
926 851 1014 894 Sed

180 924 270 952 non
296 909 459 952 debent
486 922 511 950 a
536 909 728 950 Domino
756 908 1013 951 saecularem

181 965 432 1020 hujusmodi
454 968 629 1017 exigere
648 965 908 1016 mercedem,
932 979 1014 1007 nec

183 1027 360 1077 sperare
385 1036 484 1075 quae
506 1021 658 1063 mundi
681 1028 797 1072 sunt;
826 1021 905 1064 sed
925 1036 1012 1064 ma-

182 1082 259 1132 gis,
284 1081 384 1133 quia
402 1080 466 1130 iis,
491 1080 565 1132 qui
585 1079 729 1121 omnia
748 1079 1014 1131 reliquerint,

182 1139 303 1180 Deus
330 1137 476 1191 portio
505 1142 583 1178 est.
636 1137 739 1188 Ipse
767 1141 834 1178 est
861 1136 1014 1188 utique

181 1208 349 1237 merces
373 1194 570 1247 perfecta
588 1193 808 1243 virttitum,
834 1193 908 1245 qui
926 1206 1015 1234 non

183 1251 377 1304 centupli
404 1250 745 1300 enumeratione,
772 1249 851 1292 sed
875 1250 1014 1302 perfe-

184 1314 267 1351 ctae
291 1305 574 1362 plenitudinis
601 1307 891 1349 aestimatione
917 1319 1014 1349 cen-

184 1368 314 1407 setur.
350 1365 458 1415 Ego,
478 1364 629 1416 inquit,
648 1364 769 1405 Deus
788 1370 889 1406 tuus
910 1377 1016 1405 sum.

183 1423 285 1464 Non
304 1420 427 1464 dixit:
449 1421 549 1470 Ero,
572 1420 665 1462 sed:
689 1421 713 1462 J
716 1434 788 1462 am
806 1433 913 1471 sum,
932 1421 1017 1473 jam

184 1479 392 1528 inhabito,
413 1479 497 1530 jam
517 1476 739 1532 possideo.

241 1557 291 1608 Rl.
314 1553 393 1594 Isti
412 1557 512 1594 sunt
530 1551 611 1593 viri
631 1551 780 1602 sancti,
802 1563 914 1603 quos
935 1550 1016 1592 ele-

185 1610 247 1661 git
271 1609 485 1651 Dominus
513 1609 557 1649 in
583 1609 764 1650 caritate
789 1621 878 1650 non
903 1608 1017 1659 ficta,

186 1672 230 1708 et
270 1665 393 1709 dedit
438 1666 523 1707 illis
564 1665 749 1716 gloriam
791 1665 1017 1718 sempiter-

186 1737 300 1765 nam:
319 1728 342 1751 ²⁸¹
354 1724 551 1773 Quorum
567 1722 768 1765 doctrina
787 1722 924 1773 fulget
938 1722 1017 1763 Ec-

188 1781 330 1830 clesia,
354 1785 402 1821 ut
426 1779 519 1821 sole
542 1779 655 1821 luna.
694 1774 745 1825 V.
767 1779 915 1821 Sancti
938 1791 1018 1832 per

188 1838 322 1879 fidem
340 1837 537 1878 vicerunt
555 1849 699 1888 regna,
726 1836 898 1889 operati
918 1840 1019 1877 sunt

188 1894 406 1946 justitiam.
447 1894 654 1944 Quorum.
708 1893 857 1935 Gloria
888 1892 1018 1934 Patri.

190 1953 396 2002 Quorum.

1369 272 1523 313 Lectio
1542 272 1596 312 ix.

1066 326 1265 433 Habes
1282 328 1417 371 homo
1442 329 1556 372 inter
1576 325 1713 372 multa
1734 332 1896 383 propo-

1186 385 1279 436 sita,
1306 386 1438 427 etiam
1459 385 1709 439 hujusmodi
1729 386 1894 439 portio-

1064 448 1174 485 nem.
1227 443 1466 496 Proposuit
1496 442 1577 485 tibi
1607 443 1822 484 Dominus
1853 443 1898 484 in

1064 500 1268 553 portione
1287 500 1606 553 possessiones,
1630 500 1675 540 in
1692 499 1897 553 portione

1066 570 1238 606 aurum,
1269 557 1314 597 in
1340 557 1547 610 portione
1576 558 1823 608 argentum,
1854 556 1899 597 in

1065 613 1270 667 portione
1294 613 1500 663 honoreS‚
1527 614 1572 654 in
1596 613 1800 666 portione
1822 625 1898 654 no-

1066 670 1295 721 bilitatem,
1319 671 1555 724 proposuit
1577 670 1711 712 etiam
1732 670 1776 711 in
1798 682 1899 723 por-

1067 727 1186 769 tione
1207 730 1412 781 seipsum.
1447 727 1599 770 Habes
1617 727 1748 779 igitur
1766 726 1898 780 pluri-

1066 798 1160 826 mas
1185 785 1429 838 portiones,
1459 785 1570 836 elige
1597 797 1729 836 quam
1753 788 1900 837 putas3

1066 855 1155 884 non
1174 847 1218 884 te
1240 845 1449 884 numerus
1467 840 1707 894 perturbet,
1731 839 1810 882 sed
1829 842 1899 882 ex-

1068 899 1172 941 citet
1198 899 1356 950 gratia3
1384 912 1472 941 non
1498 904 1542 941 te
1569 897 1696 940 labor
1721 899 1900 948 avertat,

1068 955 1147 998 sed
1170 956 1338 998 fructus
1360 955 1525 998 invitet.
1585 956 1647 997 Te
1666 955 1821 996 Deum.
1839 955 1900 995 14.

1333 1029 1411 1070 Ad
1432 1028 1641 1070 Laudes.

1122 1085 1172 1137 V.
1198 1088 1250 1129 In
1279 1099 1453 1129 omnem
1479 1092 1643 1128 terram
1670 1084 1805 1127 exivit
1832 1097 1900 1126 so—

1067 1157 1149 1186 nus
1182 1146 1346 1186 eorum.
1395 1146 1445 1186 R.
1478 1144 1535 1186 Et
1566 1143 1611 1184 in
1638 1142 1749 1184 fines
1781 1141 1901 1184 orbis

1067 1207 1198 1244 terrae
1217 1201 1353 1243 verba
1373 1203 1536 1243 eorum.

1122 1264 1193 1316 Ad
1215 1262 1374 1304 Bened.
1395 1262 1495 1303 Ant.
1530 1260 1722 1303 Gloriosi
1743 1259 1900 1314 princi-

1068 1333 1149 1373 pes
1172 1324 1319 1369 terrae,
1345 1319 1368 1345 *
1393 1317 1618 1371 quomodo
1643 1318 1687 1358 in
1709 1317 1800 1360 vita
1823 1329 1903 1358 sua

1070 1375 1316 1418 dilexerunt
1340 1388 1402 1426 se,
1430 1375 1491 1417 ita
1515 1380 1558 1417 et
1580 1375 1625 1415 in
1648 1379 1790 1416 morte
1813 1386 1902 1415 non

1070 1438 1171 1475 sunt
1189 1432 1394 1486 separati.

1406 1492 1571 1533 Oratio.

1161 1560 1250 1598 eus,
1279 1547 1400 1599 cuius
1425 1546 1608 1588 dextera
1624 1544 1805 1587 beatum
1822 1545 1903 1586 Pe-

1173 1610 1291 1647 trum
1311 1603 1608 1646 ambulantem
1626 1601 1671 1642 in
1685 1601 1903 1652 fluctibus,

1070 1675 1125 1704 ne
1140 1663 1424 1712 mergeretur,
1445 1659 1594 1708 erexit,
1611 1664 1655 1701 et
1670 1660 1902 1711 coaposto-

1070 1721 1161 1761 lum
1181 1720 1271 1771 ejus
1286 1718 1482 1767 Paulum,
1496 1717 1628 1759 tertio
1647 1715 1903 1766 naufragan-

1072 1781 1174 1826 tem,
1195 1775 1251 1818 de
1269 1773 1492 1828 profundo
1514 1773 1663 1826 pelagi
1682 1771 1905 1813 liberavit:

1074 1831 1233 1875 exaudi
1256 1845 1339 1873 nos
1363 1830 1595 1884 propitiuS,
1624 1835 1668 1872 et
1692 1828 1905 1879 concede3

1072 1895 1121 1932 ut
1162 1889 1393 1931 amborum
1432 1887 1601 1930 meritis
1645 1885 1904 1929 aeternitatis

1072 1947 1259 1999 gloriam
1279 1947 1622 1998 consequamur:
1650 1943 1734 1994 Qui
1752 1942 1874 1984 vivis.
