<?xml version="1.0" encoding="UTF-8"?>
<!DOCTYPE html PUBLIC "-//W3C//DTD XHTML 1.0 Transitional//EN"
    "http://www.w3.org/TR/xhtml1/DTD/xhtml1-transitional.dtd">
<html xmlns="http://www.w3.org/1999/xhtml" xml:lang="en" lang="en">
 <head>
  <title>
</title>
<meta http-equiv="Content-Type" content="text/html;charset=utf-8" />
  <meta name='ocr-system' content='tesseract 3.04.00' />
  <meta name='ocr-capabilities' content='ocr_page ocr_carea ocr_par ocr_line ocrx_word'/>
</head>
<body>
  <div class='ocr_page' id='page_1' title='image "./p4breviariumroma00cathuoft_0235.png"; bbox 0 0 2040 2944; ppageno 0'>
   <div class='ocr_carea' id='block_1_1' title="bbox 696 208 1255 247">
    <p class='ocr_par' dir='ltr' id='par_1_1' title="bbox 696 208 1255 247">
     <span class='ocr_line' id='line_1_1' title="bbox 696 208 1255 247; baseline 0.009 -5"><span class='ocrx_word' id='word_1_1' title='bbox 696 208 901 244; x_wconf 90' lang='lat' dir='ltr'><strong>Dominica</strong></span> <span class='ocrx_word' id='word_1_2' title='bbox 923 209 988 244; x_wconf 84' lang='grc' dir='ltr'><strong>ΠΙ.</strong></span> <span class='ocrx_word' id='word_1_3' title='bbox 1012 210 1255 247; x_wconf 82' lang='lat' dir='ltr'><strong>Novembris.</strong></span> 
     </span>
    </p>
   </div>
   <div class='ocr_carea' id='block_1_2' title="bbox 124 298 955 1137">
    <p class='ocr_par' dir='ltr' id='par_1_2' title="bbox 124 298 955 1137">
     <span class='ocr_line' id='line_1_2' title="bbox 127 298 955 344; baseline 0.004 -3"><span class='ocrx_word' id='word_1_4' title='bbox 127 298 287 341; x_wconf 79' lang='lat' dir='ltr'><strong>bantur</strong></span> <span class='ocrx_word' id='word_1_5' title='bbox 333 298 485 341; x_wconf 84' lang='lat' dir='ltr'><strong>subter</strong></span> <span class='ocrx_word' id='word_1_6' title='bbox 529 299 661 340; x_wconf 90' lang='lat' dir='ltr'><strong>limen</strong></span> <span class='ocrx_word' id='word_1_7' title='bbox 704 300 861 343; x_wconf 89' lang='lat' dir='ltr'><strong>domus</strong></span> <span class='ocrx_word' id='word_1_8' title='bbox 898 302 955 344; x_wconf 91' lang='lat' dir='ltr'><strong>ad</strong></span> 
     </span>
     <span class='ocr_line' id='line_1_3' title="bbox 128 355 954 401; baseline 0.006 -5"><span class='ocrx_word' id='word_1_9' title='bbox 128 355 367 397; x_wconf 86' lang='lat' dir='ltr'><strong>Orientem:</strong></span> <span class='ocrx_word' id='word_1_10' title='bbox 399 355 535 397; x_wconf 82' lang='lat' dir='ltr'><strong>facies</strong></span> <span class='ocrx_word' id='word_1_11' title='bbox 564 356 678 397; x_wconf 85' lang='lat' dir='ltr'><strong>enim</strong></span> <span class='ocrx_word' id='word_1_12' title='bbox 706 356 863 400; x_wconf 88' lang='lat' dir='ltr'><strong>domus</strong></span> <span class='ocrx_word' id='word_1_13' title='bbox 890 372 954 401; x_wconf 92' lang='lat' dir='ltr'><strong>re-</strong></span> 
     </span>
     <span class='ocr_line' id='line_1_4' title="bbox 127 411 953 465; baseline 0.006 -13"><span class='ocrx_word' id='word_1_14' title='bbox 127 411 343 464; x_wconf 87' lang='lat' dir='ltr'><strong>spiciebat</strong></span> <span class='ocrx_word' id='word_1_15' title='bbox 371 411 428 453; x_wconf 88' lang='lat' dir='ltr'><strong>ad</strong></span> <span class='ocrx_word' id='word_1_16' title='bbox 458 412 699 454; x_wconf 87' lang='lat' dir='ltr'><strong>Orientem:</strong></span> <span class='ocrx_word' id='word_1_17' title='bbox 728 426 854 465; x_wconf 84' lang='lat' dir='ltr'><strong>aquae</strong></span> <span class='ocrx_word' id='word_1_18' title='bbox 883 429 953 457; x_wconf 89' lang='lat' dir='ltr'><strong>au-</strong></span> 
     </span>
     <span class='ocr_line' id='line_1_5' title="bbox 125 467 954 524; baseline 0.004 -14"><span class='ocrx_word' id='word_1_19' title='bbox 125 472 216 510; x_wconf 85' lang='lat' dir='ltr'><strong>tem</strong></span> <span class='ocrx_word' id='word_1_20' title='bbox 243 467 570 510; x_wconf 87' lang='lat' dir='ltr'><strong>descendebant</strong></span> <span class='ocrx_word' id='word_1_21' title='bbox 597 469 641 510; x_wconf 93' lang='lat' dir='ltr'><strong>in</strong></span> <span class='ocrx_word' id='word_1_22' title='bbox 663 469 778 512; x_wconf 89' lang='lat' dir='ltr'><strong>latus</strong></span> <span class='ocrx_word' id='word_1_23' title='bbox 801 472 954 524; x_wconf 88' lang='lat' dir='ltr'><strong>templi</strong></span> 
     </span>
     <span class='ocr_line' id='line_1_6' title="bbox 127 523 954 570; baseline 0.006 -6"><span class='ocrx_word' id='word_1_24' title='bbox 127 523 331 565; x_wconf 82' lang='lat' dir='ltr'><strong>dextrum</strong></span> <span class='ocrx_word' id='word_1_25' title='bbox 358 524 415 566; x_wconf 89' lang='lat' dir='ltr'><strong>ad</strong></span> <span class='ocrx_word' id='word_1_26' title='bbox 442 524 671 567; x_wconf 89' lang='lat' dir='ltr'><strong>Meridiem</strong></span> <span class='ocrx_word' id='word_1_27' title='bbox 698 526 858 568; x_wconf 81' lang='lat' dir='ltr'><strong>altaris.</strong></span> <span class='ocrx_word' id='word_1_28' title='bbox 898 529 954 570; x_wconf 89' lang='lat' dir='ltr'><strong>Et</strong></span> 
     </span>
     <span class='ocr_line' id='line_1_7' title="bbox 127 579 952 636; baseline 0.005 -15"><span class='ocrx_word' id='word_1_29' title='bbox 127 579 279 622; x_wconf 79' lang='lat' dir='ltr'><strong>eduxit</strong></span> <span class='ocrx_word' id='word_1_30' title='bbox 305 593 375 622; x_wconf 89' lang='lat' dir='ltr'><strong>me</strong></span> <span class='ocrx_word' id='word_1_31' title='bbox 402 593 483 633; x_wconf 92' lang='lat' dir='ltr'><strong>per</strong></span> <span class='ocrx_word' id='word_1_32' title='bbox 509 581 625 623; x_wconf 90' lang='lat' dir='ltr'><strong>viam</strong></span> <span class='ocrx_word' id='word_1_33' title='bbox 651 588 795 635; x_wconf 83' lang='lat' dir='ltr'><strong>portae</strong></span> <span class='ocrx_word' id='word_1_34' title='bbox 819 584 952 636; x_wconf 89' lang='lat' dir='ltr'><strong>Aqui-</strong></span> 
     </span>
     <span class='ocr_line' id='line_1_8' title="bbox 125 635 952 686; baseline 0.005 -9"><span class='ocrx_word' id='word_1_35' title='bbox 125 635 256 686; x_wconf 84' lang='lat' dir='ltr'><strong>lonis,</strong></span> <span class='ocrx_word' id='word_1_36' title='bbox 284 642 328 678; x_wconf 92' lang='lat' dir='ltr'><strong>et</strong></span> <span class='ocrx_word' id='word_1_37' title='bbox 351 637 568 679; x_wconf 88' lang='lat' dir='ltr'><strong>convertit</strong></span> <span class='ocrx_word' id='word_1_38' title='bbox 590 651 660 680; x_wconf 92' lang='lat' dir='ltr'><strong>me</strong></span> <span class='ocrx_word' id='word_1_39' title='bbox 684 638 741 680; x_wconf 91' lang='lat' dir='ltr'><strong>ad</strong></span> <span class='ocrx_word' id='word_1_40' title='bbox 760 640 874 681; x_wconf 90' lang='lat' dir='ltr'><strong>viam</strong></span> <span class='ocrx_word' id='word_1_41' title='bbox 893 641 952 682; x_wconf 87' lang='lat' dir='ltr'><strong>fo-</strong></span> 
     </span>
     <span class='ocr_line' id='line_1_9' title="bbox 126 694 953 748; baseline 0.006 -15"><span class='ocrx_word' id='word_1_42' title='bbox 126 705 197 733; x_wconf 90' lang='lat' dir='ltr'><strong>ras</strong></span> <span class='ocrx_word' id='word_1_43' title='bbox 216 698 390 745; x_wconf 88' lang='lat' dir='ltr'><strong>portam</strong></span> <span class='ocrx_word' id='word_1_44' title='bbox 409 694 688 744; x_wconf 82' lang='lat' dir='ltr'><strong>exterierem,</strong></span> <span class='ocrx_word' id='word_1_45' title='bbox 715 695 830 736; x_wconf 92' lang='lat' dir='ltr'><strong>viam</strong></span> <span class='ocrx_word' id='word_1_46' title='bbox 855 709 953 748; x_wconf 88' lang='lat' dir='ltr'><strong>quae</strong></span> 
     </span>
     <span class='ocr_line' id='line_1_10' title="bbox 126 748 952 801; baseline 0.006 -12"><span class='ocrx_word' id='word_1_47' title='bbox 126 748 391 801; x_wconf 90' lang='lat' dir='ltr'><strong>respiciebat</strong></span> <span class='ocrx_word' id='word_1_48' title='bbox 419 748 476 791; x_wconf 90' lang='lat' dir='ltr'><strong>ad</strong></span> <span class='ocrx_word' id='word_1_49' title='bbox 505 749 745 792; x_wconf 89' lang='lat' dir='ltr'><strong>Orientem:</strong></span> <span class='ocrx_word' id='word_1_50' title='bbox 778 757 821 794; x_wconf 92' lang='lat' dir='ltr'><strong>et</strong></span> <span class='ocrx_word' id='word_1_51' title='bbox 850 765 952 794; x_wconf 93' lang='lat' dir='ltr'><strong>ecce</strong></span> 
     </span>
     <span class='ocr_line' id='line_1_11' title="bbox 126 805 952 858; baseline 0.004 -11"><span class='ocrx_word' id='word_1_52' title='bbox 126 819 254 858; x_wconf 90' lang='lat' dir='ltr'><strong>aquae</strong></span> <span class='ocrx_word' id='word_1_53' title='bbox 272 805 568 848; x_wconf 83' lang='lat' dir='ltr'><strong>redundantes</strong></span> <span class='ocrx_word' id='word_1_54' title='bbox 589 820 614 848; x_wconf 88' lang='lat' dir='ltr'><strong>a</strong></span> <span class='ocrx_word' id='word_1_55' title='bbox 630 807 767 849; x_wconf 81' lang='lat' dir='ltr'><strong>latere</strong></span> <span class='ocrx_word' id='word_1_56' title='bbox 783 807 952 850; x_wconf 85' lang='lat' dir='ltr'><strong>dextro.</strong></span> 
     </span>
     <span class='ocr_line' id='line_1_12' title="bbox 177 862 839 919; baseline -0.002 -12"><span class='ocrx_word' id='word_1_57' title='bbox 177 867 229 919; x_wconf 71' lang='lat' dir='ltr'><strong>R.</strong></span> <span class='ocrx_word' id='word_1_58' title='bbox 253 862 510 905; x_wconf 80' lang='lat' dir='ltr'><strong>Laudabilis</strong></span> <span class='ocrx_word' id='word_1_59' title='bbox 527 863 731 916; x_wconf 82' lang='lat' dir='ltr'><strong>populus.</strong></span> <span class='ocrx_word' id='word_1_60' title='bbox 751 866 839 906; x_wconf 88' lang='grc'><strong>196.</strong></span> 
     </span>
     <span class='ocr_line' id='line_1_13' title="bbox 199 923 691 968; baseline 0.008 -6"><span class='ocrx_word' id='word_1_61' title='bbox 199 959 202 962; x_wconf 82' lang='grc'>,</span> <span class='ocrx_word' id='word_1_62' title='bbox 432 923 585 965; x_wconf 84' lang='lat' dir='ltr'>Lectio</span> <span class='ocrx_word' id='word_1_63' title='bbox 606 924 645 965; x_wconf 89' lang='lat' dir='ltr'><strong>ii.</strong></span> <span class='ocrx_word' id='word_1_64' title='bbox 684 960 691 968; x_wconf 66' lang='lat'><strong>.</strong></span> 
     </span>
     <span class='ocr_line' id='line_1_14' title="bbox 201 975 947 1026; baseline 0.007 -11"><span class='ocrx_word' id='word_1_65' title='bbox 201 988 276 1016; x_wconf 90' lang='lat' dir='ltr'><strong>um</strong></span> <span class='ocrx_word' id='word_1_66' title='bbox 309 975 593 1026; x_wconf 89' lang='lat' dir='ltr'><strong>egrederetur</strong></span> <span class='ocrx_word' id='word_1_67' title='bbox 619 977 685 1017; x_wconf 92' lang='lat' dir='ltr'><strong>vir</strong></span> <span class='ocrx_word' id='word_1_68' title='bbox 713 978 771 1019; x_wconf 90' lang='lat' dir='ltr'><strong>ad</strong></span> <span class='ocrx_word' id='word_1_69' title='bbox 799 978 947 1020; x_wconf 90' lang='lat' dir='ltr'><strong>Orien-</strong></span> 
     </span>
     <span class='ocr_line' id='line_1_15' title="bbox 219 1031 950 1084; baseline 0.008 -13"><span class='ocrx_word' id='word_1_70' title='bbox 219 1035 324 1080; x_wconf 87' lang='lat' dir='ltr'><strong>tem,</strong></span> <span class='ocrx_word' id='word_1_71' title='bbox 346 1031 421 1084; x_wconf 86' lang='lat' dir='ltr'><strong>qui</strong></span> <span class='ocrx_word' id='word_1_72' title='bbox 439 1031 631 1074; x_wconf 82' lang='lat' dir='ltr'><strong>habebat</strong></span> <span class='ocrx_word' id='word_1_73' title='bbox 649 1033 887 1076; x_wconf 89' lang='lat' dir='ltr'><strong>funiculum</strong></span> <span class='ocrx_word' id='word_1_74' title='bbox 906 1037 950 1077; x_wconf 92' lang='lat' dir='ltr'><strong>in</strong></span> 
     </span>
     <span class='ocr_line' id='line_1_16' title="bbox 124 1091 949 1137; baseline 0.008 -11"><span class='ocrx_word' id='word_1_75' title='bbox 124 1098 255 1127; x_wconf 89' lang='lat' dir='ltr'><strong>manu</strong></span> <span class='ocrx_word' id='word_1_76' title='bbox 274 1100 369 1137; x_wconf 90' lang='lat' dir='ltr'><strong>sua,</strong></span> <span class='ocrx_word' id='word_1_77' title='bbox 395 1092 438 1129; x_wconf 89' lang='lat' dir='ltr'><strong>et</strong></span> <span class='ocrx_word' id='word_1_78' title='bbox 456 1100 634 1130; x_wconf 89' lang='lat' dir='ltr'><strong>mensus</strong></span> <span class='ocrx_word' id='word_1_79' title='bbox 655 1095 723 1131; x_wconf 90' lang='lat' dir='ltr'><strong>est</strong></span> <span class='ocrx_word' id='word_1_80' title='bbox 741 1091 859 1132; x_wconf 87' lang='lat' dir='ltr'><strong>mille</strong></span> <span class='ocrx_word' id='word_1_81' title='bbox 880 1095 949 1133; x_wconf 81' lang='lat' dir='ltr'><strong>cu-</strong></span> 
     </span>
    </p>
   </div>
   <div class='ocr_carea' id='block_1_3' title="bbox 123 1140 1056 1199">
    <p class='ocr_par' dir='ltr' id='par_1_3' title="bbox 123 1140 1056 1201">
     <span class='ocr_line' id='line_1_17' title="bbox 123 1140 1056 1199; baseline 0.005 -16"><span class='ocrx_word' id='word_1_82' title='bbox 123 1140 258 1183; x_wconf 92' lang='lat' dir='ltr'><strong>bitos:</strong></span> <span class='ocrx_word' id='word_1_83' title='bbox 289 1148 333 1185; x_wconf 92' lang='lat' dir='ltr'><strong>et</strong></span> <span class='ocrx_word' id='word_1_84' title='bbox 362 1142 558 1186; x_wconf 72' lang='lat' dir='ltr'><strong>tradiixit</strong></span> <span class='ocrx_word' id='word_1_85' title='bbox 587 1157 658 1186; x_wconf 91' lang='lat' dir='ltr'><strong>me</strong></span> <span class='ocrx_word' id='word_1_86' title='bbox 685 1159 765 1198; x_wconf 91' lang='lat' dir='ltr'><strong>per</strong></span> <span class='ocrx_word' id='word_1_87' title='bbox 791 1160 950 1199; x_wconf 90' lang='lat' dir='ltr'><strong>aquam</strong></span> <span class='ocrx_word' id='word_1_88' title='bbox 1005 1158 1056 1194; x_wconf 54' lang='grc' dir='ltr'><strong>ῖς·</strong></span> 
     </span>
    </p>
   </div>
   <div class='ocr_carea' id='block_1_4' title="bbox 116 1199 951 2662">
    <p class='ocr_par' dir='ltr' id='par_1_4' title="bbox 121 1199 951 1811">
     <span class='ocr_line' id='line_1_18' title="bbox 123 1199 949 1254; baseline 0.007 -15"><span class='ocrx_word' id='word_1_89' title='bbox 123 1211 263 1250; x_wconf 91' lang='lat' dir='ltr'><strong>usque</strong></span> <span class='ocrx_word' id='word_1_90' title='bbox 288 1199 346 1241; x_wconf 91' lang='lat' dir='ltr'><strong>ad</strong></span> <span class='ocrx_word' id='word_1_91' title='bbox 367 1199 493 1241; x_wconf 91' lang='lat' dir='ltr'><strong>talos.</strong></span> <span class='ocrx_word' id='word_1_92' title='bbox 530 1200 810 1254; x_wconf 65' lang='lat' dir='ltr'><strong>RursUmque</strong></span> <span class='ocrx_word' id='word_1_93' title='bbox 834 1216 949 1244; x_wconf 92' lang='lat' dir='ltr'><strong>men-</strong></span> 
     </span>
     <span class='ocr_line' id='line_1_19' title="bbox 124 1255 950 1312; baseline 0.008 -18"><span class='ocrx_word' id='word_1_94' title='bbox 124 1267 198 1295; x_wconf 93' lang='lat' dir='ltr'><strong>sus</strong></span> <span class='ocrx_word' id='word_1_95' title='bbox 223 1259 290 1296; x_wconf 92' lang='lat' dir='ltr'><strong>est</strong></span> <span class='ocrx_word' id='word_1_96' title='bbox 313 1255 447 1306; x_wconf 88' lang='lat' dir='ltr'><strong>mille,</strong></span> <span class='ocrx_word' id='word_1_97' title='bbox 481 1261 525 1298; x_wconf 92' lang='lat' dir='ltr'><strong>et</strong></span> <span class='ocrx_word' id='word_1_98' title='bbox 551 1257 748 1299; x_wconf 78' lang='lat' dir='ltr'><strong>traduxit</strong></span> <span class='ocrx_word' id='word_1_99' title='bbox 772 1271 842 1300; x_wconf 91' lang='lat' dir='ltr'><strong>me</strong></span> <span class='ocrx_word' id='word_1_100' title='bbox 870 1273 950 1312; x_wconf 91' lang='lat' dir='ltr'><strong>per</strong></span> 
     </span>
     <span class='ocr_line' id='line_1_20' title="bbox 124 1311 950 1365; baseline 0.008 -14"><span class='ocrx_word' id='word_1_101' title='bbox 124 1323 283 1363; x_wconf 89' lang='lat' dir='ltr'><strong>aquam</strong></span> <span class='ocrx_word' id='word_1_102' title='bbox 301 1325 441 1364; x_wconf 89' lang='lat' dir='ltr'><strong>usque</strong></span> <span class='ocrx_word' id='word_1_103' title='bbox 461 1311 518 1355; x_wconf 88' lang='lat' dir='ltr'><strong>ad</strong></span> <span class='ocrx_word' id='word_1_104' title='bbox 536 1315 692 1365; x_wconf 90' lang='lat' dir='ltr'><strong>genua:</strong></span> <span class='ocrx_word' id='word_1_105' title='bbox 713 1320 755 1357; x_wconf 91' lang='lat' dir='ltr'><strong>et</strong></span> <span class='ocrx_word' id='word_1_106' title='bbox 774 1328 950 1358; x_wconf 88' lang='lat' dir='ltr'><strong>mensus</strong></span> 
     </span>
     <span class='ocr_line' id='line_1_21' title="bbox 123 1367 951 1425; baseline 0.007 -17"><span class='ocrx_word' id='word_1_107' title='bbox 123 1372 191 1408; x_wconf 87' lang='lat' dir='ltr'><strong>est</strong></span> <span class='ocrx_word' id='word_1_108' title='bbox 204 1367 331 1419; x_wconf 87' lang='lat' dir='ltr'><strong>mille,</strong></span> <span class='ocrx_word' id='word_1_109' title='bbox 348 1373 392 1410; x_wconf 90' lang='lat' dir='ltr'><strong>et</strong></span> <span class='ocrx_word' id='word_1_110' title='bbox 406 1369 602 1412; x_wconf 81' lang='lat' dir='ltr'><strong>traduxit</strong></span> <span class='ocrx_word' id='word_1_111' title='bbox 615 1383 685 1412; x_wconf 94' lang='lat' dir='ltr'><strong>me</strong></span> <span class='ocrx_word' id='word_1_112' title='bbox 697 1384 778 1424; x_wconf 93' lang='lat' dir='ltr'><strong>per</strong></span> <span class='ocrx_word' id='word_1_113' title='bbox 792 1385 951 1425; x_wconf 92' lang='lat' dir='ltr'><strong>aquam</strong></span> 
     </span>
     <span class='ocr_line' id='line_1_22' title="bbox 122 1424 950 1476; baseline 0.008 -12"><span class='ocrx_word' id='word_1_114' title='bbox 122 1435 262 1476; x_wconf 90' lang='lat' dir='ltr'><strong>usque</strong></span> <span class='ocrx_word' id='word_1_115' title='bbox 298 1424 357 1467; x_wconf 91' lang='lat' dir='ltr'><strong>ad</strong></span> <span class='ocrx_word' id='word_1_116' title='bbox 392 1438 530 1468; x_wconf 90' lang='lat' dir='ltr'><strong>renes.</strong></span> <span class='ocrx_word' id='word_1_117' title='bbox 583 1427 640 1469; x_wconf 91' lang='lat' dir='ltr'><strong>Et</strong></span> <span class='ocrx_word' id='word_1_118' title='bbox 675 1441 851 1470; x_wconf 91' lang='lat' dir='ltr'><strong>mensus</strong></span> <span class='ocrx_word' id='word_1_119' title='bbox 883 1435 950 1471; x_wconf 93' lang='lat' dir='ltr'><strong>est</strong></span> 
     </span>
     <span class='ocr_line' id='line_1_23' title="bbox 121 1479 950 1538; baseline 0.008 -18"><span class='ocrx_word' id='word_1_120' title='bbox 121 1479 256 1531; x_wconf 88' lang='lat' dir='ltr'><strong>mille,</strong></span> <span class='ocrx_word' id='word_1_121' title='bbox 275 1483 535 1533; x_wconf 88' lang='lat' dir='ltr'><strong>torrentem,</strong></span> <span class='ocrx_word' id='word_1_122' title='bbox 562 1497 692 1536; x_wconf 90' lang='lat' dir='ltr'><strong>quem</strong></span> <span class='ocrx_word' id='word_1_123' title='bbox 714 1497 802 1526; x_wconf 94' lang='lat' dir='ltr'><strong>non</strong></span> <span class='ocrx_word' id='word_1_124' title='bbox 825 1487 950 1538; x_wconf 86' lang='lat' dir='ltr'><strong>potui</strong></span> 
     </span>
     <span class='ocr_line' id='line_1_24' title="bbox 121 1540 949 1590; baseline 0.007 -13"><span class='ocrx_word' id='word_1_125' title='bbox 121 1540 404 1588; x_wconf 88' lang='lat' dir='ltr'><strong>pertransire:</strong></span> <span class='ocrx_word' id='word_1_126' title='bbox 429 1540 636 1590; x_wconf 80' lang='lat' dir='ltr'><strong>queniam</strong></span> <span class='ocrx_word' id='word_1_127' title='bbox 655 1541 949 1584; x_wconf 74' lang='lat' dir='ltr'><strong>intumuerant</strong></span> 
     </span>
     <span class='ocr_line' id='line_1_25' title="bbox 122 1595 947 1650; baseline 0.007 -16"><span class='ocrx_word' id='word_1_128' title='bbox 122 1605 250 1646; x_wconf 88' lang='lat' dir='ltr'><strong>aquae</strong></span> <span class='ocrx_word' id='word_1_129' title='bbox 274 1595 483 1647; x_wconf 81' lang='lat' dir='ltr'><strong>profundi</strong></span> <span class='ocrx_word' id='word_1_130' title='bbox 507 1597 732 1647; x_wconf 87' lang='lat' dir='ltr'><strong>torrentis,</strong></span> <span class='ocrx_word' id='word_1_131' title='bbox 762 1599 835 1650; x_wconf 92' lang='lat' dir='ltr'><strong>qui</strong></span> <span class='ocrx_word' id='word_1_132' title='bbox 860 1612 947 1641; x_wconf 93' lang='lat' dir='ltr'><strong>non</strong></span> 
     </span>
     <span class='ocr_line' id='line_1_26' title="bbox 121 1651 575 1702; baseline 0.007 -11"><span class='ocrx_word' id='word_1_133' title='bbox 121 1654 272 1702; x_wconf 91' lang='lat' dir='ltr'><strong>potest</strong></span> <span class='ocrx_word' id='word_1_134' title='bbox 289 1651 575 1694; x_wconf 69' lang='lat' dir='ltr'><strong>transvadari.</strong></span> 
     </span>
     <span class='ocr_line' id='line_1_27' title="bbox 171 1707 841 1762; baseline 0.003 -12"><span class='ocrx_word' id='word_1_135' title='bbox 171 1710 222 1762; x_wconf 69' lang='lat' dir='ltr'><strong>R.</strong></span> <span class='ocrx_word' id='word_1_136' title='bbox 251 1707 481 1758; x_wconf 81' lang='lat' dir='ltr'><strong>Angustiae</strong></span> <span class='ocrx_word' id='word_1_137' title='bbox 499 1709 605 1751; x_wconf 91' lang='lat' dir='ltr'><strong>mihi</strong></span> <span class='ocrx_word' id='word_1_138' title='bbox 624 1715 734 1752; x_wconf 91' lang='lat' dir='ltr'><strong>sunt.</strong></span> <span class='ocrx_word' id='word_1_139' title='bbox 756 1711 841 1752; x_wconf 89' lang='lat'><strong>197.</strong></span> 
     </span>
     <span class='ocr_line' id='line_1_28' title="bbox 420 1768 648 1811; baseline 0.013 -3"><span class='ocrx_word' id='word_1_140' title='bbox 420 1768 573 1811; x_wconf 86' lang='lat' dir='ltr'>Lectio</span> <span class='ocrx_word' id='word_1_141' title='bbox 593 1770 648 1811; x_wconf 90' lang='lat' dir='ltr'><strong>iii.</strong></span> 
     </span>
    </p>

    <p class='ocr_par' dir='ltr' id='par_1_5' title="bbox 203 1818 946 1867">
     <span class='ocr_line' id='line_1_29' title="bbox 203 1818 946 1867; baseline 0.008 -6"><span class='ocrx_word' id='word_1_142' title='bbox 203 1823 222 1861; x_wconf 87' lang='lat' dir='ltr'><strong>t</strong></span> <span class='ocrx_word' id='word_1_143' title='bbox 240 1818 350 1862; x_wconf 86' lang='lat' dir='ltr'><strong>dixit</strong></span> <span class='ocrx_word' id='word_1_144' title='bbox 368 1822 425 1864; x_wconf 92' lang='lat' dir='ltr'><strong>ad</strong></span> <span class='ocrx_word' id='word_1_145' title='bbox 447 1836 532 1865; x_wconf 87' lang='lat' dir='ltr'><strong>me:</strong></span> <span class='ocrx_word' id='word_1_146' title='bbox 560 1823 690 1865; x_wconf 84' lang='lat' dir='ltr'><strong>Certe</strong></span> <span class='ocrx_word' id='word_1_147' title='bbox 714 1823 862 1866; x_wconf 90' lang='lat' dir='ltr'><strong>vidisti</strong></span> <span class='ocrx_word' id='word_1_148' title='bbox 885 1825 946 1867; x_wconf 89' lang='lat' dir='ltr'><strong>fili</strong></span> 
     </span>
    </p>

    <p class='ocr_par' dir='ltr' id='par_1_6' title="bbox 116 1875 944 2662">
     <span class='ocr_line' id='line_1_30' title="bbox 213 1875 944 1930; baseline 0.008 -13"><span class='ocrx_word' id='word_1_149' title='bbox 213 1875 413 1919; x_wconf 83' lang='lat' dir='ltr'><strong>heminis.</strong></span> <span class='ocrx_word' id='word_1_150' title='bbox 439 1879 497 1922; x_wconf 93' lang='lat' dir='ltr'><strong>Et</strong></span> <span class='ocrx_word' id='word_1_151' title='bbox 516 1880 669 1922; x_wconf 77' lang='lat' dir='ltr'><strong>eduxit</strong></span> <span class='ocrx_word' id='word_1_152' title='bbox 687 1893 767 1930; x_wconf 91' lang='lat' dir='ltr'><strong>me,</strong></span> <span class='ocrx_word' id='word_1_153' title='bbox 785 1886 828 1922; x_wconf 87' lang='lat' dir='ltr'><strong>et</strong></span> <span class='ocrx_word' id='word_1_154' title='bbox 845 1894 944 1923; x_wconf 92' lang='lat' dir='ltr'><strong>con-</strong></span> 
     </span>
     <span class='ocr_line' id='line_1_31' title="bbox 118 1933 944 1991; baseline 0.007 -17"><span class='ocrx_word' id='word_1_155' title='bbox 118 1933 251 1975; x_wconf 86' lang='lat' dir='ltr'><strong>vertit</strong></span> <span class='ocrx_word' id='word_1_156' title='bbox 268 1934 325 1976; x_wconf 92' lang='lat' dir='ltr'><strong>ad</strong></span> <span class='ocrx_word' id='word_1_157' title='bbox 343 1935 483 1988; x_wconf 85' lang='lat' dir='ltr'><strong>ripam</strong></span> <span class='ocrx_word' id='word_1_158' title='bbox 502 1937 720 1978; x_wconf 89' lang='lat' dir='ltr'><strong>torrentis.</strong></span> <span class='ocrx_word' id='word_1_159' title='bbox 749 1938 944 1991; x_wconf 91' lang='lat' dir='ltr'><strong>Cumque</strong></span> 
     </span>
     <span class='ocr_line' id='line_1_32' title="bbox 118 1994 943 2047; baseline 0.007 -17"><span class='ocrx_word' id='word_1_160' title='bbox 118 2002 189 2031; x_wconf 90' lang='lat' dir='ltr'><strong>me</strong></span> <span class='ocrx_word' id='word_1_161' title='bbox 208 1994 536 2043; x_wconf 82' lang='lat' dir='ltr'><strong>convertissem,</strong></span> <span class='ocrx_word' id='word_1_162' title='bbox 560 2006 663 2035; x_wconf 91' lang='lat' dir='ltr'><strong>ecce</strong></span> <span class='ocrx_word' id='word_1_163' title='bbox 682 1994 726 2034; x_wconf 92' lang='lat' dir='ltr'><strong>in</strong></span> <span class='ocrx_word' id='word_1_164' title='bbox 745 1995 840 2047; x_wconf 90' lang='lat' dir='ltr'><strong>ripa</strong></span> <span class='ocrx_word' id='word_1_165' title='bbox 857 2000 943 2036; x_wconf 93' lang='lat' dir='ltr'><strong>tor—</strong></span> 
     </span>
     <span class='ocr_line' id='line_1_33' title="bbox 119 2047 944 2099; baseline 0.006 -12"><span class='ocrx_word' id='word_1_166' title='bbox 119 2047 254 2089; x_wconf 88' lang='lat' dir='ltr'><strong>rentis</strong></span> <span class='ocrx_word' id='word_1_167' title='bbox 285 2047 402 2099; x_wconf 87' lang='lat' dir='ltr'><strong>ligna</strong></span> <span class='ocrx_word' id='word_1_168' title='bbox 427 2049 565 2091; x_wconf 90' lang='lat' dir='ltr'><strong>multa</strong></span> <span class='ocrx_word' id='word_1_169' title='bbox 593 2051 721 2091; x_wconf 92' lang='lat' dir='ltr'><strong>nimis</strong></span> <span class='ocrx_word' id='word_1_170' title='bbox 749 2063 804 2092; x_wconf 85' lang='lat' dir='ltr'><strong>ex</strong></span> <span class='ocrx_word' id='word_1_171' title='bbox 830 2053 944 2092; x_wconf 79' lang='lat' dir='ltr'><strong>utra-</strong></span> 
     </span>
     <span class='ocr_line' id='line_1_34' title="bbox 120 2106 943 2159; baseline 0.006 -15"><span class='ocrx_word' id='word_1_172' title='bbox 120 2114 204 2154; x_wconf 92' lang='lat' dir='ltr'><strong>que</strong></span> <span class='ocrx_word' id='word_1_173' title='bbox 237 2109 374 2156; x_wconf 91' lang='lat' dir='ltr'><strong>parte.</strong></span> <span class='ocrx_word' id='word_1_174' title='bbox 415 2106 473 2148; x_wconf 87' lang='lat' dir='ltr'><strong>Et</strong></span> <span class='ocrx_word' id='word_1_175' title='bbox 505 2107 564 2148; x_wconf 90' lang='lat' dir='ltr'><strong>ait</strong></span> <span class='ocrx_word' id='word_1_176' title='bbox 595 2106 652 2149; x_wconf 88' lang='lat' dir='ltr'><strong>ad</strong></span> <span class='ocrx_word' id='word_1_177' title='bbox 683 2120 768 2149; x_wconf 91' lang='lat' dir='ltr'><strong>me:</strong></span> <span class='ocrx_word' id='word_1_178' title='bbox 805 2107 943 2159; x_wconf 87' lang='lat' dir='ltr'><strong>Aquae</strong></span> 
     </span>
     <span class='ocr_line' id='line_1_35' title="bbox 117 2159 943 2214; baseline 0.006 -14"><span class='ocrx_word' id='word_1_179' title='bbox 117 2159 229 2210; x_wconf 86' lang='lat' dir='ltr'><strong>istae,</strong></span> <span class='ocrx_word' id='word_1_180' title='bbox 255 2174 353 2213; x_wconf 91' lang='lat' dir='ltr'><strong>quae</strong></span> <span class='ocrx_word' id='word_1_181' title='bbox 374 2162 659 2214; x_wconf 75' lang='lat' dir='ltr'><strong>egredil&#39;mtur</strong></span> <span class='ocrx_word' id='word_1_182' title='bbox 677 2162 733 2205; x_wconf 92' lang='lat' dir='ltr'><strong>ad</strong></span> <span class='ocrx_word' id='word_1_183' title='bbox 751 2164 943 2205; x_wconf 81' lang='lat' dir='ltr'><strong>tumulos</strong></span> 
     </span>
     <span class='ocr_line' id='line_1_36' title="bbox 118 2216 943 2268; baseline 0.006 -11"><span class='ocrx_word' id='word_1_184' title='bbox 118 2216 260 2258; x_wconf 77' lang='lat' dir='ltr'><strong>sabuli</strong></span> <span class='ocrx_word' id='word_1_185' title='bbox 274 2218 519 2268; x_wconf 79' lang='lat' dir='ltr'><strong>OrientaliS,</strong></span> <span class='ocrx_word' id='word_1_186' title='bbox 539 2225 582 2261; x_wconf 91' lang='lat' dir='ltr'><strong>et</strong></span> <span class='ocrx_word' id='word_1_187' title='bbox 601 2219 872 2262; x_wconf 88' lang='lat' dir='ltr'><strong>descendunt</strong></span> <span class='ocrx_word' id='word_1_188' title='bbox 887 2220 943 2262; x_wconf 88' lang='lat' dir='ltr'><strong>ad</strong></span> 
     </span>
     <span class='ocr_line' id='line_1_37' title="bbox 117 2272 943 2327; baseline 0.006 -14"><span class='ocrx_word' id='word_1_189' title='bbox 117 2272 248 2325; x_wconf 90' lang='lat' dir='ltr'><strong>plana</strong></span> <span class='ocrx_word' id='word_1_190' title='bbox 275 2274 454 2326; x_wconf 80' lang='lat' dir='ltr'><strong>deserti,</strong></span> <span class='ocrx_word' id='word_1_191' title='bbox 482 2276 706 2318; x_wconf 82' lang='lat' dir='ltr'><strong>intrabunt</strong></span> <span class='ocrx_word' id='word_1_192' title='bbox 734 2289 870 2327; x_wconf 91' lang='lat' dir='ltr'><strong>mare,</strong></span> <span class='ocrx_word' id='word_1_193' title='bbox 899 2282 943 2318; x_wconf 91' lang='lat' dir='ltr'><strong>et</strong></span> 
     </span>
     <span class='ocr_line' id='line_1_38' title="bbox 118 2329 940 2385; baseline 0.004 -15"><span class='ocrx_word' id='word_1_194' title='bbox 118 2329 313 2382; x_wconf 83' lang='lat' dir='ltr'><strong>exibunt,</strong></span> <span class='ocrx_word' id='word_1_195' title='bbox 342 2337 386 2373; x_wconf 91' lang='lat' dir='ltr'><strong>et</strong></span> <span class='ocrx_word' id='word_1_196' title='bbox 411 2332 678 2375; x_wconf 79' lang='lat' dir='ltr'><strong>sanabuntur</strong></span> <span class='ocrx_word' id='word_1_197' title='bbox 705 2346 844 2385; x_wconf 88' lang='lat' dir='ltr'><strong>aquae.</strong></span> <span class='ocrx_word' id='word_1_198' title='bbox 883 2333 940 2374; x_wconf 89' lang='lat' dir='ltr'><strong>Et</strong></span> 
     </span>
     <span class='ocr_line' id='line_1_39' title="bbox 118 2386 939 2441; baseline 0.005 -15"><span class='ocrx_word' id='word_1_199' title='bbox 118 2386 259 2428; x_wconf 90' lang='lat' dir='ltr'><strong>omnis</strong></span> <span class='ocrx_word' id='word_1_200' title='bbox 286 2388 430 2429; x_wconf 77' lang='lat' dir='ltr'><strong>anima</strong></span> <span class='ocrx_word' id='word_1_201' title='bbox 457 2389 628 2439; x_wconf 83' lang='lat' dir='ltr'><strong>vivens,</strong></span> <span class='ocrx_word' id='word_1_202' title='bbox 661 2401 759 2440; x_wconf 87' lang='lat' dir='ltr'><strong>quae</strong></span> <span class='ocrx_word' id='word_1_203' title='bbox 787 2390 939 2441; x_wconf 87' lang='lat' dir='ltr'><strong>serpit,</strong></span> 
     </span>
     <span class='ocr_line' id='line_1_40' title="bbox 119 2445 941 2497; baseline 0.002 -14"><span class='ocrx_word' id='word_1_204' title='bbox 119 2446 397 2497; x_wconf 78' lang='lat' dir='ltr'><strong>quocumque</strong></span> <span class='ocrx_word' id='word_1_205' title='bbox 415 2445 583 2487; x_wconf 91' lang='lat' dir='ltr'><strong>venerit</strong></span> <span class='ocrx_word' id='word_1_206' title='bbox 601 2450 789 2494; x_wconf 92' lang='lat' dir='ltr'><strong>torrens,</strong></span> <span class='ocrx_word' id='word_1_207' title='bbox 807 2445 941 2486; x_wconf 88' lang='lat' dir='ltr'><strong>vivet:</strong></span> 
     </span>
     <span class='ocr_line' id='line_1_41' title="bbox 117 2501 940 2554; baseline 0.004 -15"><span class='ocrx_word' id='word_1_208' title='bbox 117 2502 161 2539; x_wconf 93' lang='lat' dir='ltr'><strong>et</strong></span> <span class='ocrx_word' id='word_1_209' title='bbox 192 2505 319 2542; x_wconf 93' lang='lat' dir='ltr'><strong>erunt</strong></span> <span class='ocrx_word' id='word_1_210' title='bbox 349 2501 495 2554; x_wconf 87' lang='lat' dir='ltr'><strong>pisces</strong></span> <span class='ocrx_word' id='word_1_211' title='bbox 528 2501 652 2543; x_wconf 91' lang='lat' dir='ltr'><strong>multi</strong></span> <span class='ocrx_word' id='word_1_212' title='bbox 685 2501 790 2542; x_wconf 90' lang='lat' dir='ltr'><strong>satis</strong></span> <span class='ocrx_word' id='word_1_213' title='bbox 821 2506 940 2552; x_wconf 91' lang='lat' dir='ltr'><strong>post-</strong></span> 
     </span>
     <span class='ocr_line' id='line_1_42' title="bbox 117 2557 941 2609; baseline 0.002 -14"><span class='ocrx_word' id='word_1_214' title='bbox 117 2566 248 2606; x_wconf 89' lang='lat' dir='ltr'><strong>quam</strong></span> <span class='ocrx_word' id='word_1_215' title='bbox 267 2558 465 2599; x_wconf 92' lang='lat' dir='ltr'><strong>venerint</strong></span> <span class='ocrx_word' id='word_1_216' title='bbox 484 2557 587 2599; x_wconf 90' lang='lat' dir='ltr'><strong>illuc</strong></span> <span class='ocrx_word' id='word_1_217' title='bbox 610 2570 737 2609; x_wconf 87' lang='lat' dir='ltr'><strong>aquae</strong></span> <span class='ocrx_word' id='word_1_218' title='bbox 756 2557 868 2606; x_wconf 89' lang='lat' dir='ltr'><strong>istae,</strong></span> <span class='ocrx_word' id='word_1_219' title='bbox 897 2561 941 2598; x_wconf 88' lang='lat' dir='ltr'><strong>et</strong></span> 
     </span>
     <span class='ocr_line' id='line_1_43' title="bbox 116 2611 938 2662; baseline 0.002 -11"><span class='ocrx_word' id='word_1_220' title='bbox 116 2612 386 2655; x_wconf 82' lang='lat' dir='ltr'><strong>sanabuntur</strong></span> <span class='ocrx_word' id='word_1_221' title='bbox 422 2619 466 2655; x_wconf 92' lang='lat' dir='ltr'><strong>et</strong></span> <span class='ocrx_word' id='word_1_222' title='bbox 501 2615 649 2655; x_wconf 91' lang='lat' dir='ltr'><strong>vivent</strong></span> <span class='ocrx_word' id='word_1_223' title='bbox 685 2613 846 2662; x_wconf 84' lang='lat' dir='ltr'><strong>omnia,</strong></span> <span class='ocrx_word' id='word_1_224' title='bbox 882 2611 938 2653; x_wconf 86' lang='lat' dir='ltr'><strong>ad</strong></span> 
     </span>
    </p>
   </div>
   <div class='ocr_carea' id='block_1_5' title="bbox 116 2670 711 2776">
    <p class='ocr_par' dir='ltr' id='par_1_7' title="bbox 116 2670 711 2776">
     <span class='ocr_line' id='line_1_44' title="bbox 116 2670 604 2718; baseline 0.002 -9"><span class='ocrx_word' id='word_1_225' title='bbox 116 2680 215 2718; x_wconf 87' lang='lat' dir='ltr'><strong>quae</strong></span> <span class='ocrx_word' id='word_1_226' title='bbox 234 2670 402 2711; x_wconf 84' lang='lat' dir='ltr'><strong>venerit</strong></span> <span class='ocrx_word' id='word_1_227' title='bbox 418 2675 604 2711; x_wconf 88' lang='lat' dir='ltr'><strong>torrens.</strong></span> 
     </span>
     <span class='ocr_line' id='line_1_45' title="bbox 167 2724 711 2776; baseline 0 -12"><span class='ocrx_word' id='word_1_228' title='bbox 167 2724 218 2776; x_wconf 59' lang='lat' dir='ltr'><strong>Ra,</strong></span> <span class='ocrx_word' id='word_1_229' title='bbox 244 2724 364 2766; x_wconf 90' lang='lat' dir='ltr'><strong>Misit</strong></span> <span class='ocrx_word' id='word_1_230' title='bbox 381 2726 606 2767; x_wconf 77' lang='lat' dir='ltr'><strong>Deminus.</strong></span> <span class='ocrx_word' id='word_1_231' title='bbox 626 2726 711 2765; x_wconf 86' lang='lat'><strong>197.</strong></span> 
     </span>
    </p>
   </div>
   <div class='ocr_carea' id='block_1_6' title="bbox 1066 307 1772 398">
    <p class='ocr_par' dir='ltr' id='par_1_8' title="bbox 1066 307 1772 398">
     <span class='ocr_line' id='line_1_46' title="bbox 1282 307 1558 344; baseline 0.007 -2"><span class='ocrx_word' id='word_1_232' title='bbox 1282 307 1310 343; x_wconf 92' lang='lat' dir='ltr'>S</span> <span class='ocrx_word' id='word_1_233' title='bbox 1328 318 1353 342; x_wconf 88' lang='lat' dir='ltr'><strong>a</strong></span> <span class='ocrx_word' id='word_1_234' title='bbox 1371 307 1396 343; x_wconf 95' lang='lat' dir='ltr'>b</span> <span class='ocrx_word' id='word_1_235' title='bbox 1415 307 1440 343; x_wconf 91' lang='lat' dir='ltr'><strong>b</strong></span> <span class='ocrx_word' id='word_1_236' title='bbox 1459 319 1484 344; x_wconf 89' lang='lat' dir='ltr'><strong>a</strong></span> <span class='ocrx_word' id='word_1_237' title='bbox 1500 311 1516 343; x_wconf 90' lang='lat' dir='ltr'><strong>t</strong></span> <span class='ocrx_word' id='word_1_238' title='bbox 1534 319 1558 344; x_wconf 94' lang='lat' dir='ltr'><strong>o</strong></span> 
     </span>
     <span class='ocr_line' id='line_1_47' title="bbox 1066 358 1772 398; baseline 0.01 -7"><span class='ocrx_word' id='word_1_239' title='bbox 1066 362 1152 392; x_wconf 89' lang='lat' dir='ltr'><strong>ante</strong></span> <span class='ocrx_word' id='word_1_240' title='bbox 1176 358 1418 394; x_wconf 85' lang='lat' dir='ltr'><strong>Dominicam</strong></span> <span class='ocrx_word' id='word_1_241' title='bbox 1441 361 1505 395; x_wconf 87' lang='grc' dir='ltr'><strong>ΙΙΙ.</strong></span> <span class='ocrx_word' id='word_1_242' title='bbox 1531 361 1772 398; x_wconf 75' lang='lat' dir='ltr'><strong>Novembris.</strong></span> 
     </span>
    </p>
   </div>
   <div class='ocr_carea' id='block_1_7' title="bbox 1005 414 1829 801">
    <p class='ocr_par' dir='ltr' id='par_1_9' title="bbox 1005 414 1829 635">
     <span class='ocr_line' id='line_1_48' title="bbox 1059 414 1828 466; baseline 0.004 -11"><span class='ocrx_word' id='word_1_243' title='bbox 1059 414 1131 456; x_wconf 92' lang='lat' dir='ltr'><strong>Ad</strong></span> <span class='ocrx_word' id='word_1_244' title='bbox 1150 416 1321 466; x_wconf 83' lang='lat' dir='ltr'><strong>Magnis.</strong></span> <span class='ocrx_word' id='word_1_245' title='bbox 1349 418 1447 458; x_wconf 83' lang='lat' dir='ltr'><strong>Ant.</strong></span> <span class='ocrx_word' id='word_1_246' title='bbox 1483 417 1607 457; x_wconf 90' lang='lat' dir='ltr'><strong>Muro</strong></span> <span class='ocrx_word' id='word_1_247' title='bbox 1631 421 1707 458; x_wconf 93' lang='lat' dir='ltr'><strong>tuo</strong></span> <span class='ocrx_word' id='word_1_248' title='bbox 1727 417 1750 442; x_wconf 91' lang='lat'>*</span> <span class='ocrx_word' id='word_1_249' title='bbox 1769 417 1828 458; x_wconf 91' lang='lat' dir='ltr'><strong>in-</strong></span> 
     </span>
     <span class='ocr_line' id='line_1_49' title="bbox 1007 469 1829 522; baseline 0.01 -15"><span class='ocrx_word' id='word_1_250' title='bbox 1007 469 1286 519; x_wconf 78' lang='lat' dir='ltr'><strong>expugnabili</strong></span> <span class='ocrx_word' id='word_1_251' title='bbox 1318 471 1605 522; x_wconf 86' lang='lat' dir='ltr'><strong>circumcinge</strong></span> <span class='ocrx_word' id='word_1_252' title='bbox 1633 485 1713 514; x_wconf 93' lang='lat' dir='ltr'><strong>nos</strong></span> <span class='ocrx_word' id='word_1_253' title='bbox 1742 474 1829 515; x_wconf 82' lang='lat' dir='ltr'><strong>De-</strong></span> 
     </span>
     <span class='ocr_line' id='line_1_50' title="bbox 1005 523 1828 582; baseline 0.01 -19"><span class='ocrx_word' id='word_1_254' title='bbox 1005 523 1136 573; x_wconf 92' lang='lat' dir='ltr'><strong>mine‚</strong></span> <span class='ocrx_word' id='word_1_255' title='bbox 1165 530 1209 566; x_wconf 94' lang='lat' dir='ltr'><strong>et</strong></span> <span class='ocrx_word' id='word_1_256' title='bbox 1233 527 1363 568; x_wconf 90' lang='lat' dir='ltr'><strong>armis</strong></span> <span class='ocrx_word' id='word_1_257' title='bbox 1386 533 1473 569; x_wconf 87' lang='lat' dir='ltr'><strong>tuae</strong></span> <span class='ocrx_word' id='word_1_258' title='bbox 1496 530 1706 580; x_wconf 88' lang='lat' dir='ltr'><strong>potentiae</strong></span> <span class='ocrx_word' id='word_1_259' title='bbox 1730 532 1828 582; x_wconf 84' lang='lat' dir='ltr'><strong>pro-</strong></span> 
     </span>
     <span class='ocr_line' id='line_1_51' title="bbox 1005 584 1410 635; baseline 0.01 -15"><span class='ocrx_word' id='word_1_260' title='bbox 1005 584 1105 630; x_wconf 91' lang='lat' dir='ltr'><strong>tege</strong></span> <span class='ocrx_word' id='word_1_261' title='bbox 1124 594 1205 622; x_wconf 91' lang='lat' dir='ltr'><strong>nos</strong></span> <span class='ocrx_word' id='word_1_262' title='bbox 1226 595 1410 635; x_wconf 90' lang='lat' dir='ltr'><strong>semper.</strong></span> 
     </span>
    </p>

    <p class='ocr_par' dir='ltr' id='par_1_10' title="bbox 1005 634 1829 801">
     <span class='ocr_line' id='line_1_52' title="bbox 1050 634 1829 690; baseline 0.009 -14"><span class='ocrx_word' id='word_1_263' title='bbox 1050 634 1109 686; x_wconf 60' lang='lat' dir='ltr'><strong>V.</strong></span> <span class='ocrx_word' id='word_1_264' title='bbox 1144 637 1408 690; x_wconf 88' lang='lat' dir='ltr'><strong>Vespertina</strong></span> <span class='ocrx_word' id='word_1_265' title='bbox 1444 641 1584 682; x_wconf 83' lang='lat' dir='ltr'><strong>oratio</strong></span> <span class='ocrx_word' id='word_1_266' title='bbox 1620 641 1829 684; x_wconf 80' lang='lat' dir='ltr'><strong>ascendat</strong></span> 
     </span>
     <span class='ocr_line' id='line_1_53' title="bbox 1006 691 1827 749; baseline 0.009 -16"><span class='ocrx_word' id='word_1_267' title='bbox 1006 691 1062 733; x_wconf 91' lang='lat' dir='ltr'><strong>ad</strong></span> <span class='ocrx_word' id='word_1_268' title='bbox 1093 698 1137 734; x_wconf 95' lang='lat' dir='ltr'><strong>te</strong></span> <span class='ocrx_word' id='word_1_269' title='bbox 1164 694 1363 736; x_wconf 86' lang='lat' dir='ltr'><strong>Domine.</strong></span> <span class='ocrx_word' id='word_1_270' title='bbox 1419 699 1469 749; x_wconf 67' lang='lat' dir='ltr'><strong>R.</strong></span> <span class='ocrx_word' id='word_1_271' title='bbox 1499 697 1555 738; x_wconf 90' lang='lat' dir='ltr'><strong>Et</strong></span> <span class='ocrx_word' id='word_1_272' title='bbox 1588 696 1827 740; x_wconf 85' lang='lat' dir='ltr'><strong>descendat</strong></span> 
     </span>
     <span class='ocr_line' id='line_1_54' title="bbox 1005 752 1673 801; baseline 0.007 -13"><span class='ocrx_word' id='word_1_273' title='bbox 1005 761 1137 801; x_wconf 87' lang='lat' dir='ltr'><strong>super</strong></span> <span class='ocrx_word' id='word_1_274' title='bbox 1159 763 1240 791; x_wconf 94' lang='lat' dir='ltr'><strong>nos</strong></span> <span class='ocrx_word' id='word_1_275' title='bbox 1263 752 1565 794; x_wconf 84' lang='lat' dir='ltr'><strong>misericordia</strong></span> <span class='ocrx_word' id='word_1_276' title='bbox 1587 759 1673 795; x_wconf 90' lang='lat' dir='ltr'><strong>tua.</strong></span> 
     </span>
    </p>
   </div>
   <div class='ocr_carea' id='block_1_8' title="bbox 1399 829 1572 856">
    <p class='ocr_par' dir='ltr' id='par_1_11' title="bbox 1399 829 1572 856">
     <span class='ocr_line' id='line_1_55' title="bbox 1399 829 1572 856; baseline 0.023 -15"><span class='ocrx_word' id='word_1_277' title='bbox 1399 829 1434 856; x_wconf 39' lang='grc' dir='ltr'><strong>Ψ</strong></span> <span class='ocrx_word' id='word_1_278' title='bbox 1461 837 1469 848; x_wconf 73' lang='lat'>„</span> <span class='ocrx_word' id='word_1_279' title='bbox 1505 842 1572 845; x_wconf 29' lang='grc' dir='ltr'><strong>μ,-</strong></span> 
     </span>
    </p>
   </div>
   <div class='ocr_carea' id='block_1_9' title="bbox 1033 899 1800 1150">
    <p class='ocr_par' dir='ltr' id='par_1_12' title="bbox 1033 899 1800 1150">
     <span class='ocr_line' id='line_1_56' title="bbox 1050 899 1779 954; baseline 0.01 -7"><span class='ocrx_word' id='word_1_280' title='bbox 1050 899 1324 951; x_wconf 84' lang='lat' dir='ltr'><strong>Dominica</strong></span> <span class='ocrx_word' id='word_1_281' title='bbox 1345 902 1435 952; x_wconf 95' lang='lat' dir='ltr'><strong>III.</strong></span> <span class='ocrx_word' id='word_1_282' title='bbox 1457 903 1779 954; x_wconf 67' lang='lat' dir='ltr'><strong>Novembris</strong></span> 
     </span>
     <span class='ocr_line' id='line_1_57' title="bbox 1240 977 1595 1017; baseline 0.006 -2"><span class='ocrx_word' id='word_1_283' title='bbox 1240 977 1289 1016; x_wconf 90' lang='lat' dir='ltr'><strong>In</strong></span> <span class='ocrx_word' id='word_1_284' title='bbox 1315 978 1345 1016; x_wconf 96' lang='lat' dir='ltr'><strong>I.</strong></span> <span class='ocrx_word' id='word_1_285' title='bbox 1374 978 1595 1017; x_wconf 79' lang='lat' dir='ltr'><strong>Nocturno.</strong></span> 
     </span>
     <span class='ocr_line' id='line_1_58' title="bbox 1033 1036 1800 1092; baseline 0.009 -17"><span class='ocrx_word' id='word_1_286' title='bbox 1033 1036 1194 1088; x_wconf 83' lang='lat' dir='ltr'><strong>Incipit</strong></span> <span class='ocrx_word' id='word_1_287' title='bbox 1212 1036 1323 1078; x_wconf 92' lang='lat' dir='ltr'><strong>liber</strong></span> <span class='ocrx_word' id='word_1_288' title='bbox 1340 1038 1534 1080; x_wconf 84' lang='lat' dir='ltr'><strong>Danielis</strong></span> <span class='ocrx_word' id='word_1_289' title='bbox 1554 1039 1800 1092; x_wconf 85' lang='lat' dir='ltr'><strong>Prophetae.</strong></span> 
     </span>
     <span class='ocr_line' id='line_1_59' title="bbox 1105 1097 1723 1150; baseline 0.003 -13"><span class='ocrx_word' id='word_1_290' title='bbox 1105 1097 1258 1139; x_wconf 90' lang='lat' dir='ltr'><strong>Lectio</strong></span> <span class='ocrx_word' id='word_1_291' title='bbox 1278 1099 1302 1138; x_wconf 91' lang='lat' dir='ltr'><strong>i.</strong></span> <span class='ocrx_word' id='word_1_292' title='bbox 1574 1098 1676 1150; x_wconf 87' lang='lat' dir='ltr'><strong>Cap.</strong></span> <span class='ocrx_word' id='word_1_293' title='bbox 1694 1101 1723 1139; x_wconf 87' lang='lat'><strong>1.</strong></span> 
     </span>
    </p>
   </div>
   <div class='ocr_carea' id='block_1_10' title="bbox 1007 1154 1826 1282">
    <p class='ocr_par' dir='ltr' id='par_1_13' title="bbox 1007 1154 1826 1282">
     <span class='ocr_line' id='line_1_60' title="bbox 1089 1154 1826 1205; baseline 0.006 -12.549"><span class='ocrx_word' id='word_1_294' title='bbox 1089 1165 1133 1179; x_wconf 43' lang='lat' dir='ltr'><strong>a</strong></span> <span class='ocrx_word' id='word_1_295' title='bbox 1152 1165 1237 1194; x_wconf 92' lang='lat' dir='ltr'><strong>nno</strong></span> <span class='ocrx_word' id='word_1_296' title='bbox 1261 1154 1390 1195; x_wconf 88' lang='lat' dir='ltr'><strong>tertio</strong></span> <span class='ocrx_word' id='word_1_297' title='bbox 1418 1155 1541 1205; x_wconf 87' lang='lat' dir='ltr'><strong>regni</strong></span> <span class='ocrx_word' id='word_1_298' title='bbox 1564 1155 1738 1196; x_wconf 85' lang='lat' dir='ltr'><strong>Joakim</strong></span> <span class='ocrx_word' id='word_1_299' title='bbox 1763 1169 1826 1198; x_wconf 93' lang='lat' dir='ltr'><strong>re-</strong></span> 
     </span>
     <span class='ocr_line' id='line_1_61' title="bbox 1007 1207 1825 1282; baseline 0.01 -37"><span class='ocrx_word' id='word_1_300' title='bbox 1007 1204 1139 1282; x_wconf 41' lang='grc' dir='ltr'><strong>,άὲλ</strong></span> <span class='ocrx_word' id='word_1_301' title='bbox 1167 1209 1233 1259; x_wconf 91' lang='lat' dir='ltr'><strong>gis</strong></span> <span class='ocrx_word' id='word_1_302' title='bbox 1252 1209 1277 1249; x_wconf 86' lang='lat' dir='ltr'><strong>J</strong></span> <span class='ocrx_word' id='word_1_303' title='bbox 1278 1209 1375 1259; x_wconf 91' lang='lat' dir='ltr'><strong>uda,</strong></span> <span class='ocrx_word' id='word_1_304' title='bbox 1395 1211 1514 1251; x_wconf 91' lang='lat' dir='ltr'><strong>venit</strong></span> <span class='ocrx_word' id='word_1_305' title='bbox 1532 1211 1825 1253; x_wconf 86' lang='lat' dir='ltr'><strong>Nabuchodo-</strong></span> 
     </span>
    </p>
   </div>
   <div class='ocr_carea' id='block_1_11' title="bbox 1059 1258 1113 1281">
    <p class='ocr_par' dir='ltr' id='par_1_14' title="bbox 1059 1258 1113 1281">
     <span class='ocr_line' id='line_1_62' title="bbox 1059 1258 1113 1281; baseline 0 0"><span class='ocrx_word' id='word_1_306' title='bbox 1059 1258 1069 1271; x_wconf 65' lang='lat'>¹</span> <span class='ocrx_word' id='word_1_307' title='bbox 1090 1269 1113 1281; x_wconf 48' lang='grc' dir='ltr'><strong>ιε·</strong></span> 
     </span>
    </p>
   </div>
   <div class='ocr_carea' id='block_1_12' title="bbox 992 1257 1825 2777">
    <p class='ocr_par' dir='ltr' id='par_1_15' title="bbox 995 1257 1825 2217">
     <span class='ocr_line' id='line_1_63' title="bbox 1005 1257 1824 1318; baseline 0.005 -13"><span class='ocrx_word' id='word_1_308' title='bbox 1005 1257 1140 1290; x_wconf 33' lang='lat'><strong>&amp;⁴2²</strong></span> <span class='ocrx_word' id='word_1_309' title='bbox 1167 1278 1301 1307; x_wconf 93' lang='lat' dir='ltr'><strong>nosor</strong></span> <span class='ocrx_word' id='word_1_310' title='bbox 1329 1278 1407 1307; x_wconf 85' lang='lat' dir='ltr'><strong>rex</strong></span> <span class='ocrx_word' id='word_1_311' title='bbox 1429 1266 1667 1318; x_wconf 86' lang='lat' dir='ltr'><strong>Babylonis</strong></span> <span class='ocrx_word' id='word_1_312' title='bbox 1692 1268 1734 1308; x_wconf 93' lang='lat' dir='ltr'><strong>in</strong></span> <span class='ocrx_word' id='word_1_313' title='bbox 1758 1269 1824 1309; x_wconf 86' lang='lat' dir='ltr'><strong>Je-</strong></span> 
     </span>
     <span class='ocr_line' id='line_1_64' title="bbox 1002 1320 1824 1372; baseline 0.007 -13"><span class='ocrx_word' id='word_1_314' title='bbox 1002 1320 1206 1370; x_wconf 78' lang='lat' dir='ltr'><strong>rusalem,</strong></span> <span class='ocrx_word' id='word_1_315' title='bbox 1233 1327 1276 1363; x_wconf 89' lang='lat' dir='ltr'><strong>et</strong></span> <span class='ocrx_word' id='word_1_316' title='bbox 1296 1322 1470 1363; x_wconf 91' lang='lat' dir='ltr'><strong>obsedit</strong></span> <span class='ocrx_word' id='word_1_317' title='bbox 1491 1335 1601 1372; x_wconf 84' lang='lat' dir='ltr'><strong>eam3</strong></span> <span class='ocrx_word' id='word_1_318' title='bbox 1629 1329 1672 1364; x_wconf 90' lang='lat' dir='ltr'><strong>et</strong></span> <span class='ocrx_word' id='word_1_319' title='bbox 1694 1324 1824 1365; x_wconf 82' lang='lat' dir='ltr'><strong>tradi·</strong></span> 
     </span>
     <span class='ocr_line' id='line_1_65' title="bbox 1003 1375 1825 1430; baseline 0.005 -14"><span class='ocrx_word' id='word_1_320' title='bbox 1003 1375 1066 1417; x_wconf 85' lang='lat' dir='ltr'><strong>dit</strong></span> <span class='ocrx_word' id='word_1_321' title='bbox 1083 1377 1299 1418; x_wconf 79' lang='lat' dir='ltr'><strong>Deminus</strong></span> <span class='ocrx_word' id='word_1_322' title='bbox 1322 1378 1366 1418; x_wconf 92' lang='lat' dir='ltr'><strong>in</strong></span> <span class='ocrx_word' id='word_1_323' title='bbox 1389 1392 1521 1419; x_wconf 92' lang='lat' dir='ltr'><strong>manu</strong></span> <span class='ocrx_word' id='word_1_324' title='bbox 1541 1380 1631 1430; x_wconf 91' lang='lat' dir='ltr'><strong>ejus</strong></span> <span class='ocrx_word' id='word_1_325' title='bbox 1651 1380 1674 1419; x_wconf 91' lang='lat' dir='ltr'><strong>J</strong></span> <span class='ocrx_word' id='word_1_326' title='bbox 1678 1380 1825 1421; x_wconf 79' lang='lat' dir='ltr'><strong>eakim</strong></span> 
     </span>
     <span class='ocr_line' id='line_1_66' title="bbox 1001 1433 1825 1487; baseline 0.005 -14"><span class='ocrx_word' id='word_1_327' title='bbox 1001 1445 1151 1483; x_wconf 89' lang='lat' dir='ltr'><strong>regem</strong></span> <span class='ocrx_word' id='word_1_328' title='bbox 1177 1433 1306 1484; x_wconf 90' lang='lat' dir='ltr'><strong>Juda,</strong></span> <span class='ocrx_word' id='word_1_329' title='bbox 1339 1440 1383 1476; x_wconf 91' lang='lat' dir='ltr'><strong>et</strong></span> <span class='ocrx_word' id='word_1_330' title='bbox 1416 1440 1587 1487; x_wconf 90' lang='lat' dir='ltr'><strong>partem</strong></span> <span class='ocrx_word' id='word_1_331' title='bbox 1620 1438 1825 1477; x_wconf 84' lang='lat' dir='ltr'><strong>vasorum</strong></span> 
     </span>
     <span class='ocr_line' id='line_1_67' title="bbox 1002 1488 1824 1543; baseline 0.005 -14"><span class='ocrx_word' id='word_1_332' title='bbox 1002 1488 1159 1530; x_wconf 92' lang='lat' dir='ltr'><strong>domus</strong></span> <span class='ocrx_word' id='word_1_333' title='bbox 1191 1491 1290 1532; x_wconf 90' lang='lat' dir='ltr'><strong>Dei:</strong></span> <span class='ocrx_word' id='word_1_334' title='bbox 1336 1496 1380 1532; x_wconf 94' lang='lat' dir='ltr'><strong>et</strong></span> <span class='ocrx_word' id='word_1_335' title='bbox 1420 1492 1662 1543; x_wconf 80' lang='lat' dir='ltr'><strong>asportavit</strong></span> <span class='ocrx_word' id='word_1_336' title='bbox 1699 1505 1750 1533; x_wconf 88' lang='lat' dir='ltr'><strong>ea</strong></span> <span class='ocrx_word' id='word_1_337' title='bbox 1782 1493 1824 1533; x_wconf 91' lang='lat' dir='ltr'><strong>in</strong></span> 
     </span>
     <span class='ocr_line' id='line_1_68' title="bbox 1000 1546 1824 1598; baseline 0.005 -13"><span class='ocrx_word' id='word_1_338' title='bbox 1000 1550 1163 1586; x_wconf 90' lang='lat' dir='ltr'><strong>terram</strong></span> <span class='ocrx_word' id='word_1_339' title='bbox 1181 1546 1373 1588; x_wconf 89' lang='lat' dir='ltr'><strong>Sennaar</strong></span> <span class='ocrx_word' id='word_1_340' title='bbox 1397 1548 1440 1588; x_wconf 92' lang='lat' dir='ltr'><strong>in</strong></span> <span class='ocrx_word' id='word_1_341' title='bbox 1461 1547 1638 1589; x_wconf 90' lang='lat' dir='ltr'><strong>domum</strong></span> <span class='ocrx_word' id='word_1_342' title='bbox 1658 1547 1728 1589; x_wconf 90' lang='lat' dir='ltr'><strong>dei</strong></span> <span class='ocrx_word' id='word_1_343' title='bbox 1748 1549 1824 1598; x_wconf 91' lang='lat' dir='ltr'><strong>sui,</strong></span> 
     </span>
     <span class='ocr_line' id='line_1_69' title="bbox 1001 1603 1824 1646; baseline 0.002 -4"><span class='ocrx_word' id='word_1_344' title='bbox 1001 1607 1044 1643; x_wconf 90' lang='lat' dir='ltr'><strong>et</strong></span> <span class='ocrx_word' id='word_1_345' title='bbox 1062 1615 1168 1643; x_wconf 90' lang='lat' dir='ltr'><strong>vasa</strong></span> <span class='ocrx_word' id='word_1_346' title='bbox 1187 1603 1331 1644; x_wconf 90' lang='lat' dir='ltr'><strong>intulit</strong></span> <span class='ocrx_word' id='word_1_347' title='bbox 1351 1604 1395 1644; x_wconf 92' lang='lat' dir='ltr'><strong>in</strong></span> <span class='ocrx_word' id='word_1_348' title='bbox 1414 1604 1592 1645; x_wconf 91' lang='lat' dir='ltr'><strong>domum</strong></span> <span class='ocrx_word' id='word_1_349' title='bbox 1611 1604 1824 1646; x_wconf 80' lang='lat' dir='ltr'><strong>Thesauri</strong></span> 
     </span>
     <span class='ocr_line' id='line_1_70' title="bbox 1001 1657 1821 1712; baseline 0.004 -14"><span class='ocrx_word' id='word_1_350' title='bbox 1001 1657 1071 1699; x_wconf 91' lang='lat' dir='ltr'><strong>dei</strong></span> <span class='ocrx_word' id='word_1_351' title='bbox 1090 1658 1167 1699; x_wconf 83' lang='lat' dir='ltr'><strong>sui.</strong></span> <span class='ocrx_word' id='word_1_352' title='bbox 1200 1659 1256 1700; x_wconf 91' lang='lat' dir='ltr'><strong>Et</strong></span> <span class='ocrx_word' id='word_1_353' title='bbox 1281 1660 1342 1700; x_wconf 90' lang='lat' dir='ltr'><strong>ait</strong></span> <span class='ocrx_word' id='word_1_354' title='bbox 1364 1672 1442 1701; x_wconf 80' lang='lat' dir='ltr'><strong>rex</strong></span> <span class='ocrx_word' id='word_1_355' title='bbox 1459 1660 1694 1712; x_wconf 87' lang='lat' dir='ltr'><strong>Asphenez</strong></span> <span class='ocrx_word' id='word_1_356' title='bbox 1713 1673 1821 1712; x_wconf 89' lang='lat' dir='ltr'><strong>prae-</strong></span> 
     </span>
     <span class='ocr_line' id='line_1_71' title="bbox 998 1715 1820 1766; baseline 0.004 -11"><span class='ocrx_word' id='word_1_357' title='bbox 998 1715 1145 1766; x_wconf 86' lang='lat' dir='ltr'><strong>posito</strong></span> <span class='ocrx_word' id='word_1_358' title='bbox 1175 1715 1473 1757; x_wconf 85' lang='lat' dir='ltr'><strong>eunuchorum</strong></span> <span class='ocrx_word' id='word_1_359' title='bbox 1499 1722 1547 1757; x_wconf 89' lang='lat' dir='ltr'><strong>ut</strong></span> <span class='ocrx_word' id='word_1_360' title='bbox 1574 1716 1820 1758; x_wconf 67' lang='lat' dir='ltr'><strong>introduce-</strong></span> 
     </span>
     <span class='ocr_line' id='line_1_72' title="bbox 998 1770 1820 1822; baseline 0.004 -11"><span class='ocrx_word' id='word_1_361' title='bbox 998 1776 1065 1812; x_wconf 89' lang='lat' dir='ltr'><strong>ret</strong></span> <span class='ocrx_word' id='word_1_362' title='bbox 1093 1770 1148 1812; x_wconf 93' lang='lat' dir='ltr'><strong>de</strong></span> <span class='ocrx_word' id='word_1_363' title='bbox 1178 1771 1279 1812; x_wconf 91' lang='lat' dir='ltr'><strong>filiis</strong></span> <span class='ocrx_word' id='word_1_364' title='bbox 1307 1772 1460 1822; x_wconf 82' lang='lat' dir='ltr'><strong>Israel,</strong></span> <span class='ocrx_word' id='word_1_365' title='bbox 1494 1778 1537 1814; x_wconf 92' lang='lat' dir='ltr'><strong>et</strong></span> <span class='ocrx_word' id='word_1_366' title='bbox 1569 1772 1624 1813; x_wconf 94' lang='lat' dir='ltr'><strong>de</strong></span> <span class='ocrx_word' id='word_1_367' title='bbox 1657 1773 1820 1814; x_wconf 90' lang='lat' dir='ltr'><strong>semine</strong></span> 
     </span>
     <span class='ocr_line' id='line_1_73' title="bbox 997 1827 1819 1881; baseline 0.002 -14"><span class='ocrx_word' id='word_1_368' title='bbox 997 1827 1117 1878; x_wconf 88' lang='lat' dir='ltr'><strong>regio</strong></span> <span class='ocrx_word' id='word_1_369' title='bbox 1151 1832 1194 1869; x_wconf 92' lang='lat' dir='ltr'><strong>et</strong></span> <span class='ocrx_word' id='word_1_370' title='bbox 1224 1830 1523 1880; x_wconf 83' lang='lat' dir='ltr'><strong>tyrannerum,</strong></span> <span class='ocrx_word' id='word_1_371' title='bbox 1560 1832 1738 1881; x_wconf 83' lang='lat' dir='ltr'><strong>pueros,</strong></span> <span class='ocrx_word' id='word_1_372' title='bbox 1776 1829 1819 1869; x_wconf 93' lang='lat' dir='ltr'><strong>in</strong></span> 
     </span>
     <span class='ocr_line' id='line_1_74' title="bbox 999 1883 1818 1935; baseline 0.002 -11"><span class='ocrx_word' id='word_1_373' title='bbox 999 1883 1156 1935; x_wconf 89' lang='lat' dir='ltr'><strong>quibus</strong></span> <span class='ocrx_word' id='word_1_374' title='bbox 1181 1884 1300 1925; x_wconf 88' lang='lat' dir='ltr'><strong>nulla</strong></span> <span class='ocrx_word' id='word_1_375' title='bbox 1326 1890 1442 1926; x_wconf 90' lang='lat' dir='ltr'><strong>esset</strong></span> <span class='ocrx_word' id='word_1_376' title='bbox 1466 1885 1652 1934; x_wconf 81' lang='lat' dir='ltr'><strong>macula,</strong></span> <span class='ocrx_word' id='word_1_377' title='bbox 1691 1885 1818 1926; x_wconf 84' lang='lat' dir='ltr'><strong>deco-</strong></span> 
     </span>
     <span class='ocr_line' id='line_1_75' title="bbox 996 1940 1818 1990; baseline 0.002 -10"><span class='ocrx_word' id='word_1_378' title='bbox 996 1952 1070 1981; x_wconf 93' lang='lat' dir='ltr'><strong>ros</strong></span> <span class='ocrx_word' id='word_1_379' title='bbox 1102 1940 1259 1990; x_wconf 90' lang='lat' dir='ltr'><strong>forma,</strong></span> <span class='ocrx_word' id='word_1_380' title='bbox 1298 1945 1341 1982; x_wconf 94' lang='lat' dir='ltr'><strong>et</strong></span> <span class='ocrx_word' id='word_1_381' title='bbox 1377 1941 1572 1983; x_wconf 90' lang='lat' dir='ltr'><strong>eruditos</strong></span> <span class='ocrx_word' id='word_1_382' title='bbox 1605 1942 1723 1982; x_wconf 90' lang='lat' dir='ltr'><strong>omni</strong></span> <span class='ocrx_word' id='word_1_383' title='bbox 1755 1954 1818 1982; x_wconf 92' lang='lat' dir='ltr'><strong>sa-</strong></span> 
     </span>
     <span class='ocr_line' id='line_1_76' title="bbox 996 1997 1818 2048; baseline 0.004 -12"><span class='ocrx_word' id='word_1_384' title='bbox 996 1997 1174 2048; x_wconf 91' lang='lat' dir='ltr'><strong>pientia,</strong></span> <span class='ocrx_word' id='word_1_385' title='bbox 1201 2002 1354 2039; x_wconf 90' lang='lat' dir='ltr'><strong>cautos</strong></span> <span class='ocrx_word' id='word_1_386' title='bbox 1378 1998 1573 2047; x_wconf 90' lang='lat' dir='ltr'><strong>scientia,</strong></span> <span class='ocrx_word' id='word_1_387' title='bbox 1600 2003 1643 2039; x_wconf 92' lang='lat' dir='ltr'><strong>et</strong></span> <span class='ocrx_word' id='word_1_388' title='bbox 1663 1998 1818 2039; x_wconf 90' lang='lat' dir='ltr'><strong>doctos</strong></span> 
     </span>
     <span class='ocr_line' id='line_1_77' title="bbox 997 2052 1817 2107; baseline 0 -13"><span class='ocrx_word' id='word_1_389' title='bbox 997 2052 1244 2106; x_wconf 89' lang='lat' dir='ltr'><strong>disciplina,</strong></span> <span class='ocrx_word' id='word_1_390' title='bbox 1272 2060 1315 2096; x_wconf 89' lang='lat' dir='ltr'><strong>et</strong></span> <span class='ocrx_word' id='word_1_391' title='bbox 1340 2054 1414 2105; x_wconf 93' lang='lat' dir='ltr'><strong>qui</strong></span> <span class='ocrx_word' id='word_1_392' title='bbox 1436 2059 1619 2107; x_wconf 87' lang='lat' dir='ltr'><strong>possent</strong></span> <span class='ocrx_word' id='word_1_393' title='bbox 1641 2059 1756 2095; x_wconf 91' lang='lat' dir='ltr'><strong>stare</strong></span> <span class='ocrx_word' id='word_1_394' title='bbox 1775 2054 1817 2094; x_wconf 93' lang='lat' dir='ltr'><strong>in</strong></span> 
     </span>
     <span class='ocr_line' id='line_1_78' title="bbox 995 2109 1816 2161; baseline 0 -11"><span class='ocrx_word' id='word_1_395' title='bbox 995 2109 1160 2161; x_wconf 82' lang='lat' dir='ltr'><strong>palatio</strong></span> <span class='ocrx_word' id='word_1_396' title='bbox 1180 2110 1312 2161; x_wconf 88' lang='lat' dir='ltr'><strong>regis,</strong></span> <span class='ocrx_word' id='word_1_397' title='bbox 1339 2115 1386 2151; x_wconf 89' lang='lat' dir='ltr'><strong>ut</strong></span> <span class='ocrx_word' id='word_1_398' title='bbox 1409 2110 1588 2152; x_wconf 87' lang='lat' dir='ltr'><strong>doceret</strong></span> <span class='ocrx_word' id='word_1_399' title='bbox 1607 2123 1683 2151; x_wconf 89' lang='lat' dir='ltr'><strong>eos</strong></span> <span class='ocrx_word' id='word_1_400' title='bbox 1707 2110 1816 2152; x_wconf 91' lang='lat' dir='ltr'><strong>litte-</strong></span> 
     </span>
     <span class='ocr_line' id='line_1_79' title="bbox 995 2166 1683 2217; baseline 0.001 -11"><span class='ocrx_word' id='word_1_401' title='bbox 995 2178 1077 2215; x_wconf 90' lang='lat' dir='ltr'><strong>ras,</strong></span> <span class='ocrx_word' id='word_1_402' title='bbox 1097 2170 1140 2207; x_wconf 91' lang='lat' dir='ltr'><strong>et</strong></span> <span class='ocrx_word' id='word_1_403' title='bbox 1158 2166 1348 2217; x_wconf 84' lang='lat' dir='ltr'><strong>linguam</strong></span> <span class='ocrx_word' id='word_1_404' title='bbox 1367 2166 1683 2207; x_wconf 85' lang='lat' dir='ltr'><strong>Chaldaeorum.</strong></span> 
     </span>
    </p>

    <p class='ocr_par' dir='ltr' id='par_1_16' title="bbox 992 2221 1816 2599">
     <span class='ocr_line' id='line_1_80' title="bbox 1049 2221 1815 2275; baseline -0.001 -12"><span class='ocrx_word' id='word_1_405' title='bbox 1049 2224 1100 2275; x_wconf 71' lang='lat' dir='ltr'><strong>R.</strong></span> <span class='ocrx_word' id='word_1_406' title='bbox 1122 2222 1227 2263; x_wconf 93' lang='lat' dir='ltr'><strong>Vidi</strong></span> <span class='ocrx_word' id='word_1_407' title='bbox 1243 2223 1478 2264; x_wconf 85' lang='lat' dir='ltr'><strong>Dominum</strong></span> <span class='ocrx_word' id='word_1_408' title='bbox 1501 2221 1726 2264; x_wconf 86' lang='lat' dir='ltr'><strong>sedentem</strong></span> <span class='ocrx_word' id='word_1_409' title='bbox 1749 2235 1815 2263; x_wconf 92' lang='lat' dir='ltr'><strong>su-</strong></span> 
     </span>
     <span class='ocr_line' id='line_1_81' title="bbox 994 2278 1816 2330; baseline 0.001 -12"><span class='ocrx_word' id='word_1_410' title='bbox 994 2290 1074 2330; x_wconf 90' lang='lat' dir='ltr'><strong>per</strong></span> <span class='ocrx_word' id='word_1_411' title='bbox 1097 2278 1255 2319; x_wconf 85' lang='lat' dir='ltr'><strong>selium</strong></span> <span class='ocrx_word' id='word_1_412' title='bbox 1278 2278 1497 2319; x_wconf 83' lang='lat' dir='ltr'><strong>excelsum</strong></span> <span class='ocrx_word' id='word_1_413' title='bbox 1522 2283 1566 2319; x_wconf 90' lang='lat' dir='ltr'><strong>et</strong></span> <span class='ocrx_word' id='word_1_414' title='bbox 1586 2278 1816 2319; x_wconf 81' lang='lat' dir='ltr'><strong>elevatum:</strong></span> 
     </span>
     <span class='ocr_line' id='line_1_82' title="bbox 995 2334 1814 2386; baseline 0 -11"><span class='ocrx_word' id='word_1_415' title='bbox 995 2339 1039 2375; x_wconf 91' lang='lat' dir='ltr'><strong>et</strong></span> <span class='ocrx_word' id='word_1_416' title='bbox 1061 2334 1190 2386; x_wconf 93' lang='lat' dir='ltr'><strong>plena</strong></span> <span class='ocrx_word' id='word_1_417' title='bbox 1214 2339 1307 2376; x_wconf 89' lang='lat' dir='ltr'><strong>erat</strong></span> <span class='ocrx_word' id='word_1_418' title='bbox 1325 2334 1466 2375; x_wconf 92' lang='lat' dir='ltr'><strong>omnis</strong></span> <span class='ocrx_word' id='word_1_419' title='bbox 1483 2339 1600 2375; x_wconf 90' lang='lat' dir='ltr'><strong>terra</strong></span> <span class='ocrx_word' id='word_1_420' title='bbox 1619 2335 1814 2386; x_wconf 80' lang='lat' dir='ltr'><strong>majesta-</strong></span> 
     </span>
     <span class='ocr_line' id='line_1_83' title="bbox 993 2389 1814 2442; baseline 0.001 -12"><span class='ocrx_word' id='word_1_421' title='bbox 993 2394 1038 2430; x_wconf 90' lang='lat' dir='ltr'><strong>te</strong></span> <span class='ocrx_word' id='word_1_422' title='bbox 1053 2391 1157 2441; x_wconf 91' lang='lat' dir='ltr'><strong>ejus:</strong></span> <span class='ocrx_word' id='word_1_423' title='bbox 1175 2391 1197 2414; x_wconf 85' lang='lat'>*</span> <span class='ocrx_word' id='word_1_424' title='bbox 1209 2390 1265 2430; x_wconf 89' lang='lat' dir='ltr'><strong>Et</strong></span> <span class='ocrx_word' id='word_1_425' title='bbox 1283 2403 1335 2431; x_wconf 92' lang='lat' dir='ltr'><strong>ea</strong></span> <span class='ocrx_word' id='word_1_426' title='bbox 1355 2402 1453 2441; x_wconf 91' lang='lat' dir='ltr'><strong>quae</strong></span> <span class='ocrx_word' id='word_1_427' title='bbox 1472 2390 1553 2431; x_wconf 94' lang='lat' dir='ltr'><strong>sub</strong></span> <span class='ocrx_word' id='word_1_428' title='bbox 1567 2389 1665 2442; x_wconf 90' lang='lat' dir='ltr'><strong>ipso</strong></span> <span class='ocrx_word' id='word_1_429' title='bbox 1683 2394 1814 2439; x_wconf 90' lang='lat' dir='ltr'><strong>erant,</strong></span> 
     </span>
     <span class='ocr_line' id='line_1_84' title="bbox 993 2439 1814 2498; baseline 0 -12"><span class='ocrx_word' id='word_1_430' title='bbox 993 2445 1220 2497; x_wconf 90' lang='lat' dir='ltr'><strong>replebant</strong></span> <span class='ocrx_word' id='word_1_431' title='bbox 1246 2446 1467 2498; x_wconf 90' lang='lat' dir='ltr'><strong>templum.</strong></span> <span class='ocrx_word' id='word_1_432' title='bbox 1511 2439 1561 2490; x_wconf 65' lang='lat' dir='ltr'><strong>V.</strong></span> <span class='ocrx_word' id='word_1_433' title='bbox 1589 2446 1814 2498; x_wconf 90' lang='lat' dir='ltr'><strong>Seraphim</strong></span> 
     </span>
     <span class='ocr_line' id='line_1_85' title="bbox 992 2500 1813 2554; baseline 0 -13"><span class='ocrx_word' id='word_1_434' title='bbox 992 2501 1166 2542; x_wconf 89' lang='lat' dir='ltr'><strong>stabant</strong></span> <span class='ocrx_word' id='word_1_435' title='bbox 1199 2514 1331 2554; x_wconf 89' lang='lat' dir='ltr'><strong>super</strong></span> <span class='ocrx_word' id='word_1_436' title='bbox 1361 2500 1483 2543; x_wconf 91' lang='lat' dir='ltr'><strong>illud:</strong></span> <span class='ocrx_word' id='word_1_437' title='bbox 1515 2514 1592 2543; x_wconf 80' lang='lat' dir='ltr'><strong>sex</strong></span> <span class='ocrx_word' id='word_1_438' title='bbox 1622 2502 1702 2543; x_wconf 89' lang='lat' dir='ltr'><strong>alae</strong></span> <span class='ocrx_word' id='word_1_439' title='bbox 1730 2502 1813 2550; x_wconf 85' lang='lat' dir='ltr'><strong>uni,</strong></span> 
     </span>
     <span class='ocr_line' id='line_1_86' title="bbox 992 2557 1550 2599; baseline -0.002 0"><span class='ocrx_word' id='word_1_440' title='bbox 992 2563 1036 2599; x_wconf 90' lang='lat' dir='ltr'><strong>et</strong></span> <span class='ocrx_word' id='word_1_441' title='bbox 1055 2570 1131 2598; x_wconf 85' lang='lat' dir='ltr'><strong>sex</strong></span> <span class='ocrx_word' id='word_1_442' title='bbox 1150 2557 1231 2598; x_wconf 87' lang='lat' dir='ltr'><strong>alae</strong></span> <span class='ocrx_word' id='word_1_443' title='bbox 1251 2557 1386 2599; x_wconf 81' lang='lat' dir='ltr'><strong>alteri.</strong></span> <span class='ocrx_word' id='word_1_444' title='bbox 1414 2558 1470 2599; x_wconf 90' lang='lat' dir='ltr'><strong>Et</strong></span> <span class='ocrx_word' id='word_1_445' title='bbox 1489 2571 1550 2599; x_wconf 91' lang='lat' dir='ltr'><strong>ea.</strong></span> 
     </span>
    </p>

    <p class='ocr_par' dir='ltr' id='par_1_17' title="bbox 1074 2610 1810 2777">
     <span class='ocr_line' id='line_1_87' title="bbox 1300 2610 1510 2652; baseline -0.005 0"><span class='ocrx_word' id='word_1_446' title='bbox 1300 2610 1452 2652; x_wconf 88' lang='lat' dir='ltr'><strong>Lectio</strong></span> <span class='ocrx_word' id='word_1_447' title='bbox 1471 2611 1510 2651; x_wconf 93' lang='lat' dir='ltr'><strong>ii.</strong></span> 
     </span>
     <span class='ocr_line' id='line_1_88' title="bbox 1074 2669 1809 2711; baseline -0.003 0"><span class='ocrx_word' id='word_1_448' title='bbox 1074 2674 1093 2711; x_wconf 90' lang='lat' dir='ltr'><strong>t</strong></span> <span class='ocrx_word' id='word_1_449' title='bbox 1129 2669 1354 2710; x_wconf 89' lang='lat' dir='ltr'><strong>constituit</strong></span> <span class='ocrx_word' id='word_1_450' title='bbox 1390 2669 1452 2710; x_wconf 92' lang='lat' dir='ltr'><strong>eis</strong></span> <span class='ocrx_word' id='word_1_451' title='bbox 1487 2682 1564 2710; x_wconf 87' lang='lat' dir='ltr'><strong>rex</strong></span> <span class='ocrx_word' id='word_1_452' title='bbox 1599 2671 1809 2710; x_wconf 81' lang='lat' dir='ltr'><strong>annonam</strong></span> 
     </span>
     <span class='ocr_line' id='line_1_89' title="bbox 1087 2724 1810 2777; baseline -0.003 -11"><span class='ocrx_word' id='word_1_453' title='bbox 1087 2738 1166 2777; x_wconf 90' lang='lat' dir='ltr'><strong>per</strong></span> <span class='ocrx_word' id='word_1_454' title='bbox 1185 2725 1379 2775; x_wconf 89' lang='lat' dir='ltr'><strong>singulos</strong></span> <span class='ocrx_word' id='word_1_455' title='bbox 1395 2725 1489 2766; x_wconf 90' lang='lat' dir='ltr'><strong>dies</strong></span> <span class='ocrx_word' id='word_1_456' title='bbox 1509 2724 1564 2766; x_wconf 93' lang='lat' dir='ltr'><strong>de</strong></span> <span class='ocrx_word' id='word_1_457' title='bbox 1584 2725 1690 2765; x_wconf 90' lang='lat' dir='ltr'><strong>cibis</strong></span> <span class='ocrx_word' id='word_1_458' title='bbox 1709 2724 1810 2773; x_wconf 89' lang='lat' dir='ltr'><strong>suis,</strong></span> 
     </span>
    </p>
   </div>
   <div class='ocr_carea' id='block_1_13' title="bbox 59 138 1887 2840">
    <p class='ocr_par' dir='ltr' id='par_1_18' title="bbox 59 138 1887 2840">
     <span class='ocr_line' id='line_1_90' title="bbox 59 138 1887 2840; baseline 0 0"><span class='ocrx_word' id='word_1_459' title='bbox 59 138 1887 2840; x_wconf 95' lang='lat' dir='ltr'><strong> </strong></span> 
     </span>
    </p>
   </div>
  </div>
 </body>
</html>
