2040 2944
620 151 728 185 Dom.
755 151 779 184 I.
805 151 884 185 Oct.
923 151 981 186 Ss.
1006 150 1161 185 Rosarii
1186 150 1227 184 B.
1252 150 1386 184 Maria:
1406 150 1450 183 V.

230 248 279 300 V.
307 249 517 301 Speciesa
550 248 665 290 faeta
699 260 746 289 es
778 253 822 290 et
850 249 1007 290 suavis.

178 309 228 360 R.
255 307 305 346 In
324 305 491 347 deliciis
517 305 620 354 tuis,
648 309 800 346 sancta
818 305 903 347 Dei
923 305 1006 346 Ge-

177 363 318 404 nitriX.

180 440 329 482 Lectio
357 438 497 480 sancti
515 438 742 489 Evangelii
764 437 1007 480 secundum

504 495 682 537 Lucam.

284 559 431 598 Lectio
454 559 519 598 vii.
704 560 807 610 Cap.
825 560 853 598 1.
870 572 903 598 c.

222 631 250 658 n
269 617 345 659 illo
360 618 580 669 tempore:
599 616 760 657 Missus
781 621 848 658 est
863 615 1006 667 Ange-

240 674 308 714 lus
333 673 515 716 Gabriel
540 686 566 715 a
588 674 687 715 Deo
714 673 758 713 in
784 672 1007 714 civitatem

176 731 388 780 Galilaeae,
413 731 484 772 cui
503 743 663 772 nomen
680 729 922 778 Nazareth,
951 727 1007 770 ad

174 787 402 838 Virginem
436 787 754 840 desponsatam
783 786 901 835 viro,
938 785 1007 826 cui

175 857 335 885 nomen
363 849 457 886 erat
483 843 650 897 Joseph
680 843 735 885 de
761 842 897 884 domo
921 842 1006 883 Da·

175 900 260 950 vid,
286 907 329 942 et
354 912 515 942 nomen
539 900 734 951 Virginis
760 899 909 940 Maria.
949 898 1007 939 Et

174 957 354 1009 reliqua.

178 1030 367 1072 Homilia
397 1030 538 1072 sancti
564 1029 780 1071 Bernardi
807 1028 1006 1070 Abbatis.

389 1091 521 1125 Sermo
541 1091 587 1126 dc
605 1092 640 1125 S.
658 1092 790 1126 Maria.

185 1156 248 1193 μμ
263 1155 311 1191 *335-
329 1142 357 1184 d
391 1142 819 1184 commendationem
853 1141 1007 1191 gratiae

185 1195 196 1230 5v
215 1195 260 1256 2⁵²⁷*
341 1212 433 1240 suae
449 1204 492 1240 et
508 1198 565 1239 ad
581 1198 926 1241 destructiOnem
941 1197 1009 1238 hu-

340 1258 483 1296 manae
516 1255 764 1307 sapientiae,
798 1255 920 1295 Deus
953 1253 1007 1294 de

174 1313 354 1361 femina,
388 1312 467 1353 sed
492 1311 675 1362 Virgine
704 1311 908 1362 dignatus
941 1315 1009 1351 est

175 1383 352 1413 carnem
367 1373 601 1419 assumere,
616 1375 664 1412 ut
679 1369 865 1411 similem
881 1367 1009 1409 simili

174 1427 391 1477 redderet,
412 1427 679 1468 contrarium
694 1425 916 1467 contrario
938 1437 1007 1466 cu-

174 1486 304 1533 raret,
323 1484 578 1536 pestiferam
597 1483 770 1535 spinam
789 1481 1008 1530 evelleret,

174 1541 347 1593 peccati
384 1539 725 1592 chiregraphum
757 1538 1007 1591 potentissi-

174 1609 245 1638 me
265 1596 443 1638 deleret.
480 1596 575 1637 Eva
600 1596 726 1648 spina
754 1595 851 1644 fuit,
870 1595 1009 1636 Maria

175 1665 277 1694 rosa
289 1653 466 1694 exstitit.
480 1652 575 1693 Eva
586 1652 713 1704 spina
723 1650 1008 1699 vulnerando,

174 1709 314 1750 Maria
339 1722 441 1751 rosa
467 1709 662 1749 omnium
692 1708 876 1750 affectus
902 1707 1008 1748 mul-

175 1765 328 1807 cendo.
353 1766 447 1807 Eva
462 1765 588 1818 spina
601 1764 790 1816 infigens
806 1764 1010 1806 omnibus

174 1827 378 1871 mortem,
398 1822 537 1862 Maria
561 1834 662 1862 rosa
685 1819 877 1862 reddens
898 1820 1008 1861 salu-

174 1878 347 1920 tiferam
366 1877 570 1919 emnibus
586 1883 761 1919 sortem.
789 1877 927 1918 Maria
942 1889 1009 1918 ro-

176 1947 226 1975 sa
257 1934 339 1976 fuit
373 1933 561 1975 candida
596 1946 677 1986 per
705 1933 1009 1985 virginitatem,

175 1989 420 2032 rubicunda
439 2002 519 2042 per
538 1990 777 2031 caritatem.
811 1989 1010 2031 Candida

176 2059 326 2096 carne,
355 2045 602 2088 rubicunda
628 2051 793 2095 mente,
822 2044 1011 2087 candida

176 2103 385 2144 virtutem
400 2101 625 2151 sectando,
645 2100 890 2143 rubicunda
905 2101 1010 2142 vitia

176 2158 399 2200 calcando.
438 2157 636 2200 Candida
664 2157 869 2199 affectum
894 2158 1009 2210 puri-

175 2215 361 2264 ficando,
379 2213 623 2257 rubicunda
638 2227 815 2256 carnem
830 2214 1009 2256 mortifi-

177 2271 340 2313 cando:
376 2270 563 2313 candida
595 2272 739 2313 Deum
776 2270 1009 2322 diligendo,

176 2327 419 2370 rubicunda
453 2328 657 2381 preximo
686 2326 1008 2380 compatiendo.

231 2392 280 2443 Rz.
311 2393 407 2443 Ego
450 2394 575 2445 quasi
611 2393 713 2434 vitis
749 2392 1010 2434 fructificavi

177 2448 439 2490 suavitatem
490 2450 660 2499 oderis,
703 2452 725 2475 *
772 2449 830 2490 Et
876 2449 1009 2490 flores

175 2505 264 2547 mei
286 2505 454 2547 fructus
479 2505 659 2546 honoris
684 2510 727 2547 et
752 2505 1009 2547 honestatis.

179 2554 229 2606 V.
255 2561 351 2612 Ego
378 2566 518 2602 mater
544 2561 741 2614 pulchrae
761 2560 1008 2603 dilectienis

177 2623 222 2660 et
241 2617 411 2659 timeris
441 2623 484 2659 et
512 2617 743 2668 agnitionis
772 2622 816 2658 et
844 2622 1008 2659 sanctae

177 2673 284 2727 spei.
307 2674 365 2715 Et
384 2674 528 2715 flores.

1353 245 1506 286 Lectio
1526 246 1610 286 viii.

1204 314 1244 348 In
1272 325 1381 348 serm.
1407 315 1455 349 de
1480 314 1735 358 Aquaeductu.

1152 376 1306 418 erbum
1322 389 1425 419 caro
1441 377 1605 419 factum
1622 382 1699 428 est,
1714 382 1759 420 et
1771 377 1892 420 habi-

1171 438 1235 475 tat
1266 434 1351 486 iam
1383 434 1427 474 in
1454 433 1594 475 nobis.
1635 433 1821 476 Habitat
1848 435 1892 475 in

1060 490 1273 531 memeria
1300 494 1470 539 nostra,
1503 489 1675 532 habitat
1706 490 1750 531 in
1778 491 1892 542 cogi-

1060 546 1242 596 tatiene,
1270 546 1373 598 quia
1397 558 1538 598 usque
1568 545 1625 588 ad
1651 546 1795 599 ipsam
1821 545 1892 588 de-

1061 602 1230 644 scendit
1266 603 1635 653 imaginationem.
1692 603 1893 653 Quonam

1060 659 1213 709 modo,
1241 658 1412 712 inquis?
1439 659 1657 700 Nimirum
1681 660 1826 711 jacens
1850 659 1893 700 in

1060 715 1302 768 praesepio,
1329 715 1372 756 in
1396 715 1598 766 virginali
1625 715 1793 766 gremio
1823 728 1892 757 cu-

1060 771 1188 821 bans,
1211 772 1255 812 in
1274 777 1423 814 monte
1443 771 1708 824 praedicans,
1734 771 1778 812 in
1799 784 1892 813 ora-

1061 827 1180 869 tiene
1216 830 1505 881 pernectans,
1543 828 1587 869 in
1623 841 1754 870 cruce
1790 841 1894 881 pen-

1062 883 1187 934 dens,
1206 884 1249 925 in
1268 890 1411 926 morte
1434 884 1622 937 pallens,
1645 884 1758 926 liber
1781 885 1894 926 inter

1060 942 1261 983 mertuos
1300 946 1344 983 et
1378 941 1422 982 in
1458 941 1628 983 inferno
1663 943 1894 995 imperans,

1061 1010 1139 1039 seu
1167 998 1298 1039 etiam
1325 998 1455 1039 tertia
1488 997 1560 1040 die
1588 1001 1823 1050 resurgens
1851 1003 1895 1040 et

1061 1054 1293 1106 Apestolis
1311 1054 1411 1095 loca
1431 1054 1672 1104 clavorum,
1696 1055 1895 1096 victoriae

1062 1111 1185 1160 signa
1209 1109 1532 1160 demonstrans,
1558 1111 1799 1153 novissime
1825 1123 1894 1153 co-

1061 1180 1155 1208 ram
1175 1167 1237 1208 eis
1257 1167 1359 1208 coeli
1382 1169 1555 1208 secreta
1581 1167 1895 1209 conscendens.

1062 1223 1178 1273 Quid
1198 1223 1356 1264 horum
1375 1236 1463 1264 non
1482 1236 1587 1265 vere
1605 1236 1694 1265 non
1711 1224 1785 1276 pie
1803 1237 1892 1265 non

1062 1285 1212 1321 sancte
1237 1280 1479 1330 cogitatur?
1517 1276 1543 1325 3
1569 1279 1795 1332 Quidquid
1820 1280 1895 1322 ho-

1061 1348 1158 1376 rum
1185 1336 1353 1387 cegito‚
1382 1336 1526 1378 Deum
1554 1335 1719 1388 cogito,
1747 1341 1791 1379 et
1817 1349 1897 1389 per

1063 1392 1210 1433 emnia
1239 1397 1306 1434 est
1334 1393 1455 1434 Deus
1483 1405 1618 1435 meus.
1667 1393 1779 1435 Haec
1813 1405 1896 1444 ego

1061 1447 1265 1490 meditari
1294 1448 1385 1491 dixi
1415 1449 1693 1502 sapientiam,
1727 1454 1770 1491 et
1796 1462 1896 1502 pru-

1063 1504 1257 1547 dentiam
1285 1505 1475 1558 judicavi
1504 1508 1705 1548 eructare
1732 1507 1896 1547 memo·

1062 1561 1171 1602 riam
1191 1562 1441 1604 suavitatis:
1462 1562 1671 1614 quoniam
1688 1562 1733 1612 in
1752 1561 1896 1614 hujus-

1065 1618 1238 1659 cemodi
1266 1618 1434 1660 nucleis
1457 1618 1581 1670 virga
1609 1618 1898 1660 sacerdotalis

1063 1675 1247 1726 copiesa
1258 1675 1480 1727 produxit,
1497 1687 1630 1727 quam
1639 1675 1684 1716 in
1696 1675 1898 1728 supernis

1062 1730 1279 1781 hauriens,
1299 1731 1477 1773 uberius
1491 1731 1620 1773 nobis
1634 1731 1773 1773 Maria
1786 1731 1898 1773 refu-

1064 1786 1138 1828 dit.
1170 1787 1221 1828 In
1243 1788 1444 1840 supernis
1463 1788 1595 1840 plane
1615 1793 1659 1830 et
1676 1787 1792 1830 ultra
1810 1788 1898 1829 An—

1063 1843 1203 1894 gelos,
1226 1857 1326 1896 quae
1345 1844 1544 1887 Verbum
1563 1857 1618 1887 ex
1635 1844 1734 1898 ipso
1753 1844 1897 1886 Patris

1065 1900 1200 1942 corde
1221 1901 1427 1954 suscepit.

1118 1972 1170 2025 R.
1193 1970 1352 2022 Surge,
1383 1972 1578 2023 propera
1609 1971 1749 2011 amica
1780 1982 1897 2011 mea:

1064 2028 1148 2078 iam
1164 2027 1279 2068 enim
1292 2026 1433 2068 hiems
1444 2026 1627 2076 transiit,
1637 2025 1778 2068 imber
1791 2025 1898 2068 abiit

1065 2088 1109 2125 et
1134 2083 1335 2125 recessit:
1368 2081 1391 2105 *
1415 2083 1570 2124 Flores
1598 2083 1897 2136 apparuerunt

1063 2139 1107 2180 in
1130 2145 1248 2181 terra
1271 2144 1434 2181 nostra.
1460 2134 1512 2185 Ys-
1532 2138 1749 2180 Dominus
1773 2137 1898 2180 dabit

1063 2195 1391 2246 benignitatem,
1411 2200 1456 2237 et
1469 2200 1588 2237 terra
1605 2198 1757 2236 nostra
1773 2193 1897 2236 dabit

1064 2252 1255 2293 fructum
1279 2265 1417 2294 suum.
1444 2251 1610 2294 Flores.
1648 2249 1799 2292 Gloria
1817 2251 1896 2291 Pa·

1063 2309 1130 2350 tri.
1158 2308 1325 2350 Flores.

1119 2372 1251 2407 Lectio
1291 2373 1340 2407 ix.
1381 2373 1429 2407 de
1468 2373 1639 2409 Homilia
1680 2373 1898 2410 Dominicae

1067 2431 1212 2456 occurr.

1337 2489 1416 2531 Ad
1435 2489 1632 2530 Laudes

1285 2555 1332 2585 et
1366 2560 1461 2594 per
1494 2551 1679 2586 Horas.

1120 2612 1218 2653 Ant.
1249 2612 1277 2651 1.
1313 2612 1485 2653 Laetare
1512 2612 1535 2637 *
1563 2611 1703 2662 Virgo
1736 2611 1896 2661 Mater3

1064 2670 1254 2711 surrexit
1275 2668 1475 2710 Christus
1494 2667 1549 2709 de
1569 2667 1817 2720 sepulchro.
