2040 2944
723 199 932 234 Commune
957 200 1244 243 Apostolorum.

185 292 286 334 Ant.
308 290 398 334 Vos
417 292 546 334 amici
564 293 651 334 mei
672 292 790 343 estis,
804 292 828 319 *
843 292 881 334 si
899 292 956 334 fe-

134 349 280 448 ffgitis
308 361 407 401 quae
434 349 647 402 praecipio
676 348 818 399 vobis,
851 348 958 391 dicit

207 419 359 448 minus.

397 468 594 509 Psalmus
622 469 693 508 111.

133 533 340 639 Beatus
360 536 439 586 vir,
468 535 542 603 qui
563 535 688 600 timet
705 535 956 600 Dominum:

232 593 256 619 *
274 606 318 633 1n
336 591 554 634 mandatls
574 604 664 644 ejus
682 590 801 633 volet
819 604 956 632 mm1s.

184 649 347 691 Potens
370 649 415 690 in
440 653 558 690 terra
577 648 658 691 erit
682 660 831 689 semen
850 649 956 700 ejus:

133 706 157 732 *
175 706 401 756 generatio
421 707 644 747 rectorum
661 704 956 747 benedicetur.

185 762 346 813 Gloria,
374 766 418 804 et
445 761 607 804 divitiae
630 762 675 802 in
698 760 829 803 domo
851 762 956 813 ejus:

130 819 154 846 *
170 824 214 861 et
231 819 393 871 justitia
411 820 502 871 ejus
520 823 668 860 manet
686 818 730 859 in
747 818 955 860 saeculum

133 875 294 918 saeculi.

183 932 397 974 Exortum
425 936 493 974 est
519 932 563 972 in
591 931 785 974 tenebris
808 932 955 974 lumen

131 989 277 1031 rectis:
304 989 329 1015 *
355 988 616 1039 misericors,
645 993 689 1030 et
712 989 955 1038 miserator,

131 1049 174 1088 et
190 1046 339 1097 justus.

183 1102 208 1143 J
209 1101 410 1144 ucundus
424 1102 557 1144 homo
574 1102 649 1154 qui
667 1102 898 1144 miseretur
913 1106 956 1143 et

132 1158 394 1209 commodat,
402 1159 607 1212 disponet
615 1160 840 1200 sermones
852 1171 955 1200 suos

131 1216 176 1256 in
201 1215 375 1268 judicio:
399 1215 423 1242 *
450 1215 552 1268 quia
571 1215 617 1256 in
637 1217 849 1257 aeternum
868 1227 955 1256 non

133 1271 492 1315 commovebitur.

183 1329 235 1370 In
253 1329 465 1371 memoria
484 1330 648 1370 aeterna
667 1329 749 1370 erit
766 1329 918 1380 justus:
932 1328 956 1354 *

132 1385 187 1428 ab
207 1385 430 1428 auditione
447 1385 562 1427 mala
579 1398 668 1427 non
686 1385 867 1427 timebit.

182 1442 390 1484 Paratum
406 1455 483 1484 cor
502 1443 592 1494 ejus
611 1444 790 1495 sperare
810 1442 855 1483 in
868 1442 955 1483 Do-

131 1498 260 1549 mino,
289 1498 594 1541 confirmatum
619 1503 685 1541 est
709 1511 785 1541 cor
809 1500 914 1551 ejus:
932 1499 956 1525 *

132 1567 220 1597 non
231 1555 580 1598 commovebitur
591 1555 731 1598 donec
742 1555 957 1608 despiciat

132 1624 331 1653 mimlcos
351 1624 466 1654 suos.

184 1668 418 1721 Dispersit,
447 1668 568 1710 dedit
590 1668 872 1722 pauperibus:
899 1669 957 1720 ju-

134 1725 254 1766 stitia
262 1725 352 1777 ejus
361 1729 508 1766 manet
516 1725 560 1766 in
573 1725 783 1767 saeculum
797 1724 958 1774 saeculi,

133 1781 158 1807 *
177 1793 314 1823 cornu
332 1782 423 1832 ejus
442 1781 703 1824 exaltabitur
721 1782 765 1822 in
783 1781 932 1832 gloria.

187 1838 402 1879 Peccator
434 1837 618 1888 videbit,
661 1842 705 1880 et
735 1839 958 1887 irascetur,

137 1893 338 1936 dentibus
359 1894 448 1935 suis
467 1894 624 1936 fremet
642 1899 686 1936 et
704 1894 916 1936 tabescet:
935 1894 958 1920 *

136 1950 403 1993 desiderium
421 1953 705 2003 peccatorum
722 1951 894 2004 peribit.

188 2018 287 2058 Ant.
311 2016 400 2058 Vos
418 2016 546 2058 amici
563 2016 650 2058 mei
664 2016 779 2066 estis,
798 2016 835 2057 si
849 2016 959 2058 fece-

137 2074 230 2139 ritis
250 2085 348 2126 quae
366 2073 578 2126 praecipio
597 2072 734 2127 vobis,
754 2072 859 2115 dicit
873 2073 959 2114 Do-

137 2143 290 2237 mlffillss·
304 2194 431 2237 Beati
444 2194 656 2247 pacifici,*
666 2194 784 2236 beati
797 2194 960 2236 mundo

139 2251 291 2294 corde:
329 2251 534 2304 quoniam
565 2251 650 2303 ipsi
677 2251 819 2294 Deum
845 2251 961 2294 vide-

139 2307 258 2350 bunt.
402 2365 600 2405 Psalmus
626 2365 702 2404 112.

192 2438 351 2480 audate
382 2438 509 2491 pueri
544 2438 798 2480 Dominum:
824 2438 848 2464 *
875 2438 961 2479 lau-

244 2494 346 2537 date
364 2508 525 2537 nomen
542 2494 730 2536 Domini.

192 2550 256 2592 Sit
273 2563 431 2594 nomen
446 2551 624 2593 Domini
642 2551 963 2602 benedictum,*

143 2619 197 2649 ex
214 2606 298 2649 hoc
316 2621 440 2658 nunc,
462 2613 506 2650 et
522 2621 660 2660 usque
679 2609 724 2649 in
744 2607 963 2650 saeculum.

195 2663 236 2703 A
259 2663 363 2705 solis
386 2669 485 2706 ortu
509 2678 649 2718 usque
671 2665 729 2706 ad
748 2667 963 2714 occasum,

143 2719 400 2763 *laudabile
418 2733 577 2764 nomen
596 2722 784 2764 Domini.

1787 190 1834 235 [3]

1061 290 1273 332 Excelsus
1311 302 1443 342 super
1480 302 1632 331 omnes
1669 289 1835 330 Gentes

1008 347 1235 397 Dominus,
1254 348 1279 374 *
1307 351 1350 388 et
1377 359 1508 399 super
1531 348 1668 390 coelos
1696 345 1835 396 gloria

1010 417 1112 457 ejus.

1062 460 1168 511 Quis
1184 461 1296 502 sicut
1310 460 1526 502 Dominus
1541 461 1662 503 Deus
1676 465 1836 510 noster,

1011 517 1085 571 qui
1112 517 1155 558 in
1184 517 1282 558 altis
1309 515 1496 568 habitat,
1523 519 1547 546 *
1582 523 1625 560 et
1658 518 1837 560 humilia

1009 574 1188 627 respicit
1206 574 1249 614 in
1268 572 1382 615 coelo
1404 578 1448 615 et
1465 574 1508 615 in
1527 575 1667 617 terra?

1061 631 1286 673 suscitans
1306 642 1331 670 a
1346 634 1463 671 terra
1477 633 1665 684 inopem,
1679 633 1703 660 *
1719 636 1763 674 et
1781 631 1836 673 de

1009 690 1203 730 stercore
1220 687 1391 738 erigens
1409 690 1663 740 pauperem:

1060 745 1120 787 Ut
1152 743 1339 786 collocet
1372 756 1471 784 eum
1503 757 1602 786 cum
1633 746 1835 799 principi-

1007 802 1105 851 bus,
1124 803 1148 829 *
1176 814 1275 842 cum
1294 800 1564 853 principibus
1587 802 1741 855 populi
1760 802 1836 843 sui.

1061 858 1145 908 Qui
1179 857 1377 899 habitare
1419 857 1523 899 facit
1564 858 1757 900 sterilem
1793 859 1836 899 in

1010 915 1153 965 domo,
1164 915 1188 942 *
1202 918 1387 955 matrem
1400 913 1589 956 filiorum
1603 915 1836 957 laetantem.

1063 981 1162 1020 Ant.
1182 975 1311 1017 Beati
1331 975 1513 1027 pacifici,
1532 975 1651 1017 beati
1671 976 1835 1018 mundo

1009 1032 1159 1074 corde:
1198 1031 1403 1084 quoniam
1436 1031 1521 1084 ipsi
1548 1033 1692 1074 Deum
1720 1033 1836 1075 vide-

1007 1089 1127 1131 bunt

1063 1153 1163 1193 Ant.
1191 1152 1241 1191 In
1261 1149 1469 1203 patientia
1488 1154 1634 1191 vestra
1653 1151 1676 1177 *
1697 1150 1834 1203 possi-

1010 1205 1168 1248 debitis
1189 1207 1354 1248 animas
1372 1210 1552 1248 vestras.

1270 1287 1470 1329 Psalmus
1499 1290 1577 1329 116.

1011 1347 1221 1453 Eudate
1235 1350 1474 1392 Dominum
1489 1362 1641 1392 omnes
1657 1350 1836 1393 Gentes:

1112 1407 1135 1433 *
1154 1406 1331 1449 laudate
1351 1419 1450 1448 eum
1470 1419 1622 1448 omnes
1643 1408 1810 1460 populi:

1062 1463 1278 1514 Quoniam
1312 1463 1570 1505 confirmata
1603 1469 1670 1505 est
1706 1477 1837 1517 super

1009 1533 1091 1562 nos
1110 1520 1412 1562 misericordia
1431 1521 1537 1572 ejus:
1561 1521 1585 1546 *
1613 1525 1657 1562 et
1676 1521 1837 1563 veritas

1008 1577 1187 1619 Domini
1205 1582 1352 1618 manet
1369 1577 1412 1617 in
1431 1578 1655 1618 aeternum.

1064 1638 1164 1678 Ant.
1192 1638 1239 1678 In
1255 1637 1466 1690 patientia
1479 1642 1627 1679 vestra
1641 1638 1836 1690 posside-

1009 1693 1111 1736 bitis
1132 1693 1300 1735 animas
1317 1698 1499 1735 vestras.

1091 1763 1349 1815 Capitulum.
1497 1762 1654 1814 Ephes.
1669 1764 1705 1802 2.
1722 1761 1760 1801 d.

1013 1820 1250 1925 Fratres:
1277 1827 1302 1869 J
1304 1840 1374 1869 am
1395 1841 1483 1870 non
1509 1828 1615 1870 estis
1630 1828 1837 1880 hospites,

1111 1889 1155 1927 et
1173 1884 1370 1926 advenae:
1391 1885 1470 1926 sed
1485 1885 1589 1926 estis
1605 1885 1722 1926 cives
1742 1897 1836 1925 san-

1012 1943 1198 1991 ctorum,
1232 1945 1276 1983 et
1304 1941 1532 1983 domestici
1558 1941 1656 1983 Dei:
1688 1954 1836 1993 super-

1013 1998 1218 2040 aedificati
1233 2011 1365 2051 super
1379 1998 1709 2040 fundamentum
1719 1998 1837 2049 Apo-

1013 2054 1246 2106 stolorum,
1288 2059 1332 2096 et
1358 2054 1700 2108 Prophetarum,
1740 2054 1838 2105 ipso

1013 2116 1139 2154 sumo
1159 2111 1355 2163 angulari
1373 2111 1519 2164 lapide
1536 2111 1708 2153 Christo
1723 2110 1747 2151 J
1750 2123 1837 2151 esu.

1066 2168 1116 2219 R.
1142 2168 1239 2210 Deo
1259 2168 1435 2219 gratias.

1322 2240 1533 2291 Hymnus.

1121 2306 1286 2348 xsultet
1304 2306 1423 2348 orbis
1441 2305 1627 2357 gaudiis:

1144 2363 1315 2405 Coelum
1330 2362 1514 2404 resultet
1530 2362 1749 2405 laudibus:

1091 2419 1410 2473 Apostolorum
1428 2418 1612 2470 gloriam
1662 2444 1669 2450 -

1092 2476 1241 2518 Tellus
1261 2480 1306 2518 et
1323 2479 1441 2518 astra
1461 2476 1704 2518 concinunt.

1050 2548 1137 2592 Vos
1157 2549 1419 2592 saeculorum
1437 2549 1614 2602 judiceS,

1093 2608 1150 2649 Et
1168 2619 1272 2648 vera
1290 2606 1442 2648 mundi
1459 2606 1635 2648 lumina:

1093 2663 1222 2706 Votis
1241 2665 1471 2716 precamur
1490 2663 1697 2712 cordium,

1094 2719 1255 2762 Audite
1275 2732 1407 2762 voces
1427 2720 1683 2774 supplicum.
