2040 2944
660 168 763 201 Infra
786 167 1082 201 Hebdomadam
1106 178 1140 201 v.
1165 166 1410 200 Novembris.

169 271 213 308 et
239 265 445 307 intulistis
478 263 522 303 in
551 262 749 311 domum,
781 267 825 304 et
858 264 999 304 exsuf-

169 322 271 363 flavi
290 320 415 362 illud:
443 332 574 370 quam
594 318 652 360 ob
673 331 866 368 causam,
895 319 1001 361 dicit

168 378 383 418 Dominus
403 372 697 416 exercituum?
720 375 822 426 quia
842 374 1000 416 domus

168 446 265 474 mea
295 431 469 473 deserta
497 435 581 478 est,
610 435 654 471 et
678 443 760 471 vos
784 431 1000 473 festinatis

168 490 467 539 unusquisque
482 487 526 526 in
541 486 721 527 domum
737 500 871 528 suam.
895 488 999 528 Pro-

167 550 267 597 pter
289 543 375 584 hoc
399 555 532 594 super
555 555 636 583 vos
665 542 877 595 prohibiti
900 549 1001 585 sunt

169 600 269 641 coeli
288 611 342 640 ne
364 598 518 640 darent
532 610 690 649 rorem,
710 604 754 640 et
768 604 887 640 terra
900 613 999 652 pro-

167 655 304 697 hibita
330 660 398 696 est
422 667 477 695 ne
504 654 630 695 daret
655 666 835 705 germen
861 668 999 696 suum.

223 713 273 763 R.
298 710 463 762 Aspice
482 710 683 759 Domine,
705 710 816 762 quia.
834 711 934 752 220.

379 832 413 867 F
430 842 454 867 e
470 843 490 868 r
505 833 517 867 i
535 842 561 867 a
597 830 625 867 S
642 842 665 867 e
682 843 708 867 x
723 835 740 866 t
756 842 793 868 a.

245 888 403 940 Incipit
428 888 666 929 Zacharias
689 887 925 940 Propheta.

299 953 450 993 Lectio
474 954 496 992 i.
719 952 821 1003 Cap.
842 954 871 992 1.

176 1028 198 1056 5-2
319 1026 470 1055 mense
507 1015 667 1055 octavo
703 1013 747 1053 in
784 1026 898 1055 anno
936 1028 1000 1057 se-

273 1069 418 1111 cundo
438 1069 561 1111 Darii
586 1070 719 1120 regis,
748 1069 912 1111 factum
933 1076 1001 1113 est

167 1125 351 1167 verbum
370 1126 549 1167 Domini
572 1125 628 1167 ad
649 1126 924 1176 Zachariam,
953 1128 999 1168 fi-

166 1183 273 1224 lium
292 1182 522 1223 Barachiae
541 1181 620 1222 filii
639 1181 791 1232 Addo,
810 1184 1000 1236 prophe-

166 1244 273 1290 tam,
308 1238 476 1280 dicens:
507 1239 653 1279 Iratus
686 1243 754 1279 est
784 1239 1001 1281 Dominus

167 1308 300 1348 super
319 1300 470 1347 patres
485 1299 660 1336 vestros
678 1294 915 1337 iracundia.
944 1295 1002 1337 Et

168 1350 289 1393 dices
314 1350 371 1392 ad
396 1364 487 1392 eos:
515 1351 627 1392 Haec
655 1349 762 1392 dicit
784 1351 1000 1393 Dominus

168 1409 456 1449 exercituum:
486 1407 803 1448 Convertimini
831 1407 888 1449 ad
915 1421 1001 1458 me,

168 1463 228 1505 ait
259 1462 475 1504 Dominus
508 1465 792 1504 exercituum:
826 1469 869 1505 et
901 1477 1001 1505 con-

167 1521 314 1561 vertar
333 1518 390 1560 ad
408 1531 500 1568 VOS,
520 1517 625 1560 dicit
644 1519 860 1561 Dominus
880 1533 1000 1562 exer-

169 1578 345 1618 cituum.

220 1636 270 1676 R.
297 1631 439 1684 Super
457 1644 608 1673 muros
626 1636 740 1673 tuos.
758 1632 845 1673 221.

478 1707 630 1748 Lectio
651 1707 690 1747 ii.

264 1774 288 1803 e
317 1762 412 1803 sitis
441 1762 553 1803 sicut
579 1766 729 1814 patres
757 1762 913 1812 vestri,
945 1763 1003 1805 ad

274 1831 386 1870 quos
402 1817 651 1859 clamabant
664 1818 902 1870 Prophetae
916 1819 1001 1871 pri-

169 1876 280 1923 oreS,
301 1873 511 1915 dicentes:
530 1874 641 1914 Haec
661 1873 766 1915 dicit
784 1875 1002 1916 Dominus

169 1932 458 1972 exercituum:
493 1930 808 1971 Convertimini
837 1930 892 1972 de
920 1932 1003 1973 viis

168 1986 327 2028 vestris
346 1986 490 2036 malis,
517 1991 560 2027 et
584 1985 640 2027 de
659 1986 1002 2037 cogitationibus

169 2043 327 2085 vestris
346 2042 566 2095 pessimis:
588 2048 632 2084 et
651 2055 740 2084 non
760 2043 1002 2093 audierunt,

168 2110 313 2151 neque
328 2097 608 2140 attenderunt
623 2098 680 2140 ad
694 2111 776 2148 me,
794 2099 900 2141 dicit
913 2100 1002 2140 Do-

168 2155 322 2196 minus.
362 2155 518 2196 Patres
543 2155 679 2196 vestri
704 2155 780 2197 ubi
806 2155 930 2197 sunt?
959 2161 1003 2197 et

170 2211 403 2263 prophetae
444 2209 657 2262 numquid
697 2211 741 2251 in
776 2211 1001 2264 sempiter-

169 2280 273 2307 num
291 2265 462 2307 vivent?

220 2323 272 2374 R.
298 2323 425 2364 Muro
445 2327 534 2364 tuo.
551 2323 638 2363 221.

472 2390 623 2431 Lectio
643 2390 697 2430 iii.

260 2453 531 2492 erumtamen
550 2451 686 2493 verba
704 2464 817 2500 mea,
837 2457 881 2494 et
899 2452 1003 2504 legi-

272 2506 379 2547 tima
396 2519 504 2556 mea,
525 2519 625 2559 quae
643 2506 850 2549 mandavi
864 2509 1002 2549 servis

169 2562 279 2604 meis
298 2561 537 2614 prophetis,
556 2563 769 2615 numquid
783 2576 871 2605 non
886 2576 1001 2605 com—

169 2617 498 2671 prehenderunt
534 2624 683 2671 patres
719 2625 913 2669 vestros,
959 2626 1002 2662 et

171 2674 369 2716 conversi
402 2679 518 2724 sunt,
551 2680 596 2716 et
628 2675 848 2718 dixerunt:
879 2676 1002 2718 Sicut

1054 265 1265 316 cogitavit
1289 265 1504 307 Dominus
1529 267 1800 306 exercituum
1826 264 1886 305 fa-

1055 333 1155 362 cere
1177 321 1305 362 nobis
1329 320 1571 363 secundum
1590 321 1682 362 vias
1701 326 1887 369 nostras,

1055 381 1099 417 et
1113 376 1354 419 secundum
1369 377 1702 418 adinventiones
1711 381 1886 418 nostras

1054 432 1157 475 fecit
1174 432 1314 475 nobis.

1110 492 1160 544 R.
1183 488 1475 531 Sustinuimus
1494 500 1661 540 pacem.
1679 487 1766 527 221.

1305 596 1333 632 S
1359 607 1384 632 a
1407 597 1433 632 b
1459 596 1486 632 b
1510 607 1536 632 a
1559 600 1576 632 t
1600 607 1637 633 o.

1135 648 1291 700 Incipit
1315 647 1554 689 Malachias
1577 649 1813 702 Propheta.

1187 709 1339 750 Lectio
1361 709 1383 748 i.
1606 708 1709 759 Cap.
1729 708 1758 747 1.

1068 774 1127 824 5535?
1141 782 1223 810 nus
1248 769 1372 811 verbi
1397 769 1576 810 Domini
1601 769 1659 811 ad
1682 770 1820 812 Israel
1842 771 1887 812 in

1122 828 1135 858 Γ
1166 838 1298 866 manu
1329 825 1569 866 Malachiae.
1617 826 1764 867 Dilexi
1794 839 1886 877 VOS,

1055 881 1161 922 dicit
1179 881 1413 931 DominuS,
1442 886 1486 922 et
1505 881 1692 923 dixistis:
1720 883 1771 922 In
1796 895 1884 934 quo

1055 936 1247 979 dilexisti
1278 935 1381 979 nos?
1435 937 1595 979 Nonne
1627 938 1760 980 frater
1793 944 1887 981 erat
1928 937 1930 939 ’

1052 994 1172 1035 Esau
1189 993 1346 1043 Jacob,
1374 993 1482 1035 dicit
1500 993 1734 1044 Dominus,
1762 1000 1806 1037 et
1825 995 1886 1036 di-

1053 1050 1141 1091 lexi
1168 1049 1324 1099 Jacob,
1358 1049 1477 1090 Esau
1506 1055 1654 1091 autem
1682 1050 1786 1092 odio
1813 1050 1887 1092 ha-

1053 1105 1152 1147 bui?
1182 1111 1226 1147 et
1249 1106 1380 1158 posui
1403 1111 1577 1147 montes
1602 1106 1694 1157 ejus
1718 1107 1762 1147 in
1789 1106 1888 1148 soli-

1053 1161 1267 1212 tudinem,
1307 1167 1350 1203 et
1382 1161 1689 1203 haereditatem
1722 1163 1813 1214 ejus
1844 1163 1888 1204 in

1055 1217 1271 1259 dracones
1298 1217 1471 1260 deserti.
1509 1217 1639 1268 Quod
1668 1219 1705 1259 si
1729 1218 1889 1261 dixerit

1054 1274 1266 1315 Idumaea:
1289 1274 1518 1316 Destructi
1536 1287 1702 1325 sumuS,
1722 1274 1803 1316 sed
1822 1287 1887 1317 re-

1054 1332 1276 1372 vertentes
1320 1330 1639 1372 aedificabimus
1677 1343 1777 1383 quae
1815 1330 1887 1373 de-

1055 1389 1223 1428 structa
1250 1391 1365 1441 sunt:
1398 1386 1510 1428 Haec
1538 1385 1643 1428 dicit
1670 1386 1888 1428 Dominus

1055 1445 1342 1484 exercituum:
1383 1443 1464 1484 Isti
1501 1441 1802 1494 aedificabunt,
1844 1448 1889 1485 et

1055 1510 1139 1549 ego
1166 1497 1405 1540 destruam:
1434 1503 1478 1539 et
1501 1497 1778 1539 vocabuntur
1803 1500 1888 1540 ter-

1054 1554 1161 1595 mini
1195 1554 1453 1607 impietatis,
1491 1558 1535 1596 et
1569 1554 1780 1606 populus,
1819 1555 1889 1596 cui

1054 1610 1192 1652 iratus
1217 1616 1286 1652 est
1303 1610 1519 1652 Dominus
1542 1622 1684 1662 usque
1701 1610 1746 1651 in
1764 1612 1887 1653 aeter-

1054 1679 1170 1707 num.

1109 1725 1159 1777 R.
1185 1721 1441 1764 Laudabilis
1459 1722 1663 1776 populus.
1682 1723 1772 1764 196.

1366 1780 1520 1822 Lectio
1540 1781 1581 1821 ii.

1138 1839 1157 1877 t
1185 1835 1301 1877 oculi
1328 1835 1464 1877 vestri
1482 1833 1708 1877 videbunt:
1737 1840 1782 1877 et
1806 1848 1888 1877 vos

1147 1891 1318 1933 dicetis:
1344 1891 1647 1942 Magnificetur
1672 1891 1888 1932 Dominus

1056 1960 1190 2001 super
1213 1947 1445 1989 terminum
1467 1947 1616 1988 Israel.
1652 1947 1790 1988 Filius
1812 1946 1887 1989 ho-

1055 2006 1183 2045 norat
1201 2009 1388 2056 patrem,
1418 2008 1462 2045 et
1485 2015 1638 2044 servus
1663 2002 1888 2045 dominum

1055 2073 1199 2101 suum:
1224 2060 1262 2100 si
1288 2072 1393 2110 ergo
1412 2060 1545 2100 Pater
1570 2072 1653 2110 ego
1673 2072 1785 2109 sum,
1812 2059 1888 2101 ubi

1056 2121 1123 2158 est
1152 2115 1295 2157 honor
1326 2114 1474 2157 meus?
1521 2121 1565 2158 et
1603 2116 1640 2156 si
1671 2116 1888 2157 Dominus

1056 2185 1139 2223 ego
1159 2185 1267 2222 sum,
1289 2172 1364 2214 ubi
1384 2178 1452 2214 est
1471 2173 1603 2214 timor
1621 2185 1756 2221 meus,
1782 2172 1889 2214 dicit

1055 2229 1271 2270 Dominus
1305 2227 1598 2270 exercituum?
1641 2227 1698 2270 ad
1730 2241 1826 2278 VOS,
1860 2241 1887 2270 o

1056 2284 1330 2334 sacerdotes,
1364 2285 1439 2337 qui
1474 2284 1698 2337 despicitis
1726 2297 1888 2326 nomen

1055 2353 1212 2390 meum,
1232 2346 1276 2382 et
1295 2339 1481 2383 dixistis:
1505 2341 1556 2381 In
1577 2352 1665 2392 quo
1687 2339 1886 2393 despexi-

1055 2410 1152 2438 mus
1175 2409 1336 2438 nomen
1359 2396 1506 2438 tuum?
1550 2396 1729 2438 Offertis
1754 2409 1888 2449 super

1056 2453 1194 2494 altare
1222 2465 1368 2494 meum
1393 2465 1554 2506 panem
1578 2451 1814 2504 pollutum,
1843 2457 1888 2494 et

1056 2508 1216 2550 dicitis:
1236 2510 1287 2550 In
1308 2522 1396 2561 quo
1414 2508 1651 2561 polluimus
1670 2508 1736 2550 te?
1761 2509 1812 2549 In
1833 2521 1886 2550 eo

1057 2564 1177 2616 quod
1215 2565 1375 2606 dicitis:
1410 2564 1563 2606 Mensa
1599 2564 1777 2605 Domini
1814 2564 1886 2606 de-

1055 2623 1207 2674 specta
1227 2626 1304 2662 est.
1561 2670 1567 2677 ἱ

1107 2679 1158 2730 Re.
1184 2676 1414 2728 Angustiae
1432 2676 1538 2718 mihi
1559 2682 1671 2718 sunt.
1690 2677 1778 2719 197.
