2040 2944
351 192 423 227 Die
448 194 477 227 9.
502 193 600 227 Nov.
626 212 638 217 -
662 194 873 228 Patrocinii
895 195 935 228 B.
959 195 1005 229 M.
1026 196 1069 230 V.
1092 215 1105 221 -
1129 198 1177 231 13.
1202 198 1236 232 S.
1261 198 1413 233 Nicolai
1436 199 1463 233 Ι.
1488 200 1555 243 Pp.
1581 200 1635 234 Cf.

1778 199 1844 236 27*

211 294 251 354 F
258 293 439 355 ESTA
473 293 904 389 QQXEMBRIS.

342 412 426 454 Die
445 413 484 453 9.
502 413 777 456 Novembris.

388 481 729 524 Dedicationis

237 537 468 580 Basilicae
491 537 560 579 Ss.
585 538 874 582 salvatoris.

265 592 412 635 (Romae
426 602 498 637 pro
516 593 628 628 Clero
645 594 846 630 saeculari.)

218 641 226 646 ’
323 649 479 693 Duplex
496 650 523 684 l.
543 650 586 684 cl.
605 660 690 684 cum
709 650 787 684 Oct.

194 709 246 744 Ut
266 710 306 744 in
326 709 542 753 Breviario‚
565 710 647 744 sine
671 721 865 745 commem.
888 710 966 745 Oct.

145 756 323 792 Omnium
338 757 567 792 Sanctorum
584 762 620 792 et
637 758 671 793 S.
689 758 895 793 Theodori.

194 810 239 844 In
254 810 364 845 festis
379 811 479 845 infra
497 810 576 845 Oct.
595 822 751 851 occurr„
774 812 815 846 fit
834 822 965 846 comm.

142 858 315 893 Dedicat.

257 946 488 988 Dominica
505 947 561 988 ΙΙ.
579 947 855 990 Novembris.

204 1014 480 1057 Patrocinii
497 1016 550 1057 B.
570 1015 745 1058 Mariae
764 1016 901 1066 virg.

398 1074 554 1118 Duplex
577 1075 710 1117 majus.

160 1144 163 1146 ·
197 1133 334 1169 Omnia
349 1139 390 1170 ut
406 1135 445 1170 in
458 1135 585 1170 Festis
598 1136 639 1170 B.
651 1135 783 1169 Mariae
795 1135 837 1168 V.
852 1135 965 1169 etiam

142 1182 345 1218 Lectiones
361 1183 477 1218 trium
492 1184 675 1219 Nocturn.

193 1235 239 1270 In
259 1236 348 1271 Ant.
371 1236 421 1271 ad
442 1236 599 1279 Magnis.
621 1236 660 1270 in
680 1236 707 1271 Ι.
729 1236 844 1280 Vesp.
868 1239 905 1269 et
927 1235 966 1268 in

141 1283 185 1328 R.
208 1284 275 1319 vii.
296 1284 347 1319 ad
371 1284 501 1319 Matut.
524 1285 627 1320 loco:
664 1289 770 1320 tuam
794 1290 966 1321 sanctam

140 1331 422 1376 Festivitatem,
460 1333 617 1369 dicitur:
652 1337 759 1369 tuum
791 1339 966 1370 sanctum

139 1379 410 1416 Patrocinium.

194 1433 326 1468 Lectio
345 1434 395 1468 ix.
419 1433 466 1468 de
487 1433 629 1468 Homil.
646 1433 796 1468 Domin.
820 1442 963 1467 oecurr.

194 1485 243 1520 Et
263 1486 306 1521 fit
331 1496 528 1521 commem.
552 1487 703 1521 Domin.
729 1486 768 1520 in
790 1485 963 1527 utrisque

139 1533 256 1578 Vesp.
277 1538 314 1569 et
328 1535 448 1570 Laud.

325 1611 409 1654 Die
428 1612 486 1653 13.
503 1612 779 1654 Novembris.

217 1675 261 1716 S.
280 1675 472 1718 Nicolai
490 1677 526 1718 Ι.
546 1676 680 1727 Papae
702 1679 744 1715 et
765 1673 885 1714 Conf.

468 1740 633 1784 Duplex.

192 1800 329 1836 Omnia
366 1802 412 1837 de
448 1802 652 1837 Communi
691 1800 798 1836 Conf.
836 1798 961 1838 Pom..

139 1854 280 1892 praeter
303 1851 514 1894 sequentia.

191 1901 354 1943 Oratio.
381 1902 450 1943 Da
470 1905 731 1955 quaesumus.

189 1967 293 2005 1111.
322 1968 521 2003 Nocturno
550 1967 753 2002 Lectiones
790 1965 835 1999 de
865 1963 961 1998 Scri-

138 2019 251 2058 ptura
276 2020 508 2051 occurrente.

371 2076 420 2115 In
439 2077 491 2115 H.
513 2076 733 2115 Nocturno.

439 2140 591 2181 Lectio
612 2140 664 2179 iv.

148 2217 177 2251 ,ιλ
195 2213 237 2265 '²1²⁵‘
270 2201 436 2243 icolaus
483 2201 608 2253 hujus
653 2201 837 2243 nominis
877 2201 960 2253 pri-

148 2258 202 2313 '15-33
287 2271 398 2308 mus,
424 2259 599 2300 natione
618 2259 860 2306 Romanus,
886 2269 959 2308 pa-

169 2310 209 2337 ’ἕ
241 2335 252 2337 “
286 2318 354 2355 tre
407 2314 643 2356 Theodoro
695 2313 957 2364 regionario,

138 2369 381 2412 Benedicto
413 2371 543 2413 tertio
577 2383 600 2412 e
633 2370 743 2412 vivis
773 2368 957 2418 sublato,

136 2426 323 2468 mirabili
348 2427 540 2468 Omnium
559 2426 860 2474 consensiOne‚
888 2437 959 2464 an-

136 2494 193 2523 no
235 2482 397 2524 Christi
437 2482 798 2533 octingentesimo
840 2480 958 2531 quin-

138 2539 390 2588 quagesimo
411 2541 582 2588 octavo,
602 2551 627 2579 a
647 2537 763 2578 clero
783 2535 959 2584 electus,

137 2597 181 2634 et
206 2606 260 2635 ex
284 2594 465 2636 basilica
488 2593 697 2647 principis
721 2591 958 2644 Apostolo-

136 2662 242 2700 rum,
260 2650 303 2691 in
323 2663 410 2702 qua
427 2650 638 2698 latitabat,
658 2661 737 2701 per
752 2649 839 2688 vim
858 2646 958 2688 edu·

137 2710 250 2756 ctUS,
276 2705 582 2758 adductusque
605 2706 649 2747 in
666 2704 958 2745 Lateranense

1021 294 1346 346 patriarchium,
1385 295 1611 336 Romanus
1642 295 1843 337 Pontifex

1022 351 1293 392 renuntiatus
1319 355 1396 392 est.
1433 351 1474 392 A
1498 352 1639 404 prima
1657 351 1843 404 pueritia

1021 406 1230 457 pietatem
1256 409 1516 459 omnemque
1540 407 1745 449 virtutem
1772 410 1842 449 co-

1021 461 1116 511 luit,
1145 464 1309 515 eosque
1334 463 1379 503 in
1407 464 1541 504 sacris
1564 463 1720 505 litteris
1744 476 1841 516 pro-

1021 519 1197 568 gressus
1226 519 1346 569 fecit,
1376 525 1425 561 ut
1451 532 1549 561 eum
1576 520 1751 570 Sergius
1778 532 1841 561 se-

1022 573 1190 615 cundus
1208 574 1251 615 in
1274 575 1372 627 ipso
1393 575 1550 617 eodem
1567 576 1842 628 patriarchio,

1020 629 1231 672 Ecclesiae
1264 631 1476 672 Romanae
1509 631 1842 682 subdiaconum,

1020 686 1112 728 Leo
1138 699 1243 728 vero
1271 692 1450 739 quartus
1475 687 1707 729 diaconum
1726 690 1841 730 crea-

1020 743 1177 792 verint,
1201 743 1465 785 Benedictus
1490 743 1665 785 demum
1687 744 1841 786 tertius

1021 799 1111 850 ejus
1143 799 1326 841 consilio
1358 804 1401 841 et
1433 799 1567 841 ductu
1594 800 1841 842 universam

1019 853 1262 896 Ecclesiam
1280 854 1656 898 administraverit.

1073 912 1122 962 R.
1147 911 1298 953 Inveni
1317 911 1471 953 David.
1498 913 1578 953 26*

1327 967 1476 1007 Lectio
1498 980 1533 1005 v.

1022 1022 1254 1126 Exstant
1281 1023 1481 1076 plurimae
1508 1024 1563 1066 ab
1593 1037 1645 1066 eo
1665 1025 1840 1078 scriptae

1118 1080 1336 1132 epistolae,
1375 1081 1419 1121 in
1454 1080 1610 1132 quibus
1643 1083 1839 1123 errantes

1019 1136 1223 1186 correxit,
1254 1136 1470 1189 superbos
1502 1137 1732 1189 depressit,
1765 1151 1839 1190 op-

1017 1194 1195 1245 pressos
1222 1194 1447 1234 recreavit.
1483 1194 1747 1245 Episcopos,
1774 1207 1837 1235 re-

1017 1261 1111 1299 ges,
1144 1249 1433 1301 imperatores
1461 1249 1505 1289 in
1531 1249 1676 1291 officio
1705 1252 1838 1292 conti-

1017 1305 1123 1346 nuit:
1146 1305 1171 1345 J
1173 1306 1325 1346 oannis
1344 1306 1610 1347 Ravennatis
1630 1305 1838 1358 archiepi-

1017 1361 1142 1413 scopi
1173 1362 1491 1403 contumaciam
1521 1361 1665 1412 fregit:
1707 1363 1836 1404 Hinc-

1015 1419 1184 1460 marum
1219 1417 1513 1459 Rhemensem
1549 1417 1836 1470 archiepisco-

1015 1486 1120 1526 pum
1144 1474 1199 1515 de
1222 1474 1379 1526 injusta
1403 1473 1615 1516 Rhotaldi
1639 1475 1838 1527 episcopi

1015 1530 1341 1571 Suessionensis
1375 1530 1648 1583 depositione
1681 1531 1836 1572 acriter

1014 1585 1309 1638 reprehendit3
1329 1587 1420 1638 ejus
1440 1599 1490 1628 ea
1510 1586 1564 1628 de
1578 1599 1636 1635 re,
1654 1599 1734 1628 nec
1749 1599 1836 1628 non

1014 1642 1171 1694 synodi
1180 1642 1530 1694 Sylvanectensis
1545 1642 1749 1694 judicium
1763 1642 1834 1684 ab·

1014 1698 1199 1748 rogavit3
1213 1702 1306 1739 tum
1320 1697 1439 1750 apud
1450 1703 1645 1740 sanctam
1654 1698 1834 1739 Mariam

1014 1754 1224 1806 Maiorem
1255 1755 1299 1794 in
1330 1754 1557 1807 pervigilio
1584 1754 1834 1795 Nativitatis

1014 1809 1257 1851 Dominicae
1275 1810 1506 1851 Missarum
1529 1809 1739 1851 solemnia
1763 1822 1833 1851 ex-

1013 1865 1155 1917 plens,
1188 1868 1444 1919 episcopum
1470 1866 1612 1918 ipsum
1638 1865 1833 1917 pristinae

1015 1921 1232 1972 dignitati,
1263 1926 1307 1963 et
1333 1922 1465 1974 paulo
1493 1926 1594 1974 post
1621 1934 1712 1962 suae
1739 1920 1833 1962 sedi

1013 1977 1141 2029 plene
1160 1978 1360 2019 restituit.
1394 1977 1650 2019 Lotharium
1673 1989 1832 2027 regem,

1014 2033 1088 2085 qui
1110 2033 1271 2084 rejecta
1295 2033 1487 2085 legitima
1510 2035 1647 2074 uxore
1671 2032 1831 2073 Theut-

1013 2088 1162 2139 berga,
1213 2089 1501 2130 Waldradam
1546 2087 1832 2129 concubinam

1013 2144 1208 2193 duxerat,
1234 2145 1446 2186 intentato
1465 2144 1749 2193 anathemate,
1774 2142 1831 2185 ad

1012 2201 1228 2241 sani6rem
1247 2205 1437 2242 mentem
1451 2199 1634 2241 reduxit.
1653 2199 1833 2240 Electio-

1012 2268 1110 2297 nem
1128 2255 1273 2297 Ph6tii
1294 2256 1394 2297 laici
1416 2256 1602 2296 h6minis
1624 2254 1830 2306 reproba-

1011 2312 1088 2360 vit,
1124 2318 1169 2352 et
1205 2311 1497 2364 patriarcham
1534 2310 1749 2361 Ignatium
1787 2311 1830 2350 in

1011 2367 1237 2419 pristinam
1265 2366 1415 2409 sedem
1441 2366 1640 2408 restituit.
1684 2365 1830 2407 Eccle-

1011 2423 1087 2463 siae
1119 2422 1294 2464 demum
1320 2424 1533 2464 Romanae
1557 2423 1648 2473 jura
1672 2422 1733 2462 ita
1758 2421 1828 2462 de-

1010 2477 1162 2527 fendit,
1193 2483 1241 2520 ut
1273 2479 1454 2530 singulae
1484 2478 1599 2518 illius
1632 2476 1827 2529 epistolae

1006 2534 1135 2586 'quasi
1186 2534 1370 2575 totidem
1419 2533 1654 2575 fortissima
1703 2531 1827 2573 Sedis

1011 2590 1266 2642 apostolicae
1314 2590 1579 2630 munimenta
1628 2599 1724 2628 esse
1768 2586 1825 2626 vi-

1012 2645 1206 2687 deantur.

1067 2703 1117 2752 Ri-
1138 2701 1271 2742 Posui
1289 2699 1559 2752 adjutorium.
1585 2698 1664 2739 26*
