2040 2944
180 165 247 200 422

598 167 669 201 Die
698 168 746 201 11.
771 167 869 201 Nor.
917 167 951 201 S.
978 168 1132 201 Martini
1158 167 1286 211 Episc.
1313 172 1349 202 ct
1374 168 1483 202 Conf.

182 261 239 303 ad
273 262 427 311 gloriae
459 267 548 302 tuae
581 261 804 311 fastigium
831 262 1017 305 feliciter

181 317 485 370 perducamur.

235 379 374 413 Postea
399 378 433 412 S.
460 379 609 412 Mennim
636 378 741 412 Mart.

235 432 333 470 Ant.
369 431 456 471 Iste
485 435 662 471 sanctus
690 443 774 482 pro
806 431 904 482 lege
932 432 1014 473 Dei

181 486 247 526 sui
275 486 459 528 certavit
486 499 626 538 usque
655 486 711 528 ad
738 493 942 538 mortem,
972 494 1015 530 et

181 555 207 583 a
252 542 399 583 verbis
446 543 682 595 impierum
729 557 817 586 non
856 546 1015 587 timuit:

181 598 387 640 fundatus
413 599 529 641 enim
557 606 652 642 erat
680 613 815 654 supra
842 601 1014 643 firmam

179 660 362 706 petram.

231 709 280 760 Y.
319 711 473 754 Gleria
508 718 551 754 et
586 712 756 755 honere
789 715 1014 756 coronasti

179 779 279 808 eum
312 767 512 810 Domine.
572 770 622 821 Rp.
658 770 715 811 Et
747 770 1014 813 constituisti

180 835 280 864 eum
300 837 434 876 super
454 828 591 878 opera
606 828 814 867 manuum
827 829 1013 868 tuarum.

515 887 679 928 Oratio.
945 900 955 905 “

263 946 410 990 raesta,
445 944 698 993 quaesumus
731 946 1013 997 omnipotens

277 998 414 1039 Deus:
438 1003 486 1039 ut
507 999 581 1050 qui
600 999 720 1041 beati
738 1001 880 1042 Mefiae
900 1001 1012 1042 Mar-

176 1054 287 1105 tyris
319 1055 383 1095 tui
415 1054 612 1097 natalitia
645 1057 848 1107 colimus,
881 1058 1010 1099 inter-

177 1111 377 1152 cessiene
397 1113 488 1163 ejus
506 1111 550 1151 in
568 1112 633 1153 tui
652 1114 841 1154 nominis
861 1117 1011 1156 amore

175 1166 447 1209 roboremur.
475 1169 560 1209 Per
579 1169 828 1211 Dominum.

334 1241 422 1282 Ad.
455 1242 849 1285 Matutinum.

229 1304 355 1345 Invit.
376 1303 625 1346 Laudemus
645 1305 790 1346 Deum
810 1311 1009 1348 nostrum

175 1363 196 1383 *
219 1358 267 1398 In
289 1359 566 1402 confessit‘me
587 1361 706 1403 beati
725 1362 912 1403 Martini.

233 1419 297 1457 I‘s.
318 1418 487 1467 Venite,
507 1418 786 1460 exsultemus.
805 1420 841 1459 2.

229 1480 441 1529 Hymnus.
470 1480 557 1520 Iste
579 1478 828 1520 Confessor.
849 1481 935 1521 421.

410 1549 459 1588 In
486 1549 515 1588 Ι.
545 1549 579 1587 N
583 1550 769 1589 octurno.

228 1610 326 1649 Ant.
373 1609 583 1649 Martinus
620 1608 766 1650 adhuc
803 1611 1004 1653 catechu-

171 1675 326 1704 menus
346 1663 429 1705 hac
447 1677 518 1705 me
537 1670 660 1706 veste
681 1667 887 1709 contexit.

467 1724 666 1765 Psalmus
687 1726 715 1765 1.

177 1794 186 1833 ξ
205 1783 254 1830 ‘2423'
270 1782 409 1822 eatus
424 1781 500 1830 vir,
521 1782 595 1833 qui
614 1794 702 1822 non
720 1782 827 1824 abiit
846 1783 889 1823 in
905 1796 1005 1825 con-

182 1843 186 1863 ἓ
206 1825 275 1867 ¹
299 1836 397 1877 silio
418 1837 664 1889 impierum,
689 1843 734 1880 et
752 1839 796 1879 in
815 1839 886 1880 via
904 1853 1005 1892 pec·

176 1888 276 1917 *4³
300 1895 500 1934 caterum
532 1907 620 1935 non
654 1895 792 1944 stetit,
825 1896 848 1921 *
880 1901 924 1937 et
962 1897 1004 1937 in

170 1949 380 1991 cathedra
399 1950 664 2002 pestilentiae
683 1964 771 1993 non
791 1952 920 1994 sedit:

222 2006 310 2047 Sed
326 2006 368 2046 in
384 2006 481 2057 lege
491 2007 669 2048 Demini
679 2008 886 2050 voluntas
902 2011 1004 2061 ejus,

170 2063 193 2088 *
222 2067 266 2103 et
298 2062 342 2103 in
371 2063 468 2114 lege
498 2064 589 2115 ejus
618 2064 903 2107 meditabitur
932 2065 1004 2107 die

170 2131 221 2159 ac
240 2123 381 2160 nocte.

223 2175 278 2216 Et
305 2176 387 2216 erit
414 2180 640 2227 tamquam
667 2176 852 2227 lignum,
883 2179 1004 2230 quod

171 2231 417 2283 plantatum
429 2236 496 2273 est
507 2245 634 2274 secus
646 2233 860 2275 decursus
872 2237 1002 2286 aqua—

170 2289 311 2336 rum‚*
324 2288 442 2340 quod
463 2288 652 2330 fructum
671 2303 798 2331 suum
818 2290 940 2333 dabit
959 2292 1002 2332 in

170 2344 371 2395 tempore
391 2357 487 2386 suo:

222 2400 278 2441 Et
303 2400 455 2441 felium
481 2402 572 2452 ejus
598 2414 685 2443 non
713 2402 894 2445 defluet:
914 2405 937 2431 *
958 2410 1003 2446 et

169 2456 315 2496 emnia
336 2460 625 2509 quaecumque
645 2458 792 2509 faciet,
817 2473 1000 2513 prospe—

168 2511 392 2553 rabuntur.

219 2568 321 2610 Non
339 2569 402 2610 sic
421 2570 553 2621 impii,
572 2584 660 2612 non
677 2572 753 2612 sic:
764 2572 788 2599 *
799 2572 879 2614 sed
893 2577 999 2614 tam-

169 2638 301 2677 quam
319 2625 479 2677 pulvis,
500 2639 630 2678 quem
648 2628 822 2679 prejicit
843 2634 999 2670 ventus

168 2694 193 2722 a
213 2681 323 2723 facie
340 2686 483 2723 terrae.

1122 264 1231 306 Ideo
1257 278 1346 307 non
1373 268 1604 316 resurgent
1628 267 1751 319 impii
1775 267 1819 308 in
1846 268 1902 318 ju-

1070 320 1202 362 dicio:
1227 322 1251 348 *
1276 334 1421 373 neque
1446 324 1706 374 peccateres
1731 323 1775 364 in
1801 336 1902 365 con-

1070 377 1170 418 cilio
1190 378 1415 429 justarum.

1122 434 1338 483 Quoniam
1363 435 1488 476 novit
1511 434 1606 476 Dfis
1630 435 1747 477 viam
1770 437 1901 488 juste-

1069 502 1181 531 rum:
1205 491 1228 517 *
1255 495 1300 532 et
1324 491 1406 532 iter
1430 491 1666 543 impierum
1688 493 1860 544 peribit.

1124 557 1225 597 Ant.
1268 555 1480 596 Martinus
1521 554 1666 597 adhuc
1701 557 1902 599 catechu-

1067 621 1222 651 menus
1240 609 1324 652 hac
1341 623 1412 652 me
1432 616 1555 653 veste
1575 613 1782 655 contexit.

1120 675 1219 717 Ant.
1276 674 1450 717 Sanctae
1496 675 1724 719 Trinitatis
1769 677 1902 720 fidem

1068 730 1281 772 Martinus
1324 732 1553 774 confessus
1599 738 1683 783 est,
1738 739 1783 776 et
1827 735 1900 776 ba-

1067 787 1217 838 ptismi
1236 788 1422 837 gratiam
1442 789 1653 842 percepit.

1358 870 1558 911 Psalmus
1578 871 1615 910 2.

1069 921 1258 1046 Quare
1290 939 1562 983 fremuerunt
1590 943 1774 993 GenteS,
1806 946 1831 971 *
1858 950 1902 987 et

1170 995 1326 1048 pepuli
1345 996 1545 1039 meditati
1565 1003 1666 1040 sunt
1683 999 1851 1042 inania?

1118 1051 1367 1094 Astiterunt
1394 1065 1521 1104 reges
1540 1058 1689 1105 terrae,
1717 1060 1762 1098 et
1785 1060 1900 1110 prin-

1067 1107 1188 1160 cipes
1217 1111 1518 1152 convenerunt
1544 1110 1588 1151 in
1618 1124 1752 1153 unum
1778 1113 1802 1138 *
1826 1112 1900 1155 ad-

1064 1165 1219 1205 versus
1230 1164 1479 1216 Deminum‚
1494 1170 1539 1208 et
1553 1166 1766 1210 adversus
1781 1169 1900 1210 Chri-

1065 1224 1180 1261 stum
1201 1221 1303 1272 ejus.

1115 1277 1428 1330 Dirumpamus
1461 1279 1637 1321 vincula
1668 1283 1837 1323 eorum:
1875 1284 1899 1310 *

1063 1337 1108 1374 et
1135 1334 1417 1386 projiciamus
1446 1347 1472 1376 a
1499 1335 1628 1377 nobis
1660 1338 1808 1389 jugum
1836 1339 1898 1392 ip-

1063 1402 1223 1430 sorum.

1114 1446 1199 1496 Qui
1235 1445 1407 1488 habitat
1441 1447 1485 1487 in
1527 1448 1653 1490 coelis
1694 1449 1897 1493 irridebit

1062 1514 1154 1543 eos:
1168 1503 1192 1529 *
1208 1507 1252 1544 et
1268 1503 1486 1545 Deminus
1501 1504 1791 1548 subsannabit
1807 1520 1896 1549 eos.

1112 1559 1239 1600 Tunc
1258 1559 1464 1611 loquetur
1484 1561 1541 1602 ad
1560 1573 1638 1603 eos
1658 1562 1701 1602 in
1721 1563 1786 1604 ira
1805 1577 1895 1613 sua,

1060 1615 1083 1640 *
1105 1620 1149 1656 et
1168 1615 1213 1655 in
1231 1615 1380 1657 furere
1401 1629 1482 1658 suo
1504 1618 1788 1661 conturbabit
1808 1632 1895 1662 eos.

1111 1671 1207 1723 Ego
1226 1677 1374 1714 autem
1392 1674 1660 1716 constitutus
1679 1688 1777 1717 sum
1796 1677 1894 1719 Rex

1059 1727 1114 1769 ab
1136 1741 1189 1769 eo
1209 1742 1342 1781 super
1356 1729 1463 1771 Sion
1481 1736 1677 1773 montem
1693 1738 1894 1775 sanctum

1060 1785 1162 1836 ejus,
1182 1786 1206 1811 *
1225 1785 1474 1838 praedicans
1497 1789 1771 1840 praeceptum
1791 1791 1894 1841 ejus.

1111 1841 1328 1883 Deminus
1362 1842 1474 1884 dixit
1501 1843 1559 1885 ad
1586 1857 1676 1886 me:
1703 1845 1727 1871 *
1754 1845 1892 1888 Filius

1059 1910 1183 1939 meus
1203 1910 1249 1939 es
1267 1903 1330 1948 tu,
1354 1911 1437 1951 ego
1455 1899 1589 1941 hedie
1608 1901 1740 1952 genui
1757 1906 1814 1943 te.

1109 1954 1293 1996 Postula
1313 1968 1338 1996 a
1357 1968 1444 2005 me,
1470 1960 1515 1997 et
1535 1955 1652 1998 dabo
1675 1957 1757 1999 tibi
1777 1958 1891 2000 Gen-

1059 2014 1126 2051 tes
1159 2010 1467 2057 haereditatem
1502 2016 1641 2063 tuam,
1668 2014 1692 2039 ¹⁸¹
1720 2018 1764 2055 et
1791 2027 1890 2067 pos-

1058 2067 1302 2108 sessienem
1321 2072 1443 2109 tuam
1462 2069 1676 2110 terminos
1694 2074 1838 2112 terrae.

1111 2123 1258 2175 Reges
1288 2136 1365 2165 eos
1394 2124 1437 2165 in
1465 2125 1591 2177 virga
1615 2126 1772 2176 ferrea,
1795 2127 1820 2153 *
1846 2133 1890 2169 et

1057 2183 1283 2231 tamquam
1299 2193 1377 2221 vas
1393 2181 1515 2231 figuli
1532 2182 1782 2234 confringes
1800 2195 1889 2225 eos.

1108 2235 1165 2277 Et
1189 2249 1304 2278 nunc
1329 2249 1457 2288 reges
1484 2237 1731 2289 intelligite:
1750 2239 1774 2264 *
1795 2252 1887 2280 eru-

1057 2290 1209 2332 dimini
1230 2293 1303 2344 qui
1323 2293 1527 2345 judicatis
1546 2298 1719 2335 terram.

1107 2348 1278 2391 Servite
1303 2350 1497 2391 Domino
1523 2350 1568 2390 in
1594 2350 1768 2393 timere:
1795 2353 1818 2378 *
1844 2357 1888 2394 et

1057 2405 1276 2447 exsultate
1296 2406 1336 2448 ei
1353 2419 1454 2448 cum
1471 2408 1674 2448 tremere.

1107 2461 1443 2514 Apprehendite
1480 2462 1774 2514 disciplinam,
1815 2477 1886 2506 ne-

1055 2517 1232 2569 quando
1270 2518 1486 2560 irascatur
1519 2519 1756 2570 Dominus,
1785 2521 1809 2547 *
1842 2526 1886 2562 et

1053 2574 1246 2625 pereatis
1266 2574 1322 2616 de
1341 2575 1412 2616 via
1431 2575 1554 2626 justa.

1105 2630 1214 2671 Cum
1240 2631 1454 2672 exarserit
1477 2631 1521 2672 in
1545 2632 1669 2674 brevi
1693 2633 1757 2674 ira
1781 2634 1884 2684 ejus,

1052 2687 1075 2711 *
1096 2686 1214 2728 beati
1235 2699 1399 2738 omnes,
1420 2688 1495 2739 qui
1515 2689 1745 2731 confidunt
1760 2689 1803 2730 in
1819 2702 1884 2731 eo.
