2040 2944
601 216 703 250 Infra
727 217 1021 251 chdomadam
1046 217 1097 251 iii.
1123 218 1365 252 Novembris.

133 314 303 353 camino
330 312 441 363 ignis
469 311 677 361 ardentis,
715 317 759 353 et
790 311 845 354 de
872 315 959 354 ma-

132 367 261 409 nibus
288 368 390 417 tuis,
421 380 447 409 o
468 381 561 418 rex,
588 367 786 409 liberare.
831 368 962 419 Quod

132 425 170 466 si
185 424 385 475 noluerit,
403 429 556 467 notum
571 424 627 466 sit
641 423 732 475 tibi,
751 437 840 475 rex,
860 425 962 476 quja

133 480 241 522 deos
260 486 360 523 tuos
379 493 469 523 non
488 481 683 531 celimus,
705 486 748 522 et
770 483 960 522 statuam

133 540 321 585 auream,
341 550 473 590 quam
493 538 680 587 erexisti,
698 550 786 578 non
807 537 961 579 adora-

131 607 240 635 mus.
294 594 420 636 Tunc
449 593 866 636 Nabuchodonosor
897 607 959 635 re-

131 650 277 703 pletus
306 655 373 692 est
399 651 564 692 furere:
597 655 641 692 et
668 651 874 703 aspectus
902 650 959 691 fa-

133 707 215 748 ciei
237 707 353 748 illius
377 707 630 749 immutatus
654 711 722 748 est
745 719 878 759 super
900 707 960 748 Si-

134 762 286 813 drach,
322 763 507 814 Misach,
546 768 590 805 et
622 762 885 814 Abdenago,
919 768 962 804 et

132 820 347 872 praecepit
370 824 419 861 ut
443 818 784 861 succenderetur
806 819 961 860 fornax

135 876 387 929 septuplum
406 885 538 929 quam
556 876 763 918 succendi
783 878 960 917 consue-

135 937 269 974 verat.

185 990 236 1042 Rt.
264 988 497 1031 Civitatem
514 989 655 1031 istam.
674 990 762 1030 198.

434 1047 586 1089 Lectio
607 1048 661 1087 iii.

214 1106 233 1143 t
260 1102 489 1144 confestim
511 1102 594 1143 viri
617 1102 679 1142 illi
704 1102 839 1143 vincti
864 1115 961 1143 cum

228 1157 399 1200 braccis
427 1159 533 1208 suiS,
568 1164 612 1200 et
638 1158 777 1207 tiaris,
806 1163 850 1200 et
878 1159 961 1199 cal-

134 1215 387 1265 ceamentis,
416 1220 460 1257 et
487 1214 684 1257 vestibus
711 1215 833 1255 missi
862 1220 962 1256 sunt

132 1271 177 1311 in
194 1270 387 1312 medium
409 1271 599 1313 fornacis
624 1271 736 1323 ignis
759 1270 962 1312 ardentis.

133 1328 247 1369 Nam
274 1328 408 1380 jussio
436 1328 551 1380 regis
578 1328 777 1379 urgebat:
808 1328 962 1369 fornax

134 1389 280 1426 autem
303 1386 514 1426 succensa
538 1391 632 1427 erat
650 1384 787 1425 nimis.
821 1385 961 1426 Porro

133 1440 252 1482 viros
279 1440 395 1491 illos,
426 1441 501 1493 qui
527 1444 737 1482 miserant
764 1440 962 1490 Sidrach,

132 1496 317 1547 Misach‚
364 1502 408 1539 et
443 1497 710 1548 Abdenago,
746 1497 963 1538 interfecit

134 1553 309 1594 flamma
332 1554 455 1605 ignis.
491 1554 587 1595 Viri
616 1559 763 1595 autem
791 1553 835 1594 hi
862 1558 963 1602 tres,

133 1609 180 1651 id
201 1614 285 1660 est,
313 1610 512 1660 Sidrach‚
540 1610 727 1659 Misach,
757 1614 799 1651 et
818 1609 962 1651 Abde-

133 1678 264 1717 nago,
290 1666 541 1709 ceciderunt
562 1667 607 1708 in
625 1665 772 1708 medio
792 1668 962 1707 camino

133 1721 245 1773 ignis
264 1721 474 1772 ardentis,
500 1723 703 1774 colligati.
739 1722 797 1763 Et
816 1722 962 1764 ambu-

133 1778 284 1820 labant
299 1779 343 1819 in
362 1779 508 1821 medio
529 1780 717 1821 flammae
733 1777 963 1819 laudantes

134 1834 290 1884 Deum,
310 1839 354 1876 et
372 1834 683 1877 benedicentes
701 1834 904 1876 Demino.

186 1894 238 1947 R.
263 1890 396 1933 Genti
413 1892 661 1944 peccatrici.
680 1892 769 1932 198.

366 2001 508 2038 Feria
532 2002 732 2048 Quarta.

281 2056 347 2097 De
373 2053 559 2096 Daniele
585 2052 821 2106 Propheta.

212 2115 365 2157 Lectio
387 2116 413 2156 i.
671 2114 774 2166 Cap.
793 2115 831 2154 4.
851 2127 885 2154 c.

145 2191 147 2216 ς
167 2180 189 2226 ’.ᾗ
204 2174 435 2233 ‚gespendit
474 2174 716 2223 Baltassar,
756 2178 799 2215 et
837 2172 963 2215 dixit:

206 2238 215 2259 ‘2
243 2230 432 2272 Demine
450 2231 524 2281 mi,
548 2230 764 2272 somnium
782 2229 865 2279 his,
890 2229 963 2281 qui

134 2291 179 2328 te
211 2286 413 2336 oderunt,
455 2292 499 2329 et
531 2286 836 2338 interpretatio
872 2287 963 2337 ejus

134 2342 337 2384 hestibus
355 2343 442 2384 tuis
466 2343 534 2384 sit.
570 2341 805 2391 Arborem,
832 2354 963 2393 quam

135 2398 285 2440 vidisti
305 2398 551 2448 sublimem,
574 2403 707 2450 atque
726 2397 962 2446 robustam,

136 2455 256 2506 cujus
282 2454 469 2496 altitudo
487 2454 697 2508 pertingit
716 2451 773 2494 ad
793 2452 962 2501 coelum,

137 2515 180 2553 et
193 2513 398 2564 aspectus
412 2511 527 2552 illius
542 2511 586 2551 in
601 2522 773 2552 omnem
786 2514 962 2550 terram:

136 2571 180 2608 et
195 2568 306 2608 rami
321 2568 412 2620 ejus
426 2566 718 2620 pulcherrimi,
738 2570 781 2607 et
796 2565 962 2606 fructus

137 2624 228 2675 ejus
246 2624 420 2673 nimius,
445 2628 488 2665 et
507 2636 609 2665 esca
629 2621 820 2664 omnium
838 2620 881 2660 in
900 2631 962 2668 ea,

137 2679 288 2721 subter
307 2692 405 2720 eam
423 2679 672 2721 habitantes
690 2677 843 2719 bestiae
859 2675 961 2726 agri,

136 2740 181 2777 et
196 2736 241 2776 in
259 2736 392 2776 ramis
413 2736 503 2787 ejus
521 2735 843 2777 commorantes
859 2743 962 2772 aves

1014 314 1129 356 coeli:
1156 315 1224 357 Tu
1248 329 1295 357 es
1319 329 1412 366 rex,
1442 317 1515 368 qui
1533 316 1836 367 magnificatus

1013 382 1078 420 es,
1103 376 1147 412 et
1165 371 1397 414 invaluisti:
1423 378 1467 414 et
1488 372 1743 423 magnitudo
1762 376 1838 413 tua

1013 427 1167 477 crevit,
1201 434 1244 470 et
1273 430 1473 481 pervenit
1499 441 1640 481 usque
1669 427 1725 470 ad
1753 441 1837 469 coe-

1012 483 1118 533 lum,
1150 489 1193 526 et
1224 487 1422 538 potestas
1454 491 1530 527 tua
1556 486 1600 526 in
1627 485 1838 527 terminos

1012 540 1228 582 universae
1247 546 1388 583 terrae.

1066 601 1116 652 R.
1142 597 1354 639 Indicabo
1373 597 1453 640 tibi
1471 597 1615 639 homo.
1634 599 1721 640 198.

1324 670 1475 711 Lectio
1497 671 1535 710 ii.

1016 712 1188 836 Quod
1207 736 1352 773 autem
1370 730 1478 773 vidit
1496 745 1573 773 rex
1592 731 1775 783 vigilem,
1796 737 1839 775 et

1114 793 1313 829 sanctum
1339 787 1606 829 descendere
1632 787 1686 829 de
1712 789 1838 839 coelo,

1014 848 1058 884 et
1090 842 1252 885 dicere:
1292 843 1512 885 Succidite
1545 844 1762 894 arborem,
1794 850 1838 887 et

1014 898 1226 952 dissipate
1263 900 1398 950 illam,
1436 903 1627 942 attamen
1662 913 1838 951 germen

1013 955 1208 998 radicum
1236 957 1326 1008 ejus
1349 957 1393 997 in
1412 962 1530 998 terra
1549 956 1769 1007 dimittite,
1796 962 1839 999 et

1014 1012 1228 1061 vinciatur
1248 1013 1366 1054 ferro
1387 1018 1430 1055 et
1449 1026 1535 1055 aere
1552 1013 1596 1053 in
1615 1012 1762 1054 herbis
1779 1014 1839 1054 fo-

1013 1069 1088 1118 ris,
1119 1074 1163 1110 et
1187 1082 1288 1111 rore
1313 1069 1414 1111 coeli
1436 1071 1769 1122 conspergatur,
1798 1075 1841 1111 et

1015 1137 1114 1166 cum
1133 1125 1235 1166 feris
1259 1126 1314 1167 sit
1337 1126 1547 1178 pabulum
1567 1126 1671 1177 ejus,
1700 1125 1840 1167 donec

1015 1186 1185 1234 septem
1217 1183 1420 1234 tempora
1455 1183 1675 1223 mutentur
1708 1195 1840 1234 super

1016 1250 1129 1278 eum:
1146 1238 1256 1280 Haec
1272 1243 1339 1280 est
1356 1238 1657 1291 interpretatio
1673 1240 1840 1280 senten-

1014 1293 1087 1335 tiae
1107 1294 1336 1345 Altissimi,
1365 1307 1464 1346 quae
1487 1294 1685 1347 pervenit
1708 1307 1840 1347 super

1016 1349 1240 1392 dominum
1275 1364 1420 1392 meum
1457 1363 1618 1402 regem:
1659 1351 1841 1402 Eiicient

1014 1411 1059 1447 te
1092 1406 1146 1447 ab
1177 1406 1443 1457 hominibus,
1485 1412 1529 1448 et
1561 1419 1659 1447 cum
1690 1406 1841 1448 bestiis

1015 1462 1206 1514 ferisque
1235 1463 1316 1505 erit
1340 1463 1553 1505 habitatio
1580 1467 1672 1512 tua,
1699 1468 1742 1504 et
1766 1462 1841 1503 foe-

1015 1532 1119 1560 num
1138 1524 1185 1560 ut
1204 1519 1286 1561 bos
1306 1519 1528 1569 cemedes,
1555 1524 1598 1560 et
1621 1532 1720 1560 rore
1739 1519 1840 1560 coeli

1015 1574 1266 1616 infunderis.

1068 1631 1118 1682 Rs.
1146 1632 1374 1683 AnguStiae
1392 1631 1498 1672 mihi
1516 1635 1626 1672 sunt.
1646 1631 1731 1671 197.

1316 1699 1466 1739 Lectio
1487 1698 1541 1737 iii.

1086 1771 1234 1819 eptem
1268 1778 1443 1818 quoque
1475 1767 1675 1818 tempora
1706 1769 1839 1805 muta-

1106 1823 1267 1864 buntur
1299 1835 1431 1875 super
1461 1826 1521 1871 te,
1555 1821 1696 1862 donec
1728 1820 1841 1861 scias

1018 1879 1138 1932 quod
1178 1879 1426 1920 dominetur
1461 1877 1674 1918 Excelsus
1710 1889 1842 1929 super

1015 1949 1197 1986 regnum
1229 1935 1470 1984 hominum,
1507 1938 1551 1975 et
1583 1933 1841 1984 cuicumque

1016 1992 1219 2042 voluerit,
1257 1990 1332 2033 det
1362 1990 1480 2032 illud.
1535 1988 1665 2039 Quod
1697 1993 1841 2029 autem

1015 2047 1229 2100 praecepit
1254 2052 1302 2088 ut
1325 2046 1641 2097 relinqueretur
1663 2056 1840 2095 germen

1015 2103 1214 2145 radicum
1246 2104 1350 2155 ejus,
1382 2101 1429 2143 id
1461 2107 1527 2143 est
1559 2100 1745 2142 arboris:
1777 2112 1841 2140 re-

1016 2167 1149 2211 gnum
1167 2165 1291 2201 tuum
1308 2158 1387 2200 tibi
1401 2157 1592 2199 manebit
1606 2161 1841 2209 postquam

1018 2215 1276 2267 cogneveris
1300 2216 1569 2267 potestatem
1593 2225 1690 2253 esse
1713 2211 1842 2253 coele-

1017 2277 1141 2313 stem.
1169 2272 1310 2321 Quam
1329 2270 1386 2312 ob
1407 2282 1501 2311 rem
1518 2281 1595 2310 rex
1615 2267 1843 2309 consilium

1016 2340 1161 2368 meum
1179 2327 1354 2379 placeat
1371 2325 1467 2374 tibi,
1496 2329 1540 2365 et
1562 2326 1746 2376 peccata
1767 2328 1842 2364 tua

1017 2382 1305 2434 eleemosynis
1324 2380 1504 2430 redime,
1529 2384 1573 2421 et
1590 2380 1841 2431 iniquitates

1015 2444 1113 2480 tuas
1135 2436 1447 2479 misericerdiis
1473 2439 1731 2488 pauperum:
1756 2435 1839 2476 fer-

1016 2495 1129 2536 sitan
1147 2494 1345 2544 ignoscet
1364 2492 1534 2534 delictis
1552 2492 1651 2532 tuis.
1686 2491 1841 2532 Omnia

1015 2550 1112 2591 haec
1144 2551 1356 2591 venerunt
1388 2560 1520 2601 super
1547 2545 1839 2589 Nabuchode-

1015 2619 1150 2648 nosor
1168 2618 1327 2656 regem.

1068 2664 1119 2714 Rz.
1146 2661 1265 2702 Misit
1282 2661 1508 2702 DeminuS.
1527 2661 1613 2702 197.
