2040 2944
226 225 250 257 8
800 217 1002 253 Dominica
1028 216 1076 250 ad
1100 214 1338 248 Matutinum.

228 331 349 359 meus
373 328 501 367 super
520 310 609 354 me?
637 312 659 335 *
688 309 874 360 respice,
903 311 946 347 et
974 319 1043 346 ex-

229 373 328 415 audi
349 385 416 412 me
438 369 618 411 Domine
638 367 757 406 Deus
777 377 909 412 meus.

280 428 475 469 Illumina
516 423 665 465 oculos
701 433 824 462 meos
865 432 918 459 ne
956 431 1044 458 um-

232 498 358 537 quam
392 480 661 523 obdormiam
690 478 731 517 in
760 481 915 516 morte:
933 475 955 499 *
975 486 1045 514 ne-

233 539 404 594 quando
425 538 539 578 dicat
558 535 753 575 inimicus
773 545 908 572 meus:
931 531 1045 570 Prae-

231 596 341 638 valui
363 593 569 634 adversus
589 604 697 631 eum.

282 647 362 697 Qui
381 644 587 686 tribulant
606 655 690 690 me,
716 639 992 682 exsultabunt
1012 638 1046 677 si

231 709 371 744 motus
392 701 528 741 fuero:
552 700 575 723 *
600 711 680 748 ego
700 702 843 738 autem
863 696 904 735 in
923 695 1047 735 mise-

232 757 416 800 ricordia
435 762 508 797 tua
528 754 710 807 speravi.

282 811 526 855 Exsultabit
546 823 621 851 eor
639 823 783 850 meum
808 809 850 849 in
870 807 1048 848 salutari

231 877 321 912 tuo:
341 867 525 910 cantabo
542 866 730 907 Domino
752 865 823 917 qui
842 864 957 905 bona
976 865 1048 903 tri-

231 927 324 968 buit
343 924 459 965 mihi:
478 924 500 947 *
521 928 563 964 et
582 921 764 974 psallam
782 920 943 961 nomini
961 919 1048 959 Do-

233 982 335 1023 mini
354 979 558 1021 altissimi.

504 1041 696 1080 l'sulmus
724 1041 779 1078 13.

319 1093 396 1133 ixit
427 1090 631 1142 insipiens
662 1089 704 1129 in
732 1088 865 1130 corde
897 1100 995 1129 suo:
1027 1088 1050 1112 *

347 1148 444 1189 Non
465 1153 530 1188 est
549 1147 679 1186 Deus.

286 1204 489 1255 Corrupti
516 1207 631 1250 sunt,
664 1206 707 1242 et
739 1200 1050 1242 abominabiles

234 1261 335 1302 facti
354 1264 453 1300 sunt
471 1259 513 1299 in
533 1257 686 1298 studiis
707 1257 808 1298 suis:
832 1258 855 1282 *
879 1269 965 1297 non
985 1261 1051 1297 est

236 1317 307 1370 qui
339 1316 468 1356 faciat
494 1314 672 1362 bonum,
704 1326 792 1355 non
820 1318 886 1355 est
913 1325 1051 1365 usque

236 1377 291 1418 ad
311 1389 452 1417 unum.

286 1432 498 1473 Dominus
525 1430 578 1471 de
600 1429 712 1470 coelo
737 1426 963 1480 prospexit
986 1438 1052 1465 su-

236 1501 314 1540 per
342 1487 453 1527 filios
480 1486 717 1533 hominum,
736 1485 759 1509 *
787 1487 834 1523 ut
853 1482 998 1522 videat
1018 1481 1053 1521 si

238 1550 303 1585 est
318 1543 568 1592 intelligens,
584 1547 656 1582 aut
668 1542 891 1592 requirens
901 1539 1053 1579 Deum.

290 1600 450 1640 Omnes
476 1598 817 1644 declinaverunt,
846 1594 972 1635 simul
995 1594 1053 1634 in-

238 1655 364 1696 utiles
388 1654 489 1694 facti
508 1658 621 1694 sunt:
649 1654 671 1678 *
699 1665 785 1693 non
810 1656 875 1692 est
901 1651 973 1702 qui
997 1650 1054 1690 fa-

239 1711 324 1751 ciat
362 1710 542 1758 bonum⁷
587 1721 671 1749 non
714 1713 780 1749 est
820 1719 958 1758 usque
999 1705 1055 1747 ad

239 1780 379 1806 unum.

290 1821 574 1873 Sepulchrum
618 1825 771 1872 patens
808 1824 874 1860 est
909 1823 1057 1868 guttur

242 1880 407 1918 eorum:
422 1877 575 1926 linguis
591 1877 678 1916 suis
694 1875 845 1917 dolose
861 1874 1058 1924 agebant,

242 1935 265 1958 *
309 1935 519 1974 venenum
564 1932 763 1984 aspidum
808 1930 888 1971 sub
933 1930 1058 1972 labiis

244 2001 404 2030 eorum.

295 2046 487 2094 Quorum
503 2057 552 2085 os
570 2043 873 2085 maledictione
889 2048 932 2084 et
946 2056 1059 2084 ama-

245 2100 429 2142 ritudine
449 2101 622 2153 plenum
644 2106 723 2141 est:
747 2101 769 2125 *
795 2099 968 2141 veloces
988 2112 1059 2151 pe-

246 2156 322 2220 des
354 2159 504 2197 eorum
541 2156 597 2197 ad
628 2155 935 2197 effundendum
967 2157 1060 2196 sen-

245 2224 426 2262 guinem.

298 2267 508 2308 Contritio
529 2272 572 2309 et
590 2268 815 2309 infelicitas
834 2268 877 2308 in
893 2268 972 2309 viis
993 2270 1062 2310 eo-

247 2337 360 2371 rum,
389 2329 430 2364 et
454 2324 566 2364 viam
594 2324 713 2376 pacis
741 2337 827 2365 non
851 2326 1062 2374 cognove-

248 2385 361 2420 runt:
379 2380 400 2404 *
420 2392 505 2420 non
526 2386 591 2421 est
610 2381 737 2421 timor
752 2380 834 2421 Dei
850 2386 948 2421 ante
964 2383 1062 2422 ocu-

247 2434 314 2476 los
336 2437 495 2475 eorum.

298 2490 452 2531 Nonne
494 2493 758 2540 cognoscent
799 2504 949 2533 omnes
992 2492 1064 2544 qui

248 2548 483 2598 operentur
510 2547 797 2598 iniquitatem,
830 2549 853 2573 *
889 2549 960 2599 qui
994 2548 1064 2589 de-

250 2607 403 2642 vorant
428 2602 599 2654 plebem
623 2616 763 2644 meam
788 2604 897 2644 sicut
922 2617 1066 2644 escam

248 2655 395 2709 panis?

300 2713 533 2754 Dominum
566 2726 652 2754 non
684 2715 1011 2764 invocaverunt,
1044 2716 1067 2741 *

1097 303 1183 343 illic
1203 299 1533 352 trepidaverunt
1552 297 1726 344 timore,
1746 293 1822 336 ubi
1839 306 1927 334 non

1098 364 1191 400 erat
1210 358 1352 398 timor.

1150 413 1366 464 Quoniam
1385 410 1600 452 Dominus
1623 408 1667 448 in
1686 406 1928 458 generatio-

1098 484 1151 512 ne
1172 471 1282 521 justa
1302 473 1387 517 est,
1417 466 1646 508 consilium
1665 463 1808 516 inopis
1829 475 1928 504 con-

1100 526 1286 567 fudistis:
1305 526 1328 550 *
1356 523 1562 576 quoniam
1586 520 1802 562 Dominus
1827 531 1929 572 spes

1100 584 1190 633 ejus
1210 587 1286 623 est.

1152 638 1258 688 Quis
1287 636 1408 678 dabit
1437 648 1491 677 ex
1519 635 1622 676 Sion
1650 633 1842 674 salutare
1869 632 1930 672 Is-

1100 693 1214 735 rael?
1234 695 1257 719 *
1282 706 1381 734 eum
1401 690 1609 733 averterit
1627 689 1844 730 Dominus
1863 700 1931 729 ca-

1100 751 1347 803 ptivitatem
1379 747 1521 801 plebis
1550 759 1661 795 suae,
1694 743 1932 787 exsultabit

1100 806 1249 855 Jacob,
1269 811 1312 847 et
1331 804 1552 846 laetabitur
1570 801 1719 844 Israel.

1376 868 1576 909 Psalmus
1605 869 1663 907 14.

1192 927 1335 968 omine
1348 926 1444 978 quis
1454 924 1670 966 habitabit
1679 924 1723 964 in
1732 922 1933 964 taberna-

1214 982 1312 1024 culo
1327 980 1428 1023 tuo?
1444 982 1467 1007 *
1483 986 1558 1022 aut
1574 981 1670 1032 quis
1686 979 1934 1032 requiescet

1101 1041 1145 1080 in
1164 1044 1313 1080 monte
1333 1042 1486 1079 sancto
1506 1035 1606 1078 tuo?

1155 1096 1239 1146 Qui
1258 1093 1500 1146 ingreditur
1520 1094 1612 1134 sine
1631 1091 1820 1141 mecum,
1841 1091 1866 1117 *
1891 1095 1934 1132 et

1104 1154 1313 1206 operatur
1331 1150 1553 1203 justitiam:

1156 1209 1239 1259 Qui
1262 1208 1456 1260 loquitur
1475 1207 1707 1247 veritatem
1729 1205 1774 1245 in
1798 1202 1934 1245 corde

1104 1278 1202 1314 suo,
1230 1265 1254 1291 *
1284 1264 1358 1316 qui
1384 1276 1472 1304 non
1498 1263 1587 1313 egit
1612 1261 1763 1303 dolum
1790 1261 1834 1301 in
1858 1260 1934 1301 lin-

1103 1335 1189 1373 gua
1209 1333 1301 1362 sua:

1155 1378 1250 1419 Nec
1270 1376 1372 1418 fecit
1389 1376 1594 1429 proximo
1615 1387 1695 1415 suo
1713 1373 1893 1423 malum,
1911 1373 1936 1399 *

1106 1439 1149 1476 et
1173 1432 1463 1486 opprobrium
1486 1444 1574 1472 non
1594 1428 1764 1483 accepit
1784 1429 1936 1471 adver-

1106 1504 1179 1532 sus
1198 1490 1427 1542 proximos
1447 1501 1560 1529 suos.

1158 1546 1230 1587 Ad
1248 1545 1431 1586 nihilum
1451 1544 1667 1586 deductus
1687 1547 1755 1584 est
1773 1542 1819 1583 in
1838 1553 1937 1583 con-

1107 1605 1262 1656 spectu
1290 1603 1381 1654 ejus
1410 1601 1645 1652 malignus:
1664 1600 1700 1653 ,*
1733 1599 1937 1640 timentes

1107 1664 1254 1700 autem
1272 1658 1511 1699 Dominum
1531 1655 1765 1708 glorificat:

1160 1715 1243 1765 Qui
1271 1715 1383 1767 jurat
1409 1714 1614 1766 proximo
1643 1724 1744 1761 suo,
1777 1715 1821 1752 et
1850 1722 1940 1752 non

1109 1771 1287 1823 decipit,
1311 1771 1335 1796 *
1365 1771 1439 1822 qui
1457 1769 1690 1822 pecuniam
1709 1780 1834 1809 suam
1852 1779 1941 1808 non

1110 1827 1231 1869 dedit
1251 1827 1308 1868 ad
1326 1830 1519 1876 usuram,
1543 1830 1587 1868 et
1605 1828 1788 1866 munera
1807 1835 1941 1876 super

1109 1885 1387 1925 innocentem
1405 1895 1493 1924 non
1513 1882 1694 1934 accepit.

1163 1940 1246 1990 Qui
1265 1940 1368 1981 facit
1386 1939 1502 1989 haec,
1529 1940 1553 1966 *
1580 1951 1669 1980 non
1692 1936 1942 1979 movebitur

1110 1997 1153 2037 in
1173 1998 1396 2037 aeternum.

1164 2053 1247 2093 Per
1285 2052 1471 2092 Annum.
1510 2051 1610 2092 Ant.
1649 2051 1719 2091 Tu
1752 2049 1943 2091 Domine

1113 2108 1309 2151 servabis
1329 2121 1424 2149 nos:
1444 2113 1488 2149 et
1507 2106 1731 2149 custodies
1750 2119 1844 2147 nos.

1166 2160 1216 2212 V.
1242 2165 1412 2206 Memor
1436 2164 1496 2205 fui
1519 2168 1649 2204 noete
1673 2162 1860 2204 nominis
1880 2161 1944 2202 tui

1113 2221 1312 2262 Domine.
1357 2222 1407 2273 Rz.
1453 2221 1511 2262 Et
1547 2218 1767 2261 custodivi
1801 2218 1944 2269 legem

1114 2283 1245 2319 tuam.

1168 2334 1260 2368 Post
1278 2328 1322 2373 Y.
1343 2333 1548 2374 cuiuslibet
1564 2331 1755 2366 Nocturni
1772 2330 1913 2364 dicitur

1171 2382 1296 2422 Pater
1317 2385 1478 2421 noster.
1505 2385 1688 2421 secreto.

1170 2432 1219 2483 Y.
1238 2437 1293 2478 Et
1312 2450 1366 2477 ne
1386 2448 1468 2477 nos
1486 2435 1670 2476 inducas
1684 2434 1729 2474 in
1744 2433 1946 2475 tentatio-

1115 2506 1226 2533 nem.
1257 2495 1307 2546 R.
1335 2491 1423 2534 Sed
1442 2491 1581 2533 libera
1598 2503 1680 2531 nos
1699 2503 1725 2531 a
1742 2489 1873 2530 malo.

1307 2576 1311 2580 ·
1410 2551 1656 2592 Absolutio.

1119 2603 1327 2707 Exaudi
1342 2604 1530 2645 Domine
1547 2604 1571 2644 J
1573 2616 1652 2645 esu
1663 2602 1836 2644 Christe
1849 2613 1946 2653 pre-

1213 2674 1285 2702 ces
1305 2662 1534 2702 servorum
1553 2662 1741 2709 tuorum,
1761 2663 1804 2700 et
1822 2657 1948 2698 mise-

1119 2718 1214 2758 rere
1238 2716 1383 2766 nobis,
1413 2716 1487 2768 qui
1511 2728 1611 2757 cum
1632 2716 1764 2757 Patre
1788 2719 1832 2756 et
1855 2713 1948 2766 Spi-
