2040 2944
566 176 637 211 Die
664 178 712 211 11.
737 177 836 211 Nov.
883 176 919 211 S.
943 176 1099 211 Martini
1123 176 1251 220 Episc.
1278 180 1315 211 81
1339 177 1447 212 Conf.

202 269 330 310 Pluet
348 282 481 321 super
505 271 763 322 peccatores
783 269 980 322 laqueos:

150 326 174 352 *
192 325 315 376 ignis,
337 329 380 367 et
399 325 593 377 sulphur,
618 330 663 366 81
682 326 860 378 spiritus
880 339 980 379 pro-

151 380 360 422 cellarum
379 394 483 433 pars
503 381 651 422 calicis
669 383 832 422 eorum.

203 437 420 487 Quoniam
439 439 578 489 justus
596 437 830 487 Dominus,
859 443 903 479 81
922 439 979 489 ju-

151 493 292 534 stitias
329 493 495 535 dilexit:
523 494 547 520 *
579 494 836 545 aequitatem
871 493 982 535 vidit

150 549 295 590 vultus
315 551 417 601 ejus.

200 615 301 655 Ant.
356 614 572 656 Dominus
611 613 740 655 Jesus
781 613 982 656 Christus

149 682 238 710 non
274 672 583 722 purpuratum,
620 674 695 711 aut
732 669 980 711 diademate

149 726 410 768 renitentem
433 739 480 767 se
499 729 732 768 venturum
753 738 851 768 8888
870 739 980 778 prae·

150 781 271 824 dixit.

200 848 299 888 Ant.
310 845 530 888 Sacerdos
539 845 827 895 DeiMartine‚
839 846 981 898 aperti

150 906 252 943 sunt
282 902 362 945 tibi
393 902 509 952 coeli‘,
548 907 593 944 81
625 915 808 953 regnum
837 902 981 944 Patris

149 971 245 1000 mel.

421 1020 618 1060 Psalmus
646 1020 704 1059 14.

146 1074 384 1180 Domine
408 1076 505 1128 quis
525 1074 744 1117 habitabit
770 1075 813 1115 in
838 1075 980 1117 taber-

258 1131 417 1173 naculo
437 1130 540 1173 tuo?
568 1132 592 1157 *
616 1136 692 1173 331
718 1132 815 1183 quis
839 1132 979 1184 requi-

150 1189 270 1228 escet
288 1187 334 1227 in
352 1192 503 1229 monte
524 1193 678 1229 sancto
698 1186 800 1229 tuo?

202 1243 287 1293 Qui
305 1243 548 1295 ingreditur
573 1244 668 1285 sine
687 1243 874 1294 macula,
893 1245 918 1271 *
937 1249 981 1286 et

149 1301 359 1351 operatur
377 1300 602 1352 justitiam:

200 1355 285 1406 Qui
307 1355 504 1408 loquitur
522 1356 757 1398 veritatem
780 1357 823 1397 in
844 1357 979 1398 corde

148 1424 246 1461 suo,
266 1412 290 1438 *
311 1413 387 1464 qui
415 1425 504 1454 non
533 1413 622 1465 egit
651 1412 803 1455 dolum
829 1413 873 1454 in
901 1413 977 1454 lin-

147 1480 233 1518 gua
252 1481 345 1510 sua:

199 1524 295 1566 Nec
314 1525 418 1567 fecit
436 1525 641 1577 proximo
661 1538 742 1567 suo
762 1525 936 1575 malum,
955 1527 979 1553 *

149 1585 193 1622 81
213 1581 504 1633 opprobrium
522 1595 611 1623 non
635 1582 807 1634 accepit
826 1581 977 1623 adver·

147 1649 221 1677 sus
240 1637 469 1689 proximos
489 1650 603 1679 suos.

199 1692 272 1734 Ad
291 1693 473 1734 nihilum
492 1693 711 1736 deductus
731 1698 799 1736 881
818 1694 862 1734 13
877 1706 977 1735 803-

148 1750 303 1801 spectu
337 1750 428 1801 ejus
460 1749 694 1801 malignus:
720 1751 745 1778 *
772 1750 978 1792 timentes

147 1809 296 1846 autem
313 1805 554 1847 Dominum
572 1806 805 1856 glorificat:

201 1861 286 1911 Qui
311 1862 424 1914 jurat
451 1862 656 1914 proximo
685 1875 784 1912 suo,
817 1867 861 1904 et
888 1875 977 1904 303

148 1916 326 1970 decipit,
345 1918 369 1945 *
389 1918 463 1970 qui
486 1918 720 1970 pecuniam
743 1932 868 1960 suam
888 1932 976 1960 non

147 1972 271 2015 dedit
290 1973 347 2015 ad
365 1977 555 2024 usuram,
578 1979 622 2016 et
641 1978 824 2016 munera
844 1988 976 2027 super

147 2029 425 2071 innocentem
441 2043 530 2072 non
549 2031 734 2083 accepit:

199 2086 285 2136 Qui
308 2086 414 2127 facit
438 2086 552 2137 haec,
571 2088 595 2113 *
614 2100 702 2128 non
726 2087 976 2129 movebitur

147 2141 190 2182 in
210 2143 434 2183 aeternum.

198 2206 299 2246 Ant.
310 2206 529 2250 Sacerdos
537 2208 622 2250 Dei
628 2208 826 2258 Martine‚
834 2209 978 2260 aperti

147 2267 248 2327 sunt
281 2262 361 2305 tibi
394 2264 513 2314 coeli,
546 2269 590 2306 et
623 2277 807 2316 regnum
833 2265 977 2306 Patris

146 2331 242 2360 me1.

202 2384 300 2424 Ant.
327 2384 545 2427 Sacerdos
569 2384 654 2425 Dei
674 2384 876 2433 Martine‚
902 2396 976 2436 pa-

147 2442 241 2479 stor
261 2441 451 2492 egregie,
478 2454 555 2484 ora
574 2452 655 2493 pro
673 2440 803 2483 nobis
821 2440 977 2496 Deum.

422 2505 619 2547 Psalmus
638 2507 708 2546 20.

237 2571 380 2612 omine
403 2571 448 2612 in
471 2572 631 2614 virtute
656 2577 732 2614 tua
756 2571 977 2613 laetabitur

267 2639 360 2668 rex:
382 2627 407 2653 *
431 2632 475 2670 et
493 2641 626 2681 super
645 2628 834 2670 salutare
853 2633 976 2669 tuum

149 2682 384 2724 exsultabit
402 2683 693 2727 vehementer.

1084 271 1363 312 Desiderium
1388 272 1535 313 cordis
1560 272 1651 323 ejus
1673 270 1864 312 tribuisti

1034 327 1086 368 ei:
1101 327 1125 353 *
1141 332 1184 369 et
1198 327 1423 369 voluntate
1438 328 1655 369 labiorum
1670 328 1761 379 ejus
1775 340 1863 369 non

1033 383 1246 425 fraudasti
1265 397 1374 425 eum.

1086 440 1302 489 Quoniam
1324 441 1578 492 praevenisti
1602 453 1702 482 eum
1725 439 1769 480 in
1791 439 1863 481 be-

1033 495 1354 537 nedictionibus
1368 496 1625 538 dulcedinis:
1639 497 1662 522 *
1678 495 1864 548 posuisti

1033 551 1076 591 in
1105 552 1249 604 capite
1277 553 1368 604 ejus
1396 554 1606 594 coronam
1634 552 1689 594 de
1717 551 1864 604 lapide

1033 608 1241 660 pretioso.

1084 664 1235 705 Vitam
1253 664 1379 716 petiit
1398 676 1423 704 3
1442 669 1500 705 te:
1519 664 1542 690 *
1563 668 1606 705 81
1620 663 1811 705 tribuisti
1826 663 1864 704 ei

1033 720 1350 770 longitudinem
1375 719 1544 762 dierum
1570 720 1615 760 in
1642 720 1864 769 saeculum,

1034 781 1078 818 81
1095 777 1139 816 in
1159 777 1369 818 saeculum
1393 776 1553 817 saeculi.

1085 833 1245 883 Magna
1269 838 1336 874 est
1353 833 1494 884 gloria
1513 833 1603 884 ejus
1622 832 1666 872 in
1686 831 1866 872 salutari

1033 893 1125 929 tuo:
1140 889 1163 914 *
1178 889 1362 939 gloriam
1378 894 1422 931 81
1436 902 1643 939 13333331
1659 887 1866 929 (18801813

1034 944 1235 996 impones
1255 958 1387 998 super
1407 958 1517 987 eum.

1086 1001 1303 1051 Quoniam
1336 1001 1461 1043 dabis
1492 1014 1592 1042 eum
1618 1000 1663 1041 in
1689 999 1865 1041 benedi-

1034 1057 1225 1099 ctionem
1244 1058 1289 1098 in
1309 1057 1520 1099 saeculum
1543 1055 1707 1098 saeculi:
1721 1056 1744 1081 *
1758 1055 1865 1097 13811-

1033 1112 1186 1154 ficabis
1215 1126 1315 1155 811111
1346 1114 1391 1154 13
1421 1113 1584 1164 33111110
1614 1126 1714 1154 cum
1742 1112 1865 1153 vultu

1033 1173 1122 1210 tuo.

1086 1226 1302 1276 Quoniam
1326 1238 1405 1267 rex
1428 1230 1577 1278 sperat
1595 1225 1639 1265 in
1658 1224 1887 1266 Domino:'

1032 1281 1056 1307 *
1081 1286 1124 1323 81
1147 1282 1191 1322 13
1213 1281 1515 1323 misericordia
1537 1281 1754 1322 Altissimi
1776 1294 1861 1322 non

1033 1338 1392 1380 commovebitur.

1083 1394 1336 1436 Inveniatur
1368 1407 1522 1435 manus
1554 1398 1630 1435 1113
1662 1393 1865 1435 omnibus

1031 1450 1216 1492 inimicis
1231 1451 1331 1492 tuis:
1346 1451 1370 1477 *
1386 1450 1568 1492 dextera
1582 1455 1658 1492 tua
1672 1450 1864 1491 inveniat

1032 1519 1196 1557 omnes,
1217 1507 1292 1560 qui
1310 1512 1354 1549 18
1374 1507 1572 1549 oderunt.

1082 1563 1227 1605 Pones
1256 1576 1333 1605 808
1361 1568 1409 1605 31
1437 1563 1657 1605 clibanum
1685 1563 1796 1613 ignis
1820 1563 1864 1603 in

1031 1620 1230 1672 tempore
1254 1619 1401 1661 vultus
1425 1619 1502 1661 tui:
1526 1620 1549 1645 *
1573 1619 1790 1660 Dominus
1820 1619 1863 1659 in

1030 1675 1095 1716 ira
1114 1688 1193 1716 sua
1212 1675 1493 1717 conturbabit
1513 1687 1600 1724 eos,
1621 1680 1664 1716 et
1681 1674 1861 1717 devora-

1029 1730 1095 1772 bit
1114 1743 1191 1772 eos
1210 1731 1333 1782 ignis.

1082 1788 1293 1829 Fructum
1313 1789 1466 1829 eorum
1485 1787 1540 1829 de
1555 1792 1673 1828 terra
1686 1786 1862 1839 perdes:

1030 1844 1053 1870 *
1070 1849 1114 1886 et
1133 1856 1282 1886 semen
1301 1846 1454 1886 80111111
1469 1856 1495 1884 3
1509 1843 1610 1884 filiis
1624 1843 1861 1884 hominum.

1083 1900 1300 1951 Quoniam
1351 1899 1681 1942 declinaverunt
1726 1899 1770 1940 in
1817 1904 1861 1940 18

1029 1957 1158 1997 mala:
1176 1957 1200 1982 *
1220 1956 1524 2007 cogitaverunt
1545 1955 1736 2005 consilia,
1762 1969 1860 2008 quae

1030 2026 1118 2055 non
1136 2014 1376 2065 potuerunt
1395 2012 1601 2054 stabilire.

1083 2069 1299 2120 Quoniam
1333 2081 1474 2121 pones
1510 2081 1587 2110 eos
1620 2067 1814 2109 dorsum:
1838 2068 1861 2093 *

1029 2125 1073 2166 in
1091 2125 1286 2177 reliquiis
1304 2125 1391 2166 tuis
1405 2123 1679 2177 praeparabis
1693 2123 1861 2165 vultum

1030 2183 1194 2223 eorum.

1080 2237 1287 2278 Exaltare
1310 2237 1499 2279 Domine
1520 2237 1565 2277 in
1587 2236 1748 2277 virtute
1771 2240 1861 2277 tua:

1028 2294 1052 2319 *
1073 2293 1346 2335 cantabimus
1364 2298 1408 2334 81
1423 2293 1660 2345 psallemus
1675 2292 1860 2333 virtutes

1028 2354 1184 2443 ‘magst-
1251 2403 1467 2446 Sacerdos
1518 2404 1603 2446 Dei
1654 2403 1860 2451 Martine‚

1029 2465 1182 2512 pastor
1227 2460 1421 2512 egregie,
1474 2473 1553 2502 ora
1602 2472 1686 2513 pro
1731 2459 1860 2501 nobis

1029 2517 1233 2617 Delgm'i'u
1259 2585 1306 2614 es
1331 2571 1541 2614 sacerdos
1565 2572 1609 2613 in
1635 2573 1858 2614 aeternum.

1030 2627 1366 2726 §deffecundum
1400 2629 1601 2670 ordinem
1631 2627 1858 2669 Melchise-
