2040 2944
624 161 732 194 Dom.
758 161 785 195 Ι.
811 161 891 196 Oct.
934 161 991 196 Ss.
1014 161 1169 195 Rosarii
1193 161 1235 196 B.
1260 161 1395 196 Mariae
1419 163 1462 197 V.

183 257 271 297 oris
291 257 391 297 mei:
406 257 431 283 *
446 260 490 297 et
508 255 738 297 meditatio
759 257 906 299 cordis
926 258 1013 300 mei

180 312 223 352 in
245 313 484 364 conspectu
503 316 580 352 tuo
602 324 787 365 semper.

234 368 421 410 Domine
441 367 615 420 adjutor
634 381 776 419 meus,
795 370 819 396 *

180 427 355 477 emptor
373 436 508 465 meus.

236 480 333 519 Ant.
376 481 553 522 Intravit
584 481 724 523 Maria
751 482 795 522 in
831 482 1012 524 domum

179 536 415 586 Zachariae,
436 542 479 578 et
498 537 706 580 salutavit
724 538 964 581 Elisabeth.

233 592 332 631 Ant.
355 594 526 646 Peperit
536 594 695 635 Filium
710 607 837 636 suum
850 596 1011 647 primo-

177 649 387 699 genitum,
407 654 451 691 et
469 650 696 692 reclinavit
716 664 816 692 eum
835 651 880 691 in
899 663 1009 703 prae-

178 718 316 758 seplo.

846 375 891 412 et
916 370 1012 412 red-

456 757 654 797 Psalmus
674 758 738 798 23.

267 818 401 859 omini
434 824 502 861 est
534 824 668 870 terra,
704 825 749 862 et
781 821 1010 887 plenitudo

111 917 114 920 ,
289 876 395 926 ejus:
418 876 441 901 *
465 875 585 918 orbis
605 878 833 926 terrarum,
857 883 901 919 et
921 879 1010 919 uni-

177 931 293 972 versi
313 931 387 983 qui
405 931 605 974 habitant
623 933 667 973 in
687 945 752 975 eo.

230 988 342 1038 Quia
368 987 464 1040 ipse
493 1001 626 1041 super
650 990 787 1030 maria
812 990 1010 1033 fundavit

178 1057 292 1085 eum:
311 1045 335 1070 *
356 1050 400 1086 et
428 1057 561 1097 super
585 1045 765 1087 flumina
789 1050 1010 1100 praepara-

178 1101 240 1142 vit
260 1113 370 1142 eum.

230 1157 338 1208 Quis
371 1157 580 1199 ascendet
618 1158 661 1198 in
693 1163 890 1200 montem
922 1159 1010 1200 Do-

178 1211 304 1253 mini?
324 1214 348 1239 *
368 1218 442 1254 aut
463 1214 560 1266 quis
580 1214 714 1256 stabit
732 1215 775 1255 in
794 1215 894 1257 loco
915 1229 1010 1257 san·

179 1274 253 1310 cto
274 1267 388 1320 ejus?

230 1326 448 1367 Innocens
498 1326 700 1368 manibus
751 1332 795 1369 et
844 1328 1008 1370 mundo

179 1381 329 1431 corde,
357 1383 381 1407 *
410 1382 484 1434 qui
511 1395 599 1424 non
624 1384 795 1436 accepit
822 1384 866 1424 in
895 1397 1009 1426 vano

179 1439 369 1491 animam
388 1451 527 1488 suam,
552 1452 633 1481 nec
657 1440 815 1491 juravit
837 1440 881 1481 in
906 1440 1009 1482 dolo

179 1495 383 1547 proximo
403 1508 495 1537 suo.

231 1551 315 1593 Hic
356 1552 543 1604 accipiet
586 1551 940 1594 benedictionem
984 1566 1010 1595 a

177 1608 385 1649 Domino:
399 1608 423 1634 *
439 1613 484 1650 et
501 1608 848 1650 misericordiam
867 1622 893 1650 a
911 1610 1009 1651 Deo

179 1664 361 1706 salutari
380 1677 472 1706 suo.

229 1721 340 1762 Haec
368 1726 436 1763 est
462 1722 688 1772 generatio
719 1722 1009 1774 quaerentium

178 1790 294 1826 eum,
330 1778 354 1803 *
392 1779 681 1830 quaerentium
730 1779 888 1821 faciem
923 1779 1008 1821 Dei

176 1833 326 1875 Jacob.

228 1890 434 1931 Attollite
479 1896 633 1942 portas
677 1891 900 1945 principes
936 1905 1006 1934 ve-

177 1950 308 1995 stras,
337 1950 381 1987 et
406 1946 635 1988 elevamini
660 1953 803 1999 portae
824 1950 1006 1990 aeterna-

175 2001 254 2044 les:
273 2002 296 2027 *
316 2007 361 2044 et
378 2002 577 2044 introibit
595 2003 694 2045 Rex
712 2004 876 2055 gloriae.

227 2059 334 2109 Quis
361 2063 428 2100 est
448 2059 532 2101 iste
551 2060 648 2101 Rex
667 2059 843 2111 gloriae?
868 2062 891 2087 *
917 2062 1006 2103 Do-

175 2115 316 2156 minus
348 2115 476 2157 fortis
508 2121 553 2157 et
584 2121 758 2168 potens:
790 2117 1006 2159 Dominus

175 2176 335 2222 potens
353 2171 397 2212 in
414 2171 580 2224 praelio.

227 2227 431 2269 Attollite
475 2233 629 2280 portas
675 2229 898 2282 principes
934 2243 1004 2272 ve-

175 2287 304 2332 stras,
333 2288 378 2325 et
401 2284 631 2326 elevamini
653 2291 798 2338 portae
822 2288 1005 2328 aeterna-

174 2338 253 2380 les:
271 2340 295 2366 *
314 2344 359 2381 et
377 2339 575 2383 introibit
595 2341 692 2383 Rex
710 2342 874 2392 gloriae.

227 2395 334 2445 Quis
359 2401 427 2437 est
450 2396 534 2438 iste
552 2397 650 2439 Rex
678 2397 854 2448 gloriae?
874 2400 898 2424 *
917 2400 1005 2441 Do—

174 2451 316 2492 minus
340 2451 551 2494 virtutum
579 2453 674 2505 ipse
702 2459 770 2496 est
793 2455 891 2496 Rex
914 2456 1005 2506 glo-

174 2507 262 2548 riae.

228 2562 328 2604 Ant.
346 2563 521 2615 Peperit
535 2565 693 2607 Filium
708 2579 835 2608 suum
844 2567 1004 2620 primo-

173 2618 380 2670 genitum,
400 2624 444 2661 et
463 2620 692 2664 reclinavit
713 2636 813 2665 eum
831 2624 874 2664 in
893 2637 1003 2676 prae-

173 2675 312 2727 sepio.

1121 252 1171 303 W
1196 259 1355 301 Sancta
1383 260 1466 301 Dei
1495 261 1696 304 Genitrix
1724 275 1899 315 semper

1066 315 1205 365 Virgo
1225 315 1374 357 Maria.
1403 317 1453 368 R.
1471 317 1702 360 Intercede
1720 331 1804 372 pro
1823 331 1899 360 no-

1065 371 1133 412 bis
1162 369 1219 413 ad
1243 372 1482 414 Dominum
1501 373 1645 416 Deum
1663 380 1875 417 nostrum.

1212 454 1275 495 De
1293 454 1428 497 Libro
1448 455 1759 499 Ecclesiastici.

1174 524 1205 562 Ι
1210 524 1322 563 ectio
1345 524 1366 562 i.
1613 523 1717 575 Cap
1732 525 1796 563 24.

1071 591 1212 649 sssz-,jn
1242 590 1443 631 omnibus
1470 591 1669 643 requiem
1703 592 1897 644 quaesivi,

1071 644 1136 703 [5241
1134 646 1178 711 fil
1203 651 1245 687 et
1264 646 1308 687 in
1327 646 1590 689 haereditate
1609 648 1788 689 Domini
1806 661 1896 690 mo-

1091 724 1094 725 r
1201 702 1345 744 rabor,
1408 704 1534 746 Tunc
1576 704 1811 758 praecepit,
1854 710 1898 747 et

1065 756 1175 800 dixit
1193 758 1299 800 mihi
1318 759 1504 802 Creator
1524 761 1736 802 omnium·
1759 766 1804 804 et
1823 761 1898 814 qui

1064 815 1230 856 creavit
1257 828 1342 866 me,
1378 817 1595 868 requievit
1621 818 1666 858 in
1695 817 1895 860 taberna-

1064 871 1164 912 culo
1187 884 1309 922 meo,
1338 877 1382 914 et
1409 873 1518 915 dixit
1536 874 1660 915 mihi:
1688 875 1740 916 In
1758 874 1898 917 Jacob

1063 927 1269 978 inhabita,
1290 933 1334 971 et
1348 929 1392 970 in
1406 930 1544 972 Israel
1558 931 1834 982 haereditare,
1853 936 1899 973 et

1064 984 1107 1024 in
1136 984 1287 1026 electis
1316 985 1425 1027 meis
1452 987 1578 1029 mitte
1606 986 1789 1030 radices.
1825 987 1897 1029 Ab
1957 1030 1961 1036 ,

1063 1040 1204 1091 initio,
1233 1046 1277 1083 et
1305 1047 1406 1083 ante
1431 1043 1594 1085 saecula
1618 1046 1768 1086 creata
1790 1057 1897 1094 sum,

1065 1102 1108 1138 et
1127 1110 1268 1149 usque
1288 1097 1346 1139 ad
1364 1098 1559 1140 futurum
1578 1099 1790 1142 saeculum
1808 1113 1898 1142 non

1065 1152 1280 1204 desinam,
1309 1159 1354 1196 et
1382 1155 1425 1195 in
1450 1154 1721 1198 habitatione
1745 1162 1897 1199 sancta

1064 1222 1213 1251 coram
1247 1210 1346 1262 ipso
1381 1211 1636 1254 ministravi.
1677 1213 1735 1255 Et
1762 1214 1826 1256 sic
1852 1214 1897 1255 in

1063 1266 1167 1307 Sion
1198 1266 1372 1309 firmata
1404 1281 1522 1319 sum,
1562 1274 1606 1311 et
1642 1269 1686 1310 in
1719 1270 1898 1312 civitate

1065 1323 1338 1365 sanctificata
1352 1323 1551 1367 similiter
1565 1326 1773 1378 requievi,
1793 1331 1837 1368 et
1853 1326 1898 1368 in

1064 1379 1309 1421 Jerusalem
1335 1383 1538 1432 potestas
1565 1395 1675 1424 mea.
1710 1383 1768 1425 Et
1785 1382 1897 1425 radi-

1064 1436 1161 1477 cavi
1188 1436 1233 1476 in
1251 1437 1421 1489 populo
1447 1438 1756 1490 honorificato,
1785 1444 1831 1482 et
1854 1440 1898 1481 in

1063 1497 1190 1544 parte
1208 1493 1292 1534 Dei
1317 1494 1403 1535 mei
1427 1494 1666 1538 haereditas
1689 1495 1824 1547 illius,
1852 1501 1898 1539 et

1062 1548 1107 1589 in
1125 1548 1398 1601 plenitudine
1416 1550 1679 1594 Sanctorum
1700 1551 1896 1596 detentio

1062 1617 1171 1647 mea.

1116 1665 1167 1715 Rs.
1192 1662 1358 1705 Sumite
1382 1663 1641 1716 psalterium
1659 1665 1897 1718 jucundum

1061 1719 1104 1759 in
1127 1719 1287 1770 insigni
1306 1719 1377 1761 die
1403 1720 1698 1764 solemnitatis
1716 1727 1896 1765 vestrae:

1062 1777 1084 1801 *
1108 1775 1164 1817 Et
1184 1775 1401 1818 exsultate
1415 1777 1587 1829 Virgini
1603 1778 1804 1831 adjutrici
1820 1792 1896 1822 no-

1062 1836 1177 1873 strae.
1218 1827 1268 1879 X.
1292 1832 1478 1876 Cantate
1506 1834 1547 1876 ei
1574 1835 1794 1877 canticum
1822 1849 1896 1877 no-

1061 1902 1182 1929 vum:
1210 1890 1464 1932 annuntiate
1489 1890 1602 1933 inter
1629 1896 1784 1944 gentes
1805 1892 1895 1945 glo-

1061 1945 1171 1987 riam
1190 1946 1293 1998 eius.
1322 1946 1379 1988 Et
1398 1946 1628 1990 exsultate.

1373 2008 1526 2049 Lectio
1547 2009 1586 2048 ii.

1146 2063 1241 2103 uasi
1260 2062 1419 2105 cedrus
1438 2063 1631 2107 exaltata
1649 2078 1746 2107 sum
1763 2066 1808 2107 in
1826 2066 1895 2108 Li-

1164 2118 1300 2169 bano,
1337 2124 1381 2161 et
1419 2121 1544 2185 quasi
1580 2123 1816 2175 cypressus
1850 2123 1895 2164 in

1059 2180 1208 2217 monte
1227 2175 1351 2217 Sion:
1382 2177 1507 2229 quasi
1529 2177 1678 2231 palma
1702 2178 1894 2221 exaltata

1060 2243 1157 2272 sum
1182 2231 1226 2272 in
1255 2231 1418 2283 Gades,
1453 2238 1496 2276 et
1526 2234 1652 2286 quasi
1677 2234 1893 2288 plantatio

1059 2299 1174 2329 rosae
1197 2287 1242 2328 in
1265 2288 1290 2329 J
1293 2288 1461 2331 erlcho
1489 2291 1624 2341 Quasi
1651 2290 1768 2333 oliva
1796 2304 1892 2345 spe-

1059 2344 1210 2385 ciosa
1198 2357 1242 2385 1n
1262 2345 1445 2399 campis,
1474 2351 1518 2388 et
1542 2347 1667 2398 quasi
1689 2347 1893 2412 platanus

1059 2399 1253 2442 exaltata
1281 2414 1378 2442 sum
1405 2403 1526 2454 juxta
1554 2415 1715 2455 aquam
1738 2404 1783 2444 in
1801 2404 1891 2457 pla-

1058 2456 1152 2498 teiS.
1189 2457 1310 2499 Sicut
1330 2458 1667 2509 cinnamomum,
1689 2465 1732 2502 et
1750 2459 1892 2502 balsa-

1058 2525 1178 2554 mum
1214 2515 1506 2555 aromatizans
1547 2514 1733 2557 odorem
1770 2515 1892 2559 dedi:

1060 2569 1185 2621 quasi
1209 2569 1387 2622 myrrha
1414 2569 1555 2612 electa
1581 2571 1685 2613 dedi
1704 2573 1891 2615 suavita-

1058 2631 1148 2667 tem
1167 2623 1336 2667 odoris:
1357 2631 1400 2668 et
1417 2627 1543 2678 quasi
1558 2632 1720 2679 storax,
1739 2634 1784 2671 et
1801 2629 1890 2680 gal·

1058 2681 1209 2733 banus,
1227 2686 1272 2724 et
1290 2682 1464 2733 ungula,
1485 2688 1528 2725 et
1545 2689 1682 2735 gutta,
1701 2690 1746 2727 et
1765 2686 1891 2738 quasi
