2040 2944
695 196 915 231 Gratiarum
939 199 1039 233 aetio
1064 204 1153 242 post
1176 201 1344 235 Missam.

165 294 311 336 Oratio
322 295 374 335 ad
383 295 605 337 Dominum
613 297 642 337 J
643 310 760 338 esum
770 298 994 340 Christum.

266 370 334 395 Post
353 369 465 396 Missam
486 370 561 395 reeit.
580 371 686 402 Indulg.
706 371 723 396 3
742 379 886 398 annorum.

387 413 452 439 Pius
474 414 522 439 IX.
545 415 582 439 11.
603 415 669 440 Dee.
691 415 765 439 1346.

167 455 356 540 Obsecro
384 459 436 499 te,
465 456 688 492 dulcissime
711 457 875 493 Domine
899 459 995 494 Jesu

243 505 408 549 Christe,
430 509 473 541 ut
492 507 628 554 passio
651 511 718 542 tua
742 508 793 543 sit
808 509 904 543 mihi
919 510 994 544 vir-

163 559 225 590 tus
243 566 320 600 qua
337 556 499 600 muniar,
519 558 712 601 protegar,
734 562 849 603 atque
867 559 994 594 defen-

164 605 251 640 dar:
278 605 441 640 vulnera
464 609 531 641 tua
554 606 632 641 sint
655 607 751 642 mihi
775 608 901 653 cibus,
925 620 993 653 po-

162 657 313 700 tusque,
337 656 479 700 quibus
503 666 654 701 pascar,
678 657 856 702 inebriet,
878 663 993 704 atque

150 706 348 741 delecter:
392 707 569 751 aspersio
608 708 810 752 sanguinis
848 709 906 744 tui
943 710 994 745 sit

161 756 258 791 mihi
281 756 429 792 ablutio
454 757 626 792 omnium
647 758 876 794 delictorum
891 761 992 795 meo-

161 817 262 842 rum:
291 817 397 842 mors
420 810 487 842 tua
513 807 563 842 sit
585 808 682 842 mihi
705 809 830 852 gloria
854 810 993 854 sempi-

121 859 129 867 '
161 857 279 892 terna.
323 856 369 891 In
391 857 454 891 his
479 857 530 891 sit
551 857 647 891 mihi
670 858 844 902 refectio,
866 860 992 895 exsul-

161 906 272 950 tatio,
301 906 448 941 sanitas
478 910 515 941 et
544 906 709 942 dulcedo
739 909 869 943 cordis
899 909 991 944 mei:

161 956 237 998 Qui
259 957 364 992 vivis
393 961 430 992 et
458 967 599 1001 regnas
628 957 669 992 in
698 959 843 994 saecula
873 970 992 995 saecu—

159 1006 301 1049 lorum.⁴
338 1006 473 1042 Amen.

427 1107 724 1160 Aspirationes

228 1177 263 1212 S.
287 1178 430 1221 Ignatii
456 1178 506 1212 ad
530 1178 586 1213 Ss.
612 1176 919 1222 Redemptor'em.

138 1248 141 1249 ⁷
156 1237 225 1264 Post
238 1238 351 1264 Missam
368 1239 475 1271 Indulg.
492 1240 506 1265 7
521 1247 659 1265 annorum
679 1240 763 1265 semel
783 1240 809 1265 in
830 1240 887 1273 dic3
908 1240 988 1265 aliter

155 1278 207 1303 300
225 1278 333 1310 dierum
354 1280 436 1305 toties
456 1280 572 1312 quotics
604 1280 711 1313 Indulg.
730 1281 835 1313 plenar.
856 1281 940 1306 semel
960 1280 987 1306 in

185 1327 289 1352 mense,
303 1320 326 1345 si
341 1321 401 1347 haec
416 1321 512 1347 Oratio
526 1321 651 1354 quotidie
666 1321 806 1347 recitatur.
827 1322 894 1347 Pius
911 1322 958 1348 IX.

470 1363 494 1388 9.
515 1362 578 1388 Jan.
599 1362 674 1388 1854.

158 1405 315 1489 Anima
335 1405 483 1441 Christi
503 1407 701 1442 sanctifica
724 1417 795 1442 me.
835 1407 1002 1452 Corpus·

240 1454 386 1490 Christi
411 1456 522 1491 salva
544 1467 615 1492 me.
653 1454 821 1501 Sanguis
842 1458 988 1493 Christi

157 1503 307 1540 inebria
329 1515 400 1540 me.
435 1506 551 1551 Aqua
570 1507 703 1543 lsiteris
728 1508 875 1543 Christi
897 1509 988 1544 lava

156 1564 227 1590 me.
250 1554 390 1591 Passio
408 1555 555 1592 Christi
575 1557 751 1593 conforta
770 1568 841 1593 me.
867 1558 898 1593 O
919 1559 987 1594 bo-

155 1615 204 1640 ne
220 1605 246 1640 J
247 1615 331 1650 esu,
353 1606 498 1642 exaudi
517 1617 588 1642 me.
619 1607 725 1642 Intra
740 1611 807 1643 tua
824 1608 987 1644 vulnera

156 1655 352 1691 absconde
372 1666 444 1692 me.
476 1656 535 1692 Ne
563 1658 763 1701 permittas
787 1667 848 1692 me
876 1668 986 1703 sepa-

154 1705 233 1740 rari
260 1716 283 1740 a
311 1709 359 1741 te.
393 1706 457 1742 Ab
484 1707 599 1742 hoste
624 1708 794 1752 maligno
822 1708 985 1743 defende

153 1765 225 1790 me.
264 1755 310 1791 In
328 1756 427 1791 hora
444 1757 581 1792 mortis
600 1767 697 1792 meae
717 1768 817 1793 voca
836 1768 907 1793 me.
937 1758 987 1794 Et

153 1805 243 1849 jube
266 1816 327 1841 me
349 1807 482 1842 venire
507 1807 558 1842 ad
580 1811 633 1851 te,
661 1811 703 1842 ut
729 1818 815 1842 cum
839 1809 984 1843 sanctis

153 1855 231 1890 tuis
258 1856 415 1892 laudem
440 1859 478 1892 te
506 1856 547 1891 in
575 1857 720 1892 saecula
744 1858 984 1893 saeculorum.

152 1905 287 1941 Amen.

435 2003 599 2043 Oblatio
628 2003 706 2043 sui.

412 2067 519 2099 Indulg.
540 2067 591 2093 300
610 2067 727 2093 dierum

331 2106 390 2133 Leo
410 2107 466 2134 PP
486 2108 564 2134 XIII.
584 2107 625 2133 26.
646 2107 711 2141 Maji
732 2107 819 2133 1883

161 2156 339 2237 Suscipe
358 2156 523 2194 Domine
546 2156 769 2191 universam
791 2165 916 2189 meam
938 2155 981 2189 li-

222 2207 420 2242 bertAtem.
458 2205 605 2250 Accipe
621 2204 856 2248 memoriam,
873 2204 981 2239 intel-

150 2256 301 2299 lectum,
313 2259 428 2300 atque
440 2255 680 2293 voluntatem
691 2264 853 2290 omnem.
868 2253 981 2294 Quid-

152 2306 247 2350 quid
268 2306 412 2349 habeo,
434 2305 499 2340 vel
523 2305 725 2350 possideo,
749 2304 845 2338 mihi
867 2304 980 2347 largi-

149 2359 213 2391 tus
237 2366 295 2391 es:
321 2355 363 2390 id
386 2355 458 2390 tibi
480 2358 604 2390 totum
627 2355 804 2397 restituo,
833 2363 878 2388 ac
903 2357 980 2387 tuae

1047 312 1208 345 prorsus
1225 305 1416 340 voluntati
1439 307 1551 342 trado
1573 308 1874 351 gubernandum.

1047 353 1230 389 Amorem
1250 355 1307 390 tui
1327 356 1453 391 solum
1471 368 1558 392 cum
1573 359 1697 402 gratia
1719 363 1785 395 tua
1806 361 1874 395 mi-

1047 401 1089 436 hi
1106 403 1238 446 dones,
1260 408 1298 439 et
1318 405 1429 440 dives
1451 417 1535 441 sum
1556 408 1662 450 satis
1680 419 1752 444 nec
1768 410 1874 445 Aliud

1048 455 1261 500 quidquam
1284 457 1385 492 ultra
1409 468 1542 502 posco.

1177 577 1320 620 Oratio
1347 580 1398 620 ad
1425 581 1470 621 B.
1498 582 1671 622 Mariam
1696 583 1743 623 V.

1305 647 1410 678 Indulg.
1429 648 1476 672 100
1492 649 1608 674 lierum

1236 686 1292 713 [co
1308 688 1362 713 ΡΙ)
1379 688 1456 714 XIII
1473 690 1513 714 ’.Μο
1531 690 1569 714 D
1565 697 1594 715 e
1611 690 1685 715 1381

1048 737 1095 812 O
1120 730 1256 776 Maria,
1279 733 1400 777 Virgo
1422 739 1459 769 et
1474 735 1596 770 Mater
1616 737 1871 781 sanctissima,

1145 791 1232 816 ecce
1250 783 1404 827 suscepi
1425 784 1716 820 dilectissimum
1733 787 1872 822 Fssium

1044 831 1161 872 tuum,
1181 841 1294 875 quem
1310 833 1556 869 immaculato
1575 837 1684 871 utero
1700 841 1766 872 tuo
1784 848 1872 873 eon-

1046 881 1192 936 cepisti,
1215 883 1392 927 genuisti,
1411 884 1574 927 lactasti,
1593 889 1706 929 atque
1725 888 1872 922 suavis-

1046 928 1154 964 simis
1165 932 1408 975 amplexibus
1419 934 1617 969 strinxisti.
1638 935 1748 979 Ecce,
1762 937 1870 980 cujus

1045 981 1204 1023 aspectu
1224 981 1437 1027 laetabaris,
1462 988 1499 1019 et
1519 985 1697 1020 Omnibus
1721 986 1870 1021 deliciis

1044 1030 1275 1074 replebaris,
1300 1032 1409 1067 illum
1433 1034 1562 1078 ipsum
1585 1035 1656 1069 tibi
1677 1035 1871 1071 humiliter

1044 1083 1082 1114 et
1111 1082 1283 1116 amanter
1308 1085 1559 1129 repraesento,
1589 1089 1626 1120 et
1652 1085 1771 1122 offero
1793 1087 1869 1122 tuis

1042 1129 1214 1165 brachiis
1255 1133 1611 1179 constringendum,
1649 1139 1715 1171 tuo
1753 1137 1869 1172 corde

1044 1181 1250 1216 amandum
1273 1184 1606 1229 sanctissimaeque
1627 1186 1807 1221 Trinitati
1830 1187 1869 1222 in

1043 1232 1263 1274 supremum
1282 1233 1405 1268 latriae
1422 1235 1565 1269 cultum
1580 1246 1652 1280 pro
1672 1236 1728 1270 tui
1744 1237 1868 1280 ipsius

1042 1279 1189 1316 honore
1214 1286 1251 1317 et
1273 1283 1414 1327 g16ria,
1439 1288 1476 1319 et
1498 1295 1570 1328 pro
1593 1286 1704 1329 meis,
1733 1286 1868 1321 totius-

1043 1340 1116 1374 que
1139 1332 1273 1367 mundi
1295 1334 1592 1370 necessitatibus
1622 1335 1867 1371 offerendum.

1041 1379 1152 1425 Rogo
1170 1392 1262 1426 ergo
1278 1387 1331 1427 te,
1354 1384 1530 1428 piissima
1546 1384 1682 1428 Mater,
1706 1386 1867 1430 impetra

1041 1431 1137 1465 mihi
1152 1433 1305 1468 veniam
1321 1434 1491 1469 omnium
1506 1436 1751 1478 peccatorum
1767 1437 1867 1471 meo-

1040 1491 1139 1525 rum,
1163 1483 1395 1528 uberemque
1412 1484 1575 1527 gratiam
1591 1485 1669 1529 ipsi
1685 1485 1866 1530 deinceps

1040 1530 1193 1566 fidelius
1218 1533 1423 1578 serviendi,
1447 1545 1492 1569 ac
1516 1535 1681 1579 denique
1705 1536 1867 1579 gratiam

1039 1580 1207 1626 finalem,
1230 1587 1273 1617 ut
1295 1593 1382 1618 eum
1396 1588 1523 1619 tecum
1541 1585 1701 1620 laudare
1717 1586 1867 1629 possim

1039 1640 1109 1673 per
1125 1631 1254 1666 Omnia
1270 1633 1414 1668 saecula
1433 1635 1672 1669 saeculorum.
1697 1635 1831 1670 Amen.

1207 1751 1351 1792 Oratio
1379 1752 1430 1792 ad
1460 1752 1501 1792 S.
1529 1753 1557 1792 J
1559 1752 1697 1805 oseph.

1297 1815 1402 1847 Induig.
1425 1815 1474 1840 100
1493 1815 1608 1840 dierum.

1266 1855 1333 1880 Pius
1353 1856 1401 1881 IX.
1420 1856 1444 1881 4.
1464 1855 1544 1881 Febr*
1565 1856 1638 1881 1877.

1037 1905 1260 1985 Virginum
1278 1906 1435 1949 Custos,
1460 1910 1497 1941 et
1512 1906 1627 1941 Pater
1649 1910 1780 1941 sancte
1796 1906 1820 1940 J
1823 1917 1861 1941 o-

1122 1955 1229 1999 seph,
1246 1955 1354 1999 cujus
1370 1955 1475 1990 fideli
1495 1955 1682 1990 custodiae
1698 1956 1785 2000 ipsa
1800 1956 1859 1990 In-

1035 2005 1214 2040 nocentia
1237 2004 1415 2040 Christus
1437 2005 1553 2040 Jesus
1578 2009 1615 2040 et
1634 2005 1755 2049 Virgo
1776 2006 1860 2040 Vir-

1035 2055 1167 2098 ginum
1189 2055 1310 2089 Maria
1334 2055 1538 2090 commissa
1561 2055 1647 2090 fuit:
1683 2055 1754 2099 Te,
1789 2066 1860 2099 per

1034 2105 1110 2139 hoc
1136 2106 1340 2148 utrumque
1365 2104 1605 2139 carissimum
1631 2105 1773 2148 pignus
1795 2105 1858 2140 Je—

1035 2163 1120 2188 sum
1152 2157 1189 2188 et
1219 2153 1379 2195 Mariam
1412 2154 1574 2189 obsecro
1607 2158 1644 2189 et
1676 2154 1857 2197 obtestor,

1033 2206 1076 2237 ut
1097 2213 1157 2237 me
1182 2203 1230 2237 ab
1256 2203 1360 2237 omni
1383 2203 1623 2238 immunditia
1645 2206 1857 2247 praeserva-

1033 2257 1124 2295 tum,
1141 2256 1266 2287 mente
1283 2252 1594 2294 incontaminata,
1614 2263 1712 2296 puro
1730 2253 1856 2296 corde,

1034 2306 1071 2337 et
1087 2306 1194 2337 casto
1213 2303 1373 2345 corpore
1389 2302 1414 2336 J
1416 2312 1485 2337 esu
1506 2306 1542 2337 et
1557 2302 1689 2337 Mariae
1705 2313 1858 2347 semper

1033 2352 1153 2386 facias
1171 2351 1384 2386 castissime
1400 2352 1587 2386 famulari.
1619 2352 1754 2387 Amen.
