2040 2944
814 189 959 223 Psalmi
983 191 1208 226 Graduales.

1779 190 1870 235 [177]

426 279 624 320 Psalmus
645 282 729 321 123.

162 327 310 434 Nisi
343 333 445 385 quia
470 334 686 377 Dominus
718 342 811 379 erat
845 337 890 377 in
915 351 990 380 no-

278 387 362 438 bis,
389 389 507 431 dicat
534 404 649 432 nunc
675 393 830 433 Israel:
857 394 881 421 *
908 394 992 434 nisi

163 442 265 494 quia
282 444 498 486 Dominus
518 451 612 487 erat
629 447 674 487 in
692 448 831 498 nobis,

214 499 325 540 Cum
339 504 625 552 exsurgerent
634 503 833 545 homines
843 504 887 545 in
897 517 990 555 nos,

161 553 186 580 *
204 554 318 597 forte
337 556 462 598 vivos
482 556 771 609 deglutissent
789 572 886 601 nos:

193 616 195 618 '
214 611 324 652 Cum
347 612 610 655 irasceretur
631 614 752 656 furor
775 617 930 657 eorum
946 616 990 656 in

160 679 261 717 nos,
284 667 308 694 *
335 668 518 711 forsitan
546 683 661 722 aqua
689 671 991 714 absorbuisset

161 735 253 763 nos.

212 779 473 822 Torrentem
519 783 802 834 pertransivit
846 783 991 825 anima

161 839 327 876 nostra:
349 837 373 863 *
397 836 582 879 forsitan
607 841 919 890 pertransisset
947 842 989 881 a·

161 891 277 932 nima
299 896 451 934 nostra
473 906 633 946 aquam
655 895 989 937 intolerabilem.

212 947 481 990 Benedictus
505 950 720 992 Dominus
747 951 770 977 *
799 952 874 1003 qui
901 965 990 993 non

162 1000 284 1045 dedit
310 1017 409 1054 nos,
436 1005 481 1046 in
509 1007 758 1059 captionem
785 1007 989 1050 dentibus

162 1060 324 1101 eorum.

212 1115 372 1157 Anima
398 1121 550 1159 nostra
580 1118 692 1161 sicut
717 1132 872 1172 passer
900 1121 988 1161 ere-

160 1174 238 1222 pta
257 1176 325 1212 est
342 1174 366 1199 *
386 1172 441 1214 (16
460 1173 621 1225 laqueo
640 1176 907 1217 venantium:

210 1225 417 1279 Laqueus
445 1232 659 1271 contritus
687 1236 770 1282 est,
788 1233 813 1258 *
837 1236 882 1273 61
907 1245 989 1273 1108

158 1280 335 1325 liberati
353 1296 514 1326 sumus.

211 1337 492 1391 Adjutorium
517 1346 716 1384 nostrum
741 1343 786 1384 in
813 1343 989 1385 nomine

158 1393 350 1447 Domini,
374 1397 399 1424 *
425 1396 500 1449 qui
524 1397 628 1440 fecit
652 1399 814 1440 coelum
837 1404 882 1441 et
905 1404 988 1442 ter-

158 1461 263 1491 ram.

211 1507 429 1559 Requiem
465 1510 675 1552 aeternam
711 1511 735 1537 *
772 1511 889 1553 dona
926 1512 988 1553 eis

158 1562 358 1605 Domine.

209 1618 267 1660 Et
284 1618 360 1660 lux
377 1622 593 1673 perpetua
611 1623 636 1649 *
654 1622 800 1664 luceat
819 1623 892 1664 eis.

213 1679 363 1715 Deinde
388 1682 529 1717 dicitur
550 1682 663 1716 flexis
687 1682 866 1725 genibus:

217 1731 344 1774 Pater
362 1738 525 1776 noster.
545 1739 727 1775 secreto.

213 1781 265 1833 V.
294 1788 353 1830 Et
381 1802 436 1831 ne
466 1803 549 1831 nos
574 1790 758 1831 inducas
781 1790 825 1830 in
851 1794 987 1832 tenta—

159 1843 335 1885 tionem.
369 1846 420 1898 R.
440 1845 528 1887 Sed
551 1846 690 1887 hbera
711 1858 792 1886 nos
816 1858 842 1886 a
859 1846 987 1887 malo.

213 1896 265 1949 V.
295 1900 337 1941 A
360 1906 490 1952 porta
512 1902 648 1943 inferi.
686 1903 736 1954 Rz.
757 1902 874 1943 Erue
896 1902 984 1942 Do-

159 1954 275 1996 mine
294 1956 460 1997 animas
480 1959 644 1998 eorum.

213 2007 265 2060 V.
277 2011 574 2064 Requieseant
584 2013 628 2053 in
637 2025 759 2065 pace.
774 2014 825 2065 R.
834 2013 987 2054 Amen.

214 2065 266 2117 V.
306 2067 495 2109 Domine
540 2069 699 2110 exaudi
744 2069 988 2110 orationem

159 2134 314 2162 meam.
357 2124 408 2175 R.
431 2124 488 2165 Et
515 2124 682 2166 clamor
707 2137 831 2166 meus
859 2124 917 2165 ad
944 2129 987 2165 te

159 2177 315 2219 veniat.

167 2285 172 2289 ι
215 2230 267 2283 V.
303 2234 519 2276 Dominus
553 2235 792 2278 vobiscum.
846 2236 898 2286 Rz.
930 2236 987 2276 Et

160 2300 260 2330 cum
283 2291 440 2343 spiritu
458 2296 546 2333 tuo.

293 2347 487 2388 Oremus.
699 2346 862 2387 Oratio.

237 2400 402 2452 bsolve‚
423 2405 674 2455 quaesumus
690 2403 889 2454 Domine,
909 2405 988 2445 ani·

263 2470 358 2498 mas
402 2458 665 2499 famulorum
709 2459 986 2500 famularum-

163 2524 247 2563 que
278 2515 467 2564 tuarum‚
501 2518 545 2555 et
574 2515 767 2555 omnium
792 2513 987 2555 fidelium

162 2565 484 2619 defunctorum,
509 2569 564 2611 ab
585 2570 701 2610 omni
719 2569 894 2610 vinculo
915 2568 986 2611 de·
1010 2584 1014 2588 ·

160 2621 377 2664 lictorum:
405 2629 454 2666 ut
475 2625 519 2665 in
542 2625 872 2666 resurrectionis
895 2625 985 2674 glo-

160 2677 226 2719 ria
255 2678 368 2721 inter
399 2685 577 2722 sanctos
608 2685 652 2722 et
690 2680 854 2722 electos
885 2685 986 2721 tuos

315 2818 378 2842 Pars
394 2818 565 2843 Autumnalls.

1041 284 1288 326 resuscitati
1302 286 1530 336 respirent.
1551 285 1635 326 Per
1650 285 1870 328 Christum

1041 339 1278 380 Dominum
1298 345 1507 381 nostrum.

1095 399 1147 450 R.
1172 395 1324 436 Amen.

1097 467 1192 501 Post
1210 468 1430 501 Orationem
1455 468 1584 502 statim
1607 469 1786 503 dicuntur
1802 471 1868 504 alii

1042 514 1188 548 Psalmi
1206 515 1421 548 (iraduales
1446 516 1511 557 qui
1529 523 1753 559 sequuntur;
1778 522 1813 551 et
1830 518 1869 551 in

1042 562 1116 596 fine
1150 563 1355 604 cujuslibet
1381 562 1526 597 Psalmi
1567 565 1706 598 dicitur
1737 564 1871 599 Gloria

1040 607 1157 643 Patri.

1301 652 1501 694 Psalmus
1523 655 1611 694 124.

1050 712 1214 780 {an
1233 712 1460 754 confidunt
1478 713 1522 753 in
1536 713 1738 763 Domino,
1758 714 1870 756 sicut

1045 787 1059 823 „X
1077 763 1143 818 Ψ,
1161 778 1165 821 3
1186 781 1313 809 mons
1332 769 1452 810 Sion:
1470 770 1494 796 *
1514 782 1601 810 non
1622 772 1868 811 commove-

1054 820 1126 849 ·2-'32
1144 818 1165 848 ‘²⁴³
1187 823 1306 865 bitur
1331 824 1375 864 in
1402 827 1628 874 aeternum,
1658 825 1731 876 qui
1749 825 1868 867 habi-

1041 881 1106 919 tat
1124 878 1168 918 in
1186 879 1442 921 Jerusalem.

1092 934 1266 976 Montes
1285 935 1329 975 in
1349 936 1533 977 circuitu
1554 937 1660 988 ejus:
1678 938 1702 963 *
1722 942 1766 978 et
1782 937 1870 978 Do-

1041 989 1183 1030 minus
1217 991 1261 1031 in
1295 992 1479 1034 circuitu
1509 992 1664 1044 populi
1695 993 1778 1043 sui,
1815 1005 1870 1034 ex

1040 1045 1126 1087 hoc
1144 1059 1259 1088 nunc
1279 1052 1322 1088 et
1339 1061 1480 1100 usque
1498 1048 1542 1088 in
1563 1048 1784 1090 saeculum.

1095 1103 1208 1152 Quia
1222 1115 1309 1143 non
1323 1103 1542 1155 relinquet
1556 1104 1771 1144 Dominus
1786 1103 1867 1144 vir-

1042 1170 1143 1208 gam
1165 1161 1448 1210 peccatorum
1471 1172 1604 1211 super
1627 1164 1792 1200 sortem
1810 1160 1868 1211 ju-

1042 1216 1226 1255 storum:
1255 1215 1278 1240 *
1305 1220 1353 1256 ut
1379 1228 1467 1256 11011
1499 1215 1737 1257 extendant
1768 1215 1870 1267 justi

1041 1269 1099 1310 ad
1116 1269 1391 1322 iniquitatem
1408 1284 1562 1312 manus
1581 1284 1694 1312 suas.

1093 1325 1284 1367 Benefac
1311 1327 1499 1369 Domine
1526 1327 1671 1376 bonis,
1690 1329 1714 1354 *
1735 1331 1779 1368 et
1805 1339 1869 1368 re-

1041 1381 1123 1422 ctis
1143 1382 1288 1424 corde.

1092 1437 1375 1479 Declinantes
1403 1443 1551 1480 autem
1577 1439 1621 1479 in
1643 1438 1869 1490 obligatio-

1040 1505 1119 1533 nes
1156 1493 1348 1535 adducet
1381 1495 1596 1536 Dominus
1634 1508 1733 1536 cum
1766 1508 1868 1547 ope-

1039 1548 1237 1590 rantibus
1264 1550 1552 1602 iniquitatem:
1575 1551 1598 1577 *
1621 1563 1708 1602 pax
1736 1563 1870 1603 super

1039 1603 1188 1644 Israel.

1093 1659 1247 1700 Gloria
1265 1660 1397 1702 Patri.

1307 1721 1506 1761 Psalmus
1525 1722 1611 1761 125.

1044 1780 1115 1884 In
1138 1791 1434 1833 convertendo
1453 1792 1668 1834 Dominus
1688 1793 1866 1845 captivi-

1105 1849 1242 1888 tatem
1267 1847 1387 1888 Sion:
1406 1849 1429 1874 *
1448 1847 1552 1889 facti
1578 1861 1728 1890 sumus
1754 1849 1867 1890 sicut

1041 1903 1272 1944 consolati:

1093 1959 1218 1999 Tunc
1236 1958 1452 2010 repletum
1467 1963 1535 2000 est
1549 1959 1709 2010 gaudio
1726 1972 1777 2001 os
1791 1972 1865 2001 no-

1041 2019 1193 2055 strum:
1211 2015 1235 2040 *
1263 2019 1307 2055 61
1332 2014 1479 2065 lingua
1504 2020 1655 2057 nostra
1681 2015 1865 2056 exsulta-

1040 2069 1170 2111 tione.

1092 2126 1217 2166 Tunc
1237 2124 1384 2166 dicent
1402 2125 1515 2167 inter
1534 2126 1716 2167 Gentes:
1733 2126 1758 2152 *
1777 2126 1865 2167 Ma-

1040 2181 1263 2231 gnificavit
1306 2181 1521 2222 Dominus
1574 2181 1720 2223 facere
1767 2194 1866 2222 cum

1041 2249 1113 2277 618.

1091 2291 1389 2343 Magnificavit
1403 2291 1616 2333 Dominus
1631 2292 1776 2334 facere
1791 2305 1864 2334 110-

1039 2348 1224 2389 biscum:
1243 2348 1266 2373 *
1285 2347 1389 2388 facti
1408 2360 1557 2388 sumus
1575 2347 1788 2389 laetantes.

1093 2404 1308 2444 Converte
1341 2403 1530 2444 Domine
1565 2402 1864 2455 captivitatem

1039 2464 1244 2507 nostram,
1264 2458 1288 2484 *
1307 2459 1419 2500 sicut
1437 2463 1609 2500 torrens
1627 2459 1671 2498 in
1687 2458 1863 2500 Austro.

1092 2515 1174 2564 Qui
1191 2514 1404 2555 seminant
1419 2513 1463 2554 in
1481 2514 1682 2564 lacrimis,
1695 2515 1719 2542 *
1734 2515 1778 2554 111
1793 2526 1863 2555 ex-

1040 2570 1272 2611 sultatione
1291 2574 1467 2610 metent.

1092 2626 1257 2666 Euntes
1273 2624 1395 2666 ibant
1409 2629 1453 2666 et
1467 2625 1640 2676 flebant,
1655 2626 1679 2652 *
1691 2623 1860 2665 mitten-

1039 2685 1106 2722 tes
1126 2680 1290 2721 semina
1309 2693 1397 2721 sua.

1599 2806 1635 2837 M
