2040 2944
640 203 845 237 Dominica
868 204 954 238 XII.
979 210 1069 248 post
1093 205 1356 241 Pentecosten.

141 301 212 338 tus
229 299 427 339 vocatur.
462 297 639 349 Digitos
664 310 768 349 ergo
790 299 835 340 in
860 300 969 340 auri-

106 406 109 409 ·
141 353 262 395 culas
287 355 479 403 mittere,
508 358 575 396 est
597 367 680 407 per
705 354 822 396 dona
840 355 970 408 Spiri-

139 413 211 450 tus
242 410 383 451 sancti
411 414 604 452 mentem
631 409 753 452 surdi
781 410 839 452 ad
868 411 969 453 obe-

140 464 348 507 diendum
367 468 548 518 aperire.

425 525 577 566 Lectio
595 526 680 566 viii.

223 575 300 618 uid
332 583 400 619 est
430 590 555 627 vero,
597 576 718 629 quod
750 579 969 630 exspuens

242 632 436 683 linguam
479 634 571 685 eius
613 633 779 684 tetigit?
825 634 970 676 Saliva

139 689 268 731 nobis
315 694 383 731 est
427 703 482 731 ex
523 702 601 731 ore
643 689 969 743 Redemptoris‚

138 747 323 799 accepta
358 746 573 799 sapientia
594 746 657 786 'in
693 746 870 798 eloquio
908 746 968 788 di-

137 803 253 844 vino.
292 802 439 844 Saliva
468 802 633 854 quippe
657 814 712 843 ex
732 803 876 855 capite
896 803 967 844 de-

138 858 234 900 fluit
267 859 313 900 in
350 871 438 900 ore.
495 858 562 900 Ea
597 870 703 910 ergo
742 859 967 911 sapientia,

139 927 238 966 quae
265 915 362 968 ipse
391 919 474 964 est,
509 915 614 956 dum
642 915 789 966 lingua
817 920 969 956 nostra

135 971 343 1021 tangitur,
387 984 492 1012 mox
537 971 595 1012 ad
639 971 967 1023 praedicationis

135 1026 271 1068 verba
291 1026 514 1068 formatur.
552 1027 636 1077 Qui
661 1027 904 1079 suspiciens
923 1028 967 1068 in

136 1082 314 1133 coelum,
347 1083 574 1134 ingemuit:
605 1095 694 1124 non
723 1084 844 1135 quod
871 1084 967 1136 ipse

135 1139 434 1180 necessarium
452 1139 663 1190 gemitum
679 1140 872 1189 haberet,
893 1141 968 1192 qui

137 1194 271 1237 dabat
309 1195 430 1247 quod
465 1195 735 1248 postulabat:
775 1196 854 1237 sed
885 1209 966 1237 nos

136 1250 193 1292 ad
221 1263 321 1292 eum
347 1253 557 1302 gemere,.
576 1252 652 1304 qui
677 1252 792 1294 coelo
817 1252 965 1304 praesi-

136 1305 222 1357 det,
241 1307 406 1349 decuit:
426 1313 475 1349 ut
494 1312 538 1349 et
557 1320 684 1349 aures
704 1313 867 1358 nostrae
886 1321 967 1361 per

135 1361 300 1404 donum
327 1364 514 1416 Spiritus
543 1364 682 1406 sancti
709 1365 885 1416 aperiri,
923 1369 967 1406 et

133 1418 280 1470 lingua
299 1432 380 1471 per
398 1420 581 1461 salivam
601 1421 702 1470 oris,
723 1420 770 1461 id
790 1425 867 1468 est,
886 1433 966 1473 per

135 1475 362 1516 scientiam
389 1475 549 1518 divinae
576 1476 826 1526 locutionis,
854 1477 967 1518 solvi

136 1530 296 1574 debeat
317 1532 375 1575 ad
392 1532 528 1575 verba
546 1532 887 1586 praedicationis.

438 1590 591 1631 Lectio
613 1590 667 1630 ix.

210 1645 255 1685 ui
273 1657 389 1695 mox,
409 1644 687 1697 Ephphetha,
706 1644 753 1686 id
773 1650 855 1695 est,
875 1645 964 1686 Ad-

226 1703 398 1753 aperire
418 1700 593 1744 dicitur:
612 1705 657 1742 et
675 1701 824 1743 statim
842 1703 964 1754 aper-

131 1760 191 1797 tae
211 1761 312 1798 sunt
332 1769 461 1798 aures
482 1758 588 1810 ejus,
615 1762 659 1799 et
682 1757 875 1798 solutum
899 1762 966 1798 est

133 1812 355 1853 vinculum
381 1812 543 1864 linguae
571 1813 674 1864 ejus.
723 1813 820 1862 Qua
846 1813 890 1853 in
917 1825 965 1854 re

131 1867 376 1909 notandum
400 1874 485 1918 est,
514 1869 617 1921 quia
639 1874 825 1922 propter
851 1869 964 1910 clau-

133 1935 204 1964 sas
238 1936 366 1966 aures
398 1923 566 1966 dictum
598 1929 680 1974 est,
724 1924 964 1976 adaperire.

132 1978 221 2020 Sed
250 1980 320 2021 cui
346 1994 474 2022 aures
503 1981 650 2023 cordis
674 1980 732 2022 ad
759 1980 963 2022 obedien-

133 2034 239 2077 dum
283 2039 450 2089 apertae
495 2037 674 2087 fuerint,
721 2050 775 2078 ex
815 2036 963 2078 subse-

136 2092 286 2143 quenti
308 2092 466 2144 procul
492 2092 628 2135 dubio
654 2093 786 2134 etiam
802 2092 964 2144 linguae

134 2148 225 2198 ejus
256 2149 478 2190 vinculum
516 2149 716 2191 solvitur:
762 2154 810 2190 ut
847 2149 965 2190 bona
1020 2181 1054 2209 t·

135 2216 234 2255 quae
265 2203 362 2257 ipse
394 2205 564 2254 fecerit,
586 2205 734 2246 etiam
765 2203 965 2246 facienda
1020 2202 1137 2260 ’ϊτίὲτ--Ϊῖξζς

134 2258 230 2300 aliis
257 2259 476 2312 loquatur.
517 2260 604 2303 Ubi
629 2261 743 2303 bene
773 2260 965 2302 additur:

133 2315 190 2356 Et
208 2314 474 2367 loquebatur
492 2322 623 2358 recte.
656 2316 737 2358 Ille
762 2317 878 2358 enim
900 2329 964 2357 re-

134 2375 204 2412 cte
227 2370 439 2423 loquitur,
469 2373 543 2424 qui
565 2373 688 2425 prius
713 2371 963 2413 obediendo

134 2425 304 2476 fecerit,
350 2441 449 2480 quae
493 2428 717 2481 loquendo
755 2427 965 2469 admonet

135 2494 232 2523 esse
250 2482 460 2525 facienda.

188 2540 251 2580 Te
269 2538 414 2580 Deum
431 2539 672 2582 laudamus.
690 2540 751 2580 14.

189 2594 262 2636 Ad
280 2595 443 2638 Bened.
474 2598 575 2639 Ant
607 2598 717 2639 Cum
734 2595 963 2636 transisset

135 2649 349 2691 Dominus
366 2651 391 2676 *
410 2651 520 2692 fines
538 2651 660 2703 Tyri,
684 2649 841 2691 surdos
860 2649 964 2690 fecit

135 2703 297 2755 audire,
319 2709 363 2746 et
380 2711 527 2748 mutos
546 2706 678 2758 loqui.

1076 298 1127 347 V.
1159 300 1374 342 Dominus
1402 302 1616 353 regnavit,
1644 301 1850 344 decorem

1022 355 1174 397 induit.
1234 359 1285 409 R.
1314 357 1462 399 Induit
1488 358 1703 399 Dominus
1731 359 1849 400 forti-

1022 410 1231 462 tudinem,
1255 418 1298 454 et
1316 415 1548 466 praecinxit
1566 427 1613 455 se
1632 414 1804 456 virtute.

1076 471 1147 511 Ad
1182 473 1353 524 Magnif.
1401 476 1499 515 Ant.
1552 477 1671 516 Bene
1705 476 1850 516 omnia

1022 526 1140 576 fecit,
1167 529 1192 554 *
1220 533 1264 569 θῖ
1291 528 1450 570 surdos
1476 530 1579 571 fecit
1607 529 1773 580 audire,
1806 537 1850 573 et

1022 588 1168 624 mutos
1187 583 1320 635 loqui.

1074 638 1124 688 Y.
1140 643 1366 694 Dirigatur
1381 645 1566 686 Domine
1583 646 1724 687 oratio
1739 660 1847 688 mea.

1023 701 1073 752 R.
1109 699 1231 741 Sicut
1268 701 1496 741 incensum
1528 702 1571 741 in
1608 705 1848 756 conspectu

1020 759 1110 795 tuo.

1279 824 1590 853 -μ-ω--Ῑᾲ

1227 888 1641 939 DominjcaXII.

1128 953 1270 999 post
1311 949 1740 991 Pentecosten.

1360 1020 1522 1060 Oratio.

1105 1080 1354 1130 mnipotens
1379 1084 1423 1120 et
1444 1079 1693 1120 misericors
1716 1080 1847 1130 Deus,

1120 1133 1175 1174 de
1196 1135 1316 1185 cujus
1339 1138 1518 1176 munere
1537 1136 1672 1185 venit,
1698 1142 1745 1176 ut
1767 1136 1847 1178 tibi

1020 1202 1045 1230 a
1071 1189 1274 1231 fidelibus
1298 1190 1384 1231 tuis
1408 1190 1537 1240 digne
1562 1196 1605 1232 et
1622 1191 1846 1233 laudabili-

1019 1250 1086 1286 ter
1101 1247 1329 1287 serviatur:
1349 1246 1491 1287 tribue
1509 1250 1757 1299 quaesumus
1772 1261 1846 1289 no-

1018 1301 1104 1351 bis3
1134 1307 1182 1343 ut
1206 1302 1264 1343 ad
1289 1303 1605 1355 promissiones
1631 1308 1729 1344 tuas
1755 1304 1846 1345 sine

1020 1357 1261 1399 offensione
1281 1360 1517 1399 curramus.
1545 1360 1628 1400 Per
1647 1360 1774 1399 Dfim.

1020 1436 1174 1476 Lectio
1200 1436 1341 1476 sancti
1359 1435 1587 1486 Evangelii
1607 1435 1847 1476 secundum

1345 1492 1522 1534 Lucam.

1124 1555 1276 1597 Lectio
1298 1556 1365 1597 vii.
1449 1602 1451 1605 ¹
1501 1557 1601 1607 Cap.
1622 1558 1685 1596 10.
1707 1555 1744 1596 d.

1017 1612 1094 1717 In
1122 1617 1198 1657 illo
1227 1619 1446 1670 tempore:
1478 1618 1599 1658 Dixit
1627 1618 1652 1657 J
1655 1630 1754 1658 esus
1784 1618 1844 1659 di-

1092 1673 1272 1725 scipulis
1305 1674 1408 1714 suis:
1446 1674 1575 1714 Beati
1608 1674 1738 1723 oculi,
1773 1675 1846 1725 qui

1018 1727 1169 1770 vident
1190 1741 1287 1780 quae
1303 1742 1384 1770 vos
1401 1729 1569 1770 videtis.
1598 1729 1710 1771 Dico
1731 1730 1845 1770 enim

1018 1784 1160 1833 vobis,
1188 1783 1308 1835 quod
1327 1785 1451 1825 multi
1469 1784 1699 1837 prophetae
1720 1790 1762 1826 et
1781 1798 1843 1826 re—

1017 1852 1095 1890 ges
1121 1840 1353 1881 voluerunt
1378 1840 1527 1881 videre
1555 1853 1653 1891 quae
1680 1854 1759 1881 vos
1785 1841 1843 1880 vi-

1019 1895 1147 1946 detis,
1168 1901 1212 1937 et
1234 1908 1321 1936 non
1341 1896 1552 1938 viderunt.
1587 1896 1643 1938 Et
1667 1896 1843 1948 reliqua.

1114 1972 1302 2015 Homilia
1330 1972 1590 2014 venerabilis
1618 1972 1753 2013 Bedae

1302 2028 1563 2080 Presbyteri.

1114 2093 1230 2127 Liber
1252 2093 1282 2127 3.
1309 2103 1391 2135 cap.
1414 2093 1465 2126 43.
1491 2093 1530 2126 in
1554 2092 1668 2126 Lucae
1693 2092 1749 2125 10.

1067 2161 1206 2210 flssivsslffll
1230 2149 1345 2189 oculi
1370 2148 1610 2190 scribarum
1635 2153 1678 2189 et
1700 2148 1842 2200 phari-

1140 2201 1142 2251 !
1164 2206 1370 2253 saeorum,
1399 2204 1472 2255 qui
1496 2217 1655 2256 corpus
1673 2209 1842 2244 tantum

1023 2259 1029 2262 ”
1133 2254 1141 2285 -l
1164 2260 1342 2301 Domini
1360 2260 1524 2309 videre3
1550 2258 1628 2300 sed
1645 2259 1707 2300 illi
1725 2259 1843 2300 beati

1018 2315 1144 2364 oculi,
1167 2316 1240 2367 qui
1261 2316 1350 2366 ejus
1370 2320 1556 2367 possunt
1575 2317 1842 2366 cognoscere

1016 2372 1304 2419 sacramenta,
1330 2370 1385 2411 de
1409 2370 1566 2421 quibus
1586 2370 1760 2411 dicitur:
1786 2371 1842 2411 Et

1016 2425 1221 2467 revelasti
1249 2438 1301 2466 ea
1326 2426 1532 2478 parvulis.
1572 2426 1700 2467 Beati
1728 2426 1841 2467 oculi

1015 2481 1314 2534 parvulorum,
1355 2481 1512 2532 quibus
1546 2486 1590 2523 et
1618 2494 1665 2522 se
1694 2486 1737 2522 et
1763 2482 1840 2521 Pa-

1016 2542 1129 2578 trem
1143 2536 1279 2577 Filius
1299 2536 1495 2578 revelare
1514 2536 1725 2588 dignatur.
1753 2536 1839 2576 Ab·

1016 2592 1166 2633 raham
1195 2592 1429 2633 exsultavit
1455 2597 1504 2633 ut
1529 2593 1698 2634 videret
1725 2591 1839 2632 diem

1017 2647 1193 2689 Christi:
1231 2651 1275 2687 et
1306 2647 1431 2696 vidit,
1470 2653 1515 2689 et
1549 2650 1723 2698 gavisus
1762 2650 1839 2686 est.

1015 2704 1152 2744 Isaias
1168 2714 1354 2754 quoque,
1369 2708 1414 2744 et
1426 2701 1643 2751 Michaeas,
1658 2707 1701 2743 et
1714 2701 1839 2741 multi
