<?xml version="1.0" encoding="UTF-8"?>
<!DOCTYPE html PUBLIC "-//W3C//DTD XHTML 1.0 Transitional//EN"
    "http://www.w3.org/TR/xhtml1/DTD/xhtml1-transitional.dtd">
<html xmlns="http://www.w3.org/1999/xhtml" xml:lang="en" lang="en">
 <head>
  <title>
</title>
<meta http-equiv="Content-Type" content="text/html;charset=utf-8" />
  <meta name='ocr-system' content='tesseract 3.04.00' />
  <meta name='ocr-capabilities' content='ocr_page ocr_carea ocr_par ocr_line ocrx_word'/>
</head>
<body>
  <div class='ocr_page' id='page_1' title='image "./p4breviariumroma00cathuoft_0377.png"; bbox 0 0 2040 2944; ppageno 0'>
   <div class='ocr_carea' id='block_1_1' title="bbox 586 151 1422 206">
    <p class='ocr_par' dir='ltr' id='par_1_1' title="bbox 586 151 1422 206">
     <span class='ocr_line' id='line_1_1' title="bbox 586 151 1422 206; baseline 0.001 -1"><span class='ocrx_word' id='word_1_1' title='bbox 586 172 694 205; x_wconf 78' lang='lat' dir='ltr'>nom.</span> <span class='ocrx_word' id='word_1_2' title='bbox 720 171 745 205; x_wconf 88' lang='lat'>1.</span> <span class='ocrx_word' id='word_1_3' title='bbox 773 151 851 205; x_wconf 78' lang='lat' dir='ltr'>oet.</span> <span class='ocrx_word' id='word_1_4' title='bbox 899 171 955 205; x_wconf 80' lang='lat' dir='ltr'>Ss.</span> <span class='ocrx_word' id='word_1_5' title='bbox 981 171 1136 205; x_wconf 72' lang='lat' dir='ltr'>Rosarii</span> <span class='ocrx_word' id='word_1_6' title='bbox 1160 173 1201 206; x_wconf 80' lang='grc' dir='ltr'>Β.</span> <span class='ocrx_word' id='word_1_7' title='bbox 1228 173 1359 206; x_wconf 54' lang='lat' dir='ltr'>Mau-120</span> <span class='ocrx_word' id='word_1_8' title='bbox 1383 173 1422 206; x_wconf 65' lang='lat' dir='ltr'>x:</span> 
     </span>
    </p>
   </div>
   <div class='ocr_carea' id='block_1_2' title="bbox 147 230 1871 298">
    <p class='ocr_par' dir='ltr' id='par_1_2' title="bbox 147 230 1871 298">
     <span class='ocr_line' id='line_1_2' title="bbox 147 230 1871 298; baseline 0 0"><span class='ocrx_word' id='word_1_9' title='bbox 147 230 1871 298; x_wconf 95' lang='lat' dir='ltr'>   </span> 
     </span>
    </p>
   </div>
   <div class='ocr_carea' id='block_1_3' title="bbox 150 270 985 943">
    <p class='ocr_par' dir='ltr' id='par_1_3' title="bbox 152 270 985 436">
     <span class='ocr_line' id='line_1_3' title="bbox 205 270 984 312; baseline -0.003 0"><span class='ocrx_word' id='word_1_10' title='bbox 205 271 380 312; x_wconf 87' lang='lat' dir='ltr'>Etenim</span> <span class='ocrx_word' id='word_1_11' title='bbox 423 270 614 312; x_wconf 87' lang='lat' dir='ltr'>correxit</span> <span class='ocrx_word' id='word_1_12' title='bbox 659 270 813 311; x_wconf 88' lang='lat' dir='ltr'>orbem</span> <span class='ocrx_word' id='word_1_13' title='bbox 853 274 984 311; x_wconf 87' lang='lat' dir='ltr'>terrae</span> 
     </span>
     <span class='ocr_line' id='line_1_4' title="bbox 155 325 985 380; baseline -0.001 -12"><span class='ocrx_word' id='word_1_14' title='bbox 155 327 228 380; x_wconf 81' lang='lat' dir='ltr'>qui</span> <span class='ocrx_word' id='word_1_15' title='bbox 246 340 334 369; x_wconf 93' lang='lat' dir='ltr'>non</span> <span class='ocrx_word' id='word_1_16' title='bbox 349 326 713 369; x_wconf 89' lang='lat' dir='ltr'>commovebitur:</span> <span class='ocrx_word' id='word_1_17' title='bbox 731 326 755 352; x_wconf 90' lang='grc'>*</span> <span class='ocrx_word' id='word_1_18' title='bbox 775 325 985 378; x_wconf 64' lang='lat' dir='ltr'>judicabit</span> 
     </span>
     <span class='ocr_line' id='line_1_5' title="bbox 152 383 646 436; baseline -0.002 -12"><span class='ocrx_word' id='word_1_19' title='bbox 152 383 344 436; x_wconf 82' lang='lat' dir='ltr'>populos</span> <span class='ocrx_word' id='word_1_20' title='bbox 363 383 407 424; x_wconf 93' lang='lat' dir='ltr'>in</span> <span class='ocrx_word' id='word_1_21' title='bbox 427 383 646 436; x_wconf 73' lang='lat' dir='ltr'>aequitate.</span> 
     </span>
    </p>

    <p class='ocr_par' dir='ltr' id='par_1_4' title="bbox 153 437 984 661">
     <span class='ocr_line' id='line_1_6' title="bbox 203 437 983 490; baseline -0.003 -10"><span class='ocrx_word' id='word_1_22' title='bbox 203 439 430 482; x_wconf 87' lang='lat' dir='ltr'>Laetentur</span> <span class='ocrx_word' id='word_1_23' title='bbox 450 439 565 490; x_wconf 84' lang='lat' dir='ltr'>coeli,</span> <span class='ocrx_word' id='word_1_24' title='bbox 585 443 629 481; x_wconf 86' lang='lat' dir='ltr'>et</span> <span class='ocrx_word' id='word_1_25' title='bbox 647 437 837 480; x_wconf 80' lang='lat' dir='ltr'>exsultet</span> <span class='ocrx_word' id='word_1_26' title='bbox 855 442 983 487; x_wconf 87' lang='lat' dir='ltr'>terra,</span> 
     </span>
     <span class='ocr_line' id='line_1_7' title="bbox 153 494 982 547; baseline -0.002 -10"><span class='ocrx_word' id='word_1_27' title='bbox 153 498 485 538; x_wconf 64' lang='lat' dir='ltr'>commoveatur</span> <span class='ocrx_word' id='word_1_28' title='bbox 511 508 648 545; x_wconf 85' lang='lat' dir='ltr'>mare,</span> <span class='ocrx_word' id='word_1_29' title='bbox 681 499 726 537; x_wconf 90' lang='lat' dir='ltr'>et</span> <span class='ocrx_word' id='word_1_30' title='bbox 752 494 982 547; x_wconf 80' lang='lat' dir='ltr'>plenitudo</span> 
     </span>
     <span class='ocr_line' id='line_1_8' title="bbox 154 550 984 604; baseline -0.002 -11"><span class='ocrx_word' id='word_1_31' title='bbox 154 552 258 604; x_wconf 84' lang='lat' dir='ltr'>ejus:</span> <span class='ocrx_word' id='word_1_32' title='bbox 277 553 301 579; x_wconf 90' lang='lat'>*</span> <span class='ocrx_word' id='word_1_33' title='bbox 320 552 574 604; x_wconf 85' lang='lat' dir='ltr'>gaudebunt</span> <span class='ocrx_word' id='word_1_34' title='bbox 593 551 752 604; x_wconf 85' lang='lat' dir='ltr'>campi,</span> <span class='ocrx_word' id='word_1_35' title='bbox 773 555 817 592; x_wconf 91' lang='lat' dir='ltr'>et</span> <span class='ocrx_word' id='word_1_36' title='bbox 837 550 984 592; x_wconf 81' lang='lat' dir='ltr'>omnia</span> 
     </span>
     <span class='ocr_line' id='line_1_9' title="bbox 154 609 529 661; baseline 0.003 -12"><span class='ocrx_word' id='word_1_37' title='bbox 154 621 253 661; x_wconf 88' lang='lat' dir='ltr'>quae</span> <span class='ocrx_word' id='word_1_38' title='bbox 272 609 317 650; x_wconf 91' lang='lat' dir='ltr'>in</span> <span class='ocrx_word' id='word_1_39' title='bbox 336 609 398 651; x_wconf 92' lang='lat' dir='ltr'>eis</span> <span class='ocrx_word' id='word_1_40' title='bbox 417 614 529 651; x_wconf 88' lang='lat' dir='ltr'>sunt.</span> 
     </span>
    </p>

    <p class='ocr_par' dir='ltr' id='par_1_5' title="bbox 153 663 983 830">
     <span class='ocr_line' id='line_1_10' title="bbox 205 663 983 714; baseline -0.004 -8"><span class='ocrx_word' id='word_1_41' title='bbox 205 665 330 707; x_wconf 91' lang='lat' dir='ltr'>Tunc</span> <span class='ocrx_word' id='word_1_42' title='bbox 366 665 648 707; x_wconf 71' lang='lat' dir='ltr'>exsultabunt</span> <span class='ocrx_word' id='word_1_43' title='bbox 685 664 832 706; x_wconf 77' lang='lat' dir='ltr'>emnia</span> <span class='ocrx_word' id='word_1_44' title='bbox 867 663 983 714; x_wconf 86' lang='lat' dir='ltr'>ligna</span> 
     </span>
     <span class='ocr_line' id='line_1_11' title="bbox 153 719 982 773; baseline -0.001 -12"><span class='ocrx_word' id='word_1_45' title='bbox 153 720 361 763; x_wconf 69' lang='lat' dir='ltr'>silvarum</span> <span class='ocrx_word' id='word_1_46' title='bbox 379 734 406 763; x_wconf 90' lang='lat' dir='ltr'>a</span> <span class='ocrx_word' id='word_1_47' title='bbox 423 721 535 763; x_wconf 64' lang='lat' dir='ltr'>facie</span> <span class='ocrx_word' id='word_1_48' title='bbox 553 721 656 771; x_wconf 78' lang='lat' dir='ltr'>Dffi,</span> <span class='ocrx_word' id='word_1_49' title='bbox 682 721 783 773; x_wconf 87' lang='lat' dir='ltr'>quia</span> <span class='ocrx_word' id='word_1_50' title='bbox 806 720 939 762; x_wconf 88' lang='lat' dir='ltr'>venit:</span> <span class='ocrx_word' id='word_1_51' title='bbox 958 719 982 745; x_wconf 84' lang='lat'>*</span> 
     </span>
     <span class='ocr_line' id='line_1_12' title="bbox 153 777 904 830; baseline -0.003 -12"><span class='ocrx_word' id='word_1_52' title='bbox 153 778 359 829; x_wconf 82' lang='lat' dir='ltr'>quoniam</span> <span class='ocrx_word' id='word_1_53' title='bbox 379 778 500 820; x_wconf 89' lang='lat' dir='ltr'>venit</span> <span class='ocrx_word' id='word_1_54' title='bbox 519 777 713 830; x_wconf 64' lang='lat' dir='ltr'>iudicare</span> <span class='ocrx_word' id='word_1_55' title='bbox 731 781 904 818; x_wconf 85' lang='lat' dir='ltr'>terram.</span> 
     </span>
    </p>

    <p class='ocr_par' dir='ltr' id='par_1_6' title="bbox 150 832 981 943">
     <span class='ocr_line' id='line_1_13' title="bbox 202 832 981 885; baseline -0.003 -10"><span class='ocrx_word' id='word_1_56' title='bbox 202 834 227 875; x_wconf 89' lang='lat' dir='ltr'><strong>J</strong></span> <span class='ocrx_word' id='word_1_57' title='bbox 229 833 427 876; x_wconf 66' lang='lat' dir='ltr'>udicabit</span> <span class='ocrx_word' id='word_1_58' title='bbox 454 833 607 876; x_wconf 85' lang='lat' dir='ltr'>orbem</span> <span class='ocrx_word' id='word_1_59' title='bbox 631 838 762 875; x_wconf 88' lang='lat' dir='ltr'>terrae</span> <span class='ocrx_word' id='word_1_60' title='bbox 786 834 830 874; x_wconf 94' lang='lat' dir='ltr'>in</span> <span class='ocrx_word' id='word_1_61' title='bbox 850 832 981 885; x_wconf 80' lang='lat' dir='ltr'>aequj-</span> 
     </span>
     <span class='ocr_line' id='line_1_14' title="bbox 150 890 941 943; baseline -0.001 -12"><span class='ocrx_word' id='word_1_62' title='bbox 150 891 252 940; x_wconf 63' lang='lat' dir='ltr'>tete,</span> <span class='ocrx_word' id='word_1_63' title='bbox 271 890 295 916; x_wconf 88' lang='lat'>*</span> <span class='ocrx_word' id='word_1_64' title='bbox 314 894 359 932; x_wconf 87' lang='lat' dir='ltr'>et</span> <span class='ocrx_word' id='word_1_65' title='bbox 374 890 567 943; x_wconf 79' lang='lat' dir='ltr'>pepulos</span> <span class='ocrx_word' id='word_1_66' title='bbox 585 890 630 931; x_wconf 92' lang='lat' dir='ltr'>in</span> <span class='ocrx_word' id='word_1_67' title='bbox 647 890 833 932; x_wconf 62' lang='lat' dir='ltr'>veritate</span> <span class='ocrx_word' id='word_1_68' title='bbox 852 902 941 930; x_wconf 90' lang='lat' dir='ltr'>sua.</span> 
     </span>
    </p>
   </div>
   <div class='ocr_carea' id='block_1_4' title="bbox 150 954 981 1062">
    <p class='ocr_par' dir='ltr' id='par_1_7' title="bbox 150 954 981 1062">
     <span class='ocr_line' id='line_1_15' title="bbox 199 954 981 1008; baseline 0 -12"><span class='ocrx_word' id='word_1_69' title='bbox 199 957 298 998; x_wconf 86' lang='lat' dir='ltr'>Ant.</span> <span class='ocrx_word' id='word_1_70' title='bbox 323 954 628 1008; x_wconf 85' lang='lat' dir='ltr'>Apprehendit</span> <span class='ocrx_word' id='word_1_71' title='bbox 641 955 808 996; x_wconf 68' lang='lat' dir='ltr'>Pilatus</span> <span class='ocrx_word' id='word_1_72' title='bbox 819 955 845 996; x_wconf 89' lang='lat' dir='ltr'><strong>J</strong></span> <span class='ocrx_word' id='word_1_73' title='bbox 847 967 981 1004; x_wconf 89' lang='lat' dir='ltr'>esum,</span> 
     </span>
     <span class='ocr_line' id='line_1_16' title="bbox 150 1011 462 1062; baseline 0.003 -10"><span class='ocrx_word' id='word_1_74' title='bbox 150 1015 194 1052; x_wconf 88' lang='lat' dir='ltr'>et</span> <span class='ocrx_word' id='word_1_75' title='bbox 213 1011 462 1062; x_wconf 71' lang='lat' dir='ltr'>flagellavit.</span> 
     </span>
    </p>
   </div>
   <div class='ocr_carea' id='block_1_5' title="bbox 149 1076 982 1241">
    <p class='ocr_par' dir='ltr' id='par_1_8' title="bbox 149 1076 982 1241">
     <span class='ocr_line' id='line_1_17' title="bbox 202 1076 981 1129; baseline -0.001 -12"><span class='ocrx_word' id='word_1_76' title='bbox 202 1077 302 1118; x_wconf 85' lang='lat' dir='ltr'>Ant.</span> <span class='ocrx_word' id='word_1_77' title='bbox 323 1076 484 1118; x_wconf 83' lang='lat' dir='ltr'>Milites</span> <span class='ocrx_word' id='word_1_78' title='bbox 502 1076 748 1129; x_wconf 88' lang='lat' dir='ltr'>plectentes</span> <span class='ocrx_word' id='word_1_79' title='bbox 772 1078 981 1118; x_wconf 83' lang='lat' dir='ltr'>coronam</span> 
     </span>
     <span class='ocr_line' id='line_1_18' title="bbox 149 1132 982 1198; baseline -0.001 -24"><span class='ocrx_word' id='word_1_80' title='bbox 149 1132 205 1198; x_wconf 71' lang='lat' dir='ltr'>de</span> <span class='ocrx_word' id='word_1_81' title='bbox 220 1133 369 1185; x_wconf 84' lang='lat' dir='ltr'>spinis,</span> <span class='ocrx_word' id='word_1_82' title='bbox 384 1133 689 1186; x_wconf 88' lang='lat' dir='ltr'>imposuerunt</span> <span class='ocrx_word' id='word_1_83' title='bbox 703 1145 836 1185; x_wconf 90' lang='lat' dir='ltr'>super</span> <span class='ocrx_word' id='word_1_84' title='bbox 849 1138 982 1185; x_wconf 87' lang='lat' dir='ltr'>caput</span> 
     </span>
     <span class='ocr_line' id='line_1_19' title="bbox 149 1201 251 1241; baseline 0 -11"><span class='ocrx_word' id='word_1_85' title='bbox 149 1201 251 1241; x_wconf 73' lang='lat' dir='ltr'>ejus.</span> 
     </span>
    </p>
   </div>
   <div class='ocr_carea' id='block_1_6' title="bbox 414 1263 710 1305">
    <p class='ocr_par' dir='ltr' id='par_1_9' title="bbox 414 1263 710 1305">
     <span class='ocr_line' id='line_1_20' title="bbox 414 1263 710 1305; baseline 0.003 -2"><span class='ocrx_word' id='word_1_86' title='bbox 414 1263 615 1305; x_wconf 83' lang='lat' dir='ltr'>Psalmus</span> <span class='ocrx_word' id='word_1_87' title='bbox 643 1265 710 1304; x_wconf 83' lang='lat'>96.</span> 
     </span>
    </p>
   </div>
   <div class='ocr_carea' id='block_1_7' title="bbox 146 1341 981 2741">
    <p class='ocr_par' dir='ltr' id='par_1_10' title="bbox 241 1341 977 1439">
     <span class='ocr_line' id='line_1_21' title="bbox 241 1341 977 1392; baseline 0.003 -11"><span class='ocrx_word' id='word_1_88' title='bbox 241 1341 413 1382; x_wconf 83' lang='lat' dir='ltr'>ominus</span> <span class='ocrx_word' id='word_1_89' title='bbox 437 1341 650 1392; x_wconf 70' lang='lat' dir='ltr'>regnavit,</span> <span class='ocrx_word' id='word_1_90' title='bbox 679 1341 869 1383; x_wconf 82' lang='lat' dir='ltr'>exsultet</span> <span class='ocrx_word' id='word_1_91' title='bbox 894 1346 977 1383; x_wconf 86' lang='lat' dir='ltr'>ter-</span> 
     </span>
     <span class='ocr_line' id='line_1_22' title="bbox 263 1397 946 1439; baseline 0.003 -2"><span class='ocrx_word' id='word_1_92' title='bbox 263 1410 327 1438; x_wconf 84' lang='lat' dir='ltr'>ra:</span> <span class='ocrx_word' id='word_1_93' title='bbox 346 1397 369 1424; x_wconf 86' lang='lat'>*</span> <span class='ocrx_word' id='word_1_94' title='bbox 388 1397 592 1439; x_wconf 86' lang='lat' dir='ltr'>laetentur</span> <span class='ocrx_word' id='word_1_95' title='bbox 610 1398 766 1439; x_wconf 87' lang='lat' dir='ltr'>insulae</span> <span class='ocrx_word' id='word_1_96' title='bbox 784 1398 946 1439; x_wconf 89' lang='lat' dir='ltr'>multae.</span> 
     </span>
    </p>

    <p class='ocr_par' dir='ltr' id='par_1_11' title="bbox 147 1452 977 1619">
     <span class='ocr_line' id='line_1_23' title="bbox 198 1452 977 1507; baseline 0.003 -13"><span class='ocrx_word' id='word_1_97' title='bbox 198 1452 363 1504; x_wconf 87' lang='lat' dir='ltr'>Nubes,</span> <span class='ocrx_word' id='word_1_98' title='bbox 378 1458 423 1495; x_wconf 88' lang='lat' dir='ltr'>et</span> <span class='ocrx_word' id='word_1_99' title='bbox 442 1453 582 1505; x_wconf 85' lang='lat' dir='ltr'>caligo</span> <span class='ocrx_word' id='word_1_100' title='bbox 601 1454 646 1495; x_wconf 90' lang='lat' dir='ltr'>in</span> <span class='ocrx_word' id='word_1_101' title='bbox 666 1454 852 1496; x_wconf 82' lang='lat' dir='ltr'>circuitu</span> <span class='ocrx_word' id='word_1_102' title='bbox 870 1455 977 1507; x_wconf 86' lang='lat' dir='ltr'>ejus:</span> 
     </span>
     <span class='ocr_line' id='line_1_24' title="bbox 147 1509 976 1562; baseline 0.004 -12"><span class='ocrx_word' id='word_1_103' title='bbox 147 1510 171 1535; x_wconf 85' lang='grc'>*</span> <span class='ocrx_word' id='word_1_104' title='bbox 189 1510 366 1562; x_wconf 84' lang='lat' dir='ltr'>justitia,</span> <span class='ocrx_word' id='word_1_105' title='bbox 386 1515 431 1552; x_wconf 93' lang='lat' dir='ltr'>et</span> <span class='ocrx_word' id='word_1_106' title='bbox 452 1509 658 1562; x_wconf 84' lang='lat' dir='ltr'>judicium</span> <span class='ocrx_word' id='word_1_107' title='bbox 677 1511 892 1553; x_wconf 91' lang='lat' dir='ltr'>correctio</span> <span class='ocrx_word' id='word_1_108' title='bbox 912 1524 976 1553; x_wconf 88' lang='lat' dir='ltr'>se-</span> 
     </span>
     <span class='ocr_line' id='line_1_25' title="bbox 147 1564 337 1619; baseline 0 -12"><span class='ocrx_word' id='word_1_109' title='bbox 147 1564 216 1607; x_wconf 83' lang='lat' dir='ltr'>dis</span> <span class='ocrx_word' id='word_1_110' title='bbox 235 1566 337 1619; x_wconf 86' lang='lat' dir='ltr'>ejus.</span> 
     </span>
    </p>

    <p class='ocr_par' dir='ltr' id='par_1_12' title="bbox 146 1622 977 1732">
     <span class='ocr_line' id='line_1_26' title="bbox 198 1622 977 1675; baseline 0.004 -12"><span class='ocrx_word' id='word_1_111' title='bbox 198 1622 317 1673; x_wconf 88' lang='lat' dir='ltr'>Ignis</span> <span class='ocrx_word' id='word_1_112' title='bbox 345 1627 447 1664; x_wconf 87' lang='lat' dir='ltr'>ante</span> <span class='ocrx_word' id='word_1_113' title='bbox 474 1622 618 1675; x_wconf 87' lang='lat' dir='ltr'>ipsum</span> <span class='ocrx_word' id='word_1_114' title='bbox 636 1622 871 1675; x_wconf 87' lang='lat' dir='ltr'>praecedet,</span> <span class='ocrx_word' id='word_1_115' title='bbox 889 1624 913 1649; x_wconf 84' lang='lat'>*</span> <span class='ocrx_word' id='word_1_116' title='bbox 933 1629 977 1666; x_wconf 86' lang='lat' dir='ltr'>et</span> 
     </span>
     <span class='ocr_line' id='line_1_27' title="bbox 146 1677 977 1732; baseline 0.004 -14"><span class='ocrx_word' id='word_1_117' title='bbox 146 1677 390 1720; x_wconf 66' lang='lat' dir='ltr'>inflamabit</span> <span class='ocrx_word' id='word_1_118' title='bbox 403 1678 448 1719; x_wconf 92' lang='lat' dir='ltr'>in</span> <span class='ocrx_word' id='word_1_119' title='bbox 461 1679 648 1721; x_wconf 79' lang='lat' dir='ltr'>circuitu</span> <span class='ocrx_word' id='word_1_120' title='bbox 660 1679 859 1721; x_wconf 77' lang='lat' dir='ltr'>inimicos</span> <span class='ocrx_word' id='word_1_121' title='bbox 874 1681 977 1732; x_wconf 90' lang='lat' dir='ltr'>ejus.</span> 
     </span>
    </p>

    <p class='ocr_par' dir='ltr' id='par_1_13' title="bbox 147 1733 977 1841">
     <span class='ocr_line' id='line_1_28' title="bbox 199 1733 976 1787; baseline 0.004 -13"><span class='ocrx_word' id='word_1_122' title='bbox 199 1733 443 1777; x_wconf 84' lang='lat' dir='ltr'>Illuxerunt</span> <span class='ocrx_word' id='word_1_123' title='bbox 465 1734 638 1786; x_wconf 77' lang='lat' dir='ltr'>fulgura</span> <span class='ocrx_word' id='word_1_124' title='bbox 661 1735 752 1787; x_wconf 88' lang='lat' dir='ltr'>ejus</span> <span class='ocrx_word' id='word_1_125' title='bbox 777 1735 874 1777; x_wconf 92' lang='lat' dir='ltr'>orbi</span> <span class='ocrx_word' id='word_1_126' title='bbox 893 1741 976 1777; x_wconf 89' lang='lat' dir='ltr'>ter-</span> 
     </span>
     <span class='ocr_line' id='line_1_29' title="bbox 147 1789 977 1841; baseline 0.002 -10"><span class='ocrx_word' id='word_1_127' title='bbox 147 1803 225 1832; x_wconf 85' lang='lat' dir='ltr'>rae:</span> <span class='ocrx_word' id='word_1_128' title='bbox 250 1791 274 1816; x_wconf 87' lang='lat'>*</span> <span class='ocrx_word' id='word_1_129' title='bbox 297 1789 417 1841; x_wconf 87' lang='lat' dir='ltr'>vidit,</span> <span class='ocrx_word' id='word_1_130' title='bbox 446 1795 490 1832; x_wconf 89' lang='lat' dir='ltr'>et</span> <span class='ocrx_word' id='word_1_131' title='bbox 515 1793 735 1833; x_wconf 75' lang='lat' dir='ltr'>commeta</span> <span class='ocrx_word' id='word_1_132' title='bbox 759 1796 827 1833; x_wconf 87' lang='lat' dir='ltr'>est</span> <span class='ocrx_word' id='word_1_133' title='bbox 849 1797 977 1834; x_wconf 84' lang='lat' dir='ltr'>terra.</span> 
     </span>
    </p>

    <p class='ocr_par' dir='ltr' id='par_1_14' title="bbox 147 1846 979 2001">
     <span class='ocr_line' id='line_1_30' title="bbox 199 1846 978 1897; baseline 0.004 -10"><span class='ocrx_word' id='word_1_134' title='bbox 199 1846 390 1897; x_wconf 85' lang='lat' dir='ltr'>Montes,</span> <span class='ocrx_word' id='word_1_135' title='bbox 423 1847 535 1889; x_wconf 90' lang='lat' dir='ltr'>sicut</span> <span class='ocrx_word' id='word_1_136' title='bbox 569 1859 670 1889; x_wconf 85' lang='lat' dir='ltr'>cera</span> <span class='ocrx_word' id='word_1_137' title='bbox 700 1847 920 1890; x_wconf 81' lang='lat' dir='ltr'>fluxerunt</span> <span class='ocrx_word' id='word_1_138' title='bbox 953 1862 978 1890; x_wconf 87' lang='lat' dir='ltr'>a</span> 
     </span>
     <span class='ocr_line' id='line_1_31' title="bbox 147 1902 979 1945; baseline 0.001 -1"><span class='ocrx_word' id='word_1_139' title='bbox 147 1902 258 1944; x_wconf 65' lang='lat' dir='ltr'>facie</span> <span class='ocrx_word' id='word_1_140' title='bbox 295 1903 494 1944; x_wconf 83' lang='lat' dir='ltr'>Domini:</span> <span class='ocrx_word' id='word_1_141' title='bbox 530 1903 554 1929; x_wconf 86' lang='lat'>*</span> <span class='ocrx_word' id='word_1_142' title='bbox 593 1916 619 1944; x_wconf 90' lang='lat' dir='ltr'>a</span> <span class='ocrx_word' id='word_1_143' title='bbox 654 1903 765 1945; x_wconf 65' lang='lat' dir='ltr'>facie</span> <span class='ocrx_word' id='word_1_144' title='bbox 800 1903 979 1945; x_wconf 82' lang='lat' dir='ltr'>Domini</span> 
     </span>
     <span class='ocr_line' id='line_1_32' title="bbox 149 1959 435 2001; baseline -0.003 -1"><span class='ocrx_word' id='word_1_145' title='bbox 149 1959 290 2000; x_wconf 90' lang='lat' dir='ltr'>omnis</span> <span class='ocrx_word' id='word_1_146' title='bbox 307 1963 435 2001; x_wconf 82' lang='lat' dir='ltr'>terra.</span> 
     </span>
    </p>

    <p class='ocr_par' dir='ltr' id='par_1_15' title="bbox 147 2014 980 2179">
     <span class='ocr_line' id='line_1_33' title="bbox 202 2014 980 2067; baseline 0.003 -12"><span class='ocrx_word' id='word_1_147' title='bbox 202 2014 584 2056; x_wconf 88' lang='lat' dir='ltr'>Annuntiaverunt</span> <span class='ocrx_word' id='word_1_148' title='bbox 628 2015 729 2057; x_wconf 90' lang='lat' dir='ltr'>coeli</span> <span class='ocrx_word' id='word_1_149' title='bbox 771 2015 980 2067; x_wconf 82' lang='lat' dir='ltr'>justitiam</span> 
     </span>
     <span class='ocr_line' id='line_1_34' title="bbox 149 2070 980 2124; baseline 0 -12"><span class='ocrx_word' id='word_1_150' title='bbox 149 2071 258 2122; x_wconf 89' lang='lat' dir='ltr'>ejus:</span> <span class='ocrx_word' id='word_1_151' title='bbox 285 2071 308 2096; x_wconf 89' lang='lat'>*</span> <span class='ocrx_word' id='word_1_152' title='bbox 337 2076 381 2112; x_wconf 91' lang='lat' dir='ltr'>et</span> <span class='ocrx_word' id='word_1_153' title='bbox 408 2070 613 2113; x_wconf 84' lang='lat' dir='ltr'>viderunt</span> <span class='ocrx_word' id='word_1_154' title='bbox 641 2083 795 2112; x_wconf 90' lang='lat' dir='ltr'>omnes</span> <span class='ocrx_word' id='word_1_155' title='bbox 825 2071 980 2124; x_wconf 78' lang='lat' dir='ltr'>pepuli</span> 
     </span>
     <span class='ocr_line' id='line_1_35' title="bbox 147 2126 455 2179; baseline 0.003 -12"><span class='ocrx_word' id='word_1_156' title='bbox 147 2126 334 2177; x_wconf 81' lang='lat' dir='ltr'>gloriam</span> <span class='ocrx_word' id='word_1_157' title='bbox 353 2127 455 2179; x_wconf 89' lang='lat' dir='ltr'>ejus.</span> 
     </span>
    </p>

    <p class='ocr_par' dir='ltr' id='par_1_16' title="bbox 149 2182 979 2338">
     <span class='ocr_line' id='line_1_36' title="bbox 202 2182 979 2236; baseline 0.003 -12"><span class='ocrx_word' id='word_1_158' title='bbox 202 2182 537 2225; x_wconf 64' lang='lat' dir='ltr'>Confundantur</span> <span class='ocrx_word' id='word_1_159' title='bbox 578 2195 747 2233; x_wconf 92' lang='lat' dir='ltr'>omnes,</span> <span class='ocrx_word' id='word_1_160' title='bbox 793 2184 868 2236; x_wconf 90' lang='lat' dir='ltr'>qui</span> <span class='ocrx_word' id='word_1_161' title='bbox 907 2184 979 2226; x_wconf 84' lang='lat' dir='ltr'>ad-</span> 
     </span>
     <span class='ocr_line' id='line_1_37' title="bbox 151 2239 979 2292; baseline 0 -11"><span class='ocrx_word' id='word_1_162' title='bbox 151 2241 277 2285; x_wconf 79' lang='lat' dir='ltr'>orant</span> <span class='ocrx_word' id='word_1_163' title='bbox 304 2239 539 2292; x_wconf 85' lang='lat' dir='ltr'>sculptilia:</span> <span class='ocrx_word' id='word_1_164' title='bbox 566 2239 590 2265; x_wconf 85' lang='lat'>*</span> <span class='ocrx_word' id='word_1_165' title='bbox 620 2243 663 2281; x_wconf 89' lang='lat' dir='ltr'>et</span> <span class='ocrx_word' id='word_1_166' title='bbox 692 2239 767 2292; x_wconf 84' lang='lat' dir='ltr'>qui</span> <span class='ocrx_word' id='word_1_167' title='bbox 792 2240 979 2291; x_wconf 70' lang='lat' dir='ltr'>glorian-</span> 
     </span>
     <span class='ocr_line' id='line_1_38' title="bbox 149 2295 669 2338; baseline -0.002 0"><span class='ocrx_word' id='word_1_168' title='bbox 149 2295 282 2338; x_wconf 90' lang='lat' dir='ltr'>turin</span> <span class='ocrx_word' id='word_1_169' title='bbox 301 2296 547 2338; x_wconf 60' lang='lat' dir='ltr'>simulacris</span> <span class='ocrx_word' id='word_1_170' title='bbox 569 2296 669 2337; x_wconf 88' lang='lat' dir='ltr'>suis.</span> 
     </span>
    </p>

    <p class='ocr_par' dir='ltr' id='par_1_17' title="bbox 150 2351 981 2458">
     <span class='ocr_line' id='line_1_39' title="bbox 201 2351 981 2404; baseline 0 -12"><span class='ocrx_word' id='word_1_171' title='bbox 201 2351 401 2394; x_wconf 66' lang='lat' dir='ltr'>Adorate</span> <span class='ocrx_word' id='word_1_172' title='bbox 422 2364 522 2394; x_wconf 92' lang='lat' dir='ltr'>eum</span> <span class='ocrx_word' id='word_1_173' title='bbox 538 2364 691 2394; x_wconf 88' lang='lat' dir='ltr'>omnes</span> <span class='ocrx_word' id='word_1_174' title='bbox 703 2351 862 2402; x_wconf 87' lang='lat' dir='ltr'>Angeli</span> <span class='ocrx_word' id='word_1_175' title='bbox 875 2353 981 2404; x_wconf 85' lang='lat' dir='ltr'>ejus:</span> 
     </span>
     <span class='ocr_line' id='line_1_40' title="bbox 150 2407 827 2458; baseline 0 -10"><span class='ocrx_word' id='word_1_176' title='bbox 150 2407 174 2433; x_wconf 88' lang='lat'>*</span> <span class='ocrx_word' id='word_1_177' title='bbox 195 2407 372 2458; x_wconf 83' lang='lat' dir='ltr'>audivit,</span> <span class='ocrx_word' id='word_1_178' title='bbox 392 2413 437 2450; x_wconf 89' lang='lat' dir='ltr'>et</span> <span class='ocrx_word' id='word_1_179' title='bbox 455 2408 605 2450; x_wconf 66' lang='lat' dir='ltr'>laeteita</span> <span class='ocrx_word' id='word_1_180' title='bbox 624 2413 692 2450; x_wconf 87' lang='lat' dir='ltr'>est</span> <span class='ocrx_word' id='word_1_181' title='bbox 710 2407 827 2450; x_wconf 89' lang='lat' dir='ltr'>Sion.</span> 
     </span>
    </p>

    <p class='ocr_par' dir='ltr' id='par_1_18' title="bbox 152 2463 981 2572">
     <span class='ocr_line' id='line_1_41' title="bbox 203 2463 981 2514; baseline 0.001 -10"><span class='ocrx_word' id='word_1_182' title='bbox 203 2464 260 2505; x_wconf 91' lang='lat' dir='ltr'>Et</span> <span class='ocrx_word' id='word_1_183' title='bbox 291 2463 620 2507; x_wconf 86' lang='lat' dir='ltr'>exsultaverunt</span> <span class='ocrx_word' id='word_1_184' title='bbox 651 2463 755 2505; x_wconf 87' lang='lat' dir='ltr'>fssiae</span> <span class='ocrx_word' id='word_1_185' title='bbox 786 2463 930 2514; x_wconf 89' lang='lat' dir='ltr'>Judae,</span> <span class='ocrx_word' id='word_1_186' title='bbox 957 2465 981 2490; x_wconf 92' lang='lat'>*</span> 
     </span>
     <span class='ocr_line' id='line_1_42' title="bbox 152 2520 830 2572; baseline 0.001 -13"><span class='ocrx_word' id='word_1_187' title='bbox 152 2524 336 2572; x_wconf 88' lang='lat' dir='ltr'>propter</span> <span class='ocrx_word' id='word_1_188' title='bbox 354 2520 513 2572; x_wconf 85' lang='lat' dir='ltr'>judicia</span> <span class='ocrx_word' id='word_1_189' title='bbox 531 2526 607 2563; x_wconf 89' lang='lat' dir='ltr'>tua</span> <span class='ocrx_word' id='word_1_190' title='bbox 626 2520 830 2561; x_wconf 77' lang='lat' dir='ltr'>Demine:</span> 
     </span>
    </p>

    <p class='ocr_par' dir='ltr' id='par_1_19' title="bbox 153 2576 981 2741">
     <span class='ocr_line' id='line_1_43' title="bbox 205 2576 981 2625; baseline 0.001 -9"><span class='ocrx_word' id='word_1_191' title='bbox 205 2576 423 2625; x_wconf 80' lang='lat' dir='ltr'>Quoniam</span> <span class='ocrx_word' id='word_1_192' title='bbox 435 2581 483 2618; x_wconf 93' lang='lat' dir='ltr'>tu</span> <span class='ocrx_word' id='word_1_193' title='bbox 497 2577 712 2618; x_wconf 81' lang='lat' dir='ltr'>Dominus</span> <span class='ocrx_word' id='word_1_194' title='bbox 728 2576 981 2617; x_wconf 83' lang='lat' dir='ltr'>Altissimus</span> 
     </span>
     <span class='ocr_line' id='line_1_44' title="bbox 153 2632 981 2684; baseline 0.002 -13"><span class='ocrx_word' id='word_1_195' title='bbox 153 2643 286 2684; x_wconf 92' lang='lat' dir='ltr'>super</span> <span class='ocrx_word' id='word_1_196' title='bbox 310 2644 486 2674; x_wconf 86' lang='lat' dir='ltr'>omnem</span> <span class='ocrx_word' id='word_1_197' title='bbox 509 2638 685 2675; x_wconf 88' lang='lat' dir='ltr'>terram:</span> <span class='ocrx_word' id='word_1_198' title='bbox 711 2634 735 2659; x_wconf 84' lang='lat'>*</span> <span class='ocrx_word' id='word_1_199' title='bbox 759 2632 887 2673; x_wconf 89' lang='lat' dir='ltr'>nimis</span> <span class='ocrx_word' id='word_1_200' title='bbox 911 2645 981 2674; x_wconf 78' lang='lat' dir='ltr'>ex-</span> 
     </span>
     <span class='ocr_line' id='line_1_45' title="bbox 154 2687 846 2741; baseline 0.001 -13"><span class='ocrx_word' id='word_1_201' title='bbox 154 2687 315 2729; x_wconf 66' lang='lat' dir='ltr'>altatus</span> <span class='ocrx_word' id='word_1_202' title='bbox 335 2700 383 2730; x_wconf 88' lang='lat' dir='ltr'>es</span> <span class='ocrx_word' id='word_1_203' title='bbox 402 2701 534 2741; x_wconf 86' lang='lat' dir='ltr'>super</span> <span class='ocrx_word' id='word_1_204' title='bbox 554 2702 706 2731; x_wconf 87' lang='lat' dir='ltr'>omnes</span> <span class='ocrx_word' id='word_1_205' title='bbox 726 2687 846 2730; x_wconf 87' lang='lat' dir='ltr'>deos.</span> 
     </span>
    </p>
   </div>
   <div class='ocr_carea' id='block_1_8' title="bbox 308 2829 558 2855">
    <p class='ocr_par' dir='ltr' id='par_1_20' title="bbox 308 2829 558 2855">
     <span class='ocr_line' id='line_1_46' title="bbox 308 2829 558 2855; baseline 0.004 -1"><span class='ocrx_word' id='word_1_206' title='bbox 308 2829 372 2854; x_wconf 83' lang='lat' dir='ltr'>Pars</span> <span class='ocrx_word' id='word_1_207' title='bbox 387 2830 558 2855; x_wconf 80' lang='lat' dir='ltr'>Autumnalis.</span> 
     </span>
    </p>
   </div>
   <div class='ocr_carea' id='block_1_9' title="bbox 1802 173 1869 209">
    <p class='ocr_par' dir='ltr' id='par_1_21' title="bbox 1802 173 1869 209">
     <span class='ocr_line' id='line_1_47' title="bbox 1802 173 1869 209; baseline 0.015 -1"><span class='ocrx_word' id='word_1_208' title='bbox 1802 173 1869 209; x_wconf 85' lang='lat'>349</span> 
     </span>
    </p>
   </div>
   <div class='ocr_carea' id='block_1_10' title="bbox 148 242 1871 298">
    <p class='ocr_par' dir='ltr' id='par_1_22' title="bbox 148 242 1871 298">
     <span class='ocr_line' id='line_1_48' title="bbox 148 242 1871 298; baseline 0 -49"><span class='ocrx_word' id='word_1_209' title='bbox 148 249 205 298; x_wconf 95' lang='lat' dir='ltr'> </span> <span class='ocrx_word' id='word_1_210' title='bbox 1868 242 1871 249; x_wconf 95' lang='lat' dir='ltr'> </span> 
     </span>
    </p>
   </div>
   <div class='ocr_carea' id='block_1_11' title="bbox 1029 268 1871 2744">
    <p class='ocr_par' dir='ltr' id='par_1_23' title="bbox 1035 268 1869 488">
     <span class='ocr_line' id='line_1_49' title="bbox 1089 268 1868 320; baseline 0.001 -11"><span class='ocrx_word' id='word_1_211' title='bbox 1089 268 1175 318; x_wconf 92' lang='lat' dir='ltr'>Qui</span> <span class='ocrx_word' id='word_1_212' title='bbox 1220 268 1401 320; x_wconf 87' lang='lat' dir='ltr'>diligitis</span> <span class='ocrx_word' id='word_1_213' title='bbox 1446 270 1701 319; x_wconf 81' lang='lat' dir='ltr'>Dominum,</span> <span class='ocrx_word' id='word_1_214' title='bbox 1747 268 1868 310; x_wconf 87' lang='lat' dir='ltr'>odite</span> 
     </span>
     <span class='ocr_line' id='line_1_50' title="bbox 1036 323 1867 368; baseline 0.002 -4"><span class='ocrx_word' id='word_1_215' title='bbox 1036 323 1213 365; x_wconf 88' lang='lat' dir='ltr'>malum:</span> <span class='ocrx_word' id='word_1_216' title='bbox 1245 326 1268 350; x_wconf 88' lang='lat'>*</span> <span class='ocrx_word' id='word_1_217' title='bbox 1301 325 1496 368; x_wconf 82' lang='lat' dir='ltr'>custodit</span> <span class='ocrx_word' id='word_1_218' title='bbox 1527 325 1742 366; x_wconf 81' lang='lat' dir='ltr'>Dominus</span> <span class='ocrx_word' id='word_1_219' title='bbox 1781 326 1867 366; x_wconf 71' lang='lat' dir='ltr'>eini—</span> 
     </span>
     <span class='ocr_line' id='line_1_51' title="bbox 1035 381 1869 432; baseline 0.002 -11"><span class='ocrx_word' id='word_1_220' title='bbox 1035 393 1130 421; x_wconf 83' lang='lat' dir='ltr'>mas</span> <span class='ocrx_word' id='word_1_221' title='bbox 1156 383 1410 423; x_wconf 76' lang='lat' dir='ltr'>sanctorum</span> <span class='ocrx_word' id='word_1_222' title='bbox 1435 384 1631 432; x_wconf 82' lang='lat' dir='ltr'>suorum,</span> <span class='ocrx_word' id='word_1_223' title='bbox 1657 381 1712 423; x_wconf 91' lang='lat' dir='ltr'>de</span> <span class='ocrx_word' id='word_1_224' title='bbox 1737 394 1869 423; x_wconf 87' lang='lat' dir='ltr'>manu</span> 
     </span>
     <span class='ocr_line' id='line_1_52' title="bbox 1035 437 1615 488; baseline 0.002 -10"><span class='ocrx_word' id='word_1_225' title='bbox 1035 437 1283 488; x_wconf 83' lang='lat' dir='ltr'>peccatoris</span> <span class='ocrx_word' id='word_1_226' title='bbox 1302 437 1507 481; x_wconf 59' lang='lat' dir='ltr'>liberabit</span> <span class='ocrx_word' id='word_1_227' title='bbox 1526 451 1615 480; x_wconf 90' lang='lat' dir='ltr'>eos.</span> 
     </span>
    </p>

    <p class='ocr_par' dir='ltr' id='par_1_24' title="bbox 1037 492 1868 591">
     <span class='ocr_line' id='line_1_53' title="bbox 1087 492 1868 546; baseline 0.005 -13"><span class='ocrx_word' id='word_1_228' title='bbox 1087 492 1185 534; x_wconf 80' lang='lat' dir='ltr'>Lux</span> <span class='ocrx_word' id='word_1_229' title='bbox 1217 498 1315 535; x_wconf 84' lang='lat' dir='ltr'>orta</span> <span class='ocrx_word' id='word_1_230' title='bbox 1349 499 1416 536; x_wconf 90' lang='lat' dir='ltr'>est</span> <span class='ocrx_word' id='word_1_231' title='bbox 1447 495 1573 546; x_wconf 91' lang='lat' dir='ltr'>justo,</span> <span class='ocrx_word' id='word_1_232' title='bbox 1605 495 1628 521; x_wconf 91' lang='lat'>*</span> <span class='ocrx_word' id='word_1_233' title='bbox 1662 500 1705 537; x_wconf 89' lang='lat' dir='ltr'>et</span> <span class='ocrx_word' id='word_1_234' title='bbox 1737 495 1868 537; x_wconf 89' lang='lat' dir='ltr'>rectis</span> 
     </span>
     <span class='ocr_line' id='line_1_54' title="bbox 1037 547 1353 591; baseline 0.006 -2"><span class='ocrx_word' id='word_1_235' title='bbox 1037 547 1172 591; x_wconf 87' lang='lat' dir='ltr'>corde</span> <span class='ocrx_word' id='word_1_236' title='bbox 1191 549 1353 591; x_wconf 75' lang='lat' dir='ltr'>laetitia.</span> 
     </span>
    </p>

    <p class='ocr_par' dir='ltr' id='par_1_25' title="bbox 1034 605 1869 770">
     <span class='ocr_line' id='line_1_55' title="bbox 1086 605 1869 659; baseline 0.005 -14"><span class='ocrx_word' id='word_1_237' title='bbox 1086 605 1319 647; x_wconf 67' lang='lat' dir='ltr'>Laeteimini</span> <span class='ocrx_word' id='word_1_238' title='bbox 1342 607 1444 659; x_wconf 90' lang='lat' dir='ltr'>justi</span> <span class='ocrx_word' id='word_1_239' title='bbox 1472 608 1516 648; x_wconf 94' lang='lat' dir='ltr'>in</span> <span class='ocrx_word' id='word_1_240' title='bbox 1541 608 1750 649; x_wconf 83' lang='lat' dir='ltr'>Domino:</span> <span class='ocrx_word' id='word_1_241' title='bbox 1775 610 1799 636; x_wconf 85' lang='lat'>*</span> <span class='ocrx_word' id='word_1_242' title='bbox 1825 613 1869 650; x_wconf 93' lang='lat' dir='ltr'>et</span> 
     </span>
     <span class='ocr_line' id='line_1_56' title="bbox 1036 662 1868 706; baseline 0.005 -4"><span class='ocrx_word' id='word_1_243' title='bbox 1036 662 1305 704; x_wconf 89' lang='lat' dir='ltr'>confitemini</span> <span class='ocrx_word' id='word_1_244' title='bbox 1351 664 1576 705; x_wconf 83' lang='lat' dir='ltr'>memoriae</span> <span class='ocrx_word' id='word_1_245' title='bbox 1627 665 1868 706; x_wconf 85' lang='lat' dir='ltr'>sanctifica-</span> 
     </span>
     <span class='ocr_line' id='line_1_57' title="bbox 1034 717 1288 770; baseline 0.004 -11"><span class='ocrx_word' id='word_1_246' title='bbox 1034 717 1166 759; x_wconf 84' lang='lat' dir='ltr'>tionis</span> <span class='ocrx_word' id='word_1_247' title='bbox 1187 719 1288 770; x_wconf 92' lang='lat' dir='ltr'>ejus.</span> 
     </span>
    </p>

    <p class='ocr_par' dir='ltr' id='par_1_26' title="bbox 1035 775 1871 940">
     <span class='ocr_line' id='line_1_58' title="bbox 1088 775 1870 829; baseline 0 -11"><span class='ocrx_word' id='word_1_248' title='bbox 1088 779 1187 818; x_wconf 83' lang='lat' dir='ltr'>Ant.</span> <span class='ocrx_word' id='word_1_249' title='bbox 1216 776 1377 818; x_wconf 84' lang='lat' dir='ltr'>Milites</span> <span class='ocrx_word' id='word_1_250' title='bbox 1396 775 1641 829; x_wconf 82' lang='lat' dir='ltr'>plectentes</span> <span class='ocrx_word' id='word_1_251' title='bbox 1659 779 1870 819; x_wconf 81' lang='lat' dir='ltr'>coronam</span> 
     </span>
     <span class='ocr_line' id='line_1_59' title="bbox 1036 831 1871 887; baseline 0.004 -15"><span class='ocrx_word' id='word_1_252' title='bbox 1036 831 1090 872; x_wconf 88' lang='lat' dir='ltr'>de</span> <span class='ocrx_word' id='word_1_253' title='bbox 1105 832 1253 884; x_wconf 89' lang='lat' dir='ltr'>spinis,</span> <span class='ocrx_word' id='word_1_254' title='bbox 1269 832 1575 885; x_wconf 91' lang='lat' dir='ltr'>imposuerunt</span> <span class='ocrx_word' id='word_1_255' title='bbox 1589 846 1722 886; x_wconf 89' lang='lat' dir='ltr'>super</span> <span class='ocrx_word' id='word_1_256' title='bbox 1738 838 1871 887; x_wconf 88' lang='lat' dir='ltr'>caput</span> 
     </span>
     <span class='ocr_line' id='line_1_60' title="bbox 1035 900 1136 940; baseline -0.01 -11"><span class='ocrx_word' id='word_1_257' title='bbox 1035 900 1136 940; x_wconf 86' lang='lat' dir='ltr'>eJus.</span> 
     </span>
    </p>

    <p class='ocr_par' dir='ltr' id='par_1_27' title="bbox 1034 945 1870 1102">
     <span class='ocr_line' id='line_1_61' title="bbox 1086 945 1869 1000; baseline 0.003 -13"><span class='ocrx_word' id='word_1_258' title='bbox 1086 948 1186 988; x_wconf 89' lang='lat' dir='ltr'>Ant.</span> <span class='ocrx_word' id='word_1_259' title='bbox 1217 945 1370 987; x_wconf 91' lang='lat' dir='ltr'>Crucis</span> <span class='ocrx_word' id='word_1_260' title='bbox 1389 946 1622 998; x_wconf 90' lang='lat' dir='ltr'>imperium</span> <span class='ocrx_word' id='word_1_261' title='bbox 1641 959 1775 1000; x_wconf 89' lang='lat' dir='ltr'>super</span> <span class='ocrx_word' id='word_1_262' title='bbox 1793 947 1869 989; x_wconf 79' lang='lat' dir='ltr'>hu-</span> 
     </span>
     <span class='ocr_line' id='line_1_62' title="bbox 1034 1001 1870 1055; baseline 0.004 -14"><span class='ocrx_word' id='word_1_263' title='bbox 1034 1013 1203 1042; x_wconf 90' lang='lat' dir='ltr'>merum</span> <span class='ocrx_word' id='word_1_264' title='bbox 1223 1001 1328 1052; x_wconf 90' lang='lat' dir='ltr'>ejus:</span> <span class='ocrx_word' id='word_1_265' title='bbox 1348 1003 1548 1053; x_wconf 69' lang='lat' dir='ltr'>regnavit</span> <span class='ocrx_word' id='word_1_266' title='bbox 1562 1016 1587 1044; x_wconf 85' lang='lat' dir='ltr'><strong>a</strong></span> <span class='ocrx_word' id='word_1_267' title='bbox 1603 1003 1720 1055; x_wconf 87' lang='lat' dir='ltr'>ligno</span> <span class='ocrx_word' id='word_1_268' title='bbox 1736 1004 1870 1046; x_wconf 87' lang='lat' dir='ltr'>Deus.</span> 
     </span>
     <span class='ocr_line' id='line_1_63' title="bbox 1307 1062 1595 1102; baseline -0.003 0"><span class='ocrx_word' id='word_1_269' title='bbox 1307 1062 1501 1102; x_wconf 79' lang='lat' dir='ltr'>Psalmus</span> <span class='ocrx_word' id='word_1_270' title='bbox 1530 1062 1595 1101; x_wconf 81' lang='lat'>97.</span> 
     </span>
    </p>

    <p class='ocr_par' dir='ltr' id='par_1_28' title="bbox 1035 1112 1864 1224">
     <span class='ocr_line' id='line_1_64' title="bbox 1035 1112 1864 1220; baseline 0.005 -65"><span class='ocrx_word' id='word_1_271' title='bbox 1035 1112 1264 1220; x_wconf 66' lang='lat' dir='ltr'>Caritate</span> <span class='ocrx_word' id='word_1_272' title='bbox 1295 1115 1488 1157; x_wconf 81' lang='lat' dir='ltr'>Domino</span> <span class='ocrx_word' id='word_1_273' title='bbox 1531 1116 1751 1158; x_wconf 65' lang='lat' dir='ltr'>canticum</span> <span class='ocrx_word' id='word_1_274' title='bbox 1790 1131 1864 1159; x_wconf 92' lang='lat' dir='ltr'>no-</span> 
     </span>
     <span class='ocr_line' id='line_1_65' title="bbox 1134 1172 1824 1224; baseline 0.004 -12"><span class='ocrx_word' id='word_1_275' title='bbox 1134 1185 1252 1212; x_wconf 86' lang='lat' dir='ltr'>vum:</span> <span class='ocrx_word' id='word_1_276' title='bbox 1279 1172 1303 1198; x_wconf 87' lang='lat'>*</span> <span class='ocrx_word' id='word_1_277' title='bbox 1333 1172 1435 1224; x_wconf 88' lang='lat' dir='ltr'>quia</span> <span class='ocrx_word' id='word_1_278' title='bbox 1464 1172 1683 1214; x_wconf 86' lang='lat' dir='ltr'>mirabilia</span> <span class='ocrx_word' id='word_1_279' title='bbox 1710 1173 1824 1215; x_wconf 87' lang='lat' dir='ltr'>fecit.</span> 
     </span>
    </p>

    <p class='ocr_par' dir='ltr' id='par_1_29' title="bbox 1033 1227 1868 1337">
     <span class='ocr_line' id='line_1_66' title="bbox 1086 1227 1868 1282; baseline 0.005 -14"><span class='ocrx_word' id='word_1_280' title='bbox 1086 1227 1282 1270; x_wconf 67' lang='lat' dir='ltr'>Salvavit</span> <span class='ocrx_word' id='word_1_281' title='bbox 1310 1228 1393 1270; x_wconf 88' lang='lat' dir='ltr'>sibi</span> <span class='ocrx_word' id='word_1_282' title='bbox 1422 1228 1605 1271; x_wconf 80' lang='lat' dir='ltr'>dextera</span> <span class='ocrx_word' id='word_1_283' title='bbox 1634 1231 1742 1282; x_wconf 88' lang='lat' dir='ltr'>ejus:</span> <span class='ocrx_word' id='word_1_284' title='bbox 1771 1232 1795 1258; x_wconf 89' lang='lat'>*</span> <span class='ocrx_word' id='word_1_285' title='bbox 1824 1235 1868 1272; x_wconf 90' lang='lat' dir='ltr'>et</span> 
     </span>
     <span class='ocr_line' id='line_1_67' title="bbox 1033 1284 1605 1337; baseline 0.003 -13"><span class='ocrx_word' id='word_1_286' title='bbox 1033 1284 1263 1325; x_wconf 62' lang='lat' dir='ltr'>brachium</span> <span class='ocrx_word' id='word_1_287' title='bbox 1283 1290 1483 1326; x_wconf 87' lang='lat' dir='ltr'>sanctum</span> <span class='ocrx_word' id='word_1_288' title='bbox 1504 1285 1605 1337; x_wconf 86' lang='lat' dir='ltr'>ejus.</span> 
     </span>
    </p>

    <p class='ocr_par' dir='ltr' id='par_1_30' title="bbox 1030 1341 1866 1506">
     <span class='ocr_line' id='line_1_68' title="bbox 1083 1341 1866 1384; baseline 0.003 -2"><span class='ocrx_word' id='word_1_289' title='bbox 1083 1341 1251 1382; x_wconf 93' lang='lat' dir='ltr'>Notum</span> <span class='ocrx_word' id='word_1_290' title='bbox 1285 1341 1388 1383; x_wconf 87' lang='lat' dir='ltr'>fecit</span> <span class='ocrx_word' id='word_1_291' title='bbox 1420 1341 1637 1383; x_wconf 76' lang='lat' dir='ltr'>Deminus</span> <span class='ocrx_word' id='word_1_292' title='bbox 1674 1342 1866 1384; x_wconf 64' lang='lat' dir='ltr'>salutare</span> 
     </span>
     <span class='ocr_line' id='line_1_69' title="bbox 1032 1397 1864 1450; baseline 0.002 -12"><span class='ocrx_word' id='word_1_293' title='bbox 1032 1410 1175 1438; x_wconf 88' lang='lat' dir='ltr'>suum:</span> <span class='ocrx_word' id='word_1_294' title='bbox 1199 1399 1223 1425; x_wconf 89' lang='lat'>*</span> <span class='ocrx_word' id='word_1_295' title='bbox 1245 1397 1291 1438; x_wconf 93' lang='lat' dir='ltr'>in</span> <span class='ocrx_word' id='word_1_296' title='bbox 1310 1399 1553 1450; x_wconf 91' lang='lat' dir='ltr'>conspectu</span> <span class='ocrx_word' id='word_1_297' title='bbox 1573 1398 1782 1440; x_wconf 88' lang='lat' dir='ltr'>Gentium</span> <span class='ocrx_word' id='word_1_298' title='bbox 1801 1412 1864 1440; x_wconf 89' lang='lat' dir='ltr'>re-</span> 
     </span>
     <span class='ocr_line' id='line_1_70' title="bbox 1030 1453 1575 1506; baseline 0 -11"><span class='ocrx_word' id='word_1_299' title='bbox 1030 1453 1192 1496; x_wconf 62' lang='lat' dir='ltr'>velavit</span> <span class='ocrx_word' id='word_1_300' title='bbox 1210 1454 1420 1506; x_wconf 86' lang='lat' dir='ltr'>justitiam</span> <span class='ocrx_word' id='word_1_301' title='bbox 1440 1466 1575 1495; x_wconf 84' lang='lat' dir='ltr'>suam.</span> 
     </span>
    </p>

    <p class='ocr_par' dir='ltr' id='par_1_31' title="bbox 1029 1510 1862 1664">
     <span class='ocr_line' id='line_1_71' title="bbox 1080 1510 1862 1553; baseline 0.003 -2"><span class='ocrx_word' id='word_1_302' title='bbox 1080 1510 1361 1552; x_wconf 68' lang='lat' dir='ltr'>Recordatus</span> <span class='ocrx_word' id='word_1_303' title='bbox 1421 1515 1488 1552; x_wconf 91' lang='lat' dir='ltr'>est</span> <span class='ocrx_word' id='word_1_304' title='bbox 1546 1510 1862 1553; x_wconf 70' lang='lat' dir='ltr'>misericordiae</span> 
     </span>
     <span class='ocr_line' id='line_1_72' title="bbox 1030 1567 1861 1617; baseline 0.002 -10"><span class='ocrx_word' id='word_1_305' title='bbox 1030 1579 1137 1617; x_wconf 88' lang='lat' dir='ltr'>suae,</span> <span class='ocrx_word' id='word_1_306' title='bbox 1165 1568 1189 1594; x_wconf 89' lang='lat'>*</span> <span class='ocrx_word' id='word_1_307' title='bbox 1218 1571 1262 1608; x_wconf 88' lang='lat' dir='ltr'>et</span> <span class='ocrx_word' id='word_1_308' title='bbox 1285 1567 1483 1608; x_wconf 67' lang='lat' dir='ltr'>veritatis</span> <span class='ocrx_word' id='word_1_309' title='bbox 1507 1579 1599 1608; x_wconf 87' lang='lat' dir='ltr'>suae</span> <span class='ocrx_word' id='word_1_310' title='bbox 1626 1567 1777 1609; x_wconf 82' lang='lat' dir='ltr'>domui</span> <span class='ocrx_word' id='word_1_311' title='bbox 1800 1569 1861 1609; x_wconf 91' lang='lat' dir='ltr'>Is-</span> 
     </span>
     <span class='ocr_line' id='line_1_73' title="bbox 1029 1623 1131 1664; baseline 0.01 -1"><span class='ocrx_word' id='word_1_312' title='bbox 1029 1623 1131 1664; x_wconf 69' lang='lat' dir='ltr'>rael.</span> 
     </span>
    </p>

    <p class='ocr_par' dir='ltr' id='par_1_32' title="bbox 1029 1679 1863 1778">
     <span class='ocr_line' id='line_1_74' title="bbox 1082 1679 1863 1723; baseline 0.001 -3"><span class='ocrx_word' id='word_1_313' title='bbox 1082 1679 1303 1721; x_wconf 77' lang='lat' dir='ltr'>Viderunt</span> <span class='ocrx_word' id='word_1_314' title='bbox 1323 1693 1476 1722; x_wconf 90' lang='lat' dir='ltr'>omnes</span> <span class='ocrx_word' id='word_1_315' title='bbox 1495 1681 1669 1722; x_wconf 76' lang='lat' dir='ltr'>termini</span> <span class='ocrx_word' id='word_1_316' title='bbox 1688 1686 1820 1723; x_wconf 88' lang='lat' dir='ltr'>terrae</span> <span class='ocrx_word' id='word_1_317' title='bbox 1839 1682 1863 1706; x_wconf 88' lang='lat'>*</span> 
     </span>
     <span class='ocr_line' id='line_1_75' title="bbox 1029 1735 1496 1778; baseline 0.004 -2"><span class='ocrx_word' id='word_1_318' title='bbox 1029 1735 1222 1777; x_wconf 69' lang='lat' dir='ltr'>salutare</span> <span class='ocrx_word' id='word_1_319' title='bbox 1240 1736 1324 1778; x_wconf 91' lang='lat' dir='ltr'>Dei</span> <span class='ocrx_word' id='word_1_320' title='bbox 1344 1737 1496 1778; x_wconf 90' lang='lat' dir='ltr'>nostri.</span> 
     </span>
    </p>

    <p class='ocr_par' dir='ltr' id='par_1_33' title="bbox 1030 1791 1863 1903">
     <span class='ocr_line' id='line_1_76' title="bbox 1081 1791 1863 1835; baseline 0.004 -3"><span class='ocrx_word' id='word_1_321' title='bbox 1081 1792 1106 1832; x_wconf 89' lang='lat' dir='ltr'>J</span> <span class='ocrx_word' id='word_1_322' title='bbox 1108 1791 1274 1834; x_wconf 64' lang='lat' dir='ltr'>ubilete</span> <span class='ocrx_word' id='word_1_323' title='bbox 1293 1793 1391 1834; x_wconf 88' lang='lat' dir='ltr'>Deo</span> <span class='ocrx_word' id='word_1_324' title='bbox 1412 1794 1553 1835; x_wconf 91' lang='lat' dir='ltr'>omnis</span> <span class='ocrx_word' id='word_1_325' title='bbox 1572 1798 1702 1835; x_wconf 86' lang='lat' dir='ltr'>terra:</span> <span class='ocrx_word' id='word_1_326' title='bbox 1722 1795 1745 1821; x_wconf 92' lang='lat'>*</span> <span class='ocrx_word' id='word_1_327' title='bbox 1766 1807 1863 1835; x_wconf 85' lang='lat' dir='ltr'>can-</span> 
     </span>
     <span class='ocr_line' id='line_1_77' title="bbox 1030 1848 1716 1903; baseline 0.003 -14"><span class='ocrx_word' id='word_1_328' title='bbox 1030 1850 1133 1898; x_wconf 66' lang='lat' dir='ltr'>tate,</span> <span class='ocrx_word' id='word_1_329' title='bbox 1154 1853 1198 1890; x_wconf 88' lang='lat' dir='ltr'>et</span> <span class='ocrx_word' id='word_1_330' title='bbox 1216 1848 1445 1899; x_wconf 65' lang='lat' dir='ltr'>exsultate,</span> <span class='ocrx_word' id='word_1_331' title='bbox 1465 1854 1510 1892; x_wconf 89' lang='lat' dir='ltr'>et</span> <span class='ocrx_word' id='word_1_332' title='bbox 1529 1850 1716 1903; x_wconf 65' lang='lat' dir='ltr'>psallite.</span> 
     </span>
    </p>

    <p class='ocr_par' dir='ltr' id='par_1_34' title="bbox 1034 1904 1867 2067">
     <span class='ocr_line' id='line_1_78' title="bbox 1082 1904 1867 1957; baseline 0.004 -12"><span class='ocrx_word' id='word_1_333' title='bbox 1082 1904 1264 1947; x_wconf 65' lang='lat' dir='ltr'>Psallite</span> <span class='ocrx_word' id='word_1_334' title='bbox 1291 1905 1483 1947; x_wconf 84' lang='lat' dir='ltr'>Domino</span> <span class='ocrx_word' id='word_1_335' title='bbox 1519 1907 1563 1947; x_wconf 91' lang='lat' dir='ltr'>in</span> <span class='ocrx_word' id='word_1_336' title='bbox 1602 1906 1788 1957; x_wconf 85' lang='lat' dir='ltr'>cithara,</span> <span class='ocrx_word' id='word_1_337' title='bbox 1824 1907 1867 1948; x_wconf 95' lang='lat' dir='ltr'>in</span> 
     </span>
     <span class='ocr_line' id='line_1_79' title="bbox 1034 1960 1866 2014; baseline 0.005 -13"><span class='ocrx_word' id='word_1_338' title='bbox 1034 1960 1202 2002; x_wconf 84' lang='lat' dir='ltr'>cithara</span> <span class='ocrx_word' id='word_1_339' title='bbox 1227 1966 1270 2002; x_wconf 92' lang='lat' dir='ltr'>et</span> <span class='ocrx_word' id='word_1_340' title='bbox 1294 1974 1405 2003; x_wconf 88' lang='lat' dir='ltr'>voce</span> <span class='ocrx_word' id='word_1_341' title='bbox 1430 1962 1603 2014; x_wconf 88' lang='lat' dir='ltr'>psalmi:</span> <span class='ocrx_word' id='word_1_342' title='bbox 1629 1964 1653 1989; x_wconf 93' lang='lat'>*</span> <span class='ocrx_word' id='word_1_343' title='bbox 1679 1964 1723 2004; x_wconf 90' lang='lat' dir='ltr'>in</span> <span class='ocrx_word' id='word_1_344' title='bbox 1749 1963 1866 2005; x_wconf 92' lang='lat' dir='ltr'>tubis</span> 
     </span>
     <span class='ocr_line' id='line_1_80' title="bbox 1035 2016 1819 2067; baseline 0.004 -9"><span class='ocrx_word' id='word_1_345' title='bbox 1035 2016 1282 2067; x_wconf 87' lang='lat' dir='ltr'>ductilibus,</span> <span class='ocrx_word' id='word_1_346' title='bbox 1303 2022 1347 2059; x_wconf 87' lang='lat' dir='ltr'>et</span> <span class='ocrx_word' id='word_1_347' title='bbox 1365 2031 1475 2060; x_wconf 84' lang='lat' dir='ltr'>voce</span> <span class='ocrx_word' id='word_1_348' title='bbox 1494 2019 1614 2061; x_wconf 88' lang='lat' dir='ltr'>tubae</span> <span class='ocrx_word' id='word_1_349' title='bbox 1634 2022 1819 2061; x_wconf 82' lang='lat' dir='ltr'>corneae.</span> 
     </span>
    </p>

    <p class='ocr_par' dir='ltr' id='par_1_35' title="bbox 1033 2073 1867 2284">
     <span class='ocr_line' id='line_1_81' title="bbox 1085 2073 1866 2127; baseline 0.004 -13"><span class='ocrx_word' id='word_1_350' title='bbox 1085 2073 1278 2115; x_wconf 69' lang='lat' dir='ltr'>Jubileite</span> <span class='ocrx_word' id='word_1_351' title='bbox 1302 2074 1347 2114; x_wconf 94' lang='lat' dir='ltr'>in</span> <span class='ocrx_word' id='word_1_352' title='bbox 1373 2077 1615 2127; x_wconf 86' lang='lat' dir='ltr'>conspectu</span> <span class='ocrx_word' id='word_1_353' title='bbox 1641 2076 1759 2126; x_wconf 87' lang='lat' dir='ltr'>regis</span> <span class='ocrx_word' id='word_1_354' title='bbox 1778 2076 1866 2118; x_wconf 82' lang='lat' dir='ltr'>Do-</span> 
     </span>
     <span class='ocr_line' id='line_1_82' title="bbox 1033 2129 1866 2184; baseline 0.005 -15"><span class='ocrx_word' id='word_1_355' title='bbox 1033 2129 1157 2170; x_wconf 84' lang='lat' dir='ltr'>mini:</span> <span class='ocrx_word' id='word_1_356' title='bbox 1185 2130 1209 2156; x_wconf 86' lang='lat'>*</span> <span class='ocrx_word' id='word_1_357' title='bbox 1233 2132 1465 2172; x_wconf 67' lang='lat' dir='ltr'>moveatur</span> <span class='ocrx_word' id='word_1_358' title='bbox 1492 2144 1631 2181; x_wconf 86' lang='lat' dir='ltr'>mare,</span> <span class='ocrx_word' id='word_1_359' title='bbox 1661 2137 1706 2173; x_wconf 85' lang='lat' dir='ltr'>et</span> <span class='ocrx_word' id='word_1_360' title='bbox 1732 2132 1866 2184; x_wconf 91' lang='lat' dir='ltr'>pleni-</span> 
     </span>
     <span class='ocr_line' id='line_1_83' title="bbox 1034 2184 1867 2240; baseline 0.005 -14"><span class='ocrx_word' id='word_1_361' title='bbox 1034 2184 1143 2227; x_wconf 80' lang='lat' dir='ltr'>tudo</span> <span class='ocrx_word' id='word_1_362' title='bbox 1173 2187 1278 2238; x_wconf 87' lang='lat' dir='ltr'>ejus:</span> <span class='ocrx_word' id='word_1_363' title='bbox 1312 2186 1432 2228; x_wconf 89' lang='lat' dir='ltr'>orbis</span> <span class='ocrx_word' id='word_1_364' title='bbox 1461 2189 1691 2238; x_wconf 66' lang='lat' dir='ltr'>terrerum,</span> <span class='ocrx_word' id='word_1_365' title='bbox 1721 2193 1766 2230; x_wconf 86' lang='lat' dir='ltr'>et</span> <span class='ocrx_word' id='word_1_366' title='bbox 1793 2189 1867 2240; x_wconf 86' lang='lat' dir='ltr'>qui</span> 
     </span>
     <span class='ocr_line' id='line_1_84' title="bbox 1033 2239 1381 2284; baseline 0.006 -3"><span class='ocrx_word' id='word_1_367' title='bbox 1033 2239 1233 2283; x_wconf 64' lang='lat' dir='ltr'>habitant</span> <span class='ocrx_word' id='word_1_368' title='bbox 1251 2241 1296 2282; x_wconf 89' lang='lat' dir='ltr'>in</span> <span class='ocrx_word' id='word_1_369' title='bbox 1316 2254 1381 2284; x_wconf 93' lang='lat' dir='ltr'>eo.</span> 
     </span>
    </p>

    <p class='ocr_par' dir='ltr' id='par_1_36' title="bbox 1033 2296 1867 2506">
     <span class='ocr_line' id='line_1_85' title="bbox 1085 2296 1867 2350; baseline 0.005 -13"><span class='ocrx_word' id='word_1_370' title='bbox 1085 2296 1285 2338; x_wconf 83' lang='lat' dir='ltr'>Flumina</span> <span class='ocrx_word' id='word_1_371' title='bbox 1316 2298 1528 2350; x_wconf 85' lang='lat' dir='ltr'>plaudent</span> <span class='ocrx_word' id='word_1_372' title='bbox 1556 2311 1706 2349; x_wconf 89' lang='lat' dir='ltr'>manu,</span> <span class='ocrx_word' id='word_1_373' title='bbox 1739 2300 1867 2341; x_wconf 89' lang='lat' dir='ltr'>simul</span> 
     </span>
     <span class='ocr_line' id='line_1_86' title="bbox 1033 2354 1867 2409; baseline 0.005 -15"><span class='ocrx_word' id='word_1_374' title='bbox 1033 2358 1206 2395; x_wconf 89' lang='lat' dir='ltr'>montes</span> <span class='ocrx_word' id='word_1_375' title='bbox 1244 2354 1527 2396; x_wconf 68' lang='lat' dir='ltr'>exsultabunt</span> <span class='ocrx_word' id='word_1_376' title='bbox 1560 2367 1586 2396; x_wconf 87' lang='lat' dir='ltr'>a</span> <span class='ocrx_word' id='word_1_377' title='bbox 1622 2358 1867 2409; x_wconf 87' lang='lat' dir='ltr'>conspectu</span> 
     </span>
     <span class='ocr_line' id='line_1_87' title="bbox 1033 2409 1865 2464; baseline 0.006 -15"><span class='ocrx_word' id='word_1_378' title='bbox 1033 2409 1227 2450; x_wconf 84' lang='lat' dir='ltr'>Domini:</span> <span class='ocrx_word' id='word_1_379' title='bbox 1251 2410 1275 2437; x_wconf 87' lang='lat'>*</span> <span class='ocrx_word' id='word_1_380' title='bbox 1299 2410 1507 2461; x_wconf 72' lang='lat' dir='ltr'>quoniam</span> <span class='ocrx_word' id='word_1_381' title='bbox 1530 2411 1650 2453; x_wconf 88' lang='lat' dir='ltr'>venit</span> <span class='ocrx_word' id='word_1_382' title='bbox 1670 2412 1865 2464; x_wconf 66' lang='lat' dir='ltr'>judicare</span> 
     </span>
     <span class='ocr_line' id='line_1_88' title="bbox 1034 2469 1207 2506; baseline -0.006 0"><span class='ocrx_word' id='word_1_383' title='bbox 1034 2469 1207 2506; x_wconf 87' lang='lat' dir='ltr'>terram.</span> 
     </span>
    </p>

    <p class='ocr_par' dir='ltr' id='par_1_37' title="bbox 1035 2521 1864 2633">
     <span class='ocr_line' id='line_1_89' title="bbox 1085 2521 1864 2576; baseline 0.005 -14"><span class='ocrx_word' id='word_1_384' title='bbox 1085 2521 1110 2561; x_wconf 86' lang='lat' dir='ltr'>J</span> <span class='ocrx_word' id='word_1_385' title='bbox 1112 2521 1309 2563; x_wconf 65' lang='lat' dir='ltr'>udicabit</span> <span class='ocrx_word' id='word_1_386' title='bbox 1333 2523 1486 2564; x_wconf 92' lang='lat' dir='ltr'>orbem</span> <span class='ocrx_word' id='word_1_387' title='bbox 1509 2526 1725 2566; x_wconf 66' lang='lat' dir='ltr'>terrarum</span> <span class='ocrx_word' id='word_1_388' title='bbox 1745 2525 1788 2565; x_wconf 92' lang='lat' dir='ltr'>in</span> <span class='ocrx_word' id='word_1_389' title='bbox 1806 2526 1864 2576; x_wconf 91' lang='lat' dir='ltr'>ju-</span> 
     </span>
     <span class='ocr_line' id='line_1_90' title="bbox 1035 2578 1783 2633; baseline 0.003 -15"><span class='ocrx_word' id='word_1_390' title='bbox 1035 2578 1163 2628; x_wconf 86' lang='lat' dir='ltr'>stitia,</span> <span class='ocrx_word' id='word_1_391' title='bbox 1182 2579 1206 2605; x_wconf 90' lang='lat'>*</span> <span class='ocrx_word' id='word_1_392' title='bbox 1226 2582 1271 2619; x_wconf 90' lang='lat' dir='ltr'>et</span> <span class='ocrx_word' id='word_1_393' title='bbox 1288 2579 1481 2631; x_wconf 78' lang='lat' dir='ltr'>populos</span> <span class='ocrx_word' id='word_1_394' title='bbox 1499 2580 1543 2620; x_wconf 90' lang='lat' dir='ltr'>in</span> <span class='ocrx_word' id='word_1_395' title='bbox 1562 2581 1783 2633; x_wconf 65' lang='lat' dir='ltr'>aequiteite.</span> 
     </span>
    </p>

    <p class='ocr_par' dir='ltr' id='par_1_38' title="bbox 1034 2635 1863 2744">
     <span class='ocr_line' id='line_1_91' title="bbox 1085 2635 1863 2688; baseline 0.003 -14"><span class='ocrx_word' id='word_1_396' title='bbox 1085 2636 1184 2675; x_wconf 88' lang='lat' dir='ltr'>Ant.</span> <span class='ocrx_word' id='word_1_397' title='bbox 1213 2635 1370 2676; x_wconf 88' lang='lat' dir='ltr'>Crucis</span> <span class='ocrx_word' id='word_1_398' title='bbox 1390 2635 1621 2688; x_wconf 88' lang='lat' dir='ltr'>imperium</span> <span class='ocrx_word' id='word_1_399' title='bbox 1638 2649 1771 2688; x_wconf 90' lang='lat' dir='ltr'>super</span> <span class='ocrx_word' id='word_1_400' title='bbox 1788 2635 1863 2676; x_wconf 81' lang='lat' dir='ltr'>hu-</span> 
     </span>
     <span class='ocr_line' id='line_1_92' title="bbox 1034 2691 1863 2744; baseline 0.002 -14"><span class='ocrx_word' id='word_1_401' title='bbox 1034 2702 1203 2731; x_wconf 87' lang='lat' dir='ltr'>merum</span> <span class='ocrx_word' id='word_1_402' title='bbox 1218 2691 1325 2741; x_wconf 87' lang='lat' dir='ltr'>ejus:</span> <span class='ocrx_word' id='word_1_403' title='bbox 1346 2692 1544 2742; x_wconf 74' lang='lat' dir='ltr'>regnavit</span> <span class='ocrx_word' id='word_1_404' title='bbox 1559 2705 1585 2734; x_wconf 85' lang='lat' dir='ltr'>a</span> <span class='ocrx_word' id='word_1_405' title='bbox 1598 2692 1716 2744; x_wconf 86' lang='lat' dir='ltr'>ligno</span> <span class='ocrx_word' id='word_1_406' title='bbox 1731 2692 1863 2732; x_wconf 87' lang='lat' dir='ltr'>Deus.</span> 
     </span>
    </p>
   </div>
   <div class='ocr_carea' id='block_1_12' title="bbox 1590 2823 1656 2856">
    <p class='ocr_par' dir='ltr' id='par_1_39' title="bbox 1590 2823 1656 2856">
     <span class='ocr_line' id='line_1_93' title="bbox 1590 2823 1656 2856; baseline 0.015 -1"><span class='ocrx_word' id='word_1_407' title='bbox 1590 2823 1656 2856; x_wconf 81' lang='lat'>23*</span> 
     </span>
    </p>
   </div>
  </div>
 </body>
</html>
