2040 2944
182 204 226 240 76
775 203 887 237 Feria
911 203 1045 246 quintu
1070 204 1119 237 ad
1144 203 1381 238 Matutinum.

232 307 330 346 Ant.
358 304 418 343 Et
446 296 757 340 invocabimus.

449 363 645 403 l'salmus
673 363 735 403 74.

259 415 535 458 onfitebimur
562 413 643 455 tibi
662 414 798 454 Deus:
824 414 847 439 *
876 412 1008 454 confi-

287 472 490 520 tebimur,
527 475 571 511 et
603 469 905 511 invocabimus
933 481 1007 509 no-

182 543 280 572 men
309 534 440 570 tuum.

234 584 520 627 Narrabimus
534 582 751 624 mirabilia
766 587 857 624 tua:
871 583 894 608 *
909 594 1008 622 cum

182 643 394 693 accepero
418 645 604 692 tempus,
631 651 713 690 ego
739 638 925 690 justitias
951 639 1008 689 ju-

182 696 350 739 dicabo.

232 752 490 804 Liquefacta
519 756 586 793 est
613 755 745 800 terra,
780 754 823 792 et
856 762 1009 791 omnes

182 810 256 862 qui
289 808 489 850 habitant
520 808 563 848 in
593 820 658 848 ea:
691 808 714 834 *
744 819 825 858 ego
855 806 1008 847 confir-

181 866 297 907 mavi
326 864 552 906 columnas
582 865 683 915 ejus

233 922 337 962 Dixi
348 921 523 972 iniquis:
537 920 687 962 Nolite
702 920 849 971 inique
865 922 1009 970 agere:

182 980 205 1005 *
234 983 278 1019 et
306 977 678 1028 delinquentibus:
711 976 862 1017 Nolite
896 975 1009 1017 exal-

182 1037 277 1076 tare
306 1046 457 1075 cornu:

233 1090 383 1131 Nolite
409 1089 621 1131 extollere
645 1089 690 1129 in
713 1089 850 1130 altum
875 1101 1010 1130 cornu

182 1151 391 1188 vestrum:
420 1148 443 1172 *
470 1146 608 1187 nolite
643 1145 766 1197 loqui
799 1145 1010 1186 adversus

182 1203 326 1244 Deum
352 1202 638 1253 iniquitatem.

235 1258 347 1308 Quia
379 1271 522 1309 neque
554 1258 610 1299 ab
640 1257 834 1307 Oriente,
867 1270 1011 1309 neque

184 1314 238 1355 ab
279 1314 539 1364 Occidente,
579 1326 722 1366 neque
761 1326 786 1354 a
823 1313 1011 1355 desertis

183 1370 423 1412 mentibus:
447 1372 470 1397 *
497 1370 704 1422 queniam
731 1370 852 1412 Deus
880 1369 1011 1422 judex

185 1432 262 1468 est.

236 1483 366 1524 Hunc
385 1482 595 1532 humiliat,
621 1487 663 1524 et
689 1482 805 1523 hunc
834 1482 1012 1524 exaltat:

185 1541 209 1566 *
234 1539 335 1591 quia
361 1538 474 1580 calix
499 1539 542 1579 in
565 1544 696 1580 manu
719 1539 898 1580 Demini
923 1539 1013 1580 vini

185 1595 294 1637 meri
321 1595 478 1648 plenus
506 1595 649 1636 misto.

237 1652 294 1693 Et
314 1651 539 1694 inclinavit
564 1665 618 1693 ex
637 1652 722 1693 hoc
745 1652 789 1692 in
814 1652 915 1693 hoc:
942 1665 1012 1694 ve-

185 1711 430 1749 rumtamen
463 1708 549 1749 faex
582 1709 672 1760 ejus
705 1721 792 1750 non
827 1713 893 1750 est
927 1709 1013 1750 exi-

186 1767 348 1806 nanita:
367 1766 390 1791 *
409 1764 562 1806 bibent
582 1777 734 1806 omnes
753 1767 1013 1818 peccateres

185 1826 328 1862 terrae.

239 1877 333 1927 Ego
358 1881 504 1918 autem
524 1877 793 1918 annuntiabo
818 1878 862 1918 in
881 1880 1014 1920 saecu-

187 1933 293 1973 lum:
321 1934 344 1960 *
372 1933 560 1974 cantabo
585 1934 682 1974 Deo
711 1934 860 1975 Jacob.

239 1989 296 2030 Et
340 1990 485 2030 emnia
526 1991 690 2031 cernua
730 1993 1014 2042 peccaterum

189 2045 475 2096 confringam:
492 2047 515 2073 *
531 2050 575 2087 et
594 2046 902 2088 exaltabantur
921 2049 1014 2089 cer-

188 2114 273 2142 nua
300 2102 410 2153 justi.

458 2154 655 2195 l'salmus
683 2155 746 2195 75.

187 2202 384 2308 Notus
410 2210 454 2250 in
481 2209 636 2251 Judaea
663 2211 801 2252 Deus:
827 2213 851 2238 *
883 2211 926 2252 in
954 2213 1014 2253 Is·

318 2266 409 2307 rael
436 2279 641 2317 magnum
669 2279 830 2308 nomen
859 2269 960 2319 ejus.

240 2322 297 2364 Et
315 2322 456 2364 factus
477 2327 543 2364 est
564 2323 608 2363 in
630 2336 740 2375 paee
759 2323 884 2365 locus
907 2326 1014 2377 ejus:

189 2380 213 2405 *
238 2383 282 2420 et
307 2377 522 2420 habitatio
553 2380 643 2431 ejus
671 2380 715 2420 in
743 2379 858 2422 Sion.

240 2434 309 2475 Ibi
338 2434 551 2485 confregit
575 2436 799 2487 potentias
823 2439 1014 2488 arcuum,

189 2491 213 2517 *
241 2495 424 2540 scutum,
451 2491 655 2542 gladium,
684 2497 727 2534 et
754 2492 930 2535 bellum.

241 2546 498 2588 Illuminans
512 2552 559 2589 tu
577 2548 835 2591 mirabiliter
855 2562 881 2591 a
893 2552 1013 2591 men-

188 2602 307 2644 tibus
325 2603 517 2644 aeternis:
528 2606 551 2630 *
562 2603 726 2646 turbati
741 2610 842 2647 sunt
860 2618 1013 2648 omnes

190 2659 448 2712 insipientes
477 2660 623 2702 eorde.

241 2716 526 2758 Dormierunt
551 2729 752 2759 somnum
781 2720 1013 2761 suum:*et

1061 294 1169 335 nihil
1196 293 1459 334 invenerunt
1487 303 1640 333 omnes
1668 291 1751 332 viri
1783 291 1891 334 divi-

1062 351 1223 392 tiarum
1246 349 1291 390 in
1318 347 1522 389 manibus
1550 347 1652 388 suis.

1114 406 1186 448 Ab
1202 404 1506 458 increpatione
1523 409 1600 445 tua
1614 404 1737 446 Deus
1752 405 1892 447 Jacob

1062 465 1086 490 *
1115 462 1467 504 dormitaverunt
1498 461 1574 512 qui
1598 460 1893 504 ascenderunt

1063 532 1212 572 equos

1114 576 1183 617 Tu
1205 573 1415 617 terribilis
1445 586 1503 623 es,
1532 578 1576 615 et
1598 573 1696 626 quis
1716 576 1894 616 resistet

1062 631 1168 674 tibi?
1198 634 1221 659 *
1250 643 1305 672 ex
1332 635 1437 672 tunc
1461 630 1528 671 ira
1554 635 1642 671 tua.

1113 689 1182 730 De
1228 687 1343 729 coelo
1393 686 1592 728 auditum
1641 686 1786 728 fecisti
1835 688 1894 739 ju-

1063 745 1240 787 dicium:
1259 745 1283 771 *
1302 748 1421 785 terra
1443 743 1624 785 tremuit
1649 748 1694 785 et
1716 743 1894 795 quievit.

1115 802 1226 843 Cum
1246 803 1505 851 exsurgeret
1521 800 1566 840 in
1586 799 1795 852 judicium
1809 800 1894 842 De-

1062 871 1125 908 us,
1144 860 1167 885 *
1187 862 1236 899 ut
1253 857 1402 898 salvos
1422 856 1589 899 faceret
1611 868 1765 898 omnes
1784 869 1896 898 man·

1064 916 1215 956 suetos
1244 918 1388 955 terrae.

1116 970 1335 1021 Queniam
1359 969 1573 1020 cogitatio
1590 969 1782 1010 heminis
1801 982 1897 1011 con·

1062 1027 1259 1069 fitebitur
1277 1026 1375 1068 tibi:
1399 1028 1423 1053 *
1449 1031 1492 1068 et
1512 1026 1712 1078 reliquiae
1731 1026 1895 1077 cogita-

1063 1084 1198 1125 tienis
1227 1083 1346 1125 diem
1373 1083 1535 1124 festum
1563 1087 1696 1134 agent
1722 1083 1816 1125 tibi.

1116 1141 1302 1189 Vovete‚
1323 1144 1368 1181 et
1386 1138 1774 1197 reddite0D6mino
1796 1140 1896 1181 Deo

1064 1201 1230 1238 vestro:
1262 1198 1286 1223 *
1325 1208 1480 1238 omnes
1518 1196 1594 1248 qui
1629 1196 1674 1237 in
1710 1196 1897 1238 circuitu

1065 1254 1156 1305 ejus
1186 1253 1353 1294 affertis
1381 1255 1574 1294 munera.

1117 1309 1325 1351 Terribili
1336 1314 1380 1351 et
1397 1309 1437 1351 ei
1449 1309 1523 1361 qui
1534 1309 1676 1351 aufert
1692 1309 1898 1362 spiritum

1064 1366 1329 1419 principum,
1356 1368 1380 1393 *
1406 1365 1594 1408 terribili
1622 1365 1742 1418 apud
1769 1378 1898 1416 reges

1064 1427 1207 1464 terrae.

1107 1492 1208 1533 Ant.
1223 1491 1282 1531 Et
1291 1486 1596 1529 invocabimus
1605 1499 1765 1529 nomen
1773 1492 1899 1529 tuum

1065 1544 1266 1585 Demine.

1108 1612 1209 1652 Ant.
1248 1611 1320 1651 Tu
1348 1621 1395 1650 es
1422 1608 1556 1650 Deus.

1334 1695 1535 1737 Psalmus
1565 1696 1631 1737 76.

1064 1761 1241 1868 Voce
1258 1772 1358 1802 mea
1375 1759 1432 1801 ad
1442 1759 1682 1801 Deminum
1698 1760 1900 1803 clamavi:

1184 1818 1208 1844 *
1231 1829 1343 1859 voce
1370 1829 1470 1858 mea
1497 1816 1554 1859 ad
1581 1817 1738 1868 Deum,
1766 1822 1811 1860 et
1838 1817 1899 1859 in-

1066 1873 1209 1915 tendit
1236 1873 1355 1914 mihi.

1119 1930 1170 1970 In
1199 1929 1271 1971 die
1298 1929 1597 1971 tribulatienis
1625 1943 1736 1972 meae
1755 1930 1900 1972 Deum

1068 1985 1298 2038 exquisivi,
1308 1985 1512 2028 manibus
1525 1987 1635 2028 meis
1651 1991 1783 2029 nocte
1799 1999 1899 2029 con-

1067 2047 1136 2084 tra
1165 2055 1282 2084 eum:
1309 2043 1334 2070 *
1363 2047 1406 2084 et
1435 2055 1523 2084 non
1549 2056 1646 2084 sum
1674 2043 1900 2097 deceptus.

1120 2099 1284 2140 Renuit
1312 2099 1534 2141 consolari
1563 2100 1708 2142 anima
1734 2113 1848 2142 mea:
1875 2102 1900 2129 *

1066 2167 1237 2197 memor
1255 2155 1317 2196 fui
1335 2155 1431 2205 Dei,
1457 2161 1500 2198 et
1525 2156 1772 2199 delectatus
1791 2170 1899 2207 sum,

1068 2217 1112 2253 et
1132 2212 1400 2253 exercitatus
1426 2210 1539 2254 sum:
1561 2218 1605 2255 et
1625 2213 1788 2256 defecit
1813 2216 1898 2266 spi-

1067 2268 1177 2310 ritus
1205 2281 1340 2310 meus.

1110 2325 1474 2377 Anticipaverunt
1484 2326 1656 2377 vigilias
1667 2326 1784 2368 eculi
1797 2326 1898 2368 mei:

1067 2381 1305 2423 *turbatus
1317 2395 1424 2432 sum,
1442 2388 1486 2424 et
1500 2395 1590 2424 non
1605 2395 1702 2424 sum
1712 2382 1898 2425 locutus.

1120 2438 1323 2488 Cogitavi
1351 2438 1446 2480 dies
1475 2441 1697 2491 antiquos:
1716 2441 1740 2466 ¹⁸¹
1760 2444 1804 2481 et
1826 2452 1897 2480 an-

1066 2507 1148 2535 nos
1177 2496 1367 2536 aeternos
1395 2495 1440 2536 in
1467 2499 1615 2537 mente
1643 2494 1789 2537 habui.

1117 2551 1174 2592 Et
1210 2551 1450 2593 meditatus
1492 2565 1590 2593 sum
1627 2556 1757 2594 nocte
1797 2564 1897 2593 cum

1067 2607 1202 2650 corde
1235 2620 1354 2658 meo,
1381 2610 1405 2635 *
1441 2613 1485 2650 et
1523 2607 1816 2658 exercitabar,
1854 2613 1897 2650 et

1066 2664 1306 2716 scopebam
1337 2665 1542 2718 spiritum
1569 2677 1728 2706 meum.

1117 2720 1344 2773 Numquid
1372 2721 1415 2762 in
1448 2723 1662 2763 aeternum
1694 2721 1896 2773 projiciet
