2040 2944
546 167 618 202 Die
641 168 697 202 28.
723 166 826 210 Sept.
873 166 909 200 S.
934 164 1156 199 Wenceslai
1179 163 1300 198 Ducis
1326 169 1362 197 ct
1384 163 1491 197 Mart.

161 268 370 320 ligionem
415 279 515 308 cum
556 266 712 318 Lysias
755 267 993 320 praefectus

162 325 462 375 cognovisset,
491 321 652 364 adduci
678 335 756 364 eos
781 323 838 365 ad
861 336 910 366 se
933 324 993 376 ju-

162 380 253 431 bet,
282 393 334 422 ac
362 379 418 422 de
443 378 622 421 vivendi
645 379 849 422 instituto
874 385 920 423 et
939 379 994 422 de

161 437 267 480 fidei
276 436 555 490 professione
569 435 880 487 interrogatos,
896 449 996 478 cum

163 506 211 536 se
230 498 275 536 et
294 493 569 536 Christianos
589 504 704 542 esse,
733 497 777 534 et
796 493 995 534 christia-

162 563 265 592 nam
284 550 419 592 fidem
439 561 538 591 esse
561 548 619 590 ad
639 548 828 591 salutem
847 562 996 591 neces-

164 607 340 657 sariam,
372 605 510 648 libere
541 604 853 658 praedicarent,
887 604 997 647 deos

164 662 365 705 venerari
382 665 585 715 imperat;
605 666 649 703 et
668 661 705 703 si
720 661 766 703 id
781 665 997 711 recusent,

163 720 354 761 minatur
382 719 603 760 cruciatus
632 722 677 760 et
699 730 853 760 necem
879 730 996 760 acer-

164 775 402 818 bissimam.

219 843 270 895 R.
304 840 452 882 Sancti
483 840 548 882 tui
574 839 764 881 Domine
798 838 998 881 mirabile

167 896 394 938 consecuti
408 901 509 938 sunt
519 896 613 944 iter,
629 895 874 938 servientes
888 908 998 948 prae-

167 953 309 1006 ceptis
335 953 439 1003 tuis,
467 957 517 994 ut
543 952 845 994 invenirentur
872 952 1000 993 illaesi

165 1010 210 1050 in
239 1010 364 1062 aquis
390 1008 563 1059 validis;
585 1013 607 1037 *
630 1009 770 1051 Terra
795 1009 1000 1062 apparuit

167 1066 307 1117 arida,
341 1071 384 1108 et
418 1066 462 1106 in
490 1066 602 1107 Mari
634 1065 769 1108 rubro
802 1066 873 1107 via
907 1066 1000 1107 sine

167 1122 497 1176 impedimento.
525 1118 575 1171 V.
591 1123 809 1174 Quoniam
822 1124 1000 1175 percus-

167 1179 224 1221 sit
247 1183 438 1232 petram,
467 1183 512 1220 et
536 1179 757 1220 fluxerunt
783 1191 927 1231 aquae,
957 1183 1001 1220 et

166 1237 386 1282 torrentes
405 1234 739 1277 inundaverunt.
767 1235 917 1277 Terra.

480 1314 633 1355 Lectio
654 1327 692 1354 v.

167 1374 384 1483 Verum
418 1388 468 1426 ut
503 1395 551 1425 se
589 1383 751 1425 frustra
787 1382 885 1424 haec
916 1382 1002 1424 illis

273 1442 524 1494 proponere
538 1439 755 1491 intelligit:
772 1439 1002 1491 Colligate,

167 1497 325 1551 inquit,
364 1509 519 1538 manus
559 1500 603 1538 et
634 1496 773 1548 pedes
806 1496 1003 1546 istorum,

169 1556 336 1607 eosque
360 1552 589 1606 exquisitis
614 1554 819 1605 torquete
838 1553 1002 1605 suppli-

171 1610 261 1652 ciis.
302 1609 472 1660 Quibus
503 1610 622 1661 jussa
649 1608 1003 1661 exsequentibus,

170 1666 451 1708 nihilominus
479 1665 663 1707 Cosmas
692 1670 737 1707 et
760 1665 1004 1707 Damianus

170 1723 214 1764 in
247 1722 464 1765 sententia
494 1721 803 1774 persistebant.
859 1722 1004 1772 Quare

169 1783 219 1821 ut
237 1783 361 1821 erant
379 1778 531 1828 vincti,
555 1778 600 1820 in
623 1777 893 1831 profundum
915 1790 1003 1819 ma-

170 1848 218 1878 re
250 1835 481 1887 jaciuntur:
522 1834 639 1876 unde
677 1847 778 1876 cum
811 1834 922 1876 salvi
953 1847 1005 1876 ac

171 1891 304 1934 soluti
323 1896 471 1934 essent
491 1891 673 1942 egressi,
698 1890 880 1942 magicis
905 1891 1005 1932 arti-

170 1948 254 1990 bus
290 1948 527 2001 praefectus
563 1947 729 1990 factum
765 1950 1005 1998 assignans,

171 2004 216 2046 in
253 2006 478 2047 carcerem
513 2003 665 2054 tradit,
701 2016 753 2046 ac
789 2003 1005 2057 postridie

173 2060 378 2110 eductos,
403 2061 447 2102 in
467 2059 695 2102 ardentem
714 2072 871 2111 rogum
889 2060 1006 2112 injici

172 2117 307 2169 jubet:
326 2117 403 2159 ubi
423 2129 523 2158 cum
542 2116 597 2158 ab
616 2116 727 2169 ipsis
747 2116 923 2158 flamma
941 2129 1005 2158 re-

172 2174 361 2226 fugeret,
389 2173 511 2215 varie
538 2178 582 2215 et
607 2172 845 2215 crudeliter
862 2177 1006 2215 tortos

173 2230 319 2272 securi
336 2229 509 2283 percuti
527 2229 678 2272 voluit.
705 2230 863 2282 Itaque
879 2229 924 2270 in
938 2230 963 2271 J
965 2242 1006 2271 e-

175 2299 227 2328 su
271 2286 435 2328 Christi
481 2286 759 2328 confessione
810 2286 1007 2338 martyrii

178 2342 372 2395 palmam
390 2343 669 2395 acceperunt.

227 2414 279 2465 R.
315 2413 516 2455 Verbera
550 2412 806 2454 carnificum
838 2425 926 2454 non
956 2412 1006 2454 ti-

175 2470 378 2510 muerunt
395 2468 536 2511 sancti
554 2469 648 2519 Dei,
667 2469 905 2510 morientes
924 2480 1007 2520 pro

178 2523 340 2566 Christi
362 2525 555 2574 nomine,
575 2527 598 2552 *
623 2525 683 2567 Ut
707 2524 910 2566 haeredes
933 2524 1006 2566 fie-

176 2584 274 2622 rent
292 2580 337 2621 in
355 2581 490 2623 domo
510 2581 699 2623 Domini.
722 2576 773 2629 V.
797 2578 1007 2622 Tradide-

177 2641 291 2678 runt*
311 2639 502 2690 corpora
535 2651 616 2679 sua
647 2642 833 2690 propter
864 2637 1009 2679 Deum

178 2691 235 2734 ad
254 2693 482 2745 supplicia.
509 2694 570 2736 Ut
588 2693 801 2736 haeredes.

336 2833 400 2858 Pars
416 2833 587 2858 Autumnalis.

1051 266 1206 308 Sermo
1241 265 1380 306 sancti
1404 262 1637 314 Augustini
1655 260 1880 314 Episcopi.

1239 327 1355 361 Scrm.
1381 327 1432 361 47.
1460 327 1507 360 de
1533 325 1695 360 Sanctis

1356 379 1509 419 LCCth
1530 378 1583 417 Vl.

1052 412 1477 537 Quotiescumque,
1488 433 1646 474 fratres
1658 431 1882 480 carissimi,

1144 492 1398 531 sanctorum
1411 489 1656 541 Martyrum
1670 488 1884 530 solemnia

1050 547 1337 596 celebramus,
1358 546 1429 596 ita,
1449 546 1558 598 ipsis
1577 543 1882 587 intercedenti-

1048 604 1149 653 bus,
1179 604 1488 655 exspectemus
1515 615 1541 643 a
1564 602 1756 643 Domino
1781 603 1882 643 con-

1051 660 1177 713 sequi
1202 659 1466 712 temporalia
1490 658 1720 708 beneficia,
1748 663 1797 700 ut
1820 658 1884 710 ip-

1051 730 1126 759 sos
1166 717 1386 769 Martyres
1427 715 1641 757 imitando
1683 717 1886 767 accipere

1050 776 1299 816 mereamur
1319 774 1495 815 aeterna.
1539 772 1611 813 Ab
1635 772 1745 824 ipsis
1770 772 1886 813 enim

1053 833 1307 872 sanctorum
1337 830 1581 882 Martyrum
1619 829 1664 869 in
1699 829 1886 870 veritate

1052 887 1339 930 festivitatum
1384 886 1547 937 gaudia
1593 885 1886 935 celebrantur,

1054 944 1128 996 qui
1164 944 1364 996 ipsorum
1399 943 1645 995 Martyrum
1685 942 1887 994 exempla

1053 1003 1308 1053 sequuntur.
1327 999 1638 1041 Solemnitates
1651 999 1766 1041 enim
1776 999 1887 1039 Mar-

1053 1062 1199 1109 tyrum
1231 1056 1563 1098 exhortationes
1596 1060 1698 1097 sunt
1727 1060 1888 1107 marty-

1054 1113 1234 1154 riorum:
1252 1117 1300 1154 ut
1314 1112 1476 1153 imitari
1490 1124 1579 1153 non
1592 1114 1752 1164 pigeat,
1769 1111 1889 1164 quod

1055 1169 1279 1212 celebrare
1299 1168 1503 1211 delectat.

1107 1228 1159 1280 R.
1184 1226 1432 1278 Tamquam
1451 1237 1616 1266 aurum.
1635 1224 1711 1276 [41]

1106 1289 1151 1322 In
1174 1287 1239 1322 111.
1264 1286 1464 1321 Nocturno
1488 1286 1661 1321 I-Iomilia
1684 1285 1723 1319 in
1740 1285 1886 1327 Evang.

1054 1335 1306 1370 Descendens
1334 1334 1462 1369 Jesus.
1499 1335 1545 1368 cle
1576 1334 1714 1368 eodem
1742 1333 1887 1367 Comm.

1055 1385 1085 1418 2.
1102 1384 1201 1418 loco.
1226 1383 1295 1427 [47]
1321 1382 1366 1425 R.
1382 1381 1463 1416 viii.
1484 1381 1582 1416 Haec
1606 1385 1666 1417 est
1689 1391 1793 1417 vera.
1818 1380 1889 1424 [43]

1107 1432 1225 1475 Vesp.
1241 1441 1262 1464 a
1275 1430 1367 1473 Cap.
1381 1430 1428 1464 de
1443 1440 1549 1473 sequ.
1566 1440 1651 1464 cum
1666 1430 1761 1464 cofn.
1773 1436 1888 1472 praec.

1238 1509 1322 1551 Die
1341 1511 1407 1550 28.
1427 1510 1712 1562 Septembris.

1057 1577 1099 1618 S.
1124 1577 1408 1619 wenceslai
1436 1575 1573 1616 Ducis
1602 1579 1646 1615 et
1674 1573 1890 1624 Martyris.

1340 1635 1602 1678 Semiduplex.

1110 1690 1247 1725 Omnia
1270 1691 1317 1725 de
1335 1690 1538 1725 Communi
1556 1691 1671 1725 unius
1689 1689 1799 1722 Mart,
1820 1686 1890 1736 [21]

1057 1743 1198 1781 praeter
1222 1739 1434 1782 sequentia.

1396 1792 1559 1832 Oratio.

1058 1842 1241 1947 Deus,
1271 1847 1346 1899 qui
1373 1846 1552 1889 beatum
1580 1848 1892 1889 Wenceslaum

1159 1916 1240 1956 per
1267 1903 1465 1956 martyrii
1493 1904 1686 1956 palmam
1709 1917 1735 1946 a
1758 1906 1892 1946 terre-

1058 1972 1116 2001 no
1151 1960 1405 2012 principatu
1441 1960 1498 2002 ad
1538 1961 1764 2003 coelestem
1800 1960 1892 2011 glo-

1058 2016 1169 2057 riam
1185 2016 1462 2058 transtulisti:
1482 2018 1573 2069 ejus
1589 2016 1795 2070 precibus
1810 2029 1893 2058 nos

1060 2072 1115 2114 ab
1154 2073 1273 2114 omni
1310 2072 1579 2115 adversitate
1617 2072 1809 2122 custodi,
1851 2078 1894 2114 et

1060 2128 1258 2180 ejusdem
1276 2129 1422 2171 tribue
1441 2129 1636 2180 gaudere
1655 2129 1894 2171 consortio.

1058 2185 1144 2227 Per
1161 2185 1412 2226 Dominum.

1111 2249 1160 2283 Et
1182 2249 1224 2283 fit
1248 2258 1446 2283 commem.
1471 2246 1637 2290 praeced.

1113 2300 1214 2340 Ant.
1256 2297 1464 2340 Gaudent
1501 2299 1545 2339 in
1579 2298 1704 2340 coelis
1737 2299 1893 2340 animae

1061 2355 1334 2404 sanctorum,
1388 2354 1462 2406 qui
1506 2354 1667 2397 Christi
1710 2356 1895 2407 vestigia

1061 2414 1162 2451 sunt
1181 2409 1336 2451 secuti:
1362 2414 1406 2452 et
1429 2410 1531 2462 quia
1553 2424 1636 2463 pro
1661 2411 1751 2463 ejus
1775 2413 1891 2453 amo-

1060 2477 1108 2507 re
1129 2466 1386 2517 sanguinem
1405 2479 1531 2508 suum
1550 2466 1772 2518 fuderunt,
1791 2467 1892 2509 ideo

1062 2534 1161 2562 cum
1182 2521 1357 2563 Christo
1378 2523 1601 2565 exsultant
1619 2523 1713 2566 sine
1731 2524 1829 2565 fine.

1113 2572 1165 2624 V.
1195 2577 1492 2620 Exsultabunt
1516 2579 1657 2621 sancti
1679 2580 1724 2620 in
1743 2578 1895 2630 gloria.

1063 2634 1114 2686 R.
1134 2633 1425 2676 Laetabuntur
1443 2635 1488 2676 in
1507 2635 1723 2678 cubilibus
1743 2635 1842 2676 suis.

1118 2690 1283 2731 Oratio.
1311 2690 1491 2742 Praesta,
1516 2694 1778 2744 quaesumus.
1800 2691 1894 2732 328.

1623 2822 1666 2854 22
