2040 2944
755 206 958 240 Dominica
983 207 1008 241 Ι.
1035 207 1222 243 Octobris.

144 300 314 341 revexit
330 301 610 356 triumphum.
637 305 663 345 J
665 305 848 347 onathas
868 306 970 348 ado-

143 354 314 398 lescens
339 359 547 402 virtutem
570 374 773 412 magnam
798 363 901 405 fecit
926 364 970 405 in

142 413 308 464 praelio.
508 432 511 435 ’

194 482 244 533 R.
277 479 497 533 Impetum
528 482 802 525 inimicerum
834 498 888 527 ne
919 487 969 528 ti-

142 535 353 577 mueritis:
372 540 589 580 memores
609 542 766 590 estote,
788 545 967 594 quomo-

143 589 201 632 do
226 592 334 633 salvi
358 593 463 636 facti
486 601 586 637 sunt
603 601 753 648 patres
772 600 925 640 nostri:
944 600 967 623 *

141 647 200 688 Et
226 662 340 690 nunc
369 650 605 693 clamemus
637 652 680 693 in
710 654 887 706 coelum,
925 661 969 698 et

140 703 417 748 miserebitur
460 709 599 750 nostri
639 709 760 751 Deus
805 717 967 754 noster.

140 757 192 808 V.
237 761 506 806 Mementote
550 765 813 808 mirabilium
858 771 966 820 ejus,

142 829 241 868 quae
274 818 378 861 fecit
405 820 640 872 Pharaoni,
678 829 722 865 et
755 828 965 868 exercitui

141 874 230 924 ejus
248 874 293 915 in
312 876 423 917 Mari
441 877 587 919 rubro.
614 878 681 921 Et.

448 958 599 1000 Lectio
621 974 657 1000 v.

139 1002 298 1127 Quid
317 1027 373 1070 de
390 1029 658 1073 Machabaeis
677 1033 856 1085 loquar?
878 1035 966 1077 Sed

232 1085 354 1136 prius
369 1085 424 1127 de
439 1088 607 1139 pepulo
623 1088 764 1130 dicam
775 1096 965 1143 patrum:

139 1140 214 1191 qui
251 1154 351 1182 cum
388 1149 535 1186 essent
571 1147 715 1197 parati
752 1147 808 1188 ad
839 1161 963 1201 repu-

137 1196 360 1247 gnandum
384 1212 466 1251 pro
493 1201 660 1254 templo
686 1203 785 1253 Dei,
813 1209 856 1246 et
881 1218 963 1257 pro

137 1252 342 1304 legitimis
380 1256 487 1306 suis,
524 1257 628 1299 dolo
664 1258 856 1302 hostium
893 1261 964 1303 die

136 1308 330 1352 lacessiti
347 1312 536 1362 sabbati,
555 1315 800 1358 maluerunt
818 1317 962 1359 vulne-

136 1365 256 1408 ribus
281 1368 439 1410 offerre
461 1370 578 1412 nuda
601 1374 803 1425 corpora,
833 1387 964 1427 quam

135 1426 392 1475 repugnare,
411 1439 465 1468 ne
485 1427 700 1470 violarent
719 1429 963 1472 sabbatum.

135 1479 291 1533 Itaque
324 1495 477 1524 omnes
507 1483 599 1525 laeti
631 1498 679 1527 se
711 1486 964 1530 obtulerunt

134 1538 277 1579 morti.
309 1538 397 1581 Sed
417 1540 660 1583 Machaba'ei
684 1543 961 1586 consideran-

134 1597 202 1634 tes
223 1594 343 1647 quod
366 1595 452 1637 hoc
471 1598 673 1650 exemplo
692 1612 800 1650 gens
820 1602 960 1643 omnis

132 1656 288 1702 posset
305 1655 461 1704 perire,
482 1653 668 1696 sabbato
689 1656 835 1706 etiam,
861 1670 960 1699 cum

133 1706 218 1759 ipsi
241 1707 286 1748 in
309 1708 472 1750 bellum
494 1714 855 1763 provocarentur,
881 1714 962 1756 ulti

134 1768 234 1805 sunt
265 1764 562 1808 innocentium
593 1780 746 1809 necem
778 1769 960 1811 fratrum

133 1821 322 1862 suorum.
363 1821 491 1863 Unde
522 1825 680 1875 postea
712 1825 959 1867 stimulatus

131 1887 209 1916 rex
228 1877 485 1927 Antiochus,
507 1892 606 1920 cum
624 1879 789 1921 bellum
807 1884 957 1923 accen-

47 1975 53 1979 ,
131 1931 256 1974 deret
274 1946 355 1986 per
379 1934 514 1976 duces
538 1949 643 1977 suos
667 1937 859 1989 Lysiam,
885 1939 958 1979 Ni-

131 1990 347 2040 canorem,
368 1991 589 2043 Gergiam,
608 1993 668 2034 ita
688 2006 787 2035 cum
807 1995 957 2036 Orien-

129 2044 290 2087 talibus
310 2047 398 2088 suis
419 2053 462 2089 et
482 2048 674 2101 Assyriis
698 2053 870 2092 attritus
891 2057 958 2094 est

130 2102 284 2154 copiis,
304 2109 352 2145 ut
373 2104 661 2156 quadraginta
680 2111 724 2148 et
743 2113 845 2149 octo
864 2108 956 2149 mil-

128 2156 186 2200 lia
210 2159 255 2200 in
280 2159 427 2202 medio
452 2162 596 2215 campi
621 2175 647 2204 a
671 2162 809 2205 tribus
834 2165 955 2206 milli-

128 2214 210 2256 bus
229 2219 623 2268 prosternerentur.

178 2280 229 2331 Rz.
266 2281 555 2333 Congregatae
588 2289 688 2325 sunt
715 2284 881 2327 Gentes
912 2285 956 2326 in

127 2337 422 2388 multitudine,
469 2343 517 2380 ut
560 2338 767 2381 dimicent
803 2346 955 2383 contra

127 2405 224 2443 nos,
253 2399 297 2436 et
320 2394 573 2446 ignoramus
598 2395 703 2447 quid
728 2399 858 2447 agere
883 2397 954 2439 de-

128 2447 353 2491 beamusz*
368 2451 555 2493 Demine
569 2452 700 2501 Deus,
720 2452 777 2494 ad
795 2458 839 2494 te
855 2459 955 2495 sunt

129 2505 244 2546 eculi
267 2507 422 2557 nostri,
450 2520 505 2549 ne
529 2510 772 2561 pereamus.
802 2503 852 2555 V.
885 2509 954 2550 Tu

129 2561 214 2603 scis
234 2575 333 2614 quae
349 2564 543 2615 cogitant
558 2565 602 2605 in
616 2578 710 2606 nos:
730 2566 953 2617 quomodo

128 2619 370 2669 poterimus
398 2619 637 2662 subsistere
670 2626 769 2662 ante
797 2621 954 2662 faciem

128 2673 319 2724 illorum,
345 2676 429 2717 nisi
454 2682 502 2718 tu
528 2677 708 2729 adjuves
731 2675 836 2718 nos?
865 2677 952 2719 Do-

125 2729 244 2771 mine
261 2730 396 2773 Deus.

1788 224 1851 259 163

1323 306 1475 347 Lectio
1497 308 1547 347 vi.

1114 361 1292 404 irtfitem
1313 364 1439 407 ducis
1459 367 1483 407 J
1485 368 1585 409 udae
1604 369 1847 412 Machabaei

1126 416 1180 459 de
1201 433 1287 461 uno
1303 423 1392 472 ejus
1407 424 1543 466 milite
1560 425 1847 469 considerate.

1021 473 1223 526 Namque
1238 476 1482 530 Eleazarus,
1498 493 1597 522 cum
1611 484 1846 535 superemi-

1020 532 1197 572 nentem
1222 534 1378 575 ceteris
1403 535 1679 588 elephantem
1709 539 1846 581 lorica

1020 590 1226 629 vestitum
1246 590 1365 640 regia
1385 591 1647 643 adverteret,
1667 595 1844 637 arbitra-

1019 648 1091 685 tus
1125 644 1244 695 quod
1276 646 1319 686 in
1353 659 1405 689 eo
1439 654 1555 690 esset
1587 663 1680 700 rex,
1714 665 1843 694 cursu

1020 701 1195 742 cencito
1214 701 1257 742 in
1277 702 1468 745 medium
1487 704 1669 756 legionis
1684 721 1730 749 se
1746 722 1843 761 pro-

1019 757 1150 808 rupit:
1183 762 1227 798 et
1253 758 1423 811 abjecto
1451 761 1624 814 clypeo,
1658 767 1843 817 utraque

1018 826 1148 854 manu
1180 813 1486 866 interficiebat,
1519 818 1660 860 donec
1692 834 1842 873 perve-

1019 872 1130 912 niret
1162 870 1219 913 ad
1251 871 1453 923 bestiam,
1498 880 1630 927 atque
1666 876 1842 920 intravit

1019 927 1100 968 sub
1121 940 1232 978 eam,
1259 934 1302 971 et
1325 930 1520 981 subjecto
1544 932 1691 983 gladio
1714 934 1841 976 inter-

1019 984 1122 1025 emit
1154 997 1260 1026 eam.
1321 986 1477 1039 Itaque
1510 988 1671 1030 cadens
1701 989 1842 1033 bestia
1891 1006 1892 1009 ¹

1018 1042 1240 1093 oppressit
1284 1043 1558 1094 Eleazarum,
1604 1052 1735 1098 atque
1780 1048 1841 1089 ita

1016 1100 1215 1139 mortuus
1242 1105 1318 1141 est.
1355 1100 1526 1150 Quanta
1549 1102 1680 1153 igitur
1704 1104 1840 1146 virtus

1018 1154 1163 1195 animi!
1196 1156 1354 1207 primo,
1386 1162 1434 1198 ut
1462 1163 1649 1200 mortem
1676 1173 1763 1201 non
1792 1161 1840 1202 ti-

1017 1213 1169 1252 meret:
1198 1212 1373 1261 deinde,
1400 1219 1448 1256 ut
1471 1215 1758 1257 circumfusus
1782 1217 1839 1259 le-

1015 1267 1218 1317 gienibus
1238 1269 1526 1321 inimicorum,
1552 1272 1596 1312 in
1616 1273 1839 1315 confertos

1015 1326 1245 1377 raperetur
1276 1326 1446 1378 hostes,
1488 1327 1679 1370 medium
1710 1343 1838 1382 pene-

1014 1383 1152 1423 traret
1171 1395 1343 1433 agmen,
1364 1389 1407 1425 et
1427 1382 1679 1437 contempta
1697 1392 1838 1428 morte

1014 1437 1218 1488 ferocior,
1248 1439 1417 1490 abjecto
1446 1441 1620 1494 clypeo,
1654 1445 1839 1495 utraque

1014 1507 1145 1535 manu
1189 1495 1429 1538 vulneratae
1479 1498 1640 1540 molem
1684 1498 1838 1541 bestiae

1014 1550 1181 1593 subiret
1212 1565 1263 1593 ac
1296 1553 1547 1603 sustineret,
1587 1561 1690 1607 post
1727 1556 1837 1596 infra

1012 1606 1154 1659 ipsam
1173 1609 1448 1659 succederet,
1470 1623 1557 1662 quo
1576 1611 1762 1663 pleni6ri
1780 1613 1836 1654 fe-

1012 1666 1119 1705 riret
1156 1664 1261 1706 ictu:
1307 1667 1428 1718 cujus
1464 1669 1588 1707 ruina
1627 1668 1836 1719 inclusus,

1011 1720 1150 1771 magis
1190 1734 1321 1772 quam
1360 1724 1614 1774 oppressuS,
1656 1737 1736 1766 suo
1770 1731 1836 1767 est

1012 1776 1208 1829 septiltus
1227 1778 1462 1831 triumpho.

1064 1836 1112 1886 R.
1148 1833 1244 1874 Tua
1276 1840 1343 1876 est
1369 1836 1582 1888 potentia,
1622 1842 1744 1878 tuum
1771 1851 1834 1879 re-

1010 1901 1143 1940 gnum
1160 1890 1365 1932 Demine:
1389 1896 1437 1932 tu
1461 1904 1509 1932 es
1532 1905 1665 1945 super
1684 1906 1834 1935 omnes

1010 1950 1177 1996 gentes:
1212 1948 1235 1971 *
1272 1947 1341 1988 Da
1376 1960 1531 1999 pacem
1566 1948 1754 1991 Demine
1790 1950 1833 1991 in

1011 2001 1166 2043 diebus
1185 2004 1358 2045 nostris.
1376 1998 1426 2049 V.
1443 2004 1627 2046 Creator
1643 2006 1834 2047 emnium

1010 2058 1148 2107 Deus,
1172 2059 1378 2101 terribilis
1399 2066 1442 2102 et
1464 2060 1606 2109 fortis,
1632 2062 1770 2113 justus
1790 2068 1834 2104 et

1011 2115 1269 2158 misericors.
1296 2117 1375 2158 Da.
1402 2116 1554 2158 Gleria
1572 2117 1700 2159 Patri.
1726 2118 1806 2159 Da.

1060 2174 1109 2225 Rg.
1142 2174 1210 2213 vii.
1257 2172 1446 2214 Refulsit
1477 2172 1544 2214 sol
1575 2172 1618 2213 in
1651 2173 1831 2226 clypeos

1008 2231 1181 2278 aureOS,
1208 2234 1251 2270 et
1274 2227 1639 2281 resplenduerunt
1660 2235 1831 2272 montes

1007 2285 1062 2327 ab
1083 2285 1159 2326 eis:
1175 2285 1197 2308 *
1218 2285 1275 2326 Et
1293 2283 1505 2326 fortitudo
1521 2284 1727 2330 Gentium
1747 2286 1830 2328 dis-

1008 2341 1151 2393 sipata
1171 2346 1247 2382 est.
1280 2335 1330 2387 V.
1355 2341 1462 2382 Erat
1480 2341 1594 2382 enim
1613 2343 1829 2384 exercitus

1006 2410 1187 2448 magnus
1207 2397 1354 2446 valde,
1379 2402 1423 2438 et
1441 2397 1582 2439 fortis:
1609 2403 1653 2439 et
1671 2411 1829 2451 appro-

1006 2453 1143 2506 piavit
1169 2452 1322 2503 Judas,
1351 2458 1394 2494 et
1421 2454 1640 2495 exercitus
1667 2455 1758 2506 ejus
1784 2455 1828 2495 in

1006 2509 1171 2562 praelio.
1199 2509 1266 2550 Et.

1055 2566 1106 2616 K.
1134 2565 1218 2605 viii.
1274 2565 1375 2607 Duo
1407 2565 1635 2619 Seraphim
1672 2566 1825 2608 clama-

1004 2621 1111 2663 bant
1136 2621 1245 2662 alter
1271 2621 1328 2663 ad
1353 2621 1557 2663 alterum:
1578 2617 1600 2641 *
1632 2622 1825 2669 Sanctus,

1005 2682 1198 2726 sanctus,
1244 2682 1419 2719 sanctus
1454 2677 1668 2718 Dominus
1703 2677 1823 2717 Deus

1004 2733 1214 2775 Sabaoth:
1234 2727 1256 2750 *
1287 2733 1422 2775 Plena
1452 2738 1520 2774 est
1543 2732 1682 2774 omnis
1707 2736 1825 2773 terra
