2040 2944
757 202 965 235 Commune
994 202 1281 245 Apostolorum.

1826 195 1875 238 [9]

164 295 306 349 plagae
335 297 500 336 eorum:
519 295 543 320 *
567 299 611 336 et
633 295 864 337 infirmatae
893 300 993 337 sunt

166 356 318 394 contra
337 364 414 393 eos
432 351 591 402 linguae
611 353 773 393 eorum.

219 408 475 450 Conturbati
495 413 595 449 sunt
614 421 766 450 omnes
788 409 861 461 qui
876 409 992 451 vide-

165 465 271 507 bant
295 477 386 506 eos:
405 465 429 490 *
450 470 494 506 et
517 465 660 506 timuit
683 466 824 506 omnis
847 465 992 506 homo.

217 522 275 563 Et
299 521 661 562 annuntiaverunt
690 523 825 573 opera
847 521 945 572 Dei,
970 522 992 547 *

167 583 210 620 et
229 578 344 619 faeta
364 578 454 629 ejus
473 577 789 619 intellexerunt.

216 633 458 675 Laetabitur
481 634 619 686 justus
644 634 688 674 in
711 634 920 684 Domino,
950 639 994 676 et

167 690 362 743 sperabit
380 690 423 730 in
443 703 512 740 eo,
531 690 555 716 *
575 694 619 731 et
637 689 931 732 laudabuntur
950 704 993 732 o-

165 760 289 789 mnes
308 747 415 789 recti
435 746 579 788 corde.

220 807 318 847 Ant.
341 803 720 845 Annuntiaverunt
742 806 876 856 Opera
896 805 993 846 Dei:

166 865 210 902 et
228 860 345 902 facta
365 860 455 911 ejus
474 859 792 901 intellexerunt.

216 915 264 966 V.
279 916 527 958 Constitues
539 930 615 958 eos
626 918 846 970 principes
862 931 993 970 super

167 986 341 1015 omnem
359 978 532 1014 terram.
558 978 607 1028 Rg.
630 974 849 1016 Memores
868 980 994 1016 erunt

165 1030 352 1071 nominis
371 1030 433 1071 tui
451 1030 650 1071 Domine.

220 1090 347 1129 Pater
366 1092 526 1128 noster.

188 1175 190 1178 -
219 1147 460 1188 Absolutio.
491 1146 632 1196 Ipsius
651 1147 803 1197 pietas.

216 1198 264 1249 V
302 1201 413 1243 Jube
451 1201 622 1243 domne.
675 1205 831 1246 Bened.
876 1207 993 1245 Deus

164 1257 295 1299 Pater
324 1260 614 1311 omnipotens.

229 1326 380 1365 Sermo
401 1324 541 1365 sancti
561 1324 763 1375 Gregorii
780 1326 926 1377 Papae.

163 1380 302 1415 Homil.
320 1382 379 1415 30.
400 1380 436 1414 in
455 1382 676 1425 Evangelia,
704 1388 791 1425 post
812 1383 987 1417 medium.

464 1432 614 1472 Lectio
635 1432 686 1471 iv.

172 1487 453 1539 r
481 1492 562 1529 est:
595 1487 782 1541 Spiritus
810 1489 989 1530 Domini

168 1541 258 1601 *1³⁴2ss
281 1544 453 1585 ornavit
472 1544 621 1585 coelos.
664 1545 932 1587 Ornamenta
952 1559 991 1588 e-

180 1603 204 1624 '2
231 1615 247 1625 f
282 1600 371 1641 nim
413 1601 628 1642 coelorum
670 1606 771 1643 sunt
805 1602 991 1644 virttites

163 1657 509 1709 praedicantium.
551 1658 659 1707 Quae
688 1658 892 1700 videlicet
925 1672 991 1700 or-

164 1715 368 1754 namenta
386 1713 548 1754 Paulus
569 1717 806 1764 enumerat,
826 1714 992 1756 dicens:

163 1769 251 1810 Alii
276 1769 404 1811 datur
427 1782 506 1822 per
531 1770 739 1822 Spiritum
763 1784 907 1813 sermo
927 1785 991 1813 sa-

164 1826 353 1878 pientiae,
371 1826 443 1867 alii
462 1839 607 1868 sermo
627 1827 820 1869 scientiae
840 1832 990 1870 secun-

164 1882 269 1924 dum
284 1882 487 1924 eumdem
502 1882 721 1935 Spiritum,
741 1884 865 1926 alteri
879 1885 991 1927 fides

162 1939 207 1980 in
235 1939 392 1981 eedem
411 1939 585 1992 Spiritu,
615 1940 686 1980 alii
713 1942 853 1991 gratia
881 1942 991 1983 sani-

162 1998 303 2038 tatum
321 1997 365 2037 in
385 2009 471 2038 uno
491 1997 671 2049 Spiritu,
701 1997 773 2038 alii
792 1999 990 2050 operatio

162 2053 391 2102 virtutum,
425 2053 496 2094 alii
523 2053 774 2106 prophetia,
807 2054 879 2095 alii
908 2055 990 2097 dis-

163 2110 300 2159 cretio
334 2110 581 2162 spirituum,
619 2110 691 2151 alii
722 2112 883 2162 genera
915 2111 991 2152 lin-

163 2168 360 2216 guarum,
398 2166 469 2207 alii
496 2167 799 2219 interpretatio
829 2170 990 2209 sermo-

163 2236 277 2264 num.
313 2223 424 2264 Haec
447 2228 594 2264 autem
619 2224 765 2265 Omnia
784 2227 991 2277 operatur

163 2292 275 2320 unus
294 2284 426 2332 atque
440 2279 558 2321 idem
571 2280 769 2333 Spiritus,
790 2280 990 2323 dividens

164 2336 343 2387 singulis
363 2341 494 2389 prout
513 2336 616 2378 vult.

216 2393 266 2443 Rz.
283 2392 390 2434 Vidi
409 2393 667 2445 conjunctos
682 2394 811 2443 viros,
830 2394 990 2436 haben-

164 2452 230 2488 tes
258 2448 512 2500 splendidas
540 2454 702 2499 vestes,
733 2455 776 2491 et
796 2450 991 2501 Angelus

164 2504 342 2545 Domini
359 2505 531 2547 locutus
553 2511 619 2548 est
643 2506 699 2548 ad
718 2520 798 2556 me,
828 2506 992 2549 dicens:

165 2562 186 2583 *
220 2561 299 2602 Isti
326 2567 427 2603 sunt
455 2563 536 2604 viri
564 2563 702 2604 sancti
731 2563 835 2604 facti
863 2565 991 2605 amici

164 2616 258 2658 Dei.
291 2611 339 2663 Υ.
363 2617 467 2660 Vidi
483 2619 699 2671 Angelum
719 2620 803 2662 Dei
822 2620 991 2670 fortem,

164 2673 386 2715 volantem
399 2687 478 2726 per
493 2676 686 2718 medium
698 2677 870 2726 coelum,
881 2689 990 2718 voce

163 2742 320 2780 magna
332 2730 593 2774 clamantem
604 2737 647 2774 et
662 2732 891 2776 dicentem.
902 2734 990 2781 Isti.

1102 298 1259 338 Bened.
1290 293 1492 335 Christus
1511 295 1750 346 perpetuae.

1356 355 1505 395 Lectio
1529 369 1562 393 v.

1048 390 1210 514 Quot
1235 421 1340 459 ergo
1366 412 1468 449 sunt
1491 406 1609 448 bona
1633 405 1875 459 praedican-

1152 465 1276 514 tium,
1304 469 1371 506 tot
1390 469 1491 505 sunt
1511 465 1769 505 ornamenta
1789 476 1875 504 coe-

1044 522 1197 562 lorum.
1239 522 1354 562 Hinc
1378 534 1528 562 rursus
1554 521 1766 573 scriptum
1792 525 1876 561 est:

1043 578 1195 620 Verbo
1228 578 1407 619 DOmini
1440 577 1542 618 coeli
1574 578 1736 618 firmati
1764 582 1875 619 sunt.

1044 635 1244 676 Verbum
1283 635 1397 676 enim
1429 635 1609 675 Domini
1640 634 1776 675 Filius
1810 639 1877 675 est

1045 692 1198 733 Patris.
1213 691 1300 733 Sed
1316 692 1498 733 eesdem
1512 691 1661 740 eoelos,
1672 690 1877 732 videlicet

1046 754 1222 790 sanctos
1251 748 1513 801 Apostolos,
1551 753 1599 789 ut
1626 753 1720 789 tota
1749 748 1876 788 simul

1046 811 1196 847 sancta
1205 806 1398 847 Trinitas
1410 804 1669 847 ostendatur
1681 806 1875 857 operata,

1045 864 1225 915 repente
1255 863 1310 905 de
1339 863 1479 903 sancti
1507 861 1693 914 Spiritus
1723 861 1875 902 divini-

1044 922 1134 961 tate
1151 919 1414 972 adjungitur:
1438 920 1494 960 Et
1510 918 1666 971 spiritu
1680 918 1769 958 oris
1786 918 1875 969 ejus

1045 977 1186 1017 omnis
1197 977 1336 1018 virtus
1353 979 1516 1018 eorum.
1535 975 1759 1016 Coelorum
1770 987 1875 1025 ergo

1046 1034 1184 1075 virtus
1205 1033 1260 1075 de
1279 1033 1445 1086 Spiritu
1469 1037 1643 1084 sumpta
1664 1036 1746 1072 est:
1776 1032 1877 1083 quia

1044 1089 1197 1132 mundi
1212 1090 1338 1142 hujus
1348 1088 1644 1143 potestatibus
1656 1091 1876 1129 contraire

1046 1160 1134 1188 non
1162 1150 1499 1199 praesumerent,
1525 1146 1609 1186 nisi
1634 1157 1711 1186 eos
1737 1145 1877 1186 sancti

1045 1203 1232 1256 Spiritus
1251 1203 1465 1245 fortitudo
1487 1202 1731 1244 solidasset.
1765 1203 1876 1252 Qua-

1045 1260 1109 1302 les
1141 1273 1331 1313 namque
1364 1260 1573 1302 doctores
1603 1264 1769 1300 sanctae
1797 1259 1876 1300 Ec-

1046 1317 1191 1358 clesiae
1216 1323 1317 1359 ante
1343 1316 1582 1358 adventum
1601 1315 1727 1367 hujus
1746 1315 1876 1368 Spiri-

1045 1379 1115 1415 tus
1136 1374 1306 1424 fuerint,
1329 1374 1505 1415 scimus:
1534 1378 1577 1414 et
1596 1377 1699 1425 post
1719 1372 1876 1413 adven-

1045 1435 1138 1472 tum
1166 1430 1291 1480 illius,
1325 1431 1446 1482 cujus
1474 1429 1744 1471 fortitudinis
1774 1429 1877 1470 facti

1045 1488 1142 1537 sint,
1171 1487 1476 1540 conspicimus.

1098 1549 1146 1598 Rg.
1167 1545 1293 1585 Beati
1314 1544 1431 1593 estis,
1452 1557 1551 1585 cum
1570 1542 1876 1584 maledixerint

1044 1600 1171 1642 vobis
1192 1600 1404 1650 homines,
1426 1605 1469 1641 et
1482 1600 1703 1652 persecuti
1718 1612 1798 1640 vos
1814 1598 1875 1639 fu-

1045 1658 1168 1708 erint,
1197 1662 1241 1699 et
1261 1657 1450 1699 dixerint
1469 1670 1598 1698 omne
1619 1656 1782 1697 malum
1804 1655 1876 1696 ad-

1045 1716 1220 1755 versum
1248 1727 1344 1763 VOS,
1381 1714 1658 1762 mentientes,
1691 1717 1876 1765 propter

1043 1785 1128 1813 me:
1154 1775 1174 1797 *
1203 1770 1404 1812 Gaudete
1430 1775 1474 1811 et
1499 1769 1733 1819 exsultate,
1769 1771 1874 1821 quo-

1044 1829 1159 1869 niam
1182 1840 1352 1869 merces
1371 1832 1518 1869 vestra
1538 1827 1721 1879 copiesa
1741 1831 1808 1867 est
1830 1826 1873 1866 in

1045 1885 1179 1927 coelis.
1193 1882 1241 1933 V.
1261 1884 1369 1925 Cum
1380 1897 1459 1925 vos
1476 1883 1649 1926 oderint
1663 1883 1872 1932 hemines,

1044 1947 1088 1984 et
1108 1955 1208 1983 cum
1227 1941 1530 1994 separaverint
1548 1953 1639 1990 vos,
1660 1945 1703 1981 et
1718 1953 1872 1992 expro-

1043 1998 1282 2048 braverint,
1315 2003 1359 2040 et
1385 1997 1589 2050 ejecerint
1616 2010 1775 2038 nomen
1803 2010 1873 2038 ve-

1044 2060 1182 2097 strum
1224 2060 1448 2107 tamquam
1489 2054 1652 2095 malum
1690 2058 1874 2106 propter

1044 2112 1202 2154 Filium
1221 2112 1419 2153 heminis,
1449 2110 1649 2152 Gaudete
1671 2115 1714 2152 et
1734 2110 1872 2152 exsul-

1043 2171 1145 2211 tate.

1091 2227 1252 2269 Bened.
1285 2226 1435 2277 ssgnem
1454 2226 1520 2266 sui
1540 2225 1711 2266 amoris.

1346 2286 1497 2326 Lectio
1519 2285 1570 2324 vi.

1045 2334 1211 2441 Certe
1239 2339 1321 2380 iste
1348 2339 1443 2391 ipse
1470 2342 1622 2391 pastor
1651 2338 1873 2387 Ecclesiae,

1135 2394 1192 2436 ad
1213 2395 1333 2446 cujus
1355 2395 1697 2436 sacratissimum
1713 2407 1873 2447 corpus

1045 2451 1259 2501 sedemus,
1281 2456 1454 2503 quantae
1471 2450 1718 2502 debilitatis,
1742 2464 1872 2503 quan-

1043 2510 1190 2560 taeque
1223 2507 1465 2548 formidinis
1500 2512 1600 2549 ante
1637 2507 1873 2549 adventum

1044 2564 1230 2617 Spiritus
1255 2564 1399 2614 fuerit,
1429 2563 1584 2605 ancilla
1608 2564 1785 2605 ostiaria
1810 2575 1872 2603 re-

1046 2621 1204 2673 quisita
1238 2620 1365 2662 dicat.
1410 2621 1506 2662 Una
1536 2621 1650 2663 enim
1681 2620 1872 2661 mulieris

1044 2690 1154 2719 voce
1174 2680 1426 2730 percussus,
1463 2677 1567 2719 dum
1586 2678 1699 2719 mori
1719 2676 1871 2726 timuit,

1043 2734 1177 2775 vitam
1191 2734 1376 2785 negavit.
1396 2734 1452 2775 Et
1466 2733 1751 2788 pensandum,
1770 2732 1870 2785 quia
