2040 2944
209 295 293 335 que
313 283 531 333 tempora,
559 283 663 333 post
686 284 778 321 tam
800 278 938 320 multa
961 278 1037 319 im-

206 339 462 392 peratorum
490 335 635 378 edicta
660 335 873 378 adversus
898 334 1036 377 idolo-

206 396 379 438 latriam
402 393 509 442 lata‚
537 398 580 435 et
603 393 908 434 Romanorum
926 393 1038 434 Pon-

206 452 372 494 tificum
405 449 554 492 studia
582 449 639 491 ad
667 462 765 491 eam
795 449 1038 502 exstirpan—

207 508 309 551 dam
324 507 531 557 adhibita,
546 507 738 557 viguisse
749 511 934 556 constat,
950 507 1037 547 An-

207 563 447 608 dromacho
478 565 700 614 senatore,
733 563 919 615 aliisque
951 564 1038 604 Ro-

207 622 348 664 manis
376 621 538 662 frustra
565 619 670 662 licet
697 619 1039 671 refragantibus,

206 679 382 733 penitus
401 676 605 719 abolevit.
664 721 667 724 ,

261 741 310 792 R„
344 734 480 776 Posui
507 733 772 785 adjutorium
800 746 933 787 super
961 747 1037 787 po-

207 795 383 841 tentem,
429 795 473 832 et
518 789 710 831 exaltavi
753 790 942 831 electum
983 790 1038 832 de

207 848 338 902 plebe
374 859 487 889 mea:
529 853 551 876 *
585 846 741 888 Manus
784 847 900 889 enim
940 860 1038 888 mea

209 904 488 947 auxiliabitur
529 903 579 945 ei.
623 904 672 955 Y.
703 904 857 945 Inveni
893 902 1039 945 David

208 974 382 1004 servum
414 973 576 1010 meum,
611 959 711 1001 oleo
749 965 903 1002 sancto
938 973 1038 1003 meo

208 1018 313 1060 unxi
331 1031 441 1060 eum.
483 1017 650 1058 Manus.

510 1084 662 1125 Lectio
682 1085 734 1124 vi.

208 1141 338 1247 Eia
358 1143 681 1197 quamplurima
705 1142 762 1185 ad
781 1142 1039 1194 dignitatem

316 1205 359 1243 et
392 1200 669 1253 disciplinam
699 1199 913 1241 Ecclesiae
942 1211 1038 1251 spe-

209 1258 371 1300 ctantia
389 1257 615 1310 praestitit,
643 1256 845 1306 sancivit,
873 1260 918 1297 et
936 1255 1038 1297 scri-

208 1314 308 1367 psit.
361 1314 629 1355 Defensores
664 1312 834 1363 Aeacii,
866 1311 1038 1365 Euphe-

207 1371 344 1413 mium
368 1370 616 1423 praesertim
637 1368 1037 1421 Constantinopoli-

208 1429 360 1467 tanum
397 1426 637 1476 damnavit3
681 1425 946 1478 scriptisque
981 1424 1039 1466 ad

210 1481 410 1524 diversos
424 1482 748 1524 nervosissimis
766 1483 887 1534 juxta
904 1486 1038 1534 atque

210 1538 477 1581 doctissimis
496 1538 668 1588 litteris,
694 1538 766 1580 vel
786 1551 863 1580 eos
882 1538 926 1579 in
946 1538 1038 1579 offi-

209 1595 278 1637 cio
300 1596 527 1645 continuit,
547 1595 617 1637 vel
637 1595 893 1637 aberrantes
911 1594 1038 1636 redu-

208 1652 283 1694 xit.
342 1652 619 1704 Pelagianos,
664 1652 950 1702 ManichanS,
995 1656 1039 1693 et

210 1708 320 1750 alios
352 1709 585 1751 haereticos
619 1709 830 1759 coercuit,
868 1711 1037 1750 eorum-

211 1777 295 1816 que
323 1764 460 1807 libros
486 1765 675 1818 publicis
703 1764 891 1815 flammis
922 1763 1039 1806 tradi

511 187 582 221 Die
610 186 636 220 1.
661 186 751 220 Dec.
798 185 833 220 S.
857 185 997 220 Didaci
1023 184 1131 220 Conf.
1155 203 1167 208 -
1191 184 1315 219 Index
1339 184 1619 227 alphabeticus.

1090 280 1270 322 curavit.
1303 280 1473 322 Praeter
1493 279 1755 331 decretales,
1780 285 1826 322 et
1843 279 1918 332 hy-

1089 349 1216 379 mnos
1244 337 1585 387 ecclesiasticos,
1615 336 1790 389 egregia
1817 336 1919 378 scri-

1089 394 1180 446 psit
1212 394 1428 447 opuscula
1465 399 1619 436 contra
1650 392 1919 443 Nestorium,

1090 450 1262 501 Arium,
1291 451 1535 502 Pelagium,
1566 455 1611 493 et
1634 449 1920 503 Eutycheten.

1090 506 1178 550 Sed
1214 507 1324 550 illud
1358 521 1453 561 prae
1490 507 1648 550 ceteris
1679 507 1920 548 memoran-

1091 564 1216 615 dum,
1262 564 1384 618 quod
1418 564 1556 606 libros
1593 563 1829 606 canonicos
1865 562 1920 606 ab

1092 621 1205 671 aliis,
1239 627 1283 664 et
1309 621 1526 675 probatos
1555 620 1611 663 ab
1640 619 1922 674 apocryphis,

1090 678 1135 719 in
1175 679 1380 721 Romana
1425 677 1598 731 synodo
1641 677 1924 730 septuaginta

1091 735 1418 788 episcopcrum,
1479 734 1689 786 singulari
1741 733 1922 776 decreto

1092 792 1301 834 distinxit.
1341 793 1450 835 Post
1474 792 1637 834 multos
1662 790 1839 833 demum
1863 790 1921 832 la-

1090 849 1224 891 bores
1242 849 1287 890 in
1306 848 1500 900 regenda
1517 847 1756 890 universali
1773 846 1922 888 Eccle-

1091 906 1156 947 sia
1177 905 1442 956 exantlatos‚
1462 904 1764 947 sanctissimus
1783 908 1828 946 et
1847 902 1922 945 do-

1092 963 1313 1004 ctissimus
1330 962 1536 1005 Pontifex
1552 962 1626 1016 pie
1645 961 1755 1004 obiit
1771 960 1816 1002 in
1834 960 1922 1001 Do-

1091 1020 1210 1061 mino
1235 1019 1469 1062 undecimo
1492 1017 1720 1061 Kalendas
1738 1017 1922 1059 Decem-

1092 1076 1202 1127 bris,
1229 1089 1344 1118 anno
1366 1075 1529 1118 Christi
1548 1073 1922 1130 quadringentesi-

1091 1146 1165 1175 mo
1185 1125 1473 1185 nonagesimo
1494 1139 1638 1184 sexto,
1659 1137 1703 1174 et
1721 1130 1923 1184 sepffltus

1092 1195 1160 1232 est
1177 1190 1222 1231 in
1240 1190 1469 1233 Vaticano.

1143 1251 1193 1303 R.
1220 1247 1311 1289 Iste
1331 1252 1399 1290 est
1417 1248 1504 1300 qui.

1141 1316 1185 1351 In
1207 1317 1271 1351 III.
1296 1316 1497 1352 Nocturno
1521 1316 1694 1351 Homilia
1715 1315 1755 1350 in
1773 1315 1921 1358 Evang.

1091 1364 1218 1399 Homo
1241 1365 1412 1408 peregre.
1439 1365 1487 1399 de
1511 1364 1716 1400 Communi
1739 1364 1768 1398 1.
1789 1363 1888 1398 loco.

1143 1418 1245 1452 Lect.
1264 1418 1313 1452 ix.
1337 1418 1384 1452 de
1402 1418 1544 1452 Homil.
1563 1417 1679 1461 Vigil.
1700 1417 1735 1452 S.
1753 1416 1921 1451 Andreae

1090 1470 1126 1500 et
1150 1466 1189 1499 in
1210 1466 1411 1500 Laudibus
1436 1476 1633 1500 commem.
1659 1465 1847 1508 ejusdem,
1876 1472 1922 1498 ac

1089 1513 1124 1548 S.
1149 1514 1348 1548 Saturnini
1370 1514 1479 1548 Mart.

1294 1598 1379 1640 Die
1398 1600 1428 1639 1.
1447 1599 1718 1642 Decembris.

1236 1659 1279 1704 S.
1299 1663 1476 1705 Didaci
1494 1663 1782 1705 Confessoris.

1279 1725 1541 1769 Semiduplex.
1565 1724 1626 1764 (m.
1642 1725 1667 1758 t.
1681 1722 1731 1766 v.)

1143 1778 1281 1813 Omnia
1304 1784 1346 1814 ut
1372 1779 1411 1812 in
1433 1778 1545 1812 Brev.
1571 1777 1634 1811 die
1660 1777 1708 1811 13.
1732 1775 1832 1811 Nov.

907 1843 1219 1861 ψ

787 1913 946 1954 Index
975 1913 1340 1964 alphabeticus.

208 1999 326 2034 Agapiti
346 2000 366 2027 I.
382 2000 467 2034 Papae
481 2003 508 2026 et
522 1999 603 2027 Conf.
623 1999 698 2034 dupl.
717 2000 758 2026 20.
774 1999 849 2034 Sept.
902 2005 963 2031 pag.
986 1998 1038 2026 13*

209 2039 350 2066 Bonifacii
366 2040 387 2066 I.
403 2040 488 2073 Papae
502 2043 530 2066 et
544 2039 625 2066 Conf.
645 2039 720 2073 dupl.
740 2040 780 2066 25.
796 2040 855 2066 Oct.
984 2038 1038 2065 23*

209 2077 320 2106 Callisti
335 2079 355 2105 I.
375 2079 460 2113 Papae
473 2083 500 2105 et
515 2079 595 2105 Mart.
615 2079 691 2112 dupl.
712 2079 750 2104 14.
766 2079 825 2105 Oct.
985 2077 1038 2103 21*

208 2117 339 2144 Dedicat.
354 2118 437 2144 Basil.
454 2117 495 2144 Ss.
509 2117 614 2145 Salvat.
634 2117 710 2151 dupl.
726 2118 748 2143 1.
763 2117 796 2144 cl.
815 2118 839 2144 9.
855 2117 926 2144 Nov.
984 2116 1037 2143 27*

244 2168 276 2172 —
313 2168 345 2171 —
382 2153 495 2180 Octava.
515 2153 591 2186 dupl.
612 2154 652 2179 1⁴3.
666 2153 736 2180 Nov.
985 2151 1037 2178 29*

210 2187 364 2213 Deusdedit
378 2188 464 2221 Papae
478 2191 506 2214 et
520 2188 601 2214 Cous.
621 2187 697 2221 dupl.
718 2188 757 2214 14.
773 2188 844 2215 Νον.
985 2186 1037 2213 28*

210 2221 309 2248 Didaci
324 2222 404 2249 Conf.
424 2222 521 2249 semld.
542 2224 564 2248 1.
580 2223 647 2249 Dec.
985 2221 1038 2248 32*

208 2259 355 2287 Elisabeth
371 2262 438 2295 Reg.
451 2261 604 2295 Portugall.
618 2261 680 2288 Vid.
700 2261 796 2287 scmid.
815 2262 839 2288 3.
855 2261 930 2295 Sept.
1002 2260 1038 2286 4*

210 2294 352 2321 Elisabeth
367 2296 475 2322 Viduae.
494 2296 570 2329 dupl.
590 2297 630 2323 27.
648 2296 719 2323 Νον.
984 2295 1037 2321 30*

210 2329 322 2355 Eusebii
336 2330 421 2363 Papae
435 2335 462 2357 et
475 2331 556 2357 Mart.
576 2331 651 2365 dupl.
671 2332 711 2357 26.
727 2331 802 2365 Sept.
983 2329 1034 2356 14*

211 2364 351 2390 Eustachii
365 2369 391 2390 et
405 2365 466 2392 Soc.
480 2366 561 2392 Mart.
581 2366 656 2399 dupl.
677 2366 719 2392 25.
734 2365 808 2400 Sept.
987 2365 1037 2390 14*

210 2397 331 2424 Evaristi
346 2399 431 2432 Papae
445 2403 472 2426 et
486 2400 566 2426 Mart.
587 2400 663 2434 dupl.
683 2401 723 2427 26.
739 2401 798 2427 Oct.
985 2399 1037 2426 25⁶²*

210 2435 303 2465 Gallae
318 2437 381 2463 Vid.
401 2438 475 2471 dupl.
496 2439 519 2464 5.
536 2439 595 2465 Oct.
986 2438 1038 2464 18*

209 2471 314 2498 Gelasii
329 2472 350 2498 Ι.
365 2472 450 2506 Papae
464 2476 490 2499 ct
503 2473 586 2500 Conf.
605 2473 680 2507 dupl.
700 2474 742 2500 29.
757 2474 827 2501 Nov.
985 2473 1038 2499 31*

210 2506 340 2540 Gregorii
354 2507 404 2533 III.
420 2507 505 2540 Papae
519 2512 546 2533 et
562 2508 642 2534 Conf.
657 2509 733 2542 dupl.
753 2509 794 2534 28.
809 2508 880 2535 Nov.

210 2541 336 2574 Gregorii
354 2541 444 2575 Episc.
460 2542 522 2574 maj.
537 2543 651 2569 Armen.
666 2543 746 2570 Mart.
761 2543 837 2576 dupl.
854 2543 876 2568 1.
887 2543 947 2570 Oct.

209 2579 303 2607 Hilari
318 2580 403 2614 Papae
417 2584 444 2606 et
459 2580 539 2607 Conf.
558 2581 633 2615 dupl.
654 2583 694 2608 10.
709 2582 783 2615 Sept.

210 2619 329 2655 Joannis
343 2619 483 2646 Leonardi
498 2619 578 2646 Conf.
597 2620 672 2653 dupl.
693 2621 732 2647 11.
748 2621 807 2648 Oct.

985 2508 1038 2534 30*

987 2542 1038 2569 15*

987 2581 1038 2607 12*

988 2620 1039 2646 19*

1089 1999 1232 2028 Ludovici
1246 2001 1313 2035 Reg.
1328 2003 1356 2028 et
1369 2000 1451 2028 Conf.
1470 2000 1567 2028 semid.
1588 2001 1611 2028 1.
1624 2000 1701 2035 Sept.
1789 2002 1850 2028 pag·
1884 2001 1920 2027 3*

1089 2039 1184 2068 Marci
1198 2041 1285 2074 Papae
1297 2043 1326 2067 et
1339 2041 1420 2068 Conf.
1439 2040 1516 2074 dupl.
1536 2041 1559 2068 7.
1575 2041 1634 2067 Oct.
1868 2039 1920 2066 18*

1090 2075 1185 2102 Mariae
1195 2076 1226 2102 B.
1237 2076 1270 2102 V.
1281 2075 1474 2102 Maternitatis.
1486 2076 1562 2109 dupl.
1573 2076 1635 2110 maj.
1647 2076 1731 2102 Dom.
1740 2076 1776 2102 11.
1789 2075 1848 2102 Oct.
1868 2074 1920 2101 19⁴*

1123 2126 1158 2130 —-
1193 2126 1227 2130 —
1262 2110 1421 2137 Patrocinii.
1441 2110 1516 2144 dupl.
1531 2111 1593 2144 maj.
1612 2111 1694 2138 Dom.
1709 2110 1745 2138 ΙΙ.
1760 2111 1830 2138 Nov.
1866 2109 1920 2136 27*

1127 2162 1159 2166 —
1194 2162 1226 2166 —-
1263 2145 1409 2173 Purissimi
1424 2146 1534 2173 Cordis.
1558 2146 1635 2180 dupl.
1650 2146 1712 2180 maj.
1736 2145 1850 2173 Domin.

1159 2185 1223 2215 post
1237 2180 1296 2208 Oct.
1311 2181 1457 2214 Assumpt.
1884 2179 1920 2206 3*

1123 2231 1158 2236 —
1194 2232 1226 2234 —
1263 2215 1406 2242 Puritatis.
1425 2215 1502 2249 dupl.
1517 2215 1579 2249 maj.
1598 2215 1682 2242 Dom.
1695 2215 1748 2242 111.
1763 2215 1823 2242 Oct.
1867 2213 1918 2241 19*

1090 2255 1202 2283 Nicolai
1217 2256 1237 2282 I.
1251 2255 1338 2295 Papae
1351 2259 1379 2281 et
1393 2254 1474 2282 Conf.
1493 2255 1569 2288 dupl.
1591 2254 1631 2280 13.
1647 2254 1718 2282 Νον.
1865 2253 1918 2280 27*

1090 2290 1197 2317 Nicolai
1212 2290 1334 2317 Toletmi
1348 2290 1429 2317 Conf.
1450 2290 1526 2324 dupl.
1548 2290 1588 2316 11.
1603 2288 1679 2324 Sept.
1866 2288 1918 2314 13*

1089 2329 1267 2357 Philumenae
1281 2329 1356 2363 Virg.
1371 2333 1398 2356 et
1411 2330 1492 2356 Mart.
1511 2329 1588 2364 dupl.
1608 2330 1632 2355 6.
1648 2327 1723 2362 Sept.
1882 2327 1918 2354 9*

1090 2365 1220 2391 Pontiani
1234 2365 1320 2398 Papae
1335 2367 1361 2390 et
1376 2364 1455 2391 Mart.
1475 2364 1550 2398 dupl.
1570 2365 1611 2390 19.
1626 2364 1697 2392 Nov.
1867 2362 1919 2389 29*

1089 2403 1243 2438 Raphaelis
1257 2403 1370 2430 Archan
1391 2424 1397 2430 .
1417 2403 1493 2438 dupl.
1508 2404 1570 2437 maj.
1590 2403 1631 2429 24.
1646 2403 1706 2430 Oct.
1867 2401 1919 2428 23*

1090 2438 1289 2472 Redemptoris
1303 2438 1345 2465 Ss.
1386 2438 1441 2472 upl.
1455 2438 1518 2472 maj.
1537 2439 1578 2465 23.
1593 2438 1653 2465 Oct.
1866 2436 1920 2463 23*

1090 2474 1175 2500 Rosae
1190 2473 1296 2500 Viterb.
1311 2473 1387 2507 Virg.
1407 2473 1483 2507 dupl.
1501 2474 1526 2499 4.
1541 2473 1617 2507 Sept.
1884 2471 1920 2498 9*

1089 2512 1182 2546 Sergii
1196 2513 1218 2539 1.
1233 2512 1320 2546 Papae
1335 2516 1362 2539 et
1376 2512 1457 2539 Conf.
1477 2512 1553 2546 dupl.
1573 2513 1596 2539 9.
1611 2511 1687 2545 Sept.
1868 2509 1920 2536 11*

1089 2547 1216 2575 silvestri
1230 2547 1304 2574 Abb.
1324 2547 1400 2581 dupl.
1419 2548 1460 2574 26.
1476 2547 1547 2574 Nov.
1867 2545 1920 2571 30*

1090 2581 1180 2609 Siricii
1195 2582 1280 2616 Papae
1294 2586 1321 2609 et
1334 2582 1415 2609 Conf.
1436 2582 1511 2616 dupl.
1530 2582 1572 2608 31.
1586 2580 1645 2607 Oct.
1867 2579 1920 2606 25*

1091 2620 1220 2648 Victoris
1235 2621 1287 2647 111.
1303 2621 1389 2655 Papae
1403 2624 1430 2648 et
1445 2620 1526 2648 Conf.
1546 2619 1623 2653 dupl.
1644 2620 1683 2647 16.
1699 2619 1758 2646 Oct.
1868 2617 1921 2644 22·ιε
