2040 2944
504 169 575 203 Dic
599 170 651 203 25.
677 168 756 203 Oct.
803 168 859 202 Ss.
886 168 1123 212 Chrysanthi
1149 175 1184 203 et
1211 170 1339 204 Uaria:
1364 171 1585 214 Martyrum.

191 263 487 306 commendet:
505 270 554 307 ut
574 264 695 318 quod
713 266 876 308 nostris
894 267 1019 308 meri-

190 321 247 362 tis
278 333 368 362 non
399 321 612 372 valemus,
647 322 738 373 ejus
771 324 1018 375 patrocinio

188 379 486 429 assequamur.
513 379 598 420 Per
615 378 865 421 Dominum.

237 447 283 481 Et
311 447 352 480 fit
379 456 575 480 commem.
604 445 661 479 Ss.
685 444 838 479 Ursulae
869 448 905 478 et
929 444 1013 479 Soc.

185 495 289 538 Virg.
316 499 352 529 et
376 495 484 529 Mart.

237 548 309 589 Ad
326 548 459 600 Vesp.
481 552 523 588 et
537 545 672 587 Laud.
700 545 798 586 Ant.
828 543 1018 585 Pruden-

188 602 256 639 tes
274 598 476 649 virgines,
497 600 647 655 aptate
665 603 836 642 vestras
855 599 1019 653 lampa-

189 654 281 696 des:
308 667 411 697 ecce
438 668 628 708 sponsus
647 656 783 707 venit,
808 659 924 699 exite
945 656 1018 699 ob-

188 723 304 752 viam
324 724 375 753 e1.

238 769 289 821 V.
336 767 627 810 Adducentur
666 769 779 820 Regi
813 770 1019 822 Virgines

182 828 292 877 post
320 837 428 867 eam.
468 831 520 883 R.
550 826 770 868 Proximae
799 828 890 880 ejus
918 827 1018 870 affe-

187 881 338 924 rentur
357 881 449 924 tibi.
495 916 497 918 .

516 940 682 981 Oratio.

276 1009 302 1038 a
345 996 490 1047 nobis,
537 999 789 1049 quaesumus
829 997 1019 1040 Domine

298 1052 419 1095 Deus
446 1059 614 1096 noster:
642 1056 894 1096 sanctarum
920 1055 1018 1097 Vir-

187 1109 336 1161 ginum
361 1114 405 1152 et
426 1110 670 1163 Martyrum
691 1113 867 1153 tuarum
885 1111 1018 1154 Ursu-

188 1166 243 1207 1ae
267 1170 311 1207 et
330 1166 556 1208 Sociarum
579 1168 671 1219 eJus
694 1167 863 1220 palmas
882 1168 1018 1210 inces-

189 1222 317 1264 sabili
339 1223 575 1266 devotione
595 1224 810 1276 venerari3
836 1229 884 1266 ut
909 1238 1018 1278 quas

189 1279 320 1331 digna
351 1285 497 1322 mente
525 1294 614 1323 non
642 1284 878 1334 possumus
908 1282 1017 1324 cele-

187 1336 334 1387 brare,
365 1337 602 1380 humilibus
634 1338 792 1380 saltem
819 1338 1018 1391 frequen-

187 1394 330 1435 temus
350 1393 586 1447 obsequiis.
615 1395 701 1436 Per
719 1395 968 1438 Dominum.

492 1458 645 1499 Lectio
665 1458 704 1498 ii.

247 1514 262 1569 ¹]
292 1511 464 1562 ilarion,
489 1517 613 1555 ortus
634 1513 851 1556 Tabathae
875 1515 919 1555 in
938 1515 1017 1556 Pa-

260 1563 262 1591 ἶ
311 1568 482 1611 laestina
508 1582 563 1611 ex
585 1570 843 1623 parentibus
867 1572 1017 1613 infide-

188 1625 319 1676 libus,
339 1625 651 1668 Alexandriam
670 1628 831 1670 missus
852 1628 1018 1670 studio-

188 1694 286 1723 rum
312 1694 464 1732 causa,
495 1682 557 1724 ibi
583 1696 758 1725 morum
787 1689 831 1726 et
858 1685 1020 1736 ingenii

188 1737 318 1780 laude
343 1738 505 1780 floruit:
531 1752 583 1781 ac
607 1740 712 1782 Jesu
736 1740 900 1783 Christi
926 1755 1016 1783 sus-

189 1796 321 1848 cepta
339 1795 569 1848 religione,
595 1797 639 1838 in
662 1796 750 1840 fide
771 1804 815 1840 et
834 1799 1018 1842 caritate

188 1851 444 1895 mirabiliter
453 1854 653 1906 profecit.
663 1854 892 1907 Frequens
903 1856 1018 1897 enim

189 1913 283 1951 erat
300 1909 345 1950 in
363 1910 559 1962 ecclesia,
580 1911 782 1954 assiduus
800 1911 844 1952 in
858 1912 1017 1965 jejunio

188 1970 233 2008 et
257 1966 470 2009 oratione:
495 1980 647 2010 omnes
671 1968 948 2021 voluptatum
970 1969 1017 2010 il-

187 2021 385 2065 lecebras
411 2028 455 2066 et
478 2027 751 2067 terrenarum
775 2038 922 2067 rerum
947 2039 1017 2068 cu-

187 2079 398 2136 piditates
427 2082 749 2125 contemnebat.
804 2082 914 2124 Cum
946 2095 1017 2124 au-

187 2141 278 2178 tem
294 2137 476 2179 Antonii
494 2151 655 2180 nomen
673 2139 718 2180 in
732 2141 930 2193 AEg5⁷pt0
951 2152 1018 2182 ce-

186 2193 468 2236 leberrimum
483 2200 610 2248 esset,
629 2197 720 2248 ejus
734 2196 914 2239 videndi
930 2201 1016 2239 stu-

188 2248 262 2292 dio
281 2250 326 2291 in
342 2251 624 2294 solitudinem
639 2253 878 2296 contendit:
898 2253 1019 2307 apud

189 2318 320 2358 quem
364 2307 538 2350 duobus
582 2309 805 2351 mensibus
843 2323 1018 2352 omnem

188 2363 279 2415 ejus
315 2364 418 2407 vitae
454 2365 671 2408 rationem
706 2366 868 2408 didicit.
929 2367 1017 2409 Do-

187 2432 306 2461 mum
320 2423 533 2473 reversuS,
550 2423 734 2465 mortuis
749 2423 1017 2476 parentibus,

187 2476 418 2520 facultates
438 2492 539 2521 suas
558 2480 827 2534 pauperibus
846 2480 1017 2531 dilargi-

187 2537 259 2574 tus
275 2539 356 2576 est:
373 2537 561 2578 necdum
582 2538 780 2590 quintum
799 2537 1017 2579 decimum

188 2601 348 2632 annum
368 2595 585 2645 egressus,
610 2594 740 2637 rediit
757 2595 801 2635 in
821 2594 1015 2637 solitudi-

187 2659 303 2698 nem,
335 2648 426 2700 ubi,
458 2654 684 2693 exstructa
712 2655 869 2703 exigua
897 2665 1016 2703 casa,

189 2717 288 2757 quae
312 2705 386 2747 vix
410 2706 557 2759 ipsum
582 2709 778 2761 caperet,
805 2708 925 2750 humi
944 2721 1014 2750 cu-

217 1514 235 1570 [3

1071 266 1217 308 babat.
1251 267 1347 308 Nec
1370 279 1476 308 vero
1506 279 1697 317 saccum,
1726 279 1813 319 quo
1839 279 1902 308 se-

1071 322 1158 364 mel
1178 325 1363 364 amictus
1379 327 1456 372 est,
1475 335 1684 375 umquam
1698 328 1773 365 aut
1786 323 1904 373 lavit,

1072 384 1147 421 aut
1169 380 1372 429 mutavit,
1401 393 1501 421 cum
1528 382 1905 432 supervacaneum

1072 448 1170 477 esse
1201 436 1384 487 diceret,
1421 436 1658 478 munditias
1687 437 1733 478 in
1760 437 1903 478 cilicio

1073 494 1281 545 quaerere.

1371 548 1523 589 Lectio
1543 549 1598 589 iii.

1072 603 1147 709 In
1171 612 1423 651 sanctarum
1446 609 1692 652 litterarum
1714 610 1905 652 lectione

1130 671 1174 709 et
1187 666 1474 708 meditatione
1489 667 1651 709 multus
1668 672 1773 710 erat.
1795 667 1905 709 Pau-

1072 736 1146 765 cas
1173 723 1283 764 ficus
1309 729 1353 766 et
1378 736 1559 765 succum
1582 724 1820 766 herbarum
1848 724 1905 765 ad

1071 780 1236 822 victum
1267 779 1521 832 adhibebat3
1566 793 1648 822 nec
1684 781 1771 822 illis
1804 786 1905 822 ante

1072 836 1179 878 solis
1209 839 1417 879 occasum
1444 837 1717 880 vescebatur.
1760 838 1905 880 Conti-

1071 894 1219 935 nentia
1257 899 1300 936 et
1331 894 1576 937 humilitate
1608 895 1690 937 fuit
1720 895 1904 937 incredi-

1070 950 1158 991 bili.
1187 950 1355 1001 Quibus
1374 951 1560 1004 aliisque
1579 952 1814 994 virtutibus
1833 955 1905 994 va-

1071 1008 1160 1049 rias
1184 1008 1507 1061 horribilesque
1530 1009 1795 1051 tentationes
1816 1009 1904 1051 dia-

1071 1064 1164 1106 boli
1200 1066 1445 1118 superavit,
1485 1070 1529 1107 et
1564 1065 1905 1107 innumerabiles

1072 1120 1298 1163 daemones
1338 1123 1382 1163 in
1422 1122 1571 1164 multis
1615 1122 1734 1165 orbis
1772 1128 1904 1164 terrae

1071 1178 1274 1231 partibus
1303 1192 1358 1221 ex
1389 1179 1615 1221 hominum
1643 1179 1903 1232 corporibus

1073 1236 1208 1288 ejecit.
1264 1236 1349 1286 Qui
1387 1237 1707 1287 octogesimum
1744 1249 1903 1277 annum

1072 1305 1222 1343 agenS,
1250 1293 1399 1335 multis
1427 1293 1657 1336 aedificatis
1686 1295 1903 1335 monaste-

1071 1350 1162 1399 riis,
1196 1355 1240 1392 et
1274 1350 1417 1392 clarus
1449 1351 1685 1401 miraculis,
1718 1351 1762 1391 in
1789 1363 1902 1392 mor-

1070 1406 1176 1448 bum
1195 1407 1363 1450 incidit:
1383 1409 1503 1460 cujus
1523 1409 1566 1449 vi
1586 1421 1686 1450 cum
1706 1409 1903 1449 extremo

1071 1477 1185 1517 pene
1218 1465 1375 1517 spiritu
1407 1465 1750 1514 conflictaretur‚
1790 1464 1903 1506 dice-

1071 1521 1162 1562 bat:
1199 1521 1438 1573 Egredere,
1469 1522 1574 1574 quid
1601 1520 1754 1564 times?
1784 1523 1903 1572 egre-

1072 1577 1196 1628 dere,
1230 1579 1373 1620 anima
1406 1592 1520 1630 mea,
1563 1578 1669 1631 quid
1703 1576 1902 1620 dubitas?

1071 1638 1351 1688 septuaginta
1386 1649 1528 1689 prope
1566 1636 1691 1676 annis
1729 1635 1904 1676 servisti

1072 1692 1267 1742 Christo,
1287 1698 1331 1734 et
1348 1698 1537 1735 mortem
1556 1690 1706 1734 times?
1735 1690 1902 1742 Quibus

1070 1752 1113 1791 in
1133 1749 1279 1792 verbis
1300 1750 1503 1803 spiritum
1523 1749 1757 1791 exhalavit.

1129 1815 1187 1854 Te
1208 1812 1353 1853 Deum
1373 1810 1615 1853 laudamus.
1634 1811 1694 1851 14.

1125 1879 1188 1912 Ad
1212 1879 1330 1913 Laud.
1356 1890 1426 1923 pro
1451 1880 1486 1915 S.
1512 1881 1724 1917 Hilarione.

1125 1930 1224 1971 Ant.
1252 1931 1376 1980 Euge
1400 1941 1527 1970 serve
1549 1928 1664 1970 bone
1684 1931 1728 1969 et
1746 1927 1901 1977 fidelis,

1071 1987 1174 2040 quia
1198 1987 1242 2028 in
1266 1999 1408 2040 pauca
1433 1985 1553 2027 fuisti
1574 1985 1734 2036 fidelis,
1768 1997 1902 2037 supra

1069 2044 1206 2086 multa
1229 2048 1273 2086 te
1301 2044 1578 2085 constituam:
1606 2042 1720 2083 intra
1736 2042 1781 2082 in
1799 2044 1900 2092 gau-

1070 2100 1190 2143 dium
1208 2099 1389 2141 Domini
1406 2099 1482 2141 tui.

1123 2159 1175 2209 V.
1195 2163 1220 2204 J
1222 2167 1368 2204 ustum
1388 2160 1570 2203 deduxit
1586 2160 1802 2200 Dominus
1821 2171 1901 2212 per

1071 2220 1163 2262 vias
1187 2223 1342 2261 rectas.
1373 2220 1424 2271 [ᾗ.
1446 2218 1504 2260 Et
1529 2216 1722 2259 ostendit
1746 2216 1808 2257 illi
1835 2229 1899 2257 re-

1069 2287 1203 2328 gnum
1220 2277 1315 2318 Dei.

1122 2338 1197 2372 Pro
1222 2337 1278 2372 Ss.
1306 2336 1447 2371 Ursula
1477 2340 1513 2370 et
1536 2335 1619 2370 Soc.
1648 2340 1689 2370 ut
1718 2346 1835 2379 supra
1861 2338 1899 2370 in

1068 2386 1184 2430 Vesp.

1281 2468 1366 2510 Die
1384 2468 1450 2509 25.
1472 2466 1692 2509 Octobris.

1069 2533 1138 2574 Ss.
1168 2532 1477 2580 chrysanthi
1506 2538 1550 2573 et
1577 2531 1746 2574 Dariae
1772 2532 1895 2573 Mart.

1119 2595 1191 2636 Ad
1206 2595 1340 2646 Vesp.
1362 2595 1462 2635 Ant.
1486 2594 1679 2636 Istorum
1698 2598 1765 2635 est
1784 2592 1898 2635 enim

1068 2665 1249 2703 regnum
1271 2651 1501 2701 coelorum,
1530 2651 1604 2703 qui
1625 2650 1896 2701 contempse-

1067 2714 1167 2751 runt
1189 2709 1323 2751 vitam
1342 2707 1509 2759 mundi,
1538 2712 1581 2750 et
1604 2707 1896 2760 pervenerunt
