2040 2944
498 184 677 218 Officium
703 185 878 218 votivum
904 185 950 218 dc
976 187 1010 218 S.
1036 185 1184 228 Joscpli
1211 188 1364 228 sponso
1390 186 1431 219 Β.
1457 186 1503 219 M.
1533 186 1571 219 V,

172 277 262 320 ret?
289 282 339 320 ut
360 291 442 331 per
467 291 643 321 crucem
664 277 832 320 vincat?
859 283 909 320 ut
927 292 1008 332 per

172 334 411 386 Evangelia
426 334 632 388 adeptet?
652 340 701 377 ut
718 348 800 388 per
818 348 1007 376 resurre-

173 390 365 432 ctienem
398 403 452 432 ex
481 395 625 433 morte
657 390 873 433 vivificet?
907 392 1007 442 Qui-

171 447 256 489 bus
282 447 442 489 auditis
461 448 671 500 Apestoli
697 448 785 489 cito
811 448 1008 497 credunt,

173 505 359 556 seseque
382 504 528 561 omnia
547 504 779 557 reliquisse
798 504 1007 557 profiten-

172 565 254 602 tur.
287 560 376 602 Sed
398 560 511 602 hanc
536 563 689 602 eorum
709 560 1008 602 obedientiam

174 616 263 658 cito
273 617 490 659 Deminus
504 619 818 667 remuneratur,
834 630 1009 659 omnem

174 672 477 715 difficultatem
493 674 735 726 superieris
751 674 1009 726 quaestienis

174 728 426 780 absolvens,
472 743 572 771 cum
604 729 730 772 dicit:
774 731 889 780 Vos,
935 731 1010 782 qui

174 786 316 828 secuti
349 787 456 828 estis
488 799 558 828 me
590 787 634 827 in
666 787 1023 837 regeneratione„

175 841 423 894 judicabitis
443 842 678 885 duedecim
699 843 841 885 tribus
860 843 1010 884 Israel.

173 898 286 940 Haec
332 899 447 941 enim
490 899 566 941 illa
610 899 885 951 regeneratio
933 906 1009 949 est,

176 967 308 1008 quam
330 956 538 1009 Apostoli
564 962 665 998 sunt
691 956 849 1006 secuti,
878 969 1010 1008 quam

173 1011 246 1053 lex
264 1011 492 1064 indulgere
515 1026 604 1055 non
622 1013 783 1066 petuit,
813 1025 912 1065 quae
933 1025 1010 1055 eos

175 1081 308 1121 super
340 1068 576 1111 duedecim
609 1069 794 1111 thronos
827 1070 871 1110 in
903 1069 1010 1122 judi-

174 1124 327 1167 candis
359 1125 595 1167 duedecim
626 1125 830 1168 tribubus
861 1125 1010 1176 Israel,

174 1181 218 1222 in
237 1179 473 1224 duedecim
489 1182 848 1224 Patriareharum
869 1182 1010 1233 gloria

176 1238 411 1291 copulavit.
464 1240 530 1281 Te
556 1239 713 1281 Deum.
742 1241 802 1280 14.

345 1330 382 1371 Ρ
400 1343 422 1371 1
443 1343 469 1372 o
504 1330 541 1371 F
560 1343 584 1373 e
604 1343 626 1372 r
644 1331 659 1371 i
677 1344 703 1372 a
737 1331 759 1371 I
776 1331 830 1373 V.

406 1402 585 1437 Officium
607 1403 784 1437 votivum

213 1452 275 1494 de
298 1453 342 1495 S.
365 1453 557 1505 Joseph
581 1455 753 1506 Sponso
780 1455 826 1493 B.
847 1453 903 1493 M.
921 1454 975 1494 V.

235 1510 345 1545 Conf.
363 1515 400 1546 et
418 1511 633 1546 Catholicae¹
651 1512 752 1545 Eccl.
770 1511 950 1545 Patrono.

462 1569 724 1612 Semiduplex.

390 1624 452 1664 In
475 1623 512 1665 Ι.
537 1623 792 1675 vesperis.

227 1685 315 1720 Ant.
342 1690 378 1721 et
400 1686 493 1729 Cap.
520 1686 566 1720 de
592 1687 711 1721 Laud.
734 1685 825 1729 [216]
862 1684 1009 1718 Psalmi

174 1737 215 1768 ut
239 1734 279 1768 in
303 1734 330 1769 Ι.
355 1735 472 1779 Vesp.
497 1735 546 1769 de
572 1736 717 1770 Comm.
742 1735 880 1777 Apost.
909 1732 956 1777 [2]

486 1788 699 1839 Hymnus.

109 1869 117 1876 ·
175 1836 280 1943 Te
299 1841 324 1882 J
326 1841 467 1895 oseph
484 1842 712 1940 {elebrent
729 1843 902 1894 agmina
923 1846 1007 1884 000-

517 1903 620 1950 111111,

224 1953 290 1995 Το
317 1955 462 1996 01111011
487 1957 695 1998 resonent
720 1955 1010 1998 christiadum

488 2011 622 2063 chori,

227 2066 312 2116 Qui
333 2066 476 2108 clarus
492 2069 670 2119 meritis,
690 2069 861 2121 junctus
882 2082 929 2110 es
948 2071 1007 2109 1'n-

487 2124 616 2178 clytae

329 2180 463 2222 Casto
482 2180 651 2224 fo'edere
670 2182 854 2233 Virgini.

174 2243 304 2287 Almo
330 2258 430 2287 cum
453 2246 668 2312 tumidam
691 2247 886 2298 germine
907 2248 1006 2287 con-

226 2357 474 2408 Admirans,
486 2358 622 2401 dubio
632 2359 826 2410 tangeris
841 2359 1006 2408 anxius,

1794 184 1894 229 [209]

1112 281 1337 322 Amissum
1355 280 1544 346 Selymis
1567 282 1743 334 quaeris,
1769 286 1812 323 et
1835 285 1895 323 in-

1372 350 1506 387 venis,

1215 393 1405 435 Miscens
1423 395 1586 445 gaudia
1605 395 1794 437 fletibus.

1062 460 1170 499 Post
1206 463 1395 500 mortem
1432 460 1625 512 reliquos
1662 474 1783 502 mors
1821 461 1894 513 pia

1374 518 1615 566 censecrat,

1112 570 1398 623 Palmamque
1420 573 1626 614 emeritos
1645 573 1785 624 gloria
1803 577 1894 615 sus-

1375 629 1497 680 cipit:

1114 683 1182 725 Tu
1209 684 1378 734 vivens,
1407 685 1588 738 Superis
1615 699 1710 739 par,
1739 686 1896 728 frueris

1373 742 1483 792 Deo,

1218 797 1330 838 Mira
1350 803 1470 851 sorte
1489 798 1673 840 beatior.

1062 861 1220 911 Nobis,
1254 875 1424 903 summa
1456 863 1600 913 Trias‚
1634 877 1767 916 parce
1800 877 1896 917 pre-

1377 919 1588 970 cantibus,
1861 962 1868 966 ,

1115 974 1185 1015 Da
1212 975 1236 1015 J
1240 975 1379 1028 oseph
1406 975 1573 1018 meritis
1603 976 1748 1018 sidera
1776 978 1896 1018 scan-

1378 1031 1497 1074 dere:

1115 1088 1175 1129 Ut
1193 1088 1371 1130 tandem
1388 1089 1520 1131 liceat
1541 1102 1624 1131 nos
1643 1089 1723 1131 tibi
1741 1091 1896 1142 perpe-

1376 1146 1455 1187 tim

1221 1203 1407 1244 Gratum
1426 1204 1632 1255 premere
1652 1204 1880 1244 canticum.

1218 1312 1222 1314 ,
1377 1259 1532 1301 Α111011.

1116 1315 1167 1366 V.
1192 1320 1430 1362 Constituit
1452 1333 1552 1361 eum
1577 1320 1802 1362 deminum
1822 1320 1897 1362 do-

1062 1390 1159 1419 mus
1185 1390 1288 1419 suae.
1325 1379 1375 1429 R.
1402 1377 1460 1418 Et
1485 1377 1730 1430 principem
1757 1378 1898 1419 omnis

1061 1433 1358 1487 possessionis
1378 1446 1481 1475 suae.

1115 1494 1188 1534 Ad
1234 1494 1408 1545 Magnis.
1465 1495 1564 1535 Ant.
1622 1496 1735 1536 Cum
1781 1499 1897 1536 esset

1064 1550 1336 1604 desponsata
1373 1552 1397 1578 *
1432 1552 1574 1593 Mater
1615 1551 1720 1593 Jesu
1759 1551 1899 1592 Maria

1062 1608 1087 1649 J
1091 1608 1248 1660 oseph‚
1306 1611 1544 1661 antequam
1598 1610 1898 1656 convenirent,

1062 1665 1239 1706 inventa
1280 1669 1347 1706 est
1387 1665 1431 1705 in
1473 1667 1600 1706 utero
1637 1663 1805 1705 habens
1842 1663 1896 1704 de

1062 1720 1229 1773 Spiritu
1248 1725 1412 1762 sancto.

1402 1776 1566 1816 Oratio.

1155 1846 1248 1882 eus,
1280 1833 1355 1885 qui
1382 1831 1592 1875 ineffabili
1618 1830 1897 1884 providentia

1178 1890 1358 1932 beatum
1398 1888 1566 1941 Joseph
1608 1888 1896 1929 sanctissimae

1063 1946 1300 1988 Genitricis
1345 1951 1434 1988 tuae
1476 1958 1692 1998 sponsum
1735 1944 1896 1995 eligere

1064 2003 1269 2054 dignatus
1286 2015 1349 2043 es:
1368 2007 1544 2055 praesta,
1561 2003 1828 2054 quaesumus3
1847 2004 1897 2041 ut

1063 2073 1195 2112 quem
1228 2061 1530 2111 protectorem
1558 2060 1817 2099 veneramur
1851 2057 1896 2097 in

1061 2116 1210 2165 terris,
1242 2116 1582 2157 intercessorem
1613 2113 1779 2155 habere
1807 2125 1894 2154 me-

1059 2175 1236 2214 reamur
1255 2172 1299 2212 in
1319 2171 1461 2213 coelis:
1489 2171 1574 2222 Qui
1592 2171 1717 2212 vivis.

1226 2257 1314 2298 Ad
1338 2256 1729 2298 Matutinum.

1116 2324 1239 2364 invit.
1260 2322 1512 2364 Laudemus
1532 2322 1676 2363 Deum
1695 2325 1895 2363 nostrum

1061 2380 1084 2404 *
1098 2380 1149 2420 In
1164 2379 1447 2420 veneratione
1461 2378 1581 2420 beati
1597 2378 1622 2418 J
1625 2377 1775 2430 oseph‚
1794 2390 1893 2430 pro-

224 2414 392 2456 Affle'ltu
414 2415 563 2468 superi
581 2414 790 2456 Flaminis
809 2414 1005 2466 Angelus
1059 2437 1241 2477 tecffiris
1260 2435 1411 2476 nostri,

328 2471 604 2524 Conceptum
622 2475 808 2524 puerum
829 2471 973 2513 docet.

175 2535 245 2576 Tu
272 2540 423 2578 natum
449 2537 686 2578 Dominum
723 2536 914 2588 stringis,
948 2535 1022 2577 ad.

485 2595 660 2635 exteras

221 2647 407 2701 AEgypti
448 2649 685 2702 prefugum
721 2654 769 2690 tu
806 2648 1004 2699 sequeris

481 2705 649 2757 plagas3

333 2846 396 2871 Pars
411 2847 582 2872 Autumnalis.

1115 2491 1181 2531 Ps.
1206 2490 1371 2540 Venite,
1391 2490 1671 2532 exsultemus.
1689 2491 1726 2530 2.

1116 2548 1324 2598 Hymnus.
1368 2547 1431 2588 Te
1458 2547 1636 2600 Joseph.
1676 2551 1722 2586 ut
1751 2557 1891 2595 supra.

1301 2633 1351 2671 In
1377 2633 1407 2671 Ι.
1435 2633 1660 2672 Νο01111110.

1117 2702 1215 2742 Ant.
1237 2701 1451 2744 Ascendit
1469 2702 1494 2743 J
1497 2702 1646 2754 oseph.

1635 2830 1664 2862 Ο
