2040 2944
443 172 522 216 Die,
539 173 569 207 5.
594 171 696 215 Sept.
743 171 778 206 S.
802 172 999 222 Laurentii
1023 171 1235 206 Justiniani
1260 172 1387 215 Episc.
1414 178 1450 207 ct
1475 172 1584 207 Conf.

158 273 256 315 Dei.'
287 273 408 314 Bene
432 269 589 321 autem,
615 271 717 324 quia
734 270 796 312 de
820 271 845 311 J
846 269 986 311 udaeis

158 329 274 379 dicit,
289 328 382 371 duo
403 329 486 370 soli
505 327 840 380 multiplicatam
854 329 985 391 pecu-

156 386 274 427 niam
307 385 524 433 deferunt,
559 397 648 426 non
683 383 836 435 utique
873 383 985 432 aeris,

157 442 237 485 sed
256 441 596 511 dispensatienis
614 440 770 482 usuris.
798 440 899 481 Alia
918 444 986 480 est

158 500 273 541 enim
301 499 503 551 pecuniae
536 496 761 547 fo'enebris,
794 496 879 538 alia
910 494 984 538 do-

156 558 308 597 ctrinae
336 555 529 597 coelestis
555 557 699 596 usura.

209 614 270 654 Te
289 613 432 654 Deum
450 611 690 653 laudamus.
710 611 768 651 14.

344 699 432 741 *Die
451 699 488 740 5.
508 697 790 752 Septembris.

254 768 297 809 S.
324 767 586 809 Laurentii
613 767 643 809 J
644 766 890 808 ustiniani

391 820 538 872 Episc.
559 826 601 861 et
625 820 744 861 Conf.

441 880 701 924 Semiduplex.

211 937 347 972 Omnia
380 937 425 971 de
457 937 602 972 Comm.
634 937 742 971 Conf.
774 937 883 971 Pont.
911 937 982 981 [49]

156 991 297 1029 praeter
322 995 427 1029 sequ.
449 985 508 1027 (m.
532 989 556 1020 t.
580 985 629 1028 v.)

493 1042 655 1083 Oratio.

155 1093 267 1200 Da
285 1097 536 1150 quaesumus
553 1101 831 1152 omnipotens
846 1099 982 1140 Deus:

249 1159 298 1196 ut
320 1154 440 1196 beati
463 1154 687 1197 Laurentii
707 1155 982 1197 Confessoris

154 1211 217 1252 tui
243 1216 376 1263 atque
395 1211 623 1253 Pontificis
644 1212 894 1254 veneranda
914 1225 981 1254 so-

153 1267 356 1309 lemnitas
382 1272 426 1309 et
451 1268 733 1310 devotiOnem
756 1268 885 1314 nobis
909 1273 980 1310 au-

153 1329 256 1375 geat
273 1330 316 1366 et
335 1324 532 1367 salutem.
559 1325 643 1367 Per
661 1325 909 1367 Dominum.

205 1394 250 1428 In
277 1393 304 1428 Ι.
332 1393 531 1427 Nocturno
566 1393 770 1428 Lectiones
804 1394 851 1428 de
884 1394 982 1429 Scri-

154 1447 267 1487 ptura
292 1446 523 1476 occurrente.

377 1503 426 1542 In
453 1503 503 1542 ΙΙ.
532 1503 756 1542 Nocturno.

456 1568 638 1608 Lectio
627 1582 679 1607 lv.

196 1636 242 1684 C
246 1629 508 1679 aurentius,
529 1642 583 1670 ex
602 1629 762 1671 illustri
779 1630 804 1670 J
806 1630 980 1672 ustima

287 1687 443 1726 nerum
479 1685 641 1727 familia
674 1687 872 1728 Venetiis
908 1700 979 1731 na-¹

232 1748 236 1750 ”
257 1762 263 1765 <
286 1746 370 1791 tus,
386 1742 589 1783 eximiam
601 1742 672 1783 vel
686 1756 796 1795 puer
809 1755 981 1785 morum

152 1798 415 1848 gravitatem
445 1811 539 1851 prae
571 1811 619 1841 se
649 1799 758 1841 tulit.
811 1800 981 1842 Exacta

151 1855 264 1895 inter
290 1854 468 1907 pietatis
496 1855 641 1896 officia
668 1855 980 1907 adolescentia,

152 1909 209 1952 ad
233 1916 403 1953 eastum
421 1911 544 1954 verbi
568 1918 613 1954 et
637 1912 794 1954 animae
819 1918 978 1956 connu-

152 1968 273 2011 bium
299 1982 323 2011 a
349 1968 496 2011 divina
522 1971 736 2023 sapientia
759 1972 979 2023 invitatus,

152 2025 208 2067 de
233 2026 450 2078 religi6sae
474 2026 576 2068 vitae
602 2027 802 2069 instituto
828 2041 977 2082 capes-

152 2082 289 2125 sendo
311 2083 555 2125 deliberare
571 2085 720 2136 coepit.
746 2085 888 2127 Novae
903 2088 979 2128 ita-

153 2151 238 2191 que
256 2139 422 2181 militiae
445 2140 558 2182 clam
581 2141 840 2193 proludens,
868 2156 979 2195 prae-

150 2201 218 2238 ter
263 2196 370 2238 alias
415 2197 616 2250 cerporis
661 2198 979 2250 afflictationes

152 2264 285 2305 super
311 2252 454 2294 nudos
482 2253 672 2296 cubabat
699 2257 885 2306 assereS,
914 2269 978 2298 se-

153 2307 348 2361 densque
382 2309 503 2351 velut
541 2310 703 2352 arbiter
735 2310 834 2352 hinc
866 2313 979 2354 inter

153 2365 302 2406 saeculi
327 2365 639 2416 blandimenta,
662 2370 928 2420 paratasque
953 2382 978 2410 a

152 2425 290 2462 matre
325 2423 518 2475 nuptias,
559 2423 677 2464 illinc
721 2424 978 2467 claustra1es

152 2476 265 2518 inter
283 2481 578 2530 austeritates,
597 2480 735 2522 oeulis
753 2481 797 2522 in
817 2480 985 2523 Christi*

153 2533 357 2585 patientis
395 2549 572 2578 crucem
610 2538 849 2579 conversis:
891 2538 977 2588 Tu,

153 2589 307 2642 inquit,
339 2605 386 2634 es
417 2593 606 2636 Domine
639 2607 741 2647 spes
773 2607 886 2635 mea:
917 2594 979 2636 ibi

140 2649 340 2698 'posuisti
363 2651 654 2692 certissimum
676 2651 891 2702 refugium
912 2656 976 2693 tu-

151 2716 240 2755 um3
263 2704 320 2747 ad
343 2706 652 2761 canonicorum
675 2708 815 2750 sancti
839 2708 974 2750 Gedr-

1038 269 1096 320 gii
1126 269 1171 309 in
1202 268 1316 320 Alga
1349 271 1735 321 congregationem
1769 286 1868 315 con—

1038 325 1219 367 volavit:
1243 325 1320 367 ubi
1342 326 1469 368 novis
1493 328 1754 379 excogitatis
1775 335 1868 371 cru·-

1039 382 1223 424 ciatibus
1252 383 1396 424 acrius
1424 383 1468 424 in
1496 387 1705 436 seipsum,
1735 387 1869 428 veluti

1037 439 1082 480 in
1114 439 1290 481 hostem
1319 440 1675 492 infensissimum,
1707 443 1867 485 instau-

1037 508 1139 537 rans
1185 495 1364 546 bellum,
1414 496 1578 538 nullam
1623 499 1737 540 adeo
1785 500 1868 542 sibi

1038 552 1380 594 oblectationem
1398 553 1665 604 indulgebat,
1684 561 1732 598 ut
1751 569 1805 598 ne
1824 558 1868 598 in

1038 609 1330 651 domesticum
1348 623 1557 662 umquam
1576 611 1768 663 hortum,
1787 626 1868 655 nec

1037 666 1081 706 in
1105 668 1334 719 paternam
1361 666 1539 718 quidem
1561 667 1758 720 domum,
1785 670 1869 711 nisi

1038 736 1137 764 cum
1163 723 1368 765 morienti
1396 724 1752 767 matri-extrema
1779 727 1868 779 pie-

1035 780 1139 822 tatis
1165 779 1310 821 officia
1335 780 1463 821 siccis
1486 780 1624 822 eculis
1644 783 1867 833 persolvit,

1037 836 1194 878 exinde
1205 836 1445 878 intraverit.
1460 837 1545 878 Par
1558 843 1651 879 erat
1663 838 1867 880 obedien-

1035 893 1126 943 tiae,
1158 893 1523 944 mansuetudinis,
1557 907 1608 935 ac
1640 898 1867 948 praecipue

1036 950 1295 992 humilitatis
1316 950 1524 1000 studium,
1550 964 1650 992 cum
1668 952 1866 1003 abjectis-

1036 1008 1144 1049 sima
1174 1020 1362 1060 quaeque
1391 1008 1583 1049 coen6bii
1611 1010 1758 1050 munia
1785 1010 1867 1051 sibi

1035 1064 1150 1106 ultro
1177 1064 1444 1114 desumeret,
1478 1065 1763 1106 celeberrima
1787 1079 1866 1118 per

1035 1121 1155 1163 urbis
1180 1121 1294 1171 loca,
1320 1134 1409 1162 non
1434 1127 1526 1163 tam
1543 1122 1707 1164 victum
1734 1136 1865 1174 quam

1034 1177 1223 1219 ludibria
1268 1178 1582 1228 emendicaret,
1632 1179 1865 1231 illatasque
1914 1196 1915 1200 ¹

1035 1234 1320 1277 contumelias
1355 1248 1405 1276 ac
1442 1235 1681 1276 calumnias
1715 1237 1864 1277 immo-

1032 1298 1103 1334 tus
1144 1305 1195 1333 ac
1227 1291 1360 1333 silens
1398 1292 1627 1344 perferret3
1674 1293 1865 1335 assiduae

1032 1348 1281 1402 praesertim
1301 1349 1512 1390 orationis
1538 1349 1752 1400 subsidio,
1779 1363 1865 1401 qua

1034 1419 1153 1458 saepe
1178 1418 1258 1458 per
1283 1405 1442 1447 mentis
1468 1408 1699 1447 excessum
1724 1407 1865 1459 rapie-

1033 1463 1162 1504 batur
1189 1463 1232 1503 in
1251 1463 1409 1513 Deum3
1433 1465 1646 1515 tantoque
1671 1476 1748 1504 cor
1774 1464 1864 1514 ejus

1034 1519 1250 1561 aestuabat
1265 1519 1436 1570 ardere,
1451 1525 1499 1561 ut
1513 1522 1718 1561 nutantes
1734 1520 1864 1561 etiam
1914 1567 1916 1572 ,

1034 1576 1210 1617 sodales
1230 1576 1286 1617 ad
1305 1577 1678 1629 perseverantiam
1694 1590 1745 1618 ac
1759 1577 1784 1618 J
1787 1589 1864 1618 esu

1035 1632 1195 1674 Christi
1213 1635 1407 1674 amorem
1426 1633 1726 1675 inflammaret.

1089 1692 1138 1742 Ra
1162 1690 1314 1731 Inveni
1337 1689 1481 1731 David
1505 1702 1680 1731 servum
1708 1703 1864 1741 meum,

1035 1746 1134 1787 eleo
1180 1751 1332 1788 sancto
1377 1759 1476 1787 meo
1522 1746 1627 1787 unxi
1674 1759 1786 1787 eum:
1840 1752 1861 1775 *

1033 1802 1188 1843 Manus
1221 1803 1335 1843 enim
1370 1815 1467 1844 mea
1496 1802 1776 1844 auxiliabitur
1811 1803 1861 1844 ei.

1036 1856 1087 1908 V.
1102 1858 1222 1900 Nihil
1241 1859 1444 1912 proficiet
1459 1859 1657 1900 inimicus
1672 1859 1716 1899 in
1736 1872 1800 1909 eo,
1819 1866 1862 1901 et

1033 1915 1148 1956 filius
1192 1916 1432 1967 iniquitatis
1473 1928 1561 1957 non
1598 1915 1775 1957 nocebit
1812 1916 1861 1957 ei.

1032 1973 1188 2014 Manus
1209 1972 1332 2014 enim.

1342 2032 1493 2072 Lectio
1513 2046 1549 2071 V.

1109 2085 1138 2127 b
1163 2085 1361 2137 Eugenio
1397 2090 1554 2138 quarto
1585 2087 1740 2138 patriae
1774 2089 1861 2139 epi-

1142 2155 1304 2195 scopus
1328 2142 1597 2194 designatus,
1624 2156 1754 2195 quem
1772 2156 1860 2185 ma-

1031 2212 1117 2250 gna
1155 2199 1435 2241 contentione
1474 2199 1688 2241 honerem
1720 2199 1860 2242 detre-

1032 2259 1242 2306 ctaverat,
1266 2256 1418 2307 majori
1442 2256 1578 2307 gessit
1603 2256 1860 2298 cumlaude.

1030 2313 1145 2354 Nam
1171 2314 1382 2354 consueta
1405 2311 1581 2354 vivendi
1605 2313 1774 2354 ratiene
1799 2314 1860 2354 ni-

1029 2368 1091 2410 hil
1110 2368 1351 2411 admodum
1369 2369 1608 2418 immutata,
1627 2372 1859 2422 pauperta-

1029 2430 1135 2475 tem,
1182 2437 1313 2477 quam
1349 2437 1524 2477 semper
1560 2425 1771 2476 coluerat,
1816 2426 1859 2466 in

1029 2494 1195 2531 mensa,
1219 2481 1479 2533 supellectili
1497 2495 1549 2524 ac
1567 2482 1685 2524 lecto
1704 2484 1857 2536 perpe-

1029 2544 1106 2581 tuo
1127 2538 1315 2580 retinuit.
1343 2537 1564 2580 Modicam
1580 2539 1700 2581 domi
1714 2539 1858 2580 alebat

1030 2595 1252 2645 familiam,
1290 2593 1411 2647 quod
1437 2595 1648 2646 grandem
1676 2596 1857 2637 alteram

1029 2651 1113 2694 sibi
1132 2664 1228 2693 esse
1249 2650 1430 2702 diceret,
1457 2655 1676 2705 pauperes
1697 2651 1858 2693 Christi

1029 2708 1290 2761 significans.
1343 2708 1628 2760 Quacumque
1664 2707 1856 2749 adiretur
