2040 2944
639 206 849 242 Commune
874 208 1129 251 plurimorum
1154 208 1373 252 Martyrum.

149 305 194 346 Si
218 317 306 346 non
329 305 491 347 fuerint
514 306 761 347 Pontifices.
817 305 981 347 Oratio.

149 359 334 465 Deus,
367 364 441 416 qui
468 376 549 405 nos
579 362 785 404 concedis
814 364 982 404 sancto-

261 433 359 461 rum
383 420 628 472 Martyrum
655 421 832 461 tuorum
858 424 909 465 N.
940 423 984 460 et

148 477 201 518 N.
227 476 423 519 natalitia
443 477 606 518 colere:
635 475 692 517 da
715 475 843 517 nobis
864 475 908 516 in
928 487 982 516 ae-

149 535 274 575 terna
298 533 570 575 beatitudine
593 532 648 574 de
673 534 827 573 eorum
846 532 982 573 socie-

148 592 240 631 tate
259 589 462 640 gaudere.
498 590 583 631 Per
603 588 852 630 Daminum.

423 660 523 701 Alia
544 660 707 703 Oratio.

242 731 330 769 eus,
360 719 435 772 qui
459 731 539 766 nos
564 721 707 760 annua
731 721 982 761 sanctorum

258 775 502 828 Martyrum
517 777 696 817 tuorum
709 778 762 819 N.
781 780 825 817 et
842 780 893 820 N.
915 788 981 817 so-

72 828 76 837 “
149 832 374 874 lemnitate
403 831 619 874 laetificas:
657 832 852 874 concede
882 845 982 884 pro-

148 889 297 941 pitius3
322 893 372 931 ut
391 901 578 941 quorum
595 888 838 939 gaudemus
856 889 982 929 meri-

149 945 215 994 tis,
226 944 518 987 accendamur
529 945 753 997 exemplis.
763 945 848 986 Per
854 945 982 987 Dfim.

417 1013 485 1050 Ad
509 1013 712 1050 Tertiam.

200 1070 299 1112 Ant.
329 1073 440 1113 Cum
459 1070 617 1123 palma.

202 1132 340 1184 Capit.
368 1133 605 1173 Justorum.
635 1140 681 1175 ut
700 1147 843 1186 supra.
875 1132 959 1185 [44]

199 1193 251 1244 Ra,
266 1193 328 1235 br.
349 1192 583 1234 Laetamini
601 1192 645 1232 in
663 1192 866 1242 Domino,
882 1196 905 1221 *
926 1194 983 1235 Et

150 1248 368 1291 exsultate
404 1248 516 1302 justi.
555 1248 798 1290 Laetamini.
837 1248 888 1300 V.
925 1250 983 1291 Et

149 1305 395 1357 gloriamini
419 1318 571 1347 omnes
596 1305 706 1347 recti
732 1305 878 1348 corde.
915 1307 982 1348 Et.

149 1362 305 1403 Gloria
322 1362 454 1404 Patri.
481 1361 724 1404 Laetamini.

199 1414 250 1467 V.
283 1418 516 1460 Exsultent
543 1418 644 1470 justi
668 1418 712 1459 in
740 1421 982 1471 conspectu

148 1475 244 1517 Dei.
272 1479 323 1531 R.
342 1475 400 1518 Et
421 1474 696 1517 delectentur
714 1475 759 1516 in
777 1474 941 1518 laetitia.

426 1543 494 1580 Ad
517 1544 704 1581 Sextam.

202 1601 302 1643 Ant.
331 1602 532 1654 Corpora
550 1603 814 1643 sanctorum.

253 1670 512 1723 Capitulum.
640 1673 739 1725 Sap.
754 1674 819 1713 10.
836 1672 875 1714 d.

240 1730 410 1773 eddidit
436 1731 558 1772 Deus
585 1730 837 1772 mercedem
863 1731 982 1773 labo-

257 1799 354 1827 rum
369 1789 622 1829 sanctarum
640 1789 831 1838 suorum,
851 1792 895 1829 et
910 1787 982 1830 de—

151 1842 276 1885 daxit
302 1842 403 1884 illos
430 1843 475 1884 in
499 1843 571 1885 via
596 1843 801 1885 mirabili:
835 1849 878 1886 et
902 1844 983 1887 fuit

150 1898 235 1940 illis
259 1899 304 1940 in
328 1899 577 1941 velamento
604 1899 708 1950 diei,
745 1905 788 1943 et
813 1900 858 1942 in
884 1900 982 1943 luce

150 1955 378 1997 stellarum
398 1961 541 1998 nocte.

200 2016 252 2069 Ιῖι.
275 2015 338 2057 br.
367 2016 600 2059 Exsultent
623 2018 724 2070 justi
748 2016 771 2041 *
803 2019 856 2060 In
883 2031 982 2061 con-

151 2075 307 2126 spectu
325 2074 421 2115 Dei.
448 2073 692 2117 Exsultent.
717 2069 767 2121 V.
791 2075 848 2117 Et
868 2074 982 2118 dele-

151 2131 323 2171 ctentur
343 2130 388 2171 in
403 2129 567 2172 laetitia.
594 2131 657 2172 In.
685 2131 839 2173 Gloria
851 2132 982 2175 Patri.

149 2185 392 2228 Exsaltent.

200 2239 252 2287 V.
276 2242 301 2283 J
303 2243 389 2285 usti
411 2247 558 2285 autem
576 2243 621 2284 in
639 2245 903 2296 perpetuum
922 2245 981 2286 vi-

150 2303 264 2340 vent.
303 2300 353 2351 Ru
395 2299 452 2341 Et
488 2298 607 2351 apud
642 2300 881 2342 Daminum
916 2306 983 2343 est

149 2367 318 2396 merces
349 2357 513 2396 eorum.

431 2425 499 2461 Ad
522 2425 707 2461 Nonam.

203 2480 303 2522 Ant.
331 2482 574 2534 Martyrum
594 2481 765 2523 chorus.

253 2543 511 2596 Capitulum.
723 2547 820 2597 Sap.
838 2548 874 2586 3.

231 2609 441 2664 ulgebunt
455 2612 566 2663 justi,
583 2617 627 2654 et
641 2617 866 2664 tamquam
881 2611 983 2652 scin-

250 2666 357 2707 tsslae
380 2667 425 2708 in
444 2668 704 2710 arundineto
724 2668 981 2710 discurrent.

150 2722 417 2766 Judicabunt
448 2725 668 2775 nati6nes,
710 2730 754 2766 et
788 2724 981 2781 domina-

1035 300 1200 343 buntur
1219 301 1411 354 populis:
1439 305 1483 343 et
1502 299 1704 352 regnabit
1722 300 1871 341 Domi-

1036 370 1117 398 nus
1137 357 1312 398 illorum
1331 357 1376 398 in
1395 358 1671 410 perpetuum.

1088 417 1139 468 Ru
1160 415 1221 456 br.
1255 414 1279 454 J
1281 414 1369 455 usti
1388 419 1535 455 autem
1550 415 1574 440 *
1599 413 1651 454 In
1666 415 1870 466 perpetu-

1037 483 1110 511 um
1128 470 1287 512 vivent.
1315 471 1339 511 J
1342 470 1438 512 usti.
1473 466 1522 518 V.
1546 471 1603 511 Et
1621 469 1741 522 apud
1754 470 1871 510 Dfim

1037 531 1104 568 est
1119 539 1289 568 merces
1306 529 1469 568 eorum.
1488 527 1549 567 In.
1568 526 1732 567 (floria.
1747 526 1772 567 J
1774 527 1871 568 usti.

1088 580 1138 631 V.
1167 583 1464 624 Exsultabunt
1488 583 1627 624 sancti
1651 583 1694 623 in
1720 583 1870 633 glaria.

1036 642 1086 693 Ru
1116 639 1405 681 Laetabuntur
1423 640 1468 680 in
1487 639 1703 681 cubilibus
1724 640 1824 680 suis.

1236 704 1297 744 In
1323 704 1385 744 11.
1405 703 1660 754 vesperis.

1089 764 1187 804 Ant.
1206 764 1235 802 1.
1267 761 1344 802 Isti
1364 766 1465 803 sunt
1484 761 1635 811 sancti,
1650 761 1673 787 *
1695 761 1770 813 qui
1787 774 1870 814 pro

1035 820 1300 860 testamento
1321 818 1406 859 Dei
1431 831 1510 859 sua
1530 820 1720 870 corpora
1738 817 1870 859 tradi-

1037 875 1209 925 derunt,
1243 879 1287 916 et
1311 875 1355 915 in
1381 874 1591 925 sanguine
1616 874 1732 925 Agni
1757 874 1870 916 lave-

1036 937 1137 974 runt
1156 931 1293 973 stolas
1313 944 1426 972 suas.

1085 987 1226 1021 Psalm.
1258 991 1297 1021 ut
1328 987 1366 1020 in
1398 987 1423 1020 1.
1447 986 1563 1030 Yesp.
1590 987 1637 1020 dc
1663 988 1867 1022 Communi

1034 1036 1171 1078 Apost.
1205 1035 1252 1079 [2]
1281 1039 1317 1069 et
1340 1035 1428 1069 loco
1459 1035 1583 1069 ultimi
1610 1035 1671 1069 I's.
1697 1035 1869 1071 Credidi.

1086 1084 1121 1123 2.
1162 1083 1311 1125 Sancti
1338 1095 1419 1136 per
1450 1082 1585 1124 fidem
1616 1083 1640 1109 *
1671 1083 1871 1126 vicerunt

1035 1153 1180 1191 regna,
1192 1140 1365 1193 operati
1379 1144 1480 1181 sunt
1490 1140 1709 1191 justitiam,
1720 1139 1871 1193 adepti

1035 1202 1137 1239 sunt
1157 1196 1534 1249 repromissiones.

1086 1255 1122 1294 3.
1150 1254 1414 1295 Sanctorum
1436 1252 1558 1294 velut
1582 1252 1741 1305 aquilae
1764 1253 1788 1279 *
1812 1253 1870 1304 ju-

1035 1311 1191 1352 ventus
1205 1309 1506 1352 renovabitur:
1521 1309 1743 1352 florebunt
1758 1310 1871 1351 sicut

1035 1365 1173 1408 lilium
1193 1367 1237 1407 in
1258 1366 1436 1408 civitate
1455 1366 1644 1407 Domini.

1086 1427 1123 1465 4.
1154 1422 1395 1474 Absterget
1417 1423 1540 1464 Deus
1563 1422 1587 1448 *
1613 1435 1789 1464 omnem
1811 1422 1870 1464 la-

1035 1479 1216 1521 crimam
1248 1479 1303 1521 ab
1339 1479 1476 1522 oculis
1512 1481 1785 1521 sanctorum:
1827 1484 1871 1520 et

1034 1536 1120 1587 jam
1139 1549 1227 1578 non
1252 1537 1335 1578 erit
1353 1536 1542 1589 amplius
1557 1549 1701 1588 neque
1715 1535 1870 1586 luctus,

1035 1605 1179 1645 neque
1194 1592 1371 1643 clamor,
1393 1592 1473 1634 sed
1491 1605 1573 1634 nec
1591 1592 1705 1634 ullus
1726 1592 1869 1634 dolor:

1037 1649 1243 1701 quoniam
1262 1649 1411 1701 priora
1429 1649 1705 1690 transierunt.

1086 1707 1124 1746 5.
1153 1706 1203 1746 In
1223 1705 1477 1747 coelestibus
1496 1706 1643 1757 regnis
1658 1706 1682 1732 *
1699 1706 1869 1746 sancto-

1035 1774 1133 1802 rum
1158 1761 1373 1803 habitatio
1403 1766 1488 1811 est,
1518 1766 1561 1803 et
1588 1761 1632 1802 in
1657 1763 1871 1803 aeternum

1035 1818 1210 1870 requies
1235 1820 1399 1860 eorum.

1300 1879 1500 1919 Psalmus
1519 1880 1599 1919 115.

1035 1930 1281 2038 Credidi,
1321 1939 1507 1988 propter
1536 1934 1658 1987 quod
1693 1934 1870 1976 locutus

1126 2005 1239 2033 sum:
1267 1992 1291 2019 *
1321 2004 1402 2044 ego
1432 1996 1580 2034 autem
1614 1990 1869 2033 humiliatus

1035 2061 1133 2090 sum
1161 2048 1302 2090 nimis.

1086 2105 1182 2157 Ego
1212 2105 1304 2146 dixi
1331 2105 1376 2146 in
1405 2106 1590 2146 excessu
1616 2115 1733 2146 meo:
1760 2103 1784 2130 *
1814 2103 1869 2144 O-

1034 2161 1149 2202 mnis
1177 2161 1310 2203 homo
1338 2161 1540 2203 mendax.

1088 2217 1206 2268 Quid
1232 2217 1474 2260 retribuam
1500 2216 1707 2266 DOmino,
1734 2216 1758 2243 *
1785 2228 1867 2268 pro

1035 2274 1252 2324 omnibus,
1281 2287 1380 2326 quae
1407 2273 1611 2315 retribuit
1638 2271 1768 2314 mihi?

1088 2330 1281 2372 Calicem
1301 2330 1505 2372 salutaris
1531 2329 1762 2382 accipiam:
1781 2329 1805 2355 *
1825 2333 1868 2370 et

1035 2399 1195 2427 nomen
1221 2386 1402 2428 Damini
1430 2385 1660 2428 invocabo.

1086 2443 1206 2484 Vota
1238 2455 1337 2485 mea
1368 2443 1469 2484 Dfio
1501 2441 1686 2484 reddam
1718 2454 1868 2484 coram

1036 2499 1155 2540 omni
1166 2498 1334 2551 populo
1348 2500 1455 2551 eius:
1465 2499 1489 2526 *
1499 2498 1698 2552 pretiasa
1710 2498 1755 2539 in
1766 2511 1866 2540 con-

1036 2557 1194 2608 spectu
1206 2555 1294 2596 Dfii
1313 2568 1432 2597 mors
1451 2557 1707 2597 sanctorum
1727 2555 1835 2606 ejus:

1089 2612 1126 2653 O
1142 2612 1332 2654 Domine
1356 2612 1458 2665 quia
1478 2624 1560 2664 ego
1581 2624 1734 2654 servus
1750 2615 1866 2652 tuus:

1035 2668 1058 2694 *
1084 2680 1166 2720 ego
1195 2680 1349 2710 servus
1377 2673 1491 2719 tuus,
1520 2673 1564 2711 et
1591 2668 1708 2709 filius
1736 2665 1865 2707 ancil-

1034 2724 1089 2767 1ae
1114 2729 1214 2767 tuae.
