2040 2944
468 164 538 197 Dic
562 164 620 197 30.
644 162 741 203 Aug.

206 258 255 310 V.
297 261 466 303 Diflusa
503 264 570 301 est
602 258 742 310 gratia
779 258 823 298 in
854 257 982 299 labiis

157 320 254 362 tuis.
305 320 353 371 R».
396 318 637 369 Propterea
676 314 903 357 benedixit
938 318 983 355 te

157 377 277 419 Deus
295 375 339 416 in
358 375 579 416 aeternum.

210 432 371 473 Oratio.
400 431 531 480 Deus,
553 428 638 482 qui.
662 427 784 473 250„

424 503 492 540 Ad
514 503 719 540 Tertiam.

208 557 305 596 Ant.
330 555 519 598 Domine
538 556 598 596 mi
616 568 704 597 reX.

206 616 343 668 Capit.
363 612 528 659 Beatus
547 616 622 658 vir.
644 615 738 656 253.

203 682 253 734 R.
272 681 334 722 br.
368 682 519 724 Gloria
543 687 587 724 et
609 681 777 723 honore
796 680 818 705 *
849 679 982 720 Coro-

155 740 271 782 nasti
297 752 395 781 eum
420 738 626 794 Domine.
663 735 814 778 Gloria
840 741 883 777 et
906 735 981 776 ho-

155 799 272 838 nore.
294 789 344 841 V.
368 796 426 838 Et
445 794 711 837 constituisti
730 806 830 835 eum
849 804 983 845 super

156 855 292 906 opera
307 854 513 894 manuum
526 853 710 893 tuarum.
725 848 982 891 -Coronasti

154 907 307 951 Gloria
328 909 458 950 Patri.
487 907 638 950 Gloria
658 912 701 949 et
719 906 898 948 honore.

205 958 254 1010 V.
275 965 468 1008 Posuisti
484 964 673 1006 Domine
698 971 829 1016 super
850 967 982 1015 caput

157 1025 259 1075 ejus.
300 1021 349 1072 R·-
381 1022 600 1064 Coronam
629 1019 684 1062 de
711 1019 859 1072 lapide
886 1031 982 1072 pre—

156 1080 283 1121 tioso.

434 1130 502 1166 Ad
524 1129 710 1165 Sextam.
754 1132 756 1134 ’

207 1184 304 1223 Ant.
334 1182 499 1225 Puellae
517 1182 704 1223 saltanti.

248 1241 506 1296 Capitulum.
678 1242 807 1282 Eccli.
826 1241 884 1281 15.

159 1299 367 1408 cibavit
391 1304 512 1345 illum
534 1316 647 1356 pane
667 1304 769 1344 vitae
796 1307 839 1344 et
862 1302 984 1344 intel-

248 1361 398 1411 lectus,
424 1366 466 1403 et
490 1373 605 1413 aqua
624 1359 850 1413 sapientiae
874 1359 984 1401 salu-

157 1418 266 1459 tatis
288 1418 460 1470 potavit
484 1417 606 1458 illum
629 1417 844 1458 Dominus
863 1417 986 1458 Deus

157 1479 317 1516 noster.

205 1532 255 1584 R.
276 1533 337 1573 br.
369 1535 562 1576 Posuisti
585 1535 774 1577 Domine
793 1536 816 1561 *
845 1535 986 1587 Super

160 1596 292 1644 caput
316 1592 418 1644 ejus.
455 1591 658 1633 Posuisti.
690 1585 738 1636 V.
769 1592 987 1633 Coronam

159 1647 214 1690 de
238 1648 384 1701 lapide
409 1649 616 1701 pretioso.
648 1649 799 1702 Super.
832 1647 985 1691 Gloria

158 1705 288 1747 Patri.
315 1705 519 1746 Posuisti.

208 1755 258 1805 V.
280 1761 437 1813 Magna
457 1767 523 1803 est
544 1761 684 1813 gloria
703 1763 792 1814 ejus
812 1762 856 1803 in
875 1762 986 1804 salu-

159 1818 244 1860 tari
271 1822 360 1859 tuo.
399 1815 450 1867 Rv-
484 1818 682 1860 Gloriam
710 1824 754 1861 et
781 1831 988 1870 magnum

161 1873 367 1916 decorem
385 1873 586 1926 impones
605 1887 738 1928 super
756 1888 866 1917 eum.

437 1947 505 1983 Ad
528 1949 710 1986 Nonam.

209 1998 308 2039 Ant.
341 1998 414 2040 Da
430 2000 536 2042 mihi
554 2002 598 2043 in
617 2002 751 2045 disco.

233 2057 489 2110 Capitulum.
687 2062 817 2103 Eccli.
837 2063 903 2103 39.

154 2110 355 2219 Justus
382 2136 459 2165 cor
485 2137 611 2165 suum
638 2125 820 2169 tradidit
845 2127 902 2169 ad
927 2128 986 2169 vi—

258 2180 481 2231 gilandum
517 2180 710 2224 diluculo
745 2183 802 2224 ad
838 2185 987 2225 Domi-

130 2288 132 2290 ·
161 2249 264 2277 num
289 2237 362 2288 qui
387 2237 491 2279 fecit
514 2236 645 2288 illum,
672 2244 716 2280 et
738 2239 782 2280 in
806 2243 987 2294 conspe-

164 2298 237 2334 ctu
255 2292 469 2335 Altissimi
488 2291 808 2346 deprecabitur.

131 2387 134 2390 .
207 2349 257 2401 R.
285 2348 348 2391 br.
388 2353 547 2404 Magna
579 2359 646 2396 est
673 2356 812 2407 gloria
845 2359 936 2410 ejus
959 2355 983 2381 *

162 2411 215 2451 In
229 2409 409 2451 salutari
422 2414 512 2451 tuo.
531 2410 700 2462 Magna.
717 2404 767 2456 V.
791 2413 989 2456 Gloriam

163 2471 207 2509 et
234 2478 438 2516 magnum
463 2465 668 2509 decorem
692 2469 893 2523 impones
921 2485 988 2513 su-

162 2535 242 2576 per
261 2535 371 2564 eum.
398 2522 459 2562 In.
483 2521 638 2565 Gloria
658 2525 788 2567 Patri.
816 2527 990 2579 Magna.

139 2591 143 2595 ·
206 2567 255 2620 V·
313 2578 463 2619 Justus
512 2583 560 2619 ut
610 2581 756 2632 palma
805 2583 990 2626 florebit.

153 2630 204 2683 Ru
246 2635 367 2678 Sicut
401 2632 558 2675 cedrus
594 2635 749 2679 Libani
785 2640 988 2693 multipli-

163 2692 343 2734 cabitur.

789 162 823 195 S.
849 161 965 194 Rosae
990 170 1011 194 a
1036 159 1070 194 S.
1096 158 1217 193 Maria
1241 158 1347 201 Virg.
1371 157 1552 192 Limanae.

1237 259 1303 300 In
1321 259 1383 301 11.
1403 259 1656 309 vesperis.

1088 321 1177 355 Ant.
1202 325 1238 356 et
1263 320 1387 365 Capit.
1414 320 1460 354 de
1484 318 1606 355 Laud.
1628 321 1710 366 253;
1739 318 1799 353 Ps.
1824 323 1866 353 ut

1036 369 1074 403 in
1098 369 1124 404 Ι.
1146 369 1263 414 Vesp.
1289 370 1336 404 de
1361 368 1566 404 Communi
1589 368 1725 412 Apost.
1752 369 1800 413 [2]
1828 371 1866 402 et

1036 418 1170 453 ultimo
1194 418 1282 453 loco
1307 418 1369 452 Ps.
1394 417 1564 452 Credidi.
1589 416 1659 461 [45]
1697 442 1701 446 -

1051 487 1056 491 -
1087 471 1301 522 Hymnus.
1330 471 1452 511 Deus
1470 471 1658 512 tuorum.
1676 470 1772 511 249.

1086 526 1137 578 V.
1187 529 1339 572 Justus
1387 535 1435 572 ut
1483 530 1632 584 palma
1680 530 1867 573 florebit.

1035 587 1087 640 Rz.
1119 586 1240 628 Sicut
1276 586 1435 629 cedrus
1467 587 1625 630 Libani
1659 587 1866 640 multipli-

1036 642 1217 686 cabitur.
1817 673 1820 676 ⁴

1086 700 1158 742 Ad
1178 700 1352 751 Magnis.
1377 701 1476 742 Ant.
1495 701 1615 744 Misit
1634 714 1713 743 rex
1730 701 1866 743 incre—

1036 755 1165 798 dulus
1206 757 1430 799 ministros
1471 757 1778 807 detestabilem
1824 763 1868 800 et

1036 814 1255 865 amputari
1276 814 1401 866 jussit
1425 819 1558 867 caput
1582 815 1606 856 J
1609 815 1764 857 oannis
1786 814 1867 857 Ba-

1034 871 1194 924 ptistae.
1892 875 1896 881 “

1086 934 1238 970 Deinde
1262 935 1304 970 fit
1325 944 1521 970 commem.
1540 928 1645 978 sequ.
1671 938 1707 968 et
1724 934 1781 969 Ss.
1799 934 1865 968 Fe-

1036 982 1122 1016 licis
1141 987 1177 1017 et
1194 983 1363 1018 Adaucti
1380 983 1488 1017 Mart.

1243 1055 1328 1098 Die
1354 1056 1426 1097 30.
1455 1055 1657 1106 Augusti.

1037 1121 1079 1162 S.
1089 1120 1236 1162 Rosae
1252 1130 1284 1162 a
1300 1120 1342 1161 S.
1357 1119 1521 1213 lgm-lia
1529 1118 1867 1170 Virg.Limanae.

1405 1189 1457 1223 up
1476 1182 1533 1215 ex.

1089 1232 1227 1268 Omnia
1252 1233 1299 1267 de
1321 1233 1525 1270 Communi
1540 1234 1646 1278 Virg.
1676 1234 1750 1279 [83]
1770 1243 1868 1278 prae-

1035 1285 1094 1316 ter
1116 1281 1329 1326 sequentia.

1085 1334 1187 1390 Ant.
1217 1334 1327 1377 Veni
1346 1348 1510 1388 sponsa
1525 1336 1697 1387 Christi,
1717 1335 1870 1388 accipe

1039 1393 1260 1442 coronam,
1281 1405 1413 1444 quam
1431 1393 1510 1435 tibi
1524 1393 1741 1435 Dominus
1759 1404 1870 1446 prae-
1931 1431 1934 1434 .

1039 1448 1213 1502 paravit
1231 1448 1275 1489 in
1294 1451 1519 1492 aeternum.
1806 1460 1809 1464 ·

1090 1502 1143 1553 V.
1173 1504 1329 1558 Specie
1360 1511 1436 1549 tua
1469 1512 1513 1549 et
1543 1504 1871 1560 pulchritudine

1039 1568 1125 1606 tua.
1150 1563 1201 1615 Rz.
1218 1562 1414 1614 Intende,
1433 1565 1650 1618 prospere
1662 1561 1872 1616 procede,

1041 1625 1085 1663 et
1102 1631 1248 1671 regna.

1374 1669 1541 1711 Oratio.

1038 1725 1309 1831 Bonorum
1321 1734 1515 1776 omnium
1528 1734 1722 1787 largitor,
1738 1737 1872 1777 omni-

1143 1797 1302 1845 potens
1322 1792 1460 1842 DeuS,
1487 1792 1561 1845 qui
1584 1792 1761 1834 beatam
1784 1793 1871 1835 Ro-

1041 1862 1145 1899 sam,
1166 1848 1360 1890 coelestis
1379 1849 1534 1900 gratiae
1553 1861 1654 1891 rore
1673 1851 1871 1902 praeven-

1040 1910 1146 1956 tam,
1178 1905 1440 1956 virginitatis
1473 1910 1517 1948 et
1542 1905 1771 1958 patientiae
1799 1906 1871 1948 de-

1041 1964 1145 2004 cor'e
1172 1961 1294 2004 Indis
1322 1961 1558 2004 florescere
1585 1961 1781 2013 voluisti:
1816 1962 1874 2005 da

1040 2018 1169 2061 nobis
1201 2018 1374 2060 famulis
1401 2019 1503 2070 tuis3
1534 2024 1584 2061 ut
1614 2019 1660 2060 in
1687 2018 1874 2061 odorem

1041 2075 1269 2118 suavitatis
1305 2075 1396 2127 ejus
1431 2077 1674 2126 currentes,
1711 2074 1878 2118 Christi

1040 2131 1183 2174 bonus
1211 2131 1324 2174 odor
1351 2131 1465 2174 effici
1492 2134 1755 2175 mereamur:
1788 2132 1874 2183 Qui

1039 2194 1186 2231 tecum
1206 2189 1325 2230 vivit.
1552 2234 1554 2236 ,

1091 2247 1234 2283 Postea
1258 2247 1315 2283 Ss.
1339 2247 1482 2283 Felicis
1504 2251 1573 2283 etc.
1597 2246 1706 2282 Mart.

1091 2295 1192 2338 Ant.
1227 2297 1422 2340 Istorum
1450 2303 1518 2341 est
1549 2297 1664 2340 enim
1690 2310 1873 2349 regnum

1042 2354 1266 2404 coelorum,
1281 2355 1355 2407 qui
1367 2356 1727 2408 contempserunt
1737 2355 1874 2398 vitam

1040 2410 1203 2461 mundi,
1227 2416 1271 2453 et
1293 2413 1587 2464 pervenerunt
1610 2409 1668 2452 ad
1690 2412 1873 2464 praemia

1042 2467 1181 2519 regni,
1215 2472 1259 2510 et
1290 2468 1492 2510 laverunt
1524 2468 1661 2511 stolas
1694 2481 1796 2510 suas
1828 2469 1872 2510 in

1042 2525 1251 2576 sanguine
1279 2525 1405 2576 Agni.

1090 2577 1142 2629 V.
1167 2585 1398 2626 Laetamini
1424 2585 1468 2626 in
1492 2586 1703 2638 Domino,
1733 2591 1777 2629 et
1801 2599 1871 2629 ex-

1042 2643 1203 2684 sultate
1229 2641 1341 2692 justi.
1378 2637 1430 2689 Rz·
1465 2642 1523 2684 Et
1554 2642 1802 2694 gloriamini
1828 2656 1872 2686 o·

1042 2711 1166 2740 mnes
1183 2698 1293 2740 recti
1311 2698 1456 2740 corde.
