2040 2944
612 167 682 200 Dic
706 168 757 200 223.
783 166 884 208 Sept.
932 167 967 199 ὅ.
992 164 1077 198 Lini
1105 164 1220 207 Papae
1247 172 1281 198 ct
1308 164 1413 198 Mart.

489 263 652 304 Oratio.

157 317 271 425 Da
287 323 538 374 quaesumus
554 320 834 371 omnipotens
848 317 984 358 Deus:

261 382 310 419 ut
335 378 409 430 qui
430 376 574 420 beatae
593 374 773 417 Theclae
791 372 985 425 Virginis

158 439 202 477 et
226 434 431 487 Martyris
455 438 544 475 tuae
569 431 764 474 natalitia
789 429 985 478 colimus,

157 496 201 533 et
224 493 366 532 annua
389 489 666 532 solemnitate
690 487 908 536 laetemur,
941 490 986 527 et

156 552 292 590 tantae
324 547 428 589 fidei
458 546 741 599 proficiamus
770 543 984 595 exemplo.

154 605 239 646 Per
256 604 505 646 Dominum.

207 669 251 702 In
280 668 307 702 1.
337 668 537 702 Nocturno
568 667 770 701 Lectiones
805 667 851 700 de
884 667 981 701 Scri—

156 723 269 761 ptura
295 720 528 751 occurrente.

207 770 251 804 In
268 768 583 810 QuatuorTemp.
602 768 702 801 Lect.
723 768 753 800 Α
774 765 916 800 Mileto.
936 768 981 801 dc

156 820 292 854 eodem
317 818 480 853 Comuni
508 818 533 851 1.
559 818 656 851 loco.
679 814 749 859 [23]
777 818 905 851 Lectio
935 819 981 852 ix.

155 868 201 902 de
218 868 359 902 Homil.
375 867 497 900 Ferizc
512 873 547 900 et
564 867 643 908 ejus
661 877 793 900 comm.
809 867 845 900 in
864 867 980 900 Laud.

382 933 430 972 In
457 932 508 972 II.
535 932 757 971 Nocturno.

460 998 611 1038 Lectio
632 998 684 1037 iv,

161 1056 164 1085 ι’
200 1072 213 1104 32
222 1060 235 1107 ,ᾗ
245 1050 368 1101 inus
403 1049 623 1099 Pontifex,
658 1048 906 1091 Volaterris
941 1050 985 1090 in

161 1114 162 1128 ³
289 1106 466 1148 Etruria
497 1110 644 1155 natus,
682 1106 850 1159 primus
881 1111 985 1159 post

289 1165 469 1206 Petrum
521 1162 790 1214 gubernavit.
835 1163 984 1205 Eccle-

157 1220 277 1274 siam.
320 1221 450 1272 Cujus
475 1224 598 1261 tanta
623 1219 735 1261 fides
760 1224 804 1262 et
829 1220 985 1262 sancti-

156 1281 224 1318 tas
256 1277 353 1328 fuit,
385 1281 434 1318 ut
465 1288 552 1317 non
585 1275 728 1317 solum
760 1275 985 1318 daemones

157 1333 348 1385 ejiceret,
376 1332 457 1375 sed
483 1332 614 1374 etiam
637 1334 836 1374 mortuos
861 1345 984 1374 revo-

158 1392 279 1432 caret
298 1389 354 1431 ad
371 1390 518 1432 vitam.
546 1389 730 1442 Scripsit
748 1402 818 1431 res
837 1394 985 1440 gestas

157 1446 278 1488 beati
295 1447 428 1496 Petri,
457 1451 501 1488 et
524 1459 576 1488 ea
598 1446 788 1487 maxime
812 1458 910 1498 quae
930 1445 985 1488 ab

156 1502 233 1544 illo
252 1508 351 1545 acta
369 1508 470 1545 sunt
490 1508 644 1545 contra
657 1503 880 1544 Simonem
897 1515 984 1543 ma-

156 1572 269 1611 gum.
302 1559 511 1610 Sancivit,
530 1572 585 1601 ne
608 1572 695 1612 qua
712 1559 885 1610 mulier,
904 1559 987 1600 nisi

156 1615 303 1658 velato
337 1616 482 1669 capite
510 1616 558 1656 in
591 1615 822 1658 ecclesiam
854 1616 985 1657 intro-

155 1673 249 1713 iret.
280 1672 396 1713 Huic
414 1672 618 1714 Pontifici
638 1677 772 1725 caput
790 1674 985 1724 amputa-

157 1733 251 1770 tum
286 1733 353 1770 est
385 1728 443 1771 ob
471 1729 763 1771 constantiam
790 1728 985 1770 christia-

158 1797 227 1826 nae
252 1784 374 1835 fidei,
409 1786 529 1837 jussu
551 1785 774 1827 Saturnini
796 1785 920 1838 impii
944 1790 987 1827 et

157 1841 438 1892 ingratissimi
452 1842 705 1893 consularis,
721 1843 841 1895 cujus
853 1842 987 1884 filiam

159 1910 184 1939 a
201 1898 452 1940 daemonum
465 1899 697 1941 vexatione
711 1898 986 1942 liberaverat.

157 1954 366 2007 Sepultus
402 1959 471 1997 est
509 1955 552 1996 in
588 1956 807 1998 Vaticano
843 1969 985 2009 prope

158 2011 440 2064 sepulchrum
486 2012 698 2066 principis
747 2013 986 2065 Apostolo-

158 2080 264 2118 rum,
284 2080 402 2110 nono
421 2069 647 2111 Kalendas
668 2068 886 2111 Octobris.
913 2070 986 2111 Se-

159 2122 223 2165 dit
249 2136 388 2166 annos
413 2124 633 2176 undecim,
658 2138 832 2167 menses
862 2125 986 2176 duos,

160 2179 254 2222 dies
272 2180 426 2232 viginti
443 2187 550 2233 tres,
571 2182 730 2224 creatis
749 2181 816 2224 bis
835 2195 987 2224 mense

158 2237 394 2280 Decembri
446 2239 666 2292 episcopis
722 2238 986 2290 quindecim,

158 2293 427 2346 presbyteris
447 2295 601 2337 decem
621 2300 664 2337 et
684 2300 798 2337 octo.

209 2355 260 2407 Rt·
286 2355 535 2397 Honestum
562 2356 666 2398 fecit
693 2356 815 2397 illum
838 2356 986 2397 Domi-

158 2423 250 2460 nus,
273 2415 317 2452 et
335 2412 572 2455 custodivit
597 2425 696 2454 eum
718 2413 772 2454 ab
791 2412 987 2462 inimicis,

161 2470 205 2507 et
234 2479 260 2508 a
286 2467 592 2510 seductoribus
619 2469 778 2511 tutavit
801 2468 937 2509 illum:
962 2467 983 2490 *

159 2523 216 2564 Et
248 2522 370 2566 dedit
404 2525 466 2566 illi
498 2526 740 2568 claritatem
768 2527 987 2567 aeternam.

159 2574 209 2625 V·
243 2580 571 2635 Descenditque
609 2596 709 2625 cum
743 2582 816 2624 illo
849 2582 893 2623 in
924 2582 983 2623 fo-

159 2649 295 2686 veam,
315 2641 359 2679 et
379 2637 423 2679 in
441 2640 624 2682 vinculis
647 2653 735 2682 non
755 2639 988 2691 dereliquit

160 2706 269 2735 eum.
295 2693 353 2735 Et
371 2693 503 2737 dedit.

1038 262 1108 301 De
1140 258 1430 311 Expositione
1471 257 1610 299 sancti
1645 256 1870 298 Ambrosii

1803 162 1871 198 325

1037 315 1249 368 Episcopi
1271 315 1316 355 in
1334 314 1558 355 Psalmum
1584 314 1870 355 centesimum
1918 339 1920 341 >

1229 370 1448 412 decimum
1466 372 1682 412 octavum.

1161 430 1314 470 Lectio
1334 444 1370 469 V.
1490 434 1673 468 Sermone
1695 434 1746 467 21.

1123 484 1313 536 rincipes
1332 483 1555 536 persecuti
1574 488 1674 525 sunt
1689 496 1759 524 me
1775 496 1869 534 gra·
1917 504 1919 506 ·

1136 541 1210 582 tis:
1236 545 1280 582 et
1303 553 1328 581 a
1351 539 1498 581 verbis
1521 540 1607 582 tuis
1630 540 1871 592 trepidavit
1917 554 1920 559 >

1040 611 1116 639 cor
1134 610 1292 638 meum.
1324 597 1445 637 Bene
1463 595 1549 638 hoc
1568 596 1735 648 Martyr
1755 596 1871 646 dicit,
1917 622 1920 626 -

1041 654 1162 707 quod
1196 654 1354 704 injuste
1389 653 1748 706 persecutionum
1783 658 1871 695 tor·
1918 664 1920 669 ’

1037 713 1185 752 menta
1205 713 1432 752 sustineat:
1453 710 1527 762 qui
1541 709 1648 750 nihil
1664 711 1871 762 rapuerit,

1038 767 1205 809 nullum
1222 766 1442 808 violentus
1466 768 1756 819 oppresserit,
1780 767 1870 807 nul-

1038 824 1122 865 lius
1143 824 1401 875 sanguinem
1425 822 1597 872 fuderit,
1622 823 1783 864 nullius
1807 828 1871 865 to-

1038 894 1135 922 rum
1154 880 1377 934 putaverit
1395 893 1492 922 esse
1507 879 1778 922 violandum:
1798 881 1871 932 qui

1037 938 1145 979 nihil
1176 937 1348 988 legibus
1381 937 1558 987 debeat,
1593 943 1636 979 et
1667 937 1872 987 graviora

1037 994 1258 1036 latronum
1299 994 1514 1036 sustinere
1550 996 1734 1044 cogatur
1771 1007 1871 1046 sup-

1038 1051 1183 1103 plicia:
1218 1050 1292 1103 qui
1319 1050 1527 1102 loquatur
1554 1051 1682 1102 juste,
1715 1055 1758 1092 et
1783 1063 1871 1092 non

1038 1107 1255 1150 audiatur:
1281 1107 1355 1159 qui
1380 1107 1588 1160 loquatur
1606 1107 1738 1159 plena
1758 1107 1870 1148 salu-

1037 1165 1104 1214 tis,
1121 1169 1164 1206 et
1178 1165 1474 1217 impugnetur:
1493 1168 1541 1205 ut
1556 1165 1699 1216 possit
1714 1164 1871 1214 dicere,

1040 1222 1149 1263 Cum
1176 1221 1393 1273 loquebar
1420 1220 1522 1271 illis,
1554 1221 1872 1274 impugnabant

1037 1291 1108 1319 me
1135 1278 1284 1329 gratis.
1329 1277 1478 1319 Gratis
1505 1278 1638 1329 igitur
1667 1291 1871 1331 persecu-

1037 1335 1204 1377 tionem
1240 1335 1423 1388 patitur,
1475 1335 1550 1386 qui
1590 1335 1872 1388 impugnatur

1039 1392 1132 1433 sine
1167 1392 1361 1433 crimine:
1396 1392 1678 1444 impugnatur
1713 1397 1761 1433 ut
1797 1394 1871 1433 no-

1038 1449 1152 1499 xius,
1190 1462 1289 1490 cum
1321 1448 1378 1490 sit
1410 1448 1454 1489 in
1485 1448 1563 1490 tali
1595 1449 1872 1490 confessione

1038 1505 1285 1548 laudabilis:
1306 1507 1588 1558 impugnatur
1605 1506 1730 1558 quasi
1743 1507 1870 1547 vene-

1038 1563 1159 1612 ficus,
1181 1563 1255 1615 qui
1273 1563 1316 1603 in
1333 1562 1509 1604 nomine
1523 1562 1701 1603 Domini
1715 1562 1871 1613 gloria-

1915 707 1922 813 Ι

1915 811 1922 861 ξ

1038 1624 1125 1669 tur,
1152 1632 1251 1660 cum
1275 1621 1417 1671 pietas
1442 1619 1653 1660 virtutum
1677 1619 1872 1661 omnium
1917 1623 1919 1625 ’

1038 1675 1369 1717 fundamentum
1389 1676 1455 1716 sit.

1038 1735 1089 1786 Rt-
1141 1731 1420 1774 Desiderium
1445 1734 1601 1773 animae
1621 1733 1712 1784 ejus
1734 1732 1869 1774 tribu-

1038 1789 1111 1831 isti
1131 1789 1170 1830 ei
1185 1789 1293 1839 Bne,
1307 1792 1327 1814 *
1342 1789 1399 1830 Et
1413 1789 1639 1831 voluntate
1654 1789 1870 1830 labiorum

1040 1847 1131 1898 ejus
1141 1859 1229 1887 non
1240 1845 1452 1888 fraudasti
1464 1858 1573 1888 eum.
1590 1841 1638 1892 Υ.
1652 1846 1870 1895 Quoniam

1038 1902 1293 1956 praevenisti
1310 1915 1410 1944 eum
1427 1903 1471 1943 in
1489 1902 1869 1944 benedictionibus

1040 1958 1302 2001 dulcedinis:
1329 1959 1519 2012 posuisti
1537 1959 1581 2000 in
1609 1959 1753 2012 capite
1778 1960 1869 2011 ejus

1040 2018 1249 2058 coronam
1268 2015 1323 2058 de
1342 2015 1490 2069 lapide
1511 2016 1722 2069 pretioso.
1749 2016 1816 2057 Et.

1342 2075 1493 2115 Lectio
1513 2076 1564 2114 vi.

1038 2127 1206 2233 Vere
1250 2129 1413 2170 frustra
1453 2129 1749 2182 impugnatur,
1796 2129 1870 2181 qui

1154 2186 1273 2239 apud
1296 2186 1454 2239 impios
1479 2191 1523 2227 et
1541 2184 1702 2227 infidos
1720 2186 1869 2238 impie·
1917 2226 1919 2229 .

1039 2244 1144 2286 tatis
1170 2243 1422 2292 arcessitur,
1449 2255 1548 2284 cum
1572 2242 1678 2283 fidei
1701 2243 1757 2283 sit
1780 2255 1868 2283 ma-

1038 2302 1184 2351 gister.
1211 2299 1379 2341 Verum
1399 2298 1473 2351 qui
1490 2299 1625 2350 gratis
1644 2298 1868 2351 impugna-

1038 2361 1125 2407 tur,
1153 2356 1280 2397 fortis
1304 2355 1438 2397 debet
1461 2368 1559 2396 esse
1583 2360 1627 2396 et
1651 2360 1869 2397 constans.

1040 2411 1274 2463 Quomodo
1293 2424 1398 2462 ergo
1414 2411 1652 2454 subtexuit:
1670 2412 1728 2453 Et
1744 2425 1769 2452 a
1784 2425 1870 2454 ver-

1038 2468 1106 2511 bis
1124 2469 1219 2510 tuis·
1229 2467 1467 2521 trepidavit
1485 2481 1561 2510 cor
1576 2468 1743 2510 meum?
1763 2469 1866 2510 Tre-

1037 2524 1193 2578 pidare
1218 2525 1481 2566 infirmitatis
1506 2530 1591 2575 est,
1615 2525 1787 2567 timoris
1807 2530 1867 2566 at-

1040 2595 1125 2634 que
1151 2581 1405 2623 formidinis.
1445 2581 1533 2624 Sed
1560 2587 1627 2624 est
1651 2582 1783 2624 etiam
1806 2582 1867 2622 in-

1039 2639 1223 2680 firmitas
1251 2637 1308 2680 ad
1333 2638 1535 2690 salutem,
1568 2643 1635 2681 est
1661 2639 1791 2680 etiam
1816 2639 1865 2679 ti-

1038 2708 1135 2737 mor
1149 2697 1413 2737 sanctorum.
1431 2696 1603 2738 Timete
1617 2695 1865 2745 Dominum,
