2040 2944
180 189 272 235 [224]

181 300 350 330 memor
369 298 456 335 ero,
481 289 525 326 et
546 283 745 325 tabescet
766 282 811 322 in
833 294 905 323 me
925 281 1013 322 ani-

181 358 253 386 ma
281 356 389 385 mea.
443 342 544 382 Hoc
571 340 714 381 facite.

287 402 434 444 Lectio
456 401 509 440 vi.
747 401 849 450 Cap.
871 399 908 438 5.

180 455 321 560 Jam
347 454 442 496 redi
470 466 642 495 mecum
668 451 725 493 ad
749 450 1015 504 propositio-

272 525 372 553 nem
403 523 556 552 meam.
597 510 806 559 Magnum
837 506 1015 559 quidem

183 575 226 611 et
245 567 511 617 venerabile,
532 565 654 619 quod
671 577 830 606 manna
849 564 873 604 J
875 563 1016 604 udaeis

183 626 294 679 pluit
329 638 352 666 e
382 624 507 666 coelo.
554 621 643 664 Sed
674 621 867 672 intellige
910 619 1017 671 quid

183 688 250 724 est
278 681 483 734 ampliuS,
515 692 674 721 manna
707 677 762 719 de
795 676 928 727 coelo,
962 689 1017 717 an

183 752 344 791 corpus
391 735 577 779 Christi?
635 736 808 787 Corpus
855 733 1017 775 Christi

183 796 352 847 utique,
379 794 452 847 qui
478 799 631 835 auctor
651 798 718 834 est
738 790 850 833 coeli.
886 791 1016 831 Dein-

184 851 239 894 de
271 864 428 893 manna
463 851 537 902 qui
567 848 866 897 manducavit,
903 849 1016 888 mer-

183 914 284 950 tuus
322 913 404 950 est:
451 907 525 960 qui
564 879 895 947 manducaverit
931 903 1018 945 hoc

185 979 363 1018 corpus,
400 965 475 1006 fiet
510 964 550 1005 ei
584 962 786 1004 remissio
814 962 1017 1014 peccate-

184 1035 295 1071 rum,
324 1027 367 1063 et
390 1034 478 1062 non
501 1020 713 1062 morietur
731 1019 775 1058 in
794 1020 1018 1059 aeternum.

184 1079 302 1130 Ergo
327 1091 417 1119 non
445 1077 605 1126 otiose,
635 1089 734 1117 cum
762 1074 943 1127 accipis,
970 1079 1019 1115 tu

186 1134 310 1184 dicis,
339 1134 495 1183 Amen3
523 1134 609 1185 jam
632 1133 676 1173 in
701 1132 858 1185 spiritu
886 1130 1018 1172 cenfi-

184 1194 281 1233 tens
310 1190 430 1242 quod
454 1190 645 1242 accipias
665 1201 827 1241 corpus
847 1187 1019 1228 Christi.

185 1247 303 1288 Dicit
318 1246 398 1288 tibi
413 1245 632 1295 sacerdos,
653 1246 826 1298 Corpus
843 1243 1019 1285 Christi:

186 1308 231 1345 et
249 1309 297 1345 tu
317 1302 442 1352 dicis,
466 1303 624 1352 Amen,
646 1301 733 1343 hoc
752 1306 835 1351 est,
855 1313 1019 1342 verum.

187 1359 317 1409 Quod
341 1359 574 1401 confitetur
598 1359 762 1410 lingua,
789 1359 938 1419 teneat
961 1355 1019 1397 af-

187 1416 338 1457 fectus.

238 1474 289 1512 R
318 1473 414 1523 Ego
443 1486 540 1513 sum
566 1472 694 1525 panis
722 1471 840 1512 vitae:
870 1475 1020 1523 patres

187 1529 325 1570 vestri
362 1528 738 1570 manducaverunt
777 1540 937 1568 manna
977 1526 1022 1566 in

190 1585 378 1634 deserto,
407 1591 451 1627 et
476 1586 637 1627 mertui
665 1590 778 1626 sunt:
797 1585 819 1608 *
843 1584 929 1625 Hic
954 1582 1022 1624 est

188 1642 314 1706 panis
342 1641 398 1683 de
431 1642 546 1684 coelo
581 1641 870 1691 descendens,
903 1645 953 1681 ut
985 1639 1022 1680 si

190 1698 287 1749 quis
317 1711 370 1740 ex
397 1699 496 1764 ipso
524 1699 776 1748 manducet,
809 1711 898 1739 non
930 1709 1020 1738 mo-

189 1754 336 1796 riatur.
384 1749 434 1800 Y
480 1755 576 1807 Ego
605 1769 702 1796 sum
730 1755 856 1808 panis
884 1754 1021 1803 vivus,

191 1811 265 1862 qui
285 1810 340 1852 de
361 1812 474 1853 coelo
495 1811 718 1854 descendi:
738 1812 774 1852 si
791 1811 888 1863 quis
903 1823 1021 1851 man-

191 1866 418 1909 ducaverit
454 1881 508 1909 ex
539 1868 626 1910 hoc
659 1881 789 1921 pane,
824 1867 943 1909 vivet
978 1867 1022 1907 in

191 1925 414 1965 aeternum.
451 1924 547 1966 Hic.
584 1925 738 1966 Gloria
759 1924 890 1966 Patri.
926 1923 1022 1964 Hic.

326 2010 522 2051 Mense
558 2010 885 2051 Novembri.

239 2082 392 2121 Sermo
418 2081 557 2121 sancti
582 2080 732 2133 Cyrilli
750 2080 965 2133 Episcopi

426 2136 451 2177 J
454 2136 794 2188 erosolymitani.

356 2194 558 2228 ‹juteehcsi
584 2200 799 2237 mystagog.
825 2197 854 2229 4,

492 2256 526 2295 Ι
531 2257 643 2297 ectio
665 2257 715 2295 ix.

206 2331 240 2360 22„
264 2322 391 2375 ι..ῂςῇρεει
422 2317 541 2358 beati
567 2317 693 2358 Pauli
721 2317 923 2359 doctrina
951 2318 1024 2360 ab·

203 2374 241 2408 ἃ
277 2374 304 2430 ji,
329 2372 444 2414 unde
460 2373 661 2415 sufficere
675 2374 859 2423 videtur,
878 2380 926 2416 ut
942 2387 1025 2416 cer-

203 2409 234 2441 ²
329 2434 418 2470 tam
446 2429 570 2471 vobis
599 2429 654 2471 de
679 2429 838 2471 divinis
864 2432 1021 2483 myste-

193 2485 268 2525 riis
288 2484 421 2526 fidem
440 2486 585 2535 faciat,
614 2486 772 2538 quibus
792 2486 911 2538 digni
930 2487 1024 2528 red-

196 2540 291 2590 diti,
317 2542 619 2594 concorperei,
643 2548 691 2584 ut
716 2544 777 2584 ita
797 2542 955 2592 dicam,
981 2549 1025 2585 et

194 2598 505 2648 consanguinei
552 2597 714 2640 Christi
759 2599 862 2640 facti
908 2600 1024 2641 estis.

193 2654 297 2705 Ipse
325 2652 439 2694 enim
463 2652 598 2694 modo
627 2654 860 2705 clamabat,
903 2655 1026 2707 quod

194 2709 236 2749 in
262 2715 393 2750 nocte
418 2722 505 2760 qua
531 2708 786 2751 tradebatur
809 2712 1025 2753 Deminus

492 191 667 223 ‹mit-ium
698 190 868 222 votivum
897 188 942 220 dc
969 189 1024 220 δε.
1055 187 1307 220 Ιέιιςὴιιῖίεῖίιυ
1333 186 1592 219 Sat-ramento.

1066 286 1218 322 noster
1253 281 1382 322 Jesus
1421 280 1637 330 Christus,
1681 280 1902 333 accipiens

1067 350 1243 390 panem,
1273 342 1316 379 et
1339 337 1504 388 gratias
1529 349 1665 388 agens
1684 336 1831 388 fregit,
1859 340 1903 378 et

1068 393 1191 435 dedit
1209 393 1436 446 discipulis
1455 393 1563 442 suis,
1583 392 1750 435 dicens:
1775 393 1902 434 Acci-

1066 451 1170 503 pite,
1204 456 1247 492 et
1278 449 1560 492 manducate:
1591 449 1678 491 hoc
1710 453 1778 491 est
1809 462 1903 491 cor·

1068 521 1152 560 pus
1178 520 1334 548 meum.
1375 507 1433 548 Et
1461 506 1682 560 accipiens
1711 505 1904 555 calicem,

1069 569 1112 606 et
1131 564 1295 615 gratias
1315 576 1464 615 agens,
1485 563 1608 605 dixit:
1628 562 1842 615 Accipite,
1861 567 1906 604 et
1961 572 1963 574 ’

1068 620 1221 663 bibite:
1245 621 1316 662 hic
1341 626 1408 663 est
1427 620 1604 671 sanguis
1622 632 1757 661 meus.
1795 619 1906 660 Cum

1070 678 1201 729 igitur
1226 678 1322 730 ipse
1347 676 1402 718 de
1422 689 1536 730 pane
1555 676 1906 730 pronuntiaverit

1070 747 1122 775 ac
1141 733 1315 775 dixerit:
1338 734 1439 775 Hoc
1468 739 1536 776 est
1560 746 1723 786 corpus
1745 745 1907 774 meum:

1071 791 1169 843 quis
1203 789 1382 832 audebit
1415 789 1626 843 deinceps
1660 786 1906 840 ambigere?

1069 847 1127 889 Et
1151 860 1251 888 cum
1274 847 1392 889 idem
1414 847 1511 900 ipse
1535 852 1627 888 tam
1653 847 1906 887 asseveran-

1070 909 1138 945 ter
1162 902 1336 945 dixerit:
1364 903 1450 944 Hic
1476 908 1544 945 est
1568 902 1745 953 sanguis
1767 913 1908 943 meus:

1073 960 1169 1012 quis
1189 973 1399 1013 umquam
1419 959 1697 1010 dubitaverit,
1721 963 1772 1000 ut
1790 957 1908 1000 dicat
1976 988 1977 993 ι

1071 1029 1159 1057 ιιοιι
1188 1029 1286 1058 esse
1315 1018 1406 1069 ejus
1435 1015 1715 1067 sanguinem?

1123 1075 1174 1126 Rg.
1205 1072 1506 1115 Coenantibus.
1535 1072 1658 1125 [2231.

1384 1130 1538 1170 Lectio
1559 1142 1596 1168 v.

1156 1198 1290 1238 quam
1317 1186 1423 1227 olim
1449 1186 1494 1226 in
1518 1185 1668 1227 vinum
1691 1185 1910 1227 convertit

1177 1243 1221 1283 in
1245 1243 1365 1284 Cana
1389 1242 1598 1293 Galilaeae,
1629 1241 1751 1294 quod
1775 1241 1911 1284 habet

1077 1299 1313 1352 quamdam
1350 1313 1451 1341 cum
1487 1299 1697 1350 sanguine
1731 1299 1910 1352 propin·

1074 1356 1302 1408 quitatem:
1336 1362 1379 1398 et
1412 1369 1512 1397 eum
1544 1369 1702 1409 pamm
1730 1355 1911 1408 dignum

1075 1412 1434 1462 existimabimus,
1455 1412 1526 1454 cui
1542 1411 1775 1454 credamus
1790 1411 1911 1465 quod

1073 1470 1224 1511 vinum
1241 1469 1286 1510 in
1305 1469 1563 1520 sanguinem
1581 1466 1910 1511 transmutarit?

1075 1525 1147 1567 Ad
1184 1539 1259 1568 eas
1296 1526 1488 1578 nuptias,
1527 1525 1687 1578 quibus
1721 1527 1912 1579 corpora

1075 1582 1350 1636 copulantur,
1360 1583 1557 1632 vocatus,
1566 1587 1732 1635 praeter
1742 1581 1910 1635 opinio-

1074 1652 1175 1680 nem
1195 1639 1390 1680 emnium
1410 1638 1496 1680 hoc
1515 1638 1620 1680 fecit
1637 1637 1912 1680 miraculum:

1075 1701 1120 1737 et
1147 1709 1237 1737 non
1264 1695 1404 1738 multo
1432 1695 1573 1746 magis
1602 1695 1666 1736 sic
1693 1707 1794 1736 eum
1817 1707 1910 1736 eor-

1074 1765 1158 1805 pus
1192 1758 1236 1794 et
1268 1752 1527 1804 sanguinem
1564 1764 1692 1793 suum
1727 1749 1912 1793 fruenda

1074 1808 1203 1850 nobis
1229 1809 1421 1851 donasse
1442 1810 1706 1861 persuasum
1726 1807 1912 1849 firmiter

1074 1864 1344 1915 habebimus,
1373 1871 1422 1907 ut
1448 1878 1500 1907 ea
1523 1878 1623 1907 cum
1646 1865 1765 1907 omni
1786 1864 1912 1906 certi-

1074 1921 1228 1964 tudine
1254 1927 1481 1974 tamquam
1510 1934 1673 1975 corpus
1699 1921 1840 1974 ipsius
1869 1926 1913 1963 et

1075 1979 1334 2030 sanguinem
1353 1976 1600 2020 sumamus?
1621 1978 1738 2020 Nam
1755 1978 1799 2018 in
1815 1979 1912 2030 spe-

1075 2035 1142 2076 cie
1168 2035 1295 2087 panis
1325 2034 1401 2077 dat
1427 2034 1556 2076 nobis
1585 2047 1763 2087 coerS,
1797 2039 1842 2075 et
1868 2034 1912 2074 in

1075 2092 1224 2144 specie
1252 2092 1341 2132 vini
1370 2092 1447 2134 dat
1479 2091 1608 2133 nobis
1641 2091 1912 2141 sanguinem:

1074 2153 1132 2197 ut,
1162 2160 1262 2189 cum
1291 2148 1544 2200 sumpseris,
1572 2153 1724 2199 gustes
1749 2159 1912 2200 corpus

1074 2209 1119 2245 et
1148 2205 1407 2255 sanguinem
1430 2204 1602 2254 Christi,
1631 2203 1774 2245 factus
1803 2203 1910 2255 ejus-

1075 2260 1177 2302 dem
1209 2261 1410 2314 corporis
1445 2266 1488 2303 et
1522 2261 1745 2312 sanguinis
1778 2260 1911 2313 parti-

1075 2329 1192 2369 ceps.
1247 2318 1319 2359 Sic
1348 2318 1464 2359 enim
1493 2317 1707 2360 efficimur
1734 2316 1911 2358 Christi·

1075 2373 1165 2422 feri,
1194 2372 1280 2415 hoc
1305 2379 1372 2415 est
1393 2373 1616 2415 Christum
1643 2373 1688 2415 in
1716 2373 1910 2426 corperi-

1074 2429 1157 2471 bus
1185 2430 1348 2471 nostris
1377 2430 1582 2480 ferentes,
1616 2442 1716 2471 cum
1748 2442 1911 2482 corpus

1075 2487 1166 2537 ejus
1196 2492 1239 2528 et
1267 2487 1523 2537 sanguinem
1550 2486 1595 2526 in
1615 2485 1814 2527 membra
1835 2498 1910 2527 no-

1075 2548 1166 2584 stra
1185 2543 1435 2596 recipimus:
1463 2543 1527 2584 sic
1547 2541 1790 2584 secundum
1809 2541 1910 2584 bea-

1074 2604 1168 2640 tum
1196 2600 1390 2650 Petrum,
1423 2599 1583 2640 divinae
1610 2602 1780 2640 naturae
1808 2611 1910 2640 con-

1075 2658 1218 2698 sortes
1246 2655 1482 2697 reddimur.

1130 2712 1181 2762 Rg.
1205 2712 1395 2765 Accepit
1421 2712 1445 2752 J
1449 2724 1561 2753 esus.
1589 2711 1710 2764 [223].
