2040 2944
748 196 790 230 In
814 196 1065 230 Dedicationc
1086 196 1278 229 Ecclesiae.

215 291 313 332 Ant.
354 289 606 331 AEdificavit
639 289 815 341 Moyses
847 289 982 332 altare

161 347 351 388 Domino
369 347 478 388 Deo.

214 398 264 451 V.
290 403 482 444 Domum
505 407 625 444 tuam
643 403 830 444 Domine
855 401 982 444 decet

162 458 420 500 sanctitado.
484 461 534 512 R.
574 459 626 499 In
666 457 981 510 longitudinem

162 514 340 556 dierum.

216 574 343 613 Pater
370 575 528 613 noster.

213 630 457 671 Absolutio.
486 626 657 669 Exaadi
674 627 871 668 Domine.

213 682 263 733 V.
289 683 399 726 Jube
420 684 589 725 domne.

212 742 374 783 Bened.
402 740 712 783 Benedictione
731 741 955 792 perpetua.

159 808 226 850 De
250 806 362 849 libro
391 807 583 850 secundo
608 808 980 861 Paralipomenon.

287 874 436 917 Lectio
455 877 478 918 i.
696 878 796 930 Cap.
816 878 850 918 7.

164 944 253 994 ξῖξξ,
277 951 347 979 11111
371 939 636 992 complesset
659 938 864 980 Salomon
888 939 978 979 fun-

164 1028 166 1034 ,
193 989 270 1047 (52:5⁶5
292 995 399 1037 dens
421 1008 592 1048 preces,
619 995 731 1047 ignis
754 994 980 1036 descendit

166 1045 269 1075 &ss-³*
292 1052 346 1094 de
377 1051 506 1102 coelo,
539 1057 582 1094 et
610 1051 834 1094 devoravit
860 1051 979 1092 11010-

160 1113 311 1151 causta
327 1113 371 1150 et
387 1108 598 1150 victimas:
618 1112 661 1150 et
679 1108 881 1159 majestas
892 1107 979 1148 Do—

158 1166 261 1207 mini
295 1164 493 1218 implevit
529 1164 717 1206 domum.
760 1164 854 1205 Nec
884 1165 978 1216 pot-

159 1226 282 1264 erant
306 1220 558 1263 sacerdotes
583 1219 751 1271 ingredi
768 1220 979 1273 templum

141 1278 351 1334 vDomini,
379 1290 432 1319 eo
462 1276 579 1329 quod
606 1276 830 1329 implesset
853 1277 979 1328 maje-

159 1339 248 1376 stas
263 1334 438 1375 Domini
455 1333 666 1386 templum
679 1333 866 1374 Domini.
893 1332 979 1374 Sed

159 1395 203 1432 et
230 1403 380 1432 omnes
407 1389 484 1431 filii
510 1389 647 1430 Israel
674 1389 880 1431 videbant
907 1388 978 1430 de-

158 1446 438 1489 scendentem
456 1446 609 1497 ignem,
630 1450 673 1488 et
690 1445 873 1497 gloriam
891 1446 978 1486 Do-

157 1503 262 1544 mini
280 1515 412 1556 super
437 1501 630 1544 domum:
658 1506 701 1543 et
726 1503 978 1543 corruentes

157 1559 284 1613 proni
301 1560 347 1600 in
358 1564 521 1600 terram
538 1571 669 1611 super
682 1558 979 1611 pavimentum

159 1621 342 1658 stratum
355 1614 513 1667 lapide,
528 1613 820 1656 adoraverunt
835 1619 878 1656 et
890 1614 978 1655 lau-

159 1672 372 1714 daverunt
389 1671 640 1712 Dominum:
666 1670 881 1721 Quoniam
901 1669 977 1711 bo-

158 1741 258 1778 nus,
288 1727 492 1780 quoniam
515 1727 559 1767 in
585 1726 792 1768 saeculum
816 1725 978 1768 miseri-

157 1783 306 1826 cordia
332 1784 433 1836 ejus.
468 1783 566 1824 Rex
590 1787 751 1832 autem,
778 1786 821 1824 et
839 1782 978 1824 omnis

157 1840 347 1894 populus
374 1839 660 1881 immolabant
686 1839 885 1880 victimas
909 1851 978 1880 00-

157 1910 252 1938 ram
275 1896 477 1938 Domino.
512 1895 722 1937 Mactavit
747 1895 877 1946 igitur
901 1907 979 1936 rex

157 1952 364 1995 Salomon
411 1951 596 2002 hostiaS,
650 1951 786 1993 boum
829 1951 979 2003 viginti

159 2008 246 2051 duo
265 2008 414 2058 millia,
433 2010 618 2050 arietum
636 2013 810 2050 centum
827 2007 979 2059 viginti

157 2065 305 2106 millia:
343 2069 386 2106 et
424 2063 644 2106 dedicavit
681 2063 859 2106 domum
895 2064 978 2106 Dei

157 2134 245 2172 rex,
265 2126 307 2163 et
326 2121 553 2162 universus
571 2120 771 2173 populus.

206 2178 257 2230 R.
285 2178 336 2218 In
361 2176 634 2219 dedicatione
651 2176 804 2229 templi
823 2177 975 2218 decan-

157 2233 280 2276 tabat
303 2233 492 2286 populus
511 2232 698 2274 laudem:
715 2235 738 2259 ‘⁸¹
760 2233 816 2274 Et
838 2233 882 2274 in
902 2245 975 2274 ore

160 2292 310 2331 eorum
359 2290 498 2332 dulcis
548 2289 782 2331 resonabat
831 2302 976 2331 sonus.

156 2340 207 2392 Yf.
227 2346 427 2388 Fundata
450 2351 515 2387 est
535 2345 692 2387 domus
711 2346 889 2387 Domini
908 2359 975 2387 su-

158 2414 238 2454 pra
260 2403 466 2444 verticem
491 2402 713 2450 montium,
735 2407 778 2443 et
803 2402 975 2443 venient

159 2457 215 2499 ad
234 2470 330 2500 eam
352 2471 502 2500 omnes
522 2459 697 2500 Gentes.
725 2458 790 2499 Et.

209 2513 368 2554 Bened.
395 2513 652 2567 Unigenitus
670 2515 763 2556 Dei.

461 2582 611 2623 Lectio
632 2583 669 2622 ii.

227 2647 454 2690 acerdotes
480 2654 625 2691 autem
651 2648 823 2691 stabant
848 2648 891 2688 in
917 2647 975 2688 of-

236 2704 345 2746 ficiis
365 2705 468 2746 suis:
491 2710 535 2747 et
552 2705 717 2747 Levitae
740 2705 783 2745 in
803 2704 976 2754 organis

1033 289 1273 330 carminum
1297 288 1488 337 Domini,
1518 301 1614 340 quae
1643 288 1745 329 fecit
1769 288 1853 329 Da-

1033 344 1107 387 vid
1134 357 1210 386 rex
1234 345 1291 386 ad
1314 344 1581 386 laudandum
1604 345 1853 385 Dominum:

1034 402 1250 452 Quoniam
1267 402 1311 442 in
1330 402 1540 442 aeternum
1556 400 1853 442 misericordia

1034 459 1141 510 eius,
1168 458 1352 510 hymnos
1378 457 1521 499 David
1545 460 1749 499 canentes
1773 470 1852 510 per

1036 527 1190 556 manus
1209 527 1323 555 suas:
1351 527 1484 566 porro
1510 514 1761 556 sacerdotes
1786 526 1853 555 ca-

1032 570 1193 612 nebant
1211 570 1327 612 tubis
1347 575 1446 612 ante
1468 583 1563 620 eos,
1584 574 1852 622 cunctasque

1032 627 1167 668 Israel
1186 627 1340 668 stabat.
1367 627 1661 668 Sanctificavit
1679 639 1852 679 quoque

1032 684 1237 725 salomon
1268 683 1459 725 medium
1491 683 1589 724 atrii
1621 688 1720 724 ante
1747 688 1851 724 tem-

1031 740 1152 792 plum
1178 740 1372 781 Domini:
1405 739 1624 781 obtalerat
1652 739 1765 781 enim
1792 739 1853 780 ibi

1032 796 1299 845 holocaasta,
1320 800 1363 837 et
1383 795 1535 848 adipes
1554 796 1852 848 pacificorum:

1035 853 1134 905 quia
1158 852 1294 894 altare
1320 854 1503 901 aeneum,
1533 851 1652 904 quod
1675 852 1852 901 fecerat,

1032 921 1119 950 non
1150 911 1325 960 poterat
1357 908 1568 949 sustinere
1596 908 1852 949 holocausta

1034 970 1076 1007 et
1099 965 1312 1006 sacrificia
1337 969 1380 1006 et
1405 964 1567 1017 adipes.
1602 965 1724 1006 Fecit
1748 976 1851 1015 ergo

1032 1021 1237 1063 Salomon
1257 1021 1577 1062 solemnitatem
1596 1020 1639 1061 in
1653 1022 1851 1072 tempore

1031 1077 1106 1118 illo
1127 1082 1297 1130 septem
1316 1076 1480 1126 diebus,
1501 1081 1543 1117 et
1562 1076 1700 1117 omnis
1716 1076 1851 1116 Israel

1033 1146 1131 1175 cum
1151 1146 1220 1183 eo,
1249 1132 1431 1174 ecclesia
1450 1145 1606 1183 magna
1624 1131 1767 1181 valde,
1795 1131 1849 1173 ab

1032 1190 1212 1231 introitu
1236 1188 1394 1230 Emath
1420 1201 1557 1240 usque
1585 1187 1641 1229 ad
1665 1187 1850 1229 Torren-

1032 1250 1121 1287 tem
1138 1245 1332 1298 AEgypti.
1363 1245 1573 1296 Fecitque
1596 1243 1666 1285 die
1692 1245 1849 1285 octavo

1032 1301 1275 1351 collectam,
1304 1313 1356 1342 eo
1382 1299 1501 1352 quod
1526 1299 1774 1341 dedicasset
1794 1300 1850 1340 al-

1031 1361 1123 1400 tare
1149 1362 1317 1410 septem
1343 1356 1513 1406 diebuS‚
1543 1361 1586 1398 et
1605 1356 1849 1398 solemnita-

1030 1419 1119 1456 tem
1138 1413 1403 1456 celebrasset
1423 1413 1574 1455 diebus
1595 1417 1772 1465 septem.

1082 1473 1133 1524 R.
1164 1469 1364 1511 Fundata
1396 1474 1462 1511 est
1490 1468 1645 1510 domus
1672 1469 1850 1510 Domini

1030 1539 1162 1579 supra
1181 1526 1390 1567 verticem
1412 1525 1641 1574 montium,
1670 1529 1714 1566 et
1738 1525 1849 1566 exal—

1030 1586 1123 1624 tata
1151 1587 1217 1624 est
1245 1594 1376 1634 super
1404 1594 1556 1623 omnes
1584 1581 1734 1622 colles:
1752 1585 1773 1608 *
1793 1582 1850 1622 Et

1029 1639 1203 1680 venient
1226 1637 1282 1679 ad
1306 1651 1402 1680 eam
1426 1650 1576 1678 omnes
1601 1637 1779 1686 Gentes,
1807 1642 1850 1678 et

1031 1694 1191 1736 dicent:
1211 1693 1362 1735 Gloria
1380 1692 1459 1734 tibi
1474 1693 1671 1734 Domine.
1698 1692 1747 1743 V.
1764 1692 1848 1734 Ve-

1030 1751 1196 1792 nientes
1223 1754 1369 1791 autem
1395 1749 1569 1790 venient
1592 1761 1690 1789 cum
1709 1748 1846 1789 exsul-

1028 1807 1203 1855 tatione,
1222 1808 1448 1859 portantes
1467 1805 1709 1858 manipulos
1732 1817 1846 1846 suos.

1027 1864 1084 1905 Et
1102 1862 1285 1904 venient.

1081 1919 1240 1960 Bened.
1268 1918 1453 1971 Spiritus
1474 1917 1612 1959 sancti
1629 1916 1777 1968 gratia.

1326 1975 1476 2015 Lectio
1497 1975 1549 2014 iii.

1101 2031 1396 2084 omplevitque
1427 2029 1633 2071 Salomon
1669 2029 1846 2071 domum

1111 2087 1302 2137 Domini,
1328 2090 1372 2128 et
1390 2085 1567 2127 domum
1586 2085 1714 2136 regis,
1740 2090 1783 2127 et
1802 2087 1844 2127 ό-

1027 2143 1143 2184 mnia
1154 2155 1251 2195 quae
1262 2142 1538 2195 disposuerat
1547 2141 1591 2181 in
1607 2141 1740 2183 corde
1754 2154 1845 2191 suo,

1027 2204 1076 2241 ut
1103 2199 1266 2241 faceret
1290 2199 1333 2239 in
1361 2197 1492 2239 domo
1515 2197 1706 2247 Domini,
1734 2202 1776 2239 et
1802 2198 1846 2238 in

1028 2255 1159 2298 domo
1179 2268 1266 2305 sua,
1289 2259 1333 2296 et
1350 2255 1636 2306 prosperatus
1655 2258 1731 2295 est.
1757 2253 1845 2306 Ap—

1026 2312 1172 2364 paruit
1190 2316 1335 2352 autem
1355 2310 1394 2351 ei
1411 2309 1625 2350 Dominus
1644 2313 1782 2359 nocte,
1802 2314 1846 2351 et

1028 2368 1101 2409 ait:
1145 2366 1306 2408 Audivi
1342 2365 1583 2407 orationem
1618 2370 1757 2415 tuam,
1801 2370 1846 2407 et

1028 2423 1139 2475 elegi
1162 2423 1306 2464 locum
1330 2422 1460 2463 istum
1482 2420 1586 2462 mihi
1604 2421 1648 2462 in
1667 2421 1845 2463 domum

1028 2479 1239 2522 sacrificii.
1287 2478 1333 2520 Si
1364 2477 1562 2519 clausero
1595 2477 1769 2527 coelum,
1801 2482 1845 2519 et

1026 2535 1174 2588 pluvia
1192 2547 1279 2576 non
1298 2534 1486 2583 fluxerit,
1514 2538 1558 2575 et
1579 2533 1842 2575 mandavero

1028 2596 1071 2634 et
1093 2593 1348 2644 praecepero
1370 2589 1569 2640 locastae,
1596 2594 1645 2631 ut
1664 2589 1844 2631 devoret

1027 2652 1206 2696 terram,
1234 2651 1277 2688 et
1304 2648 1463 2687 misero
1488 2645 1776 2698 pestilentiam
1799 2643 1842 2683 in

1027 2703 1238 2756 populum
1256 2715 1414 2744 meum:
1442 2703 1675 2744 conversus
1699 2703 1841 2742 autem
