2040 2944
483 169 551 202 l)ic
581 170 627 201 113.
653 169 754 210 Sept.
803 168 859 201 Ss.
885 167 1055 201 Cornelii
1083 173 1119 200 et
1144 167 1330 210 Cypriani
1357 166 1464 200 Pont.
1491 171 1527 200 et
1550 166 1636 201 Mm.

200 264 409 316 reposuit.
444 262 574 314 Quod
599 275 698 304 cum
722 262 778 304 ad
797 263 1029 315 imperato-

200 333 271 361 res
291 320 485 361 delatum
505 324 637 370 esset,
663 325 707 362 et
725 319 940 362 Pontifice
959 333 1030 361 au-

201 378 322 418 ctore
340 376 503 417 multos
523 376 619 417 fieri
633 375 916 426 Christianos,
935 378 1029 418 mit-

199 433 305 474 titur
324 433 360 473 is
380 433 422 472 in
442 432 643 473 exsilium
663 431 720 474 ad
741 432 927 474 Centum
946 431 1028 473 cel-

199 488 278 529 las:
323 488 398 530 ubi
434 501 534 530 eum
570 494 747 530 sanctus
785 489 1028 542 Cyprianus

200 547 436 598 episcopus
465 545 824 597 Carthaginensis
856 558 936 599 per
963 545 1028 586 lit-

199 607 315 643 teras
335 608 402 644 est
425 603 692 645 consolatus.

252 669 302 720 Rg.
338 664 486 706 Sancti
518 665 582 706 tui
609 665 798 706 Domine
830 663 1029 705 mirabile

199 721 425 763 consecuti
439 727 540 763 sunt
552 722 646 771 iter,
663 722 903 762 servientes
918 733 1028 772 prae-

199 778 340 831 ceptis
368 778 471 828 tuis,
500 784 548 820 ut
575 778 873 819 invenirentur
902 777 1030 818 illaesi

198 835 242 875 in
268 835 394 887 aquis
419 834 592 877 validis:
618 842 637 863 >³
659 835 799 876 Terra
824 834 1030 887 apparuit

200 891 338 941 arida,
372 897 415 933 et
446 893 490 933 in
522 892 634 933 Mari
664 891 799 933 rubro
833 891 905 932 via
937 890 1029 932 sine

199 947 524 1000 impedimento.
551 946 600 997 Y.
615 948 834 998 Quoniam
851 950 1028 1000 peresis-

199 1004 256 1046 sit
279 1010 465 1057 petram,
501 1011 545 1047 et
570 1005 789 1047 fluxerunt
814 1017 956 1057 aquae,
986 1008 1030 1045 et

197 1063 415 1104 torrentes
434 1061 765 1104 inundaverunt.
793 1061 942 1103 Terra.

509 1128 659 1169 Lectio
682 1143 716 1167 v.

199 1186 343 1291 Hoc
376 1193 523 1230 autem
554 1188 804 1230 christianae
832 1190 1028 1233 caritatis

314 1245 505 1288 officium
543 1259 642 1287 cum
678 1246 885 1299 frequens
918 1247 1029 1290 alter

197 1303 323 1345 alteri
354 1302 644 1356 persolveret,
685 1302 951 1346 deteriorem
983 1305 1028 1346 in

196 1365 368 1413 partem
385 1359 431 1402 id
446 1360 712 1413 accipientes
727 1360 1027 1414 imperatores,

196 1419 456 1459 accersitum
514 1418 703 1459 Romam
759 1417 1027 1469 Cornelium,

195 1478 420 1526 tamquam
440 1473 494 1515 de
509 1475 736 1526 majestate
751 1487 875 1516 reum
889 1475 1027 1528 plum-

194 1529 309 1571 batis
337 1530 467 1581 caedi,
496 1534 761 1583 raptumque
790 1531 847 1574 ad
874 1532 1027 1574 Martis

196 1586 476 1629 simulacrum
510 1588 550 1629 ei
583 1588 830 1630 sacrificare
866 1589 1027 1641 jubent.

196 1644 337 1694 Quam
369 1644 643 1697 impietatem
675 1658 775 1687 cum
807 1646 879 1688 ille
908 1645 1027 1688 dete-

195 1702 402 1751 staretur,
442 1702 483 1743 ei
515 1707 648 1754 caput
681 1703 928 1745 abscissum
960 1708 1027 1746 est

195 1757 366 1799 decimo
386 1761 544 1800 octavo
562 1759 788 1802 Kalendas
804 1759 1026 1802 Octobris:

195 1815 314 1866 cujus
337 1828 499 1868 corpus
518 1815 649 1858 beata
668 1817 834 1859 Lucina
855 1817 1026 1859 clericis

195 1870 467 1922 adjutoribus
508 1872 707 1915 humavit
748 1874 792 1914 in
827 1875 1027 1916 arenaria

194 1927 351 1981 praedii
372 1930 438 1970 sui
455 1943 597 1982 prope
614 1932 914 1973 coemeterium
931 1931 1025 1973 Cal-

195 1985 294 2027 listi.
349 1986 474 2028 Vixit
510 1987 553 2027 in
590 1988 851 2040 pontificatu
888 2001 1026 2030 annos

196 2042 370 2084 circiter
390 2043 512 2085 duos.

252 2103 301 2154 Rp,
335 2099 535 2141 Verbera
570 2101 823 2143 carnificum
855 2114 944 2144 non
975 2103 1025 2144 ti-

195 2157 396 2197 muerunt
416 2157 556 2198 sancti
574 2158 668 2207 Dei,
688 2159 924 2201 morientes
942 2172 1025 2212 pro

197 2211 357 2254 Christi
382 2214 573 2265 nomine,
599 2219 621 2242 *
639 2215 698 2257 Ut
723 2215 924 2258 haeredes
952 2216 1025 2258 fie-

196 2273 292 2309 rent
310 2269 354 2309 in
373 2268 506 2312 domo
527 2272 714 2313 Domini.
747 2270 796 2321 Y.
815 2273 1025 2315 Tradide-

196 2330 296 2366 runt
328 2328 515 2379 corpora
550 2341 628 2369 sua
664 2335 847 2383 propter
882 2331 1026 2372 Deum

198 2379 255 2423 ad
275 2383 500 2435 supplicia.
529 2385 586 2427 Ut
606 2385 818 2429 haeredes.

199 2461 264 2501 Ex
282 2459 396 2502 libro
414 2463 552 2504 sancti
567 2464 825 2518 Hieronymi
839 2467 1025 2520 Presby-

196 2516 278 2557 teri
302 2515 358 2558 de
381 2517 676 2571 Scriptoribus
703 2523 1025 2566 ecclesiasticis.

500 2584 649 2624 Lectio
670 2586 721 2624 xi.

199 2639 479 2746 Cyprianus
495 2645 612 2695 Afer,
630 2649 819 2700 primum
835 2650 1026 2701 gloriose

286 2701 550 2745 rhetoricam
569 2703 732 2747 docuit:
753 2706 910 2749 exinde
929 2720 1024 2749 sua-

1084 262 1215 304 dente
1233 261 1494 315 presbytero
1512 262 1700 314 Caecssio,
1720 277 1745 305 a
1763 276 1852 316 quo
1871 269 1916 306 et

1084 320 1422 369 cognomentum
1455 321 1636 360 sortitus
1670 325 1753 369 est,
1795 320 1914 362 Chri—

1084 376 1251 417 stianus
1267 375 1419 423 factus,
1435 388 1610 417 omnem
1625 376 1915 420 substantiam

1083 445 1207 473 suam
1221 431 1490 485 pauperibus
1506 433 1716 484 erogavit.
1733 433 1801 476 Ac
1811 438 1916 486 post

1082 501 1171 530 non
1204 489 1390 530 multum
1427 489 1640 542 temporis
1673 489 1840 532 electus
1870 491 1915 531 in

1081 545 1399 598 presbyterum,
1420 546 1552 587 etiam
1570 548 1807 599 episcopus
1822 546 1916 588 Car-

1082 602 1352 653 thaginensis
1376 602 1641 645 constitutus
1661 608 1739 645 est.
1773 603 1915 655 Hujus

1081 658 1243 709 ingenii
1261 659 1534 712 superfluum
1556 664 1624 701 est
1646 659 1836 701 indicem
1854 662 1914 702 te-

1082 728 1204 765 xere,
1237 728 1337 757 cum
1370 715 1462 758 sole
1496 716 1682 758 clariora
1710 716 1796 758 sint
1824 717 1915 768 ejus

1083 774 1229 824 opera.
1271 772 1434 814 Passus
1469 777 1537 814 est
1567 772 1648 815 sub
1676 773 1914 815 Valeriano

1082 833 1126 870 et
1154 828 1355 870 Gallieno
1383 829 1674 882 principibus,
1710 843 1913 883 persecu-

1081 885 1200 927 tione
1227 887 1402 935 octava,
1431 885 1588 928 eodem
1615 886 1685 928 die
1713 899 1801 939 quo
1826 886 1913 928 Ro-

1081 955 1166 982 mae
1209 942 1455 992 Cornelius,
1499 942 1580 985 sed
1623 956 1712 985 non
1756 942 1915 985 eodem

1081 1011 1207 1041 anno.

1138 1061 1188 1112 R.
1211 1055 1468 1109 Tamquam.
1487 1056 1563 1109 [41]

1138 1126 1180 1159 In
1205 1125 1268 1159 ΠΙ.
1294 1124 1494 1158 Nocturno
1519 1124 1691 1158 Homilia
1714 1124 1752 1157 in
1770 1123 1914 1167 Evang.

1086 1174 1182 1208 Cum
1212 1171 1425 1208 audieritis.
1462 1172 1508 1206 de
1542 1172 1678 1206 eodem
1712 1172 1915 1206 Communi

1087 1223 1113 1256 1.
1140 1222 1237 1255 loco.
1260 1221 1330 1265 [43]

1158 1288 1232 1321 Pro
1257 1287 1313 1321 Ss.
1340 1286 1446 1319 Mart.
1473 1285 1699 1328 Euphemia,
1724 1285 1842 1319 Lucia

1351 1339 1386 1368 et
1411 1334 1652 1368 Geminiano.

1387 1392 1539 1433 Lectio
1560 1392 1613 1431 ix.

1079 1454 1384 1559 .uphemia,
1403 1454 1540 1495 Lucia
1556 1459 1600 1496 et
1615 1454 1912 1506 Geminianus,

1187 1512 1232 1553 in
1278 1511 1587 1565 persecutione
1632 1511 1912 1562 Diocletiani,

1078 1582 1167 1611 non
1194 1568 1353 1611 eodem
1379 1568 1499 1618 loco,
1535 1567 1615 1610 sed
1643 1567 1803 1610 eodem
1829 1567 1912 1619 die,

1078 1626 1289 1678 martyrio
1309 1625 1510 1668 coronati
1529 1629 1640 1666 sunt.
1667 1624 1912 1678 Euphemia

1079 1683 1202 1734 virgo
1231 1682 1351 1735 apud
1382 1681 1723 1731 Chalcedonem‚
1758 1681 1911 1724 Prisco

1077 1739 1356 1792 proconsule,
1371 1740 1492 1781 varia
1505 1741 1827 1782 tormentorum
1839 1741 1911 1790 ge-

1078 1809 1194 1847 nera,
1222 1797 1453 1849 virgarum,
1485 1795 1672 1849 equulei,
1702 1797 1911 1847 rotarum,

1078 1853 1190 1905 ignis
1210 1856 1464 1896 constanter
1479 1866 1626 1906 passa:
1646 1851 1824 1895 demum
1837 1851 1910 1894 be-

1078 1911 1172 1953 stiis
1202 1911 1390 1963 objecta,
1423 1923 1510 1951 una
1542 1922 1597 1952 ex
1629 1909 1683 1951 iis
1713 1922 1911 1951 morsum

1078 1972 1232 2010 sancto
1269 1967 1447 2021 corpori
1482 1966 1707 2018 infigente‚
1751 1967 1909 2008 ceteris

1077 2024 1217 2078 pedes
1244 2026 1336 2078 ejus
1363 2023 1677 2073 lambentibus,
1703 2023 1909 2065 immacu-

1076 2082 1214 2124 latum
1240 2082 1442 2135 spiritum
1465 2081 1563 2122 Deo
1588 2078 1792 2122 reddidit.
1824 2080 1908 2122 La-

1078 2139 1161 2190 cia,
1188 2138 1321 2181 vidua
1345 2139 1563 2188 Romana,
1591 2150 1618 2178 a
1642 2137 1733 2179 filio
1753 2137 1909 2179 Eutro-

1075 2197 1170 2249 pio,
1197 2194 1318 2249 quod
1339 2194 1560 2237 Christum
1582 2193 1746 2236 multos
1770 2206 1909 2236 annos

1077 2252 1305 2302 coluisset,
1332 2254 1554 2301 accusata,
1581 2251 1626 2292 in
1651 2250 1784 2292 ollam
1809 2250 1908 2303 pice

1077 2322 1128 2351 ac
1159 2308 1343 2362 plumbo
1378 2309 1618 2350 ferventem
1649 2307 1908 2349 demittitur:

1076 2366 1194 2408 unde
1208 2366 1439 2408 incolumis
1455 2363 1658 2415 evadens,
1675 2377 1775 2405 cum
1789 2364 1906 2406 ferro

1077 2422 1348 2476 plumboque
1394 2424 1576 2464 onerata
1620 2433 1700 2474 per
1743 2420 1907 2463 Urbem

1077 2479 1325 2530 duceretur,
1357 2479 1680 2527 Geminianum,
1711 2477 1907 2520 nobilem

1076 2537 1232 2588 virum,
1257 2536 1504 2578 constantia
1523 2534 1628 2576 fidei
1647 2540 1692 2577 et
1709 2534 1907 2587 martyrii

1076 2593 1133 2635 ad
1144 2593 1366 2635 Christum
1380 2591 1611 2634 convertit:
1633 2604 1763 2644 quem
1775 2591 1907 2633 etiam

1077 2664 1176 2693 cum
1203 2649 1352 2692 multis
1381 2649 1477 2691 aliis
1504 2648 1562 2691 ad
1590 2648 1723 2691 fidem
1747 2648 1905 2702 perdu-

1077 2709 1176 2759 ctis,
1199 2707 1322 2750 varie
1340 2711 1522 2756 tortum,
1548 2705 1730 2757 gloriosi
1747 2707 1904 2757 marty-
