2040 2944
590 152 698 186 Dom.
724 151 787 185 111.
812 152 914 193 Sept.
963 150 1118 193 Septem
1143 149 1331 184 Dolorum
1356 150 1397 184 B.
1423 150 1469 184 M.
1497 150 1538 184 V.

203 251 283 294 tibi
319 262 446 293 servo
483 253 654 302 patrem
686 247 851 289 faceret
885 247 1032 300 ipsum

203 308 509 419 Deilffllsseatam
530 375 600 404 me
620 360 769 403 dicent
789 373 943 402 omnes
962 373 1032 411 ge-

203 420 467 462 neratienes:
498 422 521 445 *
543 418 654 469 Quia
681 417 786 459 fecit
812 416 919 458 mihi
944 417 1032 458 De-

202 477 344 518 minus
377 488 535 527 magna
568 475 643 528 qui
674 479 834 527 potens
867 479 950 523 est,
989 478 1034 515 et

204 538 400 574 sanctum
423 545 585 574 nomen
610 532 727 583 ejus„
750 530 801 581 V.
823 530 880 572 Et
905 530 1032 572 mise-

202 589 392 631 ricerdia
420 590 511 641 ejus
535 602 561 630 a
583 587 794 641 progenie
814 587 859 628 in
876 588 1033 639 proge-

202 646 296 687 nies
313 645 568 688 timentibus
588 658 699 687 eum.
723 644 836 695 Quia
853 643 967 685 fecit.

490 703 642 744 Lectio
664 703 750 743 viii.

205 755 389 863 Vides
417 758 472 801 ab
500 759 597 811 ipso
627 758 777 799 statim
804 756 1034 810 principio,

317 828 447 868 quam
483 815 586 856 laeta
623 815 709 856 sint
745 813 842 855 haec
872 813 1035 855 nuntia.

203 873 334 924 Quod
366 872 403 913 si
435 872 620 923 ambigis
653 871 710 913 de
744 870 812 911 his
845 882 944 922 quae
978 869 1035 911 ad

202 934 326 972 tuum
368 934 571 982 spectant
609 928 839 979 honerem,
884 927 940 969 ab
982 927 1034 968 iis

205 999 304 1038 quae
336 986 450 1027 illius
483 990 600 1036 sunt,
641 985 774 1027 etiam
805 990 880 1027 tua
913 983 1034 1026 disce

204 1042 393 1085 credere.
431 1043 653 1093 Quantum
680 1042 795 1084 enim
822 1041 1034 1093 censequi

202 1105 352 1153 potest
388 1099 579 1141 humana
618 1099 750 1148 ratio,
790 1099 931 1141 multo
967 1103 1034 1140 est

203 1157 422 1199 difficilius
468 1157 613 1198 Deum
658 1156 882 1197 heminem
926 1155 1034 1205 fieri,

203 1228 334 1268 quam
359 1213 584 1255 heminem
608 1213 692 1255 Dei
719 1213 858 1254 filium
883 1225 1033 1255 conse·

203 1272 327 1313 erari.
363 1271 473 1312 Cum
492 1283 597 1321 ergo
617 1270 824 1320 audieris,
846 1270 947 1322 quia
965 1269 1033 1310 Fi-

201 1328 284 1370 lius
309 1328 392 1369 Dei
416 1327 531 1369 filius
557 1327 613 1369 sit
638 1332 680 1369 et
704 1326 852 1369 David
877 1332 921 1369 et
945 1326 1034 1368 Ab·

202 1385 338 1426 rahae:
373 1384 574 1426 dubitare
602 1385 687 1435 jam
715 1384 883 1434 desine,
914 1383 1034 1436 quod

204 1447 247 1484 et
266 1447 326 1491 tu,
345 1442 419 1493 qui
437 1441 553 1482 filius
572 1454 619 1483 es
638 1441 763 1491 Adae,
782 1441 955 1483 futurus
974 1441 1034 1482 sis

203 1498 319 1540 filius
342 1499 436 1540 Dei.
478 1498 579 1539 Non
606 1498 722 1539 enim
749 1500 1035 1551 semetipsum

203 1556 265 1597 ita
291 1554 582 1605 humiliasset,
608 1555 690 1596 nisi
715 1567 796 1596 nos
821 1559 938 1597 esset
963 1568 1033 1596 ex-

203 1612 426 1654 altaturus.
470 1611 612 1653 Natus
642 1616 710 1653 est
738 1611 853 1654 enim
881 1614 1034 1653 secun-

204 1668 308 1710 dum
332 1681 523 1718 carnem,
551 1673 601 1710 ut
621 1674 670 1710 tu
692 1670 923 1711 nascerere
947 1670 1034 1722 spi-

202 1726 304 1768 ritu:
337 1731 464 1767 natus
498 1730 565 1767 est
597 1738 652 1767 ex
680 1726 878 1776 muliere,
909 1731 958 1768 ut
986 1731 1035 1768 tu

204 1783 427 1825 desineres
447 1783 563 1824 filius
583 1796 680 1825 esse
699 1783 905 1824 mulieris.

261 1843 311 1893 R.
323 1840 447 1881 Felix
465 1853 654 1893 namque
675 1853 733 1890 es,
753 1852 879 1881 sacra
892 1840 1034 1891 Virgo

203 1896 358 1946 Maria,
387 1902 430 1938 et
459 1898 576 1938 omni
603 1897 734 1938 laude
763 1896 1035 1948 dignissima:

209 1956 231 1980 *
247 1953 359 2004 Quia
378 1965 434 1994 ex
456 1958 500 1995 te
521 1960 643 1996 ortus
666 1958 734 1995 est
753 1953 821 1995 sol
839 1954 1034 2006 justitiae,

209 2013 229 2035 *
243 2010 441 2051 Christus
456 2010 578 2052 Deus
594 2015 754 2053 noster.
781 2010 831 2061 V.
847 2011 936 2052 Ora
950 2024 1033 2064 pro

203 2066 383 2119 pepulo,
407 2067 623 2109 interveni
642 2081 725 2120 pro
749 2068 880 2119 clero,
905 2068 1033 2110 inter·

204 2123 312 2165 cede
354 2137 437 2177 pro
480 2124 644 2166 deveto
684 2125 872 2167 femineo
910 2137 1032 2167 sexu:

205 2180 394 2222 sentiant
407 2194 562 2223 omnes
575 2186 699 2223 tuum
714 2182 927 2234 juvamen,
943 2183 1034 2235 qui-

205 2239 392 2288 cumque
430 2238 654 2280 celebrant
683 2244 803 2280 tuam
837 2244 1032 2281 sanctam

204 2292 500 2336 Nativitatem.
550 2296 672 2345 Quia.
719 2295 871 2338 Gleria
902 2297 1034 2338 Patri.

207 2349 416 2391 Christus.

371 2411 444 2446 Pro
470 2412 504 2446 S.
529 2413 740 2449 Nicomede
766 2415 873 2449 Mart.

511 2466 661 2507 Lectio
682 2468 734 2507 ix.

305 2519 527 2562 icomedes
580 2522 830 2575 presbyter,
888 2535 1033 2576 perse-

325 2578 485 2628 quente
519 2577 791 2621 Christianos
822 2579 1033 2621 Domitia-

205 2645 262 2674 no
286 2632 567 2686 imperatore,
596 2635 718 2687 quod
742 2648 905 2689 corpus
923 2636 1033 2677 Feli-

206 2689 317 2732 culae
349 2690 547 2742 virginis,
578 2697 763 2745 propter
795 2693 1031 2735 consessib-

1084 257 1186 287 nem
1209 244 1460 287 christianae
1486 243 1592 287 fidei
1616 257 1642 287 a
1659 245 1822 288 Flacco
1846 248 1917 288 ce-

1084 302 1192 344 mite
1222 301 1484 351 interfectae,
1521 301 1768 355 sepelisset,
1801 315 1917 345 com·

1084 357 1300 412 prehendi
1319 359 1463 411 jussus
1482 363 1565 401 est:
1592 357 1841 412 ductusque
1861 358 1918 402 ad

1086 417 1254 457 statuas
1285 414 1485 465 deerum,
1523 427 1623 457 cum
1661 415 1724 457 eis
1756 416 1918 458 sacrifi-

1086 474 1188 514 care
1206 471 1320 514 velle
1344 471 1482 524 (quod
1505 471 1652 514 facere
1671 471 1918 524 jubebatur)

1086 530 1341 571 constanter
1373 531 1640 580 negavisset,
1680 531 1919 582 propterea

1087 584 1209 638 quod
1227 585 1492 627 sacrificium
1505 585 1580 627 uni
1592 585 1691 627 Deo
1707 598 1825 636 vero,
1845 587 1919 638 qui

1085 647 1241 694 regnat
1258 642 1303 684 in
1327 641 1468 692 coelis,
1497 642 1751 692 deberetur,
1778 642 1918 696 plum-

1085 698 1201 742 batis
1230 711 1389 749 caesus,
1421 699 1464 740 in
1500 711 1554 741 eo
1586 699 1797 752 martyrio
1829 699 1916 740 ani-

1085 769 1202 797 mam
1227 756 1325 798 Deo
1353 755 1558 798 reddidit.
1596 756 1727 808 Cujus
1755 769 1918 810 corpus

1087 825 1186 854 cum
1218 812 1336 855 idem
1369 826 1519 855 comes
1549 813 1593 854 in
1623 813 1919 866 profluentem

1085 871 1282 914 Tiberim
1299 872 1454 924 prejici
1469 872 1748 925 imperasset:
1766 871 1792 912 J
1795 877 1918 914 ustus

1085 927 1342 970 Nicomedis
1362 928 1547 971 clericus
1567 928 1799 980 diligenter
1818 941 1919 970 con-

1087 985 1307 1037 quisitum,
1333 985 1391 1027 ad
1408 998 1560 1027 muros
1578 985 1723 1036 Urbis,
1741 985 1813 1027 via
1829 985 1918 1027 No-

1085 1044 1309 1092 mentana,
1336 1041 1582 1084 honorifice
1609 1043 1654 1083 in
1682 1041 1918 1095 sepulchro

1086 1099 1295 1142 condidit.
1355 1102 1416 1142 Te
1434 1100 1591 1142 Deum.
1609 1101 1670 1141 14.

1142 1163 1185 1197 In
1210 1163 1328 1197 Laud.
1353 1162 1395 1197 fit
1419 1172 1553 1197 comm.
1578 1162 1614 1197 S.
1638 1161 1876 1196 Nicomedis.

1146 1216 1246 1256 Ant.
1280 1215 1363 1264 Qui
1392 1214 1487 1256 odit
1513 1215 1701 1256 animam
1726 1226 1852 1255 suam
1875 1213 1920 1254 in

1084 1270 1170 1313 hoc
1188 1271 1371 1321 mundo,
1397 1271 1442 1312 in
1461 1272 1599 1314 vitam
1618 1273 1828 1313 aeternam
1847 1282 1918 1312 cu-

1086 1327 1224 1371 stedit
1245 1341 1353 1370 eam.

1144 1380 1195 1432 V.
1238 1386 1263 1427 J
1265 1390 1391 1427 ustus
1442 1390 1491 1427 ut
1539 1385 1688 1438 palma
1733 1384 1919 1427 florebit.

1093 1446 1143 1497 R.
1174 1443 1296 1484 Sicut
1332 1442 1492 1485 cedrus
1523 1441 1680 1485 Libani
1710 1441 1917 1495 multipli-

1086 1499 1267 1542 cabitur.

1145 1562 1310 1604 Oratio.
1340 1560 1504 1603 Adesto
1523 1560 1726 1602 Demine.
1743 1560 1834 1601 291.

1144 1623 1189 1658 In
1213 1624 1258 1658 11.
1283 1624 1401 1668 Vesp.
1430 1624 1471 1658 fit
1501 1633 1635 1658 comm.
1662 1622 1709 1656 de
1734 1621 1791 1656 Ss.
1816 1621 1925 1656 Mart.

1094 1672 1277 1708 Cornelio
1307 1677 1344 1708 et
1372 1673 1587 1717 Cypriano,
1615 1675 1652 1706 et
1681 1670 1769 1705 aliis
1798 1674 1840 1705 ut
1870 1669 1925 1705 in-

1093 1722 1161 1756 fra.
1179 1719 1262 1754 305.

1185 1801 1419 1844 Dominica
1437 1802 1516 1843 III.
1533 1800 1819 1855 Septembris.

1150 1871 1353 1922 Septem
1376 1869 1620 1912 Dolorum
1643 1871 1694 1912 B.
1717 1869 1782 1911 M.
1802 1869 1859 1911 V.

1352 1932 1508 1976 Duplex
1530 1931 1605 1974 maj
1610 1941 1665 1966 us.

1146 1991 1186 2025 Si
1211 1990 1249 2024 in
1271 1990 1381 2024 Dom.
1403 1988 1468 2023 III.
1491 1988 1594 2031 Sept.
1617 1992 1794 2023 occurrat
1818 1987 1926 2022 aliud

1094 2040 1251 2074 Festum
1284 2038 1367 2073 sive
1399 2038 1440 2072 B.
1472 2037 1520 2071 M.
1551 2037 1615 2078 V.,
1659 2037 1742 2071 sive
1775 2036 1925 2071 altioris

1093 2088 1204 2130 ritus,
1237 2086 1300 2121 vel
1325 2086 1408 2121 dies
1434 2087 1566 2122 Octav.
1591 2085 1697 2120 Festi
1726 2084 1833 2129 quod
1858 2084 1925 2119 ali-

1094 2136 1183 2170 cubi
1217 2136 1388 2169 solemne
1421 2136 1485 2177 sit,
1517 2134 1674 2169 Festum
1702 2133 1775 2167 VII
1806 2132 1925 2168 Dolo-

1093 2194 1176 2218 rum
1202 2183 1431 2218 amandatur
1455 2183 1504 2218 ad
1526 2183 1636 2217 Dom.
1659 2181 1723 2216 IV.
1745 2180 1863 2225 Sept.;
1889 2185 1926 2216 et

1092 2232 1166 2266 hac
1190 2232 1305 2266 etiam
1329 2237 1370 2266 ut
1394 2242 1513 2276 supra
1539 2230 1737 2275 impedita,
1763 2229 1813 2264 ad
1837 2239 1924 2273 pro-

1092 2280 1296 2314 ximiorem
1321 2280 1430 2314 Dom.
1460 2291 1482 2315 a
1506 2279 1706 2324 praedictis
1730 2277 1857 2312 Festis
1882 2277 1925 2321 li?

1092 2329 1234 2362 beram.
1282 2328 1395 2369 Quod
1420 2328 1453 2362 si
1479 2338 1601 2372 usque
1627 2327 1677 2361 ad
1700 2326 1925 2360 Adventum

1092 2377 1197 2411 nulla
1224 2377 1393 2421 supersit
1417 2377 1569 2411 Domin.
1597 2375 1736 2416 libera,
1767 2374 1925 2409 Festum

1094 2425 1164 2459 VII
1188 2426 1377 2460 Dolorum
1400 2428 1569 2469 ponatur
1591 2424 1698 2467 juxta
1722 2423 1923 2465 Rubricas,

1094 2476 1130 2509 in
1156 2475 1281 2519 prima
1305 2474 1368 2508 die
1392 2484 1470 2508 non
1495 2473 1681 2517 impedita
1702 2477 1792 2516 post
1812 2472 1923 2508 Dom.

1091 2523 1156 2559 ΙΙΙ.
1180 2522 1430 2568 Septembris.

1306 2591 1367 2632 In
1383 2590 1420 2632 1.
1439 2589 1691 2640 vesperis.

1145 2651 1233 2685 Ant.
1265 2655 1301 2684 et
1329 2649 1422 2693 Cap.
1454 2649 1501 2684 de
1530 2649 1649 2683 Laud.
1671 2651 1759 2694 3043
1790 2648 1852 2682 Ps.
1882 2651 1923 2682 ut

1092 2700 1130 2732 in
1155 2699 1281 2733 Festis
1306 2698 1347 2732 B.
1372 2698 1419 2732 M.
1442 2697 1486 2731 V.
1507 2699 1598 2744 [133]
