2040 2944
180 228 227 265 78
735 222 840 255 Furia
868 221 998 263 quinta
1026 219 1073 252 ud
1101 218 1336 252 Matutinum.

181 272 1890 296 .--—-—-————————————————-—-—--

235 325 289 365 Et
318 321 616 375 apposuerunt
647 315 791 356 adhuc
818 315 1005 366 peccare

183 381 237 422 ei:
266 382 288 406 *
316 380 359 419 in
388 378 495 418 iram
524 373 824 415 excitaverunt
852 369 1005 410 Excel-

183 450 279 477 sum
307 436 350 475 in
378 432 603 482 inaquoso.

234 493 290 533 Et
317 489 595 532 tentaverunt
623 485 766 525 Deum
795 483 838 524 in
864 481 1006 523 cerdi-

182 549 264 590 bus
292 547 391 594 suis,
414 546 438 571 *
460 548 508 584 ut
535 543 738 594 peterent
767 552 891 581 escas
919 537 1006 579 ani-

182 603 334 644 mabus
364 600 466 642 suis.

233 660 288 700 Et
316 656 430 698 male
458 654 596 696 locuti
624 658 726 694 sunt
759 651 814 693 de
841 651 955 692 Deo:
983 651 1007 676 *

183 715 401 757 dixerunt:
439 709 666 762 Numquid
693 708 858 761 peterit
885 708 1006 748 Deus

182 773 336 823 parare
360 780 557 810 mensam
583 766 626 806 in
655 763 856 806 deserto?

234 826 451 876 Queniam
486 822 704 875 permissit
738 825 926 872 petram,
964 823 1007 860 et

183 883 402 923 fluxerunt
434 891 571 931 aquae,
592 881 615 904 *
636 883 679 919 et
707 878 926 918 torrentes
955 875 1009 915 in-

182 938 471 980 undaverunt.

234 991 460 1044 Numquid
476 996 519 1032 et
533 1003 692 1043 panem
706 988 872 1042 peterit
891 988 1008 1036 dare,

183 1054 206 1079 *
230 1056 305 1093 aut
323 1051 479 1103 parare
500 1054 695 1088 mensam
714 1045 881 1098 pepulo
904 1042 1007 1084 suo?

214 1107 342 1155 ‚Ideo
368 1104 535 1146 audivit
554 1103 781 1151 Deminus‚
811 1106 854 1142 et
875 1100 1008 1142 distu-

183 1164 248 1205 lit:
275 1166 299 1190 *
323 1168 365 1204 et
393 1161 506 1212 ignis
535 1161 746 1200 accensus
775 1162 843 1198 est
870 1157 914 1197 in
941 1157 1008 1197 Ja-

185 1220 279 1268 cob,
309 1223 351 1260 et
379 1218 444 1258 ira
472 1215 672 1257 ascendit
699 1215 743 1254 in
770 1213 922 1254 Israel:

236 1275 348 1325 Quia
375 1286 463 1315 non
487 1271 768 1313 crediderunt
796 1270 840 1310 in
867 1270 1010 1318 De0,*

186 1344 268 1373 nec
296 1331 583 1383 speraverunt
618 1328 662 1367 in
690 1326 870 1367 salutari
905 1326 1010 1377 ejus:

238 1389 293 1428 Et
314 1385 538 1427 mandavit
560 1383 748 1425 nubibus
771 1382 971 1434 desuper,
987 1383 1010 1407 *

188 1449 231 1485 et
260 1445 409 1495 januas
438 1441 539 1482 coeli
565 1440 746 1492 aperuit.

240 1501 295 1540 Et
324 1498 436 1551 pluit
463 1497 549 1538 illis
570 1508 728 1537 manna
757 1494 812 1536 ad
831 1493 1010 1535 mandu-

188 1555 471 1604 candumst‘et
488 1566 646 1606 panem
666 1551 767 1593 coeli
788 1550 910 1592 dedit
939 1550 1012 1591 eis.

239 1612 402 1652 Panem
434 1609 705 1659 Angemrum
732 1607 1013 1648 manducavit

187 1668 336 1709 homo:
368 1668 391 1693 *
424 1665 589 1707 cibaria
617 1664 738 1705 misit
771 1664 833 1705 eis
867 1663 911 1703 in
940 1662 1012 1704 ab·

189 1723 407 1765 undantia.

240 1778 484 1820 Transtulit
513 1778 726 1818 Austrum
754 1776 809 1818 de
835 1774 964 1817 coelo:
990 1776 1013 1801 *

191 1841 233 1877 et
259 1835 430 1876 induxit
456 1835 498 1874 in
518 1834 680 1874 virtute
703 1845 781 1873 sua
804 1832 1014 1872 Africum.

242 1892 298 1932 Et
325 1891 437 1943 pluit
465 1903 596 1942 super
626 1901 702 1930 eos
731 1889 844 1929 sicut
866 1887 1015 1940 pulve-

190 1960 283 1989 rem
294 1959 461 1988 carnes:
474 1948 497 1972 ¹⁸¹
509 1951 552 1986 et
569 1946 682 1986 sicut
693 1946 869 1985 arenam
881 1944 1015 1985 maris

192 2003 385 2044 volatilia
403 2004 602 2054 pennata.

243 2059 299 2100 Et
327 2057 579 2099 ceciderunt
606 2058 648 2097 in
676 2056 821 2097 medio
853 2057 1015 2097 castre-

192 2127 288 2155 rum
320 2116 488 2156 ebrum:
523 2115 547 2140 *
583 2114 700 2154 circa
733 2111 1017 2153 tabernacula

194 2173 355 2212 eerum.

245 2227 300 2267 Et
334 2225 724 2275 manducaverunt,
761 2230 804 2266 et
833 2224 1017 2266 saturati

195 2287 295 2324 sunt
323 2282 466 2330 nimis,
499 2287 542 2323 et
570 2281 838 2323 desiderium
866 2283 1018 2322 eorum

195 2338 341 2379 attulit
370 2338 450 2379 eis:
479 2339 502 2364 *
529 2351 617 2379 non
645 2343 746 2379 sunt
775 2337 965 2378 fraudati
993 2350 1018 2378 a

195 2393 415 2436 desiderio
444 2407 535 2435 suo.

247 2449 406 2491 Adhuc
426 2463 539 2491 escae
559 2453 710 2491 eorum
734 2455 859 2491 erant
878 2450 922 2490 in
941 2462 1019 2491 ore

196 2506 409 2558 ipserum:
428 2508 450 2532 *
473 2511 516 2547 et
539 2506 603 2546 ira
622 2506 705 2547 Dei
726 2506 925 2547 ascendit
951 2519 1018 2547 su-

196 2575 275 2614 per
293 2574 391 2603 eos.

247 2618 304 2659 Et
331 2617 494 2658 occidit
521 2618 705 2669 pingues
734 2620 896 2667 ebrum,
923 2619 947 2643 *
977 2623 1020 2659 et

198 2674 361 2715 electos
389 2673 527 2714 Israel
555 2673 795 2726 impedivit.

248 2730 299 2770 In
320 2729 522 2771 emnibus
545 2729 613 2770 his
634 2732 928 2782 peccaverunt
948 2729 1020 2771 ad-

1057 312 1158 352 huc:
1187 312 1210 337 *
1239 315 1283 351 et
1310 322 1400 351 non
1429 307 1714 350 crediderunt
1742 306 1787 347 in
1814 306 1890 347 mi-

1058 366 1270 409 rabilibus
1301 367 1403 418 ejus.

1111 425 1166 464 Et
1195 423 1452 464 defecerunt
1488 421 1533 461 in
1566 419 1762 460 vanitate
1795 417 1890 459 dies

1059 482 1226 521 eerum:
1243 481 1267 506 *
1287 484 1330 520 et
1352 478 1454 519 anni
1477 478 1632 518 eerum
1654 474 1890 516 cum-festi-

1059 536 1247 577 natione.

1111 592 1221 633 Cum
1250 589 1475 632 occideret
1504 601 1603 638 eos,
1633 586 1893 640 quaerebant

1060 662 1175 691 eum:
1203 650 1226 675 *
1257 652 1300 689 et
1328 645 1681 694 revertebantur,
1710 648 1755 685 et
1783 643 1892 684 dilu-

1060 705 1159 747 culo
1189 703 1425 745 veniebant
1454 702 1511 743 ad
1541 715 1652 743 eum.

1112 762 1168 802 Et
1199 759 1483 802 rememorati
1512 762 1614 799 sunt
1639 757 1743 809 quia
1769 756 1893 797 Deus

1060 817 1234 869 adjutor
1261 821 1328 858 est
1357 817 1526 859 eorum:
1554 816 1578 841 *
1599 818 1644 855 et
1671 814 1794 854 Deus
1823 825 1894 854 ex-

1061 874 1204 915 celsus
1233 872 1491 924 redemptor
1519 873 1675 912 cerum
1703 874 1783 911 est.

1112 930 1168 971 Et
1195 929 1444 970 dilexerunt
1470 940 1570 969 eum
1594 927 1639 967 in
1666 938 1743 967 ore
1765 926 1894 975 su0‚*

1062 991 1105 1027 et
1133 986 1282 1037 lingua
1311 997 1391 1026 sua
1418 983 1592 1025 mentiti
1619 987 1722 1024 sunt
1750 982 1806 1038 ei3

1108 1042 1200 1083 'Cor
1229 1047 1378 1083 autem
1407 1042 1561 1082 cerum
1588 1052 1678 1081 non
1707 1043 1803 1081 erat
1829 1049 1894 1079 re·
1956 1079 1963 1082 ,

1061 1105 1182 1140 ctum
1210 1111 1310 1140 cum
1340 1110 1407 1139 eo:
1427 1099 1451 1124 *
1470 1109 1552 1138 nec
1575 1095 1732 1137 fideles
1751 1093 1894 1136 habiti

1062 1160 1164 1196 sunt
1190 1155 1234 1195 in
1262 1155 1530 1196 testamento
1561 1154 1664 1205 ejus.

1114 1212 1217 1264 Ipse
1254 1215 1401 1252 autem
1443 1214 1511 1251 est
1546 1208 1815 1257 misericorS,
1851 1210 1896 1248 et

1063 1268 1284 1321 propitius
1304 1267 1380 1308 fiet
1398 1266 1596 1319 peccatis
1617 1267 1785 1307 eorum:
1804 1265 1828 1315 ’f‘
1851 1267 1896 1305 et

1062 1337 1151 1365 non
1180 1323 1409 1376 disperdet
1437 1335 1526 1363 eos.

1115 1382 1172 1422 Et
1201 1379 1443 1422 abundavit
1470 1383 1519 1419 ut
1541 1379 1762 1419 averteret
1785 1376 1897 1417 iram

1064 1450 1203 1478 suam:
1232 1438 1255 1463 *
1290 1441 1334 1477 et
1366 1448 1456 1477 non
1484 1433 1687 1476 accendit
1720 1445 1898 1474 omnem

1064 1494 1174 1534 iram
1203 1506 1344 1534 suam:

1117 1550 1174 1590 Et
1184 1548 1446 1590 recordatus
1463 1552 1530 1589 est
1545 1547 1648 1599 quia
1664 1558 1768 1587 caro
1781 1549 1898 1586 sunt:

1065 1607 1088 1632 *
1109 1605 1290 1658 spiritus
1317 1604 1496 1654 vadens,
1525 1608 1570 1645 et
1596 1615 1688 1644 non
1708 1601 1898 1643 rediens.

1118 1662 1304 1712 Queties
1329 1660 1707 1703 exacerbaverunt
1731 1671 1832 1700 eum
1853 1657 1899 1698 in

1067 1718 1262 1768 deserto,
1294 1719 1318 1744 *
1346 1718 1391 1758 in
1418 1718 1530 1758 iram
1563 1715 1908 1758 concitaverunt.

1067 1788 1167 1816 eum
1190 1774 1234 1815 in
1262 1772 1507 1826 inaqueso?

1118 1832 1176 1872 Et
1195 1830 1399 1872 conversi
1419 1834 1532 1879 sunt,
1553 1833 1597 1871 et
1615 1829 1902 1870 tentaverunt

1067 1888 1225 1929 Deum:
1239 1889 1264 1914 *
1282 1892 1326 1929 et
1346 1891 1547 1928 sanctum
1565 1884 1706 1927 Israel
1725 1895 1899 1926 exacer-

1068 1943 1295 1985 baverunt.

1120 1999 1221 2040 Non
1233 2004 1335 2041 sunt
1350 1998 1575 2041 recordati
1589 2009 1746 2038 manus
1762 1996 1901 2048 ejus,*

1070 2055 1142 2097 die
1163 2069 1249 2107 qua
1275 2055 1463 2098 redemit
1489 2067 1568 2096 eos
1593 2053 1650 2096 de
1668 2066 1802 2095 manu
1825 2052 1900 2094 tri-

1070 2111 1275 2162 bulantis,

1121 2168 1243 2210 Sicut
1277 2168 1428 2221 posuit
1465 2168 1510 2208 in
1542 2167 1742 2219 AEgypto
1778 2165 1903 2218 signa

1071 2237 1166 2274 sua,
1201 2226 1225 2252 *
1253 2230 1297 2266 et
1324 2223 1529 2277 prodigia
1558 2236 1638 2264 sua
1670 2222 1716 2263 in
1742 2233 1901 2275 campo

1071 2281 1261 2322 Taneos.
1523 2287 1527 2290 “

1123 2339 1180 2379 Et
1209 2336 1428 2379 convertit
1462 2336 1506 2376 in
1535 2334 1792 2387 sanguinem
1825 2334 1902 2375 flu-

1071 2394 1189 2435 mina
1218 2395 1386 2443 e6rum,
1421 2394 1444 2419 *
1474 2397 1518 2433 et
1545 2391 1709 2433 imbres
1738 2392 1903 2440 cerum,

1071 2464 1125 2491 ne
1154 2449 1367 2491 biberent.

1124 2506 1244 2547 Misit
1286 2506 1330 2546 in
1377 2518 1455 2547 eos
1497 2505 1807 2555 coenomyiam,
1859 2506 1904 2543 et

1072 2562 1264 2604 comedit
1293 2574 1388 2603 eos:
1414 2563 1438 2588 *
1468 2566 1512 2603 et
1543 2573 1711 2609 ranam,
1744 2563 1789 2600 et
1817 2557 1903 2599 dis-

1071 2618 1266 2671 perdidit
1296 2630 1383 2659 eos.

1124 2675 1181 2715 Et
1201 2674 1325 2716 dedit
1346 2673 1533 2724 aerugini
1551 2672 1720 2713 fructus
1741 2672 1905 2720 cerum,

1073 2732 1096 2757 *
1125 2735 1168 2772 et
1197 2730 1372 2772 labores
1401 2731 1555 2770 eorum
1579 2728 1778 2769 locustae.
