2040 2944
746 167 958 201 Commune
984 166 1098 200 unius
1124 166 1316 209 Martyris

202 266 394 308 Homilia
415 264 557 306 sancti
575 263 735 305 Hilarii
750 262 974 316 Episcopi.

172 331 383 365 (¹ommcnt.
404 331 438 364 in
458 330 699 369 Matthaeum
726 340 807 364 can.
834 329 889 363 l().
914 334 1004 372 post

496 379 676 413 medium.

243 441 294 482 Ἃ,
305 434 478 484 ominus
500 432 618 474 diem
633 431 782 484 judicii
798 431 1004 481 ostendit,

184 494 254 540 le,
243 480 297 534 ἑ]
331 503 430 542 quae
473 489 723 531 abstrusam
762 487 1004 529 voluntatis

215 569 297 573 k
329 551 495 588 nostrae
541 545 856 587 conscientiam
905 557 1003 609 pro-

170 604 260 646 det:
290 607 334 645 et
363 616 414 645 ea
443 615 543 655 quae
571 615 687 643 nunc
712 601 888 643 occulta
917 601 1004 642 exi-

170 661 421 710 sumantur,
474 659 573 701 luce
614 658 883 710 cognitionis
926 671 1003 714 pu-

167 716 297 759 blieae
327 716 517 766 deteget.
565 715 706 766 Igitur
734 727 824 756 non
851 714 1004 763 minas,

168 786 258 815 non
283 772 484 822 consilia,
511 784 599 813 non
623 773 873 824 potestates
894 771 1004 812 inse-

169 830 383 872 ctantium
414 834 567 870 monet
600 842 698 870 esse
728 826 1004 869 metuendas:

170 887 274 939 quia
300 887 395 928 dies
420 885 569 938 judicii
593 885 713 927 nulla
737 884 834 926 haec
859 884 1005 934 fuisse,

169 949 303 996 atque
339 943 487 984 inania
521 941 747 984 revelabit.
799 941 856 982 Et
884 940 1006 992 quod

170 1000 271 1042 dico
302 999 430 1041 vobis
463 999 507 1039 in
540 998 754 1047 tenebris,
792 997 926 1039 dicite
961 997 1005 1037 in

169 1057 352 1098 lumine:
394 1061 437 1098 et
466 1055 588 1108 quod
620 1055 665 1095 in
696 1067 802 1096 aure
831 1053 1005 1103 auditis,

169 1113 411 1166 praedicate
437 1125 570 1165 super
598 1116 727 1153 tecta.
772 1111 876 1152 Non
901 1110 1004 1161 legi-

168 1183 266 1211 mus
288 1169 529 1210 Dominum
558 1168 738 1210 solitum
768 1167 904 1208 fuisse
930 1168 1006 1208 no-

170 1226 315 1268 ctibus
345 1225 650 1274 sermocinari,
685 1229 729 1266 et
758 1224 1006 1265 doctrinam

169 1283 214 1324 in
250 1282 446 1324 tenebris
483 1281 741 1323 tradidisse:
788 1280 868 1322 sed
905 1280 1007 1332 quia

170 1339 314 1381 omnis
340 1352 486 1381 sermo
508 1339 599 1390 ejus
617 1337 868 1379 carnalibus
887 1338 1005 1378 tene-

169 1396 263 1437 brae
289 1400 400 1446 sunt,
429 1400 472 1437 et
496 1395 681 1437 verbum
707 1395 799 1446 ejus
823 1393 1006 1434 infideli-

169 1452 254 1494 bus
273 1465 362 1493 nox
382 1457 460 1493 est.

226 1513 277 1565 R.
316 1513 490 1554 Corona
527 1515 661 1553 aurea
700 1523 834 1563 super
871 1514 1006 1562 caput

172 1571 278 1622 ejus:
306 1570 328 1594 *
355 1570 580 1622 Expressa
599 1568 724 1620 signo
747 1566 1007 1616 sanctitatis,

171 1626 313 1678 gloria
327 1625 519 1676 honoris,
533 1630 576 1667 et
593 1637 707 1677 opus
724 1622 1007 1665 fortitudinis.

174 1677 226 1730 V.
264 1683 484 1734 Quoniam
523 1680 781 1735 praevenisti
821 1693 921 1721 eum
963 1679 1007 1719 in

171 1738 557 1782 benedictionibus
578 1737 836 1786 dulcedinis,
859 1738 1007 1789 posui-

174 1797 230 1838 sti
258 1796 302 1837 in
330 1796 476 1848 capite
505 1796 595 1847 ejus
625 1796 837 1836 coronam
864 1792 920 1834 de
947 1792 1007 1833 la-

173 1853 278 1905 pide
297 1852 510 1905 pretioso.
538 1852 774 1904 Expressa.

464 1922 618 1964 Lectio
639 1923 725 1963 viii.

220 1988 355 2035 taque
382 1982 428 2024 id
458 1982 579 2035 quod
608 1995 634 2022 a
662 1995 711 2022 se
739 1981 906 2022 dictum
932 1985 1009 2030 est,

258 2053 359 2081 cum
390 2039 596 2081 libertate
627 2038 734 2079 fidei
766 2042 810 2079 et
843 2036 1009 2078 confes-

176 2097 313 2138 sionis
346 2095 441 2137 vult
480 2108 578 2137 esse
613 2094 896 2146 loquendum.
941 2093 1010 2134 Id-

175 2156 294 2195 circo
324 2165 424 2205 quae
457 2153 501 2193 in
534 2151 731 2193 tenebris
763 2150 881 2192 dicta
909 2154 1010 2191 sunt

174 2209 409 2262 praedicari
428 2209 554 2261 jussit
573 2208 618 2248 in
635 2207 816 2248 himine:
840 2212 889 2248 ut
910 2219 1010 2258 quae

177 2267 350 2307 secreto
397 2265 568 2306 aurium
610 2266 848 2305 commissa
899 2268 1010 2312 sunt,

177 2334 310 2374 super
326 2326 456 2372 tecta,
476 2321 523 2363 id
539 2325 618 2370 est,
639 2321 815 2362 excelso
830 2320 1010 2372 loquen-

176 2379 287 2420 tium
326 2378 552 2430 praeconio
593 2377 840 2419 audiantur.
901 2377 1011 2418 Con·

177 2437 343 2476 stanter
379 2434 494 2476 enim
525 2434 610 2475 Dei
644 2433 883 2486 ingerenda
911 2445 1010 2483 cog-

176 2491 285 2532 nitio
312 2494 395 2540 est,
429 2495 473 2532 et
499 2490 769 2543 profundum
796 2490 1011 2532 doctrinae

1061 262 1328 314 evangelicae
1377 264 1598 304 secretum
1641 261 1685 303 in
1729 261 1894 303 lumine

1060 318 1392 372 praedicationis
1419 318 1679 371 apostolicae
1698 318 1893 360 revelan-

1061 375 1184 417 dum:
1228 388 1317 417 non
1349 375 1557 417 timentes
1589 387 1686 426 eos,
1731 374 1894 427 quibus

1060 445 1161 473 cum
1181 432 1237 473 sit
1255 431 1435 473 licentia
1452 432 1498 472 in
1517 433 1718 484 corpora,
1745 435 1894 473 tamen

1060 489 1104 529 in
1131 489 1321 530 animam
1347 489 1413 540 jus
1438 487 1607 529 nullum
1633 492 1718 529 est:
1745 487 1826 529 sed
1843 487 1893 529 ti-

1059 547 1230 587 mentes
1256 546 1406 598 potius
1426 545 1588 595 Deum,
1617 544 1687 586 cui
1710 543 1894 596 perden-

1060 601 1130 643 dae
1149 602 1193 643 in
1211 602 1412 652 gehenna
1432 606 1477 643 et
1497 602 1654 643 animae
1674 605 1719 643 et
1739 601 1894 654 corpo-

1059 659 1119 700 ris
1139 659 1196 700 sit
1213 661 1426 711 potestas.

1117 716 1163 767 R-.
1191 716 1277 756 Hic
1298 720 1366 757 est
1385 728 1489 757 vere
1508 714 1687 767 Martyr,
1717 713 1794 766 qui
1811 725 1894 766 pro

1061 771 1225 813 Christi
1260 772 1437 813 nomine
1474 771 1734 822 sanguinem
1766 783 1895 812 suum

1061 828 1191 870 fudit:
1217 830 1239 853 *
1277 829 1362 879 Qui
1397 829 1539 869 minas
1575 827 1770 880 judicum
1805 839 1895 868 non

1060 885 1221 936 timuit,
1250 899 1331 928 nec
1349 887 1538 927 terrenae
1559 884 1785 936 dignitatis
1804 883 1895 935 glo·

1060 941 1171 983 riam
1191 942 1406 995 quaesivit,
1434 942 1514 984 sed
1533 941 1591 983 ad
1610 941 1810 983 coelestia
1830 953 1895 982 re-

1060 1011 1146 1049 gna
1173 1012 1283 1052 perv
1286 999 1387 1041 enit.
1427 993 1476 1045 V.
1506 998 1682 1040 Justum
1711 997 1895 1039 deduxit

1060 1055 1277 1098 Dominus
1296 1069 1376 1109 per
1395 1055 1490 1097 vias
1510 1060 1667 1105 rectas,
1687 1059 1732 1096 et
1752 1055 1896 1096 osten-

1061 1111 1125 1153 dit
1156 1112 1219 1153 illi
1251 1126 1436 1164 regnum
1467 1112 1562 1153 Dei.
1604 1111 1700 1162 Qui.
1742 1110 1897 1152 Gloria

1062 1169 1194 1211 Patri.
1231 1170 1328 1220 Qui.

1366 1233 1520 1275 Lectio
1538 1234 1594 1273 ix.

1063 1287 1263 1395 Nolite
1290 1297 1445 1338 timere
1474 1308 1552 1338 eos
1582 1295 1658 1348 qui
1687 1294 1897 1337 occidunt

1178 1366 1353 1406 corpus.
1396 1352 1558 1394 Nullus
1581 1352 1714 1404 igitur
1739 1353 1895 1405 corpo-

1060 1423 1158 1451 rum
1176 1412 1434 1452 nostrorum
1453 1422 1582 1451 casus
1603 1413 1671 1451 est
1690 1408 1896 1461 pertime-

1061 1466 1268 1516 scendus,
1296 1479 1440 1518 neque
1458 1466 1574 1507 ullus
1592 1464 1896 1507 interimendae

1061 1524 1204 1565 carnis
1265 1522 1564 1565 admittendus
1623 1526 1691 1564 est
1749 1521 1897 1564 dolor:

1063 1579 1240 1632 quando
1255 1592 1338 1632 pro
1358 1582 1528 1621 naturae
1548 1592 1640 1620 suae
1661 1583 1796 1630 atque
1814 1580 1896 1620 ori-

1061 1637 1174 1687 ginis
1197 1636 1452 1678 conditione
1477 1635 1691 1686 resoluta,
1725 1636 1771 1676 in
1797 1634 1897 1677 sub-

1062 1694 1269 1735 stantiam
1298 1693 1536 1746 spiritualis
1565 1692 1724 1734 animae
1755 1691 1897 1734 refun-

1063 1750 1203 1792 datur.
1247 1750 1304 1792 Et
1341 1750 1443 1803 quia
1487 1749 1701 1791 doctrinis
1733 1747 1898 1790 talibus

1063 1807 1350 1849 confirmatos
1376 1808 1556 1859 oportet
1583 1805 1768 1848 liberam
1796 1817 1896 1847 con-

1063 1863 1216 1906 fitendi
1252 1864 1338 1905 Dei
1383 1863 1548 1909 habere
1593 1861 1897 1912 constantiam,
1964 1896 1967 1897 γ

1064 1921 1196 1962 etiam
1236 1919 1556 1970 conditionem,
1607 1931 1694 1971 qua
1729 1919 1897 1961 tenere-

1063 1990 1181 2028 mur,
1218 1976 1395 2029 adjecit:
1429 1978 1692 2028 negaturum
1720 1987 1768 2016 se
1797 1987 1898 2016 eum

1063 2034 1186 2076 Patri
1214 2033 1259 2074 in
1288 2033 1429 2084 coelis,
1467 2032 1542 2085 qui
1570 2045 1618 2074 se
1645 2030 1898 2073 hominibus

1065 2091 1109 2131 in
1136 2095 1255 2132 terra
1282 2092 1503 2142 negasset:
1537 2102 1638 2131 eum
1660 2100 1796 2141 porro
1822 2087 1898 2140 qui

1066 2147 1294 2189 confessus
1319 2159 1470 2188 coram
1492 2145 1744 2188 hominibus
1768 2157 1816 2186 se
1835 2144 1897 2184 fu-

1065 2207 1188 2253 isset,
1226 2216 1252 2245 a
1278 2216 1326 2245 se
1354 2203 1398 2244 in
1428 2203 1553 2244 coelis
1581 2200 1898 2244 confitendum:

1066 2260 1308 2314 qualesque
1335 2273 1417 2301 nos
1444 2259 1633 2300 nominis
1660 2257 1728 2299 sui
1760 2261 1899 2298 testes

1065 2317 1317 2358 hominibus
1350 2316 1603 2365 fuissemus,
1639 2314 1716 2356 tali
1747 2326 1829 2354 nos
1858 2326 1899 2354 a-

1065 2373 1157 2442 pud
1171 2374 1317 2415 Deum
1335 2373 1513 2414 Patrem
1531 2370 1786 2413 testimonio
1808 2370 1898 2422 ejus

1066 2443 1237 2472 usuros.

1126 2484 1185 2528 Te
1203 2487 1349 2529 Deum
1369 2484 1612 2528 laudamus.
1630 2485 1690 2525 14.
