2040 2944
443 192 619 227 Officium
644 193 817 227 votivum
845 194 890 227 dc
914 196 970 227 ὃς.
998 194 1199 236 Apostolis

1227 194 1337 226 Petro
1365 200 1398 227 ct
1427 194 1555 227 Paulo.
1759 192 1852 237 [249]

140 288 298 331 horum
325 288 583 331 excellentia
608 289 788 331 Patrum
814 289 971 330 merito

142 349 210 388 est
234 344 518 387 excellentius
543 344 834 396 gloriandum,
860 357 972 397 quos

141 402 283 453 gratia
299 402 383 443 Dei
406 402 451 442 in
473 406 643 443 tantum
667 401 838 454 apicem
859 401 972 443 inter

142 458 287 500 emnia
306 458 516 500 Ecclesiae
538 458 735 500 membra
757 458 971 511 provexit,

140 520 188 557 ut
220 527 297 557 eos
328 515 373 556 in
405 517 612 567 corpore,
645 514 715 556 cui
745 519 877 567 caput
905 519 972 556 est

142 570 360 622 Christus,
397 571 522 623 quasi
557 570 777 621 geminum
814 571 971 612 consti-

139 631 285 670 tueret
311 627 457 670 lumen
485 626 724 669 oculorum.
769 626 837 668 De
865 639 970 678 quo-

139 697 236 726 rum
256 684 422 727 meritis
444 689 575 736 atque
599 682 846 734 virtutibus,
871 696 970 735 quae

140 753 314 783 omnem
334 739 544 793 loquendi
564 743 774 793 superant
791 739 969 781 faculta-

139 802 239 848 tem,
257 796 363 838 nihil
383 796 613 847 diversum,
632 795 738 837 nihil
758 795 970 838 debemus

140 856 301 896 sentire
321 853 572 896 discretum:
593 853 695 905 quia
710 853 810 894 illos
826 858 870 894 et
886 852 969 894 ele-

140 910 228 952 ctio
246 923 390 964 pares3
409 914 453 952 et
471 909 598 952 labor
617 909 789 960 similes,
810 914 854 951 et
872 909 970 950 finis

139 966 243 1010 fecit
262 967 467 1019 aequales.

191 1042 241 1093 R.
265 1037 392 1079 Beati
412 1037 528 1087 estis,
547 1050 647 1078 cum
666 1036 971 1079 maledixerint

139 1093 267 1136 vobis
297 1093 517 1144 homineS,
555 1098 598 1135 et
633 1094 856 1147 persecuti
890 1107 970 1136 vos

139 1150 317 1202 faerint,
350 1155 394 1193 et
428 1149 617 1192 dixerint
649 1163 777 1192 omne
808 1150 971 1192 malum

140 1206 373 1249 adversum
390 1220 480 1257 vos,
499 1207 770 1256 mentientes,
786 1212 971 1261 propter

139 1276 226 1305 me:
253 1270 275 1293 *
304 1263 504 1306 Gaudete
533 1268 577 1306 et
602 1263 835 1314 exsultate,
865 1266 969 1316 quo-

139 1320 256 1361 niam
276 1333 446 1362 merces
470 1325 618 1363 vestra
641 1320 823 1373 copiosa
842 1326 909 1363 est
927 1321 970 1362 in

141 1376 275 1418 coeliS·
307 1375 360 1428 V.
390 1377 499 1419 Cum
525 1374 607 1419 vos
636 1375 808 1419 oderint
832 1376 969 1419 homi-
1029 1392 1031 1394 ·

139 1445 237 1483 nes,
271 1438 315 1476 et
342 1446 441 1475 cum
467 1434 767 1487 separaverint
794 1446 894 1485 VOS,
927 1438 971 1476 et

141 1489 523 1543 exprobraverint,
565 1495 610 1533 et
651 1490 857 1543 ejecerint
895 1503 970 1532 no-

139 1558 239 1588 men
288 1551 484 1588 vestrum
533 1552 758 1600 tamquam
807 1546 970 1588 malum

138 1608 323 1656 propter
344 1603 503 1645 Filium
527 1603 726 1645 hominis.
768 1603 968 1646 Gaudete

143 1663 186 1701 et
214 1659 442 1702 exsultate.

440 1742 591 1782 Lectio
612 1742 664 1781 vi.

209 1809 300 1852 icut
332 1815 478 1852 autem
510 1816 554 1854 et
584 1824 666 1853 nos
701 1811 870 1864 experti
902 1824 968 1853 su-

235 1879 350 1917 mus,
377 1871 421 1909 et
447 1868 587 1910 nostri
613 1867 858 1921 probavere
882 1881 970 1909 ma-

141 1923 269 1975 joreS,
298 1923 516 1966 credimus
540 1930 672 1977 atque
698 1923 969 1975 confidimus,

141 1979 252 2021 inter
289 1993 440 2023 omnes
479 1981 656 2024 labores
695 1981 820 2023 istius
856 1981 969 2032 vitae,

142 2034 199 2077 ad
221 2035 502 2079 obtinendam
523 2036 869 2080 misericordiam
886 2038 970 2080 Dei

142 2104 318 2145 semper
351 2105 433 2135 nos
473 2094 729 2147 specialium
764 2096 969 2147 patrono-

141 2161 238 2190 rum
279 2149 548 2192 orati6nibus
589 2149 878 2203 adjuvandos:
922 2155 970 2192 ut

143 2210 353 2256 quantum
382 2206 573 2259 propriis
605 2207 799 2260 peccatis
828 2206 969 2260 depri-

140 2261 307 2312 mimur,
332 2266 502 2304 tantum
526 2263 782 2315 apostolicis
804 2263 970 2305 meritis

142 2317 369 2368 erigamur.
407 2319 493 2360 Per
511 2319 748 2361 Deminum
771 2324 970 2362 nostrum

141 2373 166 2414 J
168 2386 291 2415 esum
315 2374 550 2426 Christum,
579 2376 648 2418 cui
672 2381 740 2418 est
768 2389 867 2418 cum
889 2376 968 2417 Pa-

141 2433 208 2471 tre
233 2435 278 2472 et
302 2436 453 2473 sancto
477 2431 643 2484 Spiritu
668 2431 822 2474 eadem
847 2433 968 2484 pote-

142 2489 248 2536 stas,
275 2499 362 2528 una
388 2486 608 2538 divinitas,
635 2488 680 2529 in
705 2487 867 2530 saecula
891 2500 968 2528 sae-

142 2541 348 2584 culorum.
376 2543 529 2585 Amen.

189 2610 238 2661 R.
278 2607 357 2649 Isti
391 2613 491 2650 sunt
525 2608 889 2661 triumphatores,
926 2613 969 2650 et

1022 291 1162 331 terna:
1185 297 1206 319 *
1228 287 1364 330 Modo
1384 290 1661 338 coronantur,
1682 294 1725 331 et
1744 291 1853 330 acci—

1022 346 1147 398 piunt
1164 345 1368 399 palmam.
1398 349 1448 400 x
1472 344 1551 386 Isti
1571 349 1672 386 sunt
1690 345 1764 398 qui
1783 358 1852 387 ve-

1022 404 1180 444 nerunt
1207 414 1261 443 ex
1287 413 1445 452 magna
1474 400 1775 451 tribulatione,
1810 407 1853 443 et

1022 458 1222 500 laverunt
1259 457 1395 498 stolas
1430 470 1530 498 suas
1565 457 1609 498 in
1645 459 1853 509 sanguine

1024 515 1148 565 Agni.
1201 513 1337 556 Modo
1371 516 1649 555 coronantur.
1702 514 1852 559 G16ria
1927 517 1934 523 '

1022 571 1153 613 Patri.
1188 570 1324 612 Modo
1345 572 1623 612 coronantur.

1247 666 1295 703 In
1314 665 1383 703 ΙΙΙ.
1405 665 1627 704 Nocturno.

1024 736 1175 781 Lectio
1203 735 1343 776 sancti
1362 734 1587 785 Evangelii
1611 733 1851 776 secundum

1303 790 1571 832 Matthaeum.

1101 857 1254 897 Lectio
1276 857 1343 896 vii.
1542 858 1644 909 Cap.
1661 859 1718 897 19.
1736 856 1773 897 d.

1070 927 1097 953 n
1123 913 1197 954 illo
1223 915 1440 965 tempore:
1467 912 1589 953 Dixit
1611 913 1768 955 Petrus
1794 915 1851 956 ad

1095 970 1264 1011 Jesum:
1309 969 1425 1011 Ecce
1470 982 1551 1010 nos
1596 969 1850 1021 reliquimus

1023 1026 1186 1077 omnia,
1219 1032 1262 1068 et
1294 1026 1433 1068 secuti
1465 1039 1613 1067 sumus
1644 1032 1707 1067 te:
1745 1027 1850 1079 quid

1023 1096 1128 1134 ergo
1149 1083 1230 1125 erit
1247 1081 1398 1125 nobis?
1427 1083 1483 1124 Et
1502 1082 1680 1134 reliqua.

1026 1170 1213 1216 Homilia
1228 1169 1369 1211 sancti
1384 1169 1609 1211 Ambrosii
1628 1170 1850 1223 Episcopi.

1072 1238 1114 1270 ln
1140 1237 1447 1271 Ps.118.se1·m
1471 1236 1503 1269 8
1530 1246 1601 1278 po
1585 1241 1618 1268 t
1643 1235 1800 1268 initium.

1064 1309 1080 1352 J?
1102 1320 1123 1352 Ξ,
1140 1304 1216 1333 cce
1243 1304 1325 1333 nos
1355 1292 1500 1333 omnia
1528 1291 1850 1344 dereliquimus,

1079 1382 1083 1391 .
1105 1349 1126 1376 0²²
1157 1354 1200 1391 et
1224 1349 1363 1390 secuti
1387 1362 1536 1390 sumus
1559 1354 1614 1390 te.
1651 1349 1751 1389 Hoc
1773 1353 1850 1398 est,

1027 1426 1120 1428 —--⁷
1155 1418 1243 1446 non
1268 1405 1548 1458 quaesivimus
1574 1418 1672 1457 quae
1700 1405 1851 1447 saeculi

1022 1466 1142 1512 sunt,
1172 1474 1260 1503 non
1289 1462 1569 1513 quaesivimus
1596 1466 1767 1514 partem
1795 1461 1850 1503 de

1021 1517 1396 1570 possessionibus,
1439 1517 1518 1560 sed
1556 1523 1599 1559 te
1642 1518 1850 1568 elegimus

1020 1574 1281 1627 portionem.
1314 1574 1547 1627 Reliquisti
1567 1587 1672 1626 ergo
1693 1575 1849 1625 omnia,

1019 1631 1168 1681 Petre,
1199 1643 1298 1682 quae
1325 1630 1538 1681 habebas;
1570 1630 1686 1672 unde
1713 1631 1849 1672 habes

1022 1686 1143 1738 quod
1160 1686 1322 1728 habere
1342 1692 1386 1728 te
1406 1685 1538 1728 dicis?
1570 1687 1717 1738 Surgit
1736 1687 1848 1728 clau-

1022 1742 1115 1793 dus,
1139 1748 1183 1785 et
1203 1756 1313 1785 sono
1332 1743 1397 1785 tui
1420 1743 1632 1785 sermonis
1654 1743 1849 1793 erigitur:

1021 1799 1254 1841 sanitatem
1282 1799 1376 1841 aliis
1401 1798 1555 1850 donas,
1586 1799 1660 1851 qui
1686 1798 1848 1850 indige-

1020 1855 1099 1897 bas
1122 1856 1217 1908 ipse
1235 1860 1324 1897 tuae
1349 1855 1502 1897 sallitis
1523 1855 1696 1897 auxilio.
1732 1855 1847 1896 Reli-

1022 1912 1154 1965 quisti
1178 1924 1283 1963 ergo
1309 1925 1408 1964 quae
1432 1911 1640 1962 habebaS,
1668 1916 1711 1953 et
1735 1913 1848 1964 cepi-

1021 1969 1088 2019 sti,
1106 1981 1204 2021 quae
1218 1982 1306 2010 non
1320 1967 1526 2011 habebas.
1557 1967 1754 2010 Christus
1769 1967 1848 2010 tibi

1020 2025 1183 2078 portio,
1207 2025 1404 2067 Christus
1422 2024 1503 2066 tibi
1520 2024 1745 2077 possessio
1765 2029 1848 2065 est:

1020 2081 1135 2123 illius
1158 2094 1318 2124 nomen
1338 2081 1419 2123 tibi
1441 2080 1709 2130 munificum,
1733 2079 1847 2121 illius

1020 2151 1181 2180 nomen
1209 2138 1289 2180 tibi
1317 2142 1384 2180 est
1410 2137 1701 2186 fructuosum,
1733 2136 1848 2177 illius

1020 2208 1180 2237 nomen
1217 2194 1297 2237 tibi
1335 2193 1499 2236 tributa
1535 2192 1763 2246 dependit,
1804 2198 1848 2235 et

1019 2252 1138 2294 bona
1171 2250 1353 2301 tribata,
1390 2263 1478 2291 non
1513 2249 1731 2302 pecuniae,
1768 2248 1847 2291 sed

1020 2308 1184 2360 gratiae.

1073 2389 1121 2439 Rs„
1137 2381 1217 2423 Isti
1231 2385 1333 2422 sunt
1348 2380 1422 2432 qui
1437 2379 1633 2421 viventes
1648 2379 1692 2420 in
1707 2391 1846 2428 carne,

1019 2438 1327 2491 plantaverunt
1358 2435 1603 2478 Ecclesiam
1638 2435 1847 2485 sanguine

1021 2506 1115 2535 suo:
1133 2501 1155 2525 *
1174 2493 1364 2535 Calicem
1378 2492 1556 2533 Domini
1569 2491 1784 2540 biberunt,
1803 2495 1846 2532 et

1000 2565 1003 2569 ·
1020 2550 1148 2591 amici
1164 2550 1248 2591 Dei
1265 2549 1368 2591 facti
1387 2553 1498 2590 sunt.
1528 2550 1577 2602 V.
1601 2549 1652 2589 In
1672 2559 1845 2589 omnem

1019 2612 1182 2648 terram
1213 2605 1346 2647 exivit
1378 2618 1512 2647 sonus
1542 2607 1707 2654 eorum,
1736 2607 1779 2644 et
1801 2603 1844 2643 in

141 2663 267 2704 amici
285 2663 379 2714 Dei,
405 2664 479 2716 qui
503 2666 830 2707 contemnentes
852 2665 970 2717 jussa
1019 2664 1128 2705 fines
1173 2662 1291 2704 orbis
1333 2667 1464 2704 terrae
1507 2661 1642 2703 verba
1684 2661 1844 2701 eorum.

139 2719 404 2772 principum,
431 2723 683 2763 meruerunt
706 2721 889 2774 praemia
914 2734 969 2763 ae-

1022 2719 1212 2762 Calicem
1234 2718 1423 2761 Domini.
