2040 2944
526 179 598 213 Die
624 179 674 213 11.
699 178 801 221 Sept.
849 178 883 212 S.
909 179 1124 213 Pulcheriae
1149 181 1283 223 imper.
1310 187 1345 216 et
1368 183 1471 225 virg.

141 273 275 315 clesia
286 274 775 327 Constantinopolitana
787 287 871 327 pro
887 275 970 317 vir-

140 330 321 382 ginitate
345 344 425 372 sua
449 335 493 372 et
515 330 663 372 fratris
687 331 874 384 imperio
899 331 971 373 de-

141 385 316 436 dicavit,
340 392 384 429 et
408 387 453 428 in
478 387 621 429 fronte
645 387 785 440 ipsius
806 400 972 429 mensae

140 442 237 484 haec
256 443 411 485 eadem
429 443 664 496 inscripsit.

198 498 248 564 Rz.
256 500 446 552 Propter
459 500 702 552 veritatem,
718 505 762 542 et
775 514 973 543 mansue-

139 555 348 606 tudmem‚
369 561 413 598 et
431 557 654 608 justitiam:
675 563 698 588 *
711 557 769 599 Et
783 556 974 600 deducet

140 616 184 653 te
203 612 458 655 mirabiliter
478 613 662 655 dextera
679 618 766 655 tua.
801 612 851 663 W.
869 615 973 667 Spe-

141 667 206 709 cie
225 673 301 710 tua
321 674 365 711 et
385 669 710 722 pulchritudine
729 675 815 720 tua,
838 671 973 712 inten-

141 722 208 775 de,
222 727 438 778 prospere
452 726 659 779 procede,
674 731 718 768 et
733 740 879 778 regna.
906 728 974 769 Et.

455 793 607 834 Lectio
628 806 665 832 v.

228 838 342 880 otior
367 843 514 881 autem
539 840 629 891 ejus
654 840 699 881 in
717 839 973 882 Theodosio

252 894 522 938 instituendo
548 896 685 938 eluxit
711 909 830 947 cura3
856 900 973 938 eum-

143 963 240 1003 que,
263 950 339 993 ubi
365 964 479 1005 opus
498 957 628 1003 esset,
653 953 764 994 mira
784 953 975 1005 quadam

142 1006 405 1050 deirteritate
420 1008 685 1060 corrigebat3
706 1010 781 1062 qui
797 1009 975 1062 quidem

140 1063 243 1105 talis
275 1069 343 1106 est
380 1064 582 1116 effectus,
619 1071 668 1108 ut
705 1065 974 1108 absolutissi-

140 1133 261 1162 mum
306 1122 462 1174 optimi
511 1124 704 1175 vereque
750 1122 975 1164 christiani

141 1177 352 1230 principis
363 1179 589 1232 exemplar
603 1179 744 1229 fuerit,
761 1179 866 1221 dum
876 1179 973 1220 Pul-

143 1231 302 1275 cheriae
314 1234 508 1276 consiliis
520 1240 587 1277 est
598 1235 848 1277 obsecutus
866 1236 975 1278 Post

143 1287 393 1332 diuturnam
413 1304 513 1333 cum
527 1291 663 1334 fratre
678 1291 974 1343 concordiam,

141 1345 282 1388 turbis
313 1347 632 1390 malevolorum
659 1347 815 1390 fraude
841 1353 974 1401 atque

143 1401 464 1446 obtrectatione
515 1405 559 1446 in
611 1405 710 1446 aula
760 1405 975 1455 excitatis,

141 1463 317 1512 tempus
347 1466 496 1511 nacta,
534 1474 622 1514 quo
658 1461 743 1503 sibi
773 1462 858 1513 jam
890 1462 975 1512 uni,

141 1515 330 1569 Deoque
352 1519 512 1559 vacare
535 1522 700 1570 posset,
726 1518 909 1560 secessit
931 1518 975 1559 in

141 1572 438 1624 Hebdomum,
461 1574 608 1616 locum
632 1575 850 1627 Byzantio
875 1575 974 1616 sub-

142 1628 369 1680 urbanum,
387 1630 538 1682 ibique
551 1631 688 1673 vitam
708 1643 841 1682 agens
860 1644 974 1684 pene

142 1686 431 1728 monasticam
463 1687 734 1740 aliquamdiu
765 1700 813 1729 se
839 1690 974 1730 conti-

142 1742 251 1793 nuit3
267 1755 365 1784 cum
380 1756 486 1785 vero
502 1743 689 1786 felicitas
703 1744 876 1796 imperii
889 1758 975 1786 una

144 1810 243 1839 cum
271 1811 324 1840 ea
349 1799 589 1850 exsularet,
617 1812 643 1841 a
669 1800 805 1842 fratre
830 1813 973 1842 accer-

143 1856 244 1904 sita,
274 1855 351 1897 ubi
383 1854 540 1898 deesse
572 1855 683 1898 vidit
716 1857 791 1908 qui
821 1857 975 1910 praelia

142 1910 321 1952 Domini
347 1915 575 1964 pugnaret,
598 1912 858 1955 Debboram
883 1913 974 1954 imi-

142 1969 245 2016 tata,
269 1967 358 2010 fide
382 1981 434 2010 ac
453 1969 663 2021 religione
687 1972 857 2011 armata
875 1982 973 2022 pro-

145 2024 287 2074 cessit,
313 2029 355 2066 et
378 2025 524 2067 missis
546 2026 591 2066 in
612 2039 786 2068 omnem
803 2031 974 2078 partem

144 2080 343 2132 epistolis
357 2080 590 2132 hortando,
607 2081 840 2132 monendo,
854 2082 974 2123 mini-

143 2135 299 2186 tando,
330 2149 420 2178 non
447 2138 666 2190 pecuniae,
699 2151 789 2180 non
816 2138 973 2180 labori-

144 2190 226 2233 bus
236 2205 435 2245 parcens,
451 2193 583 2245 digna
597 2194 754 2236 effecta
764 2199 831 2236 est
844 2207 975 2246 quam

143 2248 297 2290 Patres
313 2249 487 2291 concilii
502 2249 874 2292 Chalcedonensis
889 2262 975 2291 una

145 2305 338 2347 omniurn
356 2318 467 2347 voce
493 2311 626 2359 atque
650 2307 876 2359 praeconio
904 2319 973 2348 cu-

144 2360 319 2402 stodem
338 2361 452 2411 fidei,
474 2362 597 2414 pacis
621 2362 974 2411 conciliatricem,

145 2417 437 2469 expultricem
473 2418 801 2468 haereticorum,
845 2418 974 2470 piam,

146 2472 451 2524 orthodoxam,
469 2487 629 2516 novam
645 2474 862 2516 Helenam
881 2474 973 2524 (sic-

144 2533 193 2570 ut
223 2528 495 2571 Marcianum
526 2535 631 2572 tunc
662 2531 975 2583 imperatorem

1765 182 1869 226 [277]·

1023 290 1144 318 mum
1171 277 1480 329 gratularetur,
1516 278 1696 330 ejusque
1725 291 1857 319 causa

1026 333 1246 376 exsultare
1266 346 1313 375 se
1334 334 1511 385 diceret,
1535 347 1587 376 ac
1607 334 1739 385 digna
1757 335 1855 376 Deo

1025 394 1130 431 vota
1157 390 1430 442 persolvere,
1464 390 1585 442 quod
1614 389 1669 432 de
1695 391 1855 432 Nesto-

1025 446 1146 487 riana
1177 447 1367 499 primum
1398 447 1642 499 impietate,
1676 460 1781 489 mox
1813 453 1857 490 et

1025 499 1192 544 nefario
1220 503 1479 555 Eutychetis
1513 506 1662 545 errore
1687 506 1855 557 perem-

1025 564 1116 611 pto,
1140 559 1363 612 duplicem
1386 559 1448 600 illi
1473 564 1517 601 et
1539 560 1730 613 palmam
1755 574 1855 603 con-

1026 615 1188 657 tulerat
1208 620 1252 657 et
1271 618 1493 657 coronam.

1084 673 1135 723 R.
1158 672 1364 714 Dilexisti
1389 673 1615 725 justitiam,
1648 678 1691 715 et
1724 672 1857 715 odisti

1026 727 1318 780 iniquitatem:
1352 730 1374 753 *
1394 729 1638 781 Propterea
1665 730 1788 771 unxit
1812 735 1857 771 te

1026 785 1167 835 Deus,
1211 785 1334 826 Deus
1368 790 1489 835 tuus,
1536 786 1635 827 oleo
1680 786 1857 828 laetitiae.

1034 835 1288 894 YRPropter
1309 842 1556 892 veritatem,
1587 847 1631 883 et
1658 855 1855 884 mansue-

1026 896 1235 948 tUdinem,
1256 903 1299 940 et
1317 899 1536 950 justitiam.
1563 899 1819 951 Propterea.

1332 957 1485 998 Lectio
1507 958 1559 998 vi.

1095 1014 1202 1063 tque
1225 1011 1295 1052 hae
1320 1016 1456 1053 tantae
1481 1013 1684 1053 curarum
1706 1013 1857 1063 moles,

1141 1080 1250 1119 quas
1282 1068 1529 1120 praesertim
1560 1068 1604 1108 in
1632 1068 1856 1121 Ephesino

1029 1136 1081 1164 ac
1106 1123 1455 1165 Chalcedonensi
1480 1124 1675 1166 conciliis
1698 1125 1858 1167 Roma-

1027 1181 1184 1221 norum
1197 1180 1461 1222 Pontificum
1480 1181 1742 1223 auctoritate
1757 1194 1857 1223 con-

1028 1237 1210 1286 vocatis,
1234 1237 1485 1278 necessario
1507 1239 1773 1290 susceperat,
1798 1241 1857 1279 ni-

1026 1292 1117 1334 hilo
1137 1293 1256 1334 illam
1273 1293 1330 1335 ad
1345 1296 1490 1335 cetera
1505 1294 1754 1335 christianae
1768 1295 1858 1346 pie-

1027 1350 1131 1391 tatis
1150 1350 1296 1391 officia
1311 1349 1518 1392 obeunda
1532 1350 1676 1391 fecere
1691 1351 1857 1402 segnio-

1027 1419 1131 1447 rem.
1188 1406 1379 1448 Assidue
1426 1407 1671 1449 coelestium
1713 1420 1859 1448 rerum

1028 1463 1420 1516 contemplatione,
1465 1466 1691 1504 sacrorum
1726 1463 1859 1505 libro-

1027 1532 1124 1561 rum
1150 1519 1356 1570 lectione,
1386 1520 1585 1573 corporis
1615 1520 1857 1562 afflictatio-

1026 1575 1154 1617 nibus
1184 1582 1343 1628 sponte
1369 1577 1586 1629 susceptis
1613 1589 1659 1618 se
1687 1579 1857 1618 exerce-

1026 1631 1118 1682 bat3
1136 1632 1336 1674 Psalmos
1355 1632 1410 1674 de
1425 1638 1556 1674 nocte
1572 1645 1756 1683 surgens
1773 1646 1858 1673 una

1028 1701 1127 1730 cum
1146 1689 1277 1739 regiae
1297 1689 1473 1730 familiae
1493 1689 1766 1741 principibus
1786 1688 1857 1730 de-

1028 1745 1250 1786 cantabat:
1272 1745 1357 1786 Dei
1380 1758 1431 1787 ac
1451 1746 1710 1786 Sanctorum
1737 1746 1857 1797 (quo-

1027 1814 1123 1842 rum
1143 1806 1187 1843 et
1205 1801 1427 1853 colloquio
1446 1813 1533 1842 non
1553 1801 1688 1842 semel
1708 1801 1856 1852 digna-

1026 1862 1071 1898 ta
1100 1858 1183 1908 est)
1211 1857 1369 1899 cultrix
1397 1857 1569 1907 eximia3
1599 1870 1698 1908 quae
1726 1857 1857 1899 etiam

1028 1915 1307 1966 summopere
1336 1926 1511 1966 semper
1540 1913 1780 1963 contendit,
1808 1918 1857 1955 ut

1028 1983 1131 2021 erga
1155 1972 1308 2011 eorum
1330 1970 1538 2022 reliquias
1562 1969 1704 2011 cultus
1729 1982 1855 2020 auge-

1027 2028 1157 2067 retur.
1197 2026 1437 2078 Deiparam
1464 2026 1508 2066 in
1531 2025 1685 2077 primis
1709 2025 1855 2076 coluit,

1028 2083 1097 2123 cui
1123 2081 1236 2122 hanc
1263 2082 1405 2134 ipsam
1429 2082 1636 2133 Deiparae
1664 2081 1854 2133 appella-

1026 2138 1192 2179 tionem
1212 2143 1366 2179 contra
1383 2138 1747 2179 Nestorianorum
1766 2137 1854 2178 bla-

1027 2193 1250 2246 sphemias
1274 2193 1478 2243 asseruit;
1503 2193 1642 2234 voluit
1666 2205 1855 2244 namque

1026 2262 1195 2290 summa
1214 2250 1441 2302 sapientiae
1459 2262 1551 2290 suae
1567 2249 1855 2301 dispositione

1027 2305 1173 2346 divina
1186 2305 1473 2357 providentia,
1488 2309 1536 2345 ut
1549 2317 1628 2356 per
1644 2305 1856 2355 virginem

1028 2374 1196 2402 summa
1215 2361 1408 2411 Virginis
1432 2361 1619 2411 dignitas
1643 2360 1856 2402 inoffensa

1027 2417 1204 2469 penitus
1240 2418 1506 2467 servaretur3
1554 2429 1685 2468 quam
1723 2417 1855 2457 etiam

1027 2478 1094 2514 est
1112 2472 1280 2514 imitata
1299 2471 1518 2514 servando
1534 2474 1792 2525 perpetuam
1810 2472 1854 2512 in

1014 2529 1124 2581 ‚ipso
1157 2529 1359 2580 conjugio
1390 2529 1702 2579 virginitatem:
1734 2528 1853 2578 cujus

145 2596 308 2626 novum
345 2586 695 2638 Constantinum)
730 2585 973 2628 consaluta-
1027 2584 1215 2636 denique
1242 2584 1377 2626 cultui
1402 2583 1712 2637 amplificando
1738 2595 1852 2623 corn-

145 2645 260 2691 rent3
300 2643 458 2694 cuique
495 2648 672 2684 sanctus
708 2643 801 2683 Leo
838 2642 975 2682 totius
1025 2640 1152 2693 plura
1170 2640 1335 2692 templa
1357 2641 1495 2692 regali
1514 2640 1644 2693 plane
1661 2637 1851 2689 magnifi-

146 2696 360 2738 Romanae
390 2698 604 2740 Ecclesiae
636 2698 811 2740 nomine
842 2697 975 2749 pluri·
1027 2696 1170 2738 centia
1210 2696 1436 2746 excitavit,
1484 2695 1675 2738 donariis
1721 2693 1852 2741 auxit,

300 2838 365 2863 Pars
380 2840 550 2864 Autumnus.

1600 2823 1646 2857 S*
