2040 2944
176 243 243 278 184

178 337 372 380 ostendit
415 334 618 388 deposita
661 345 759 374 esse
803 331 917 382 haec,
963 336 1006 373 et

176 394 383 437 victualia
402 391 643 439 viduarum,
664 394 707 431 et
725 388 1006 442 pupillorum:

177 451 380 504 quaedam
400 460 506 490 vero
531 460 628 489 esse
648 445 831 487 Hircani
850 444 1007 487 Tobiae

175 509 258 550 viri
283 505 411 548 valde
440 504 687 553 eminentis,
719 503 764 544 in
789 501 874 552 his,
907 514 1006 554 quae

176 564 395 607 detulerat
425 561 587 614 impius
611 561 775 602 Simon:
804 559 1007 600 universa

176 626 323 662 autem
360 619 529 671 argenti
565 618 731 659 talenta
767 628 866 658 esse
904 628 1005 668 qua-

176 677 415 728 dringenta,
437 681 480 717 et
501 675 594 716 auri
614 673 813 716 ducenta.
849 672 1007 725 Decipi

176 747 281 775 vero
303 746 390 782 eos,
419 732 494 784 qui
513 730 807 773 credidissent
824 729 938 779 loco,
963 734 1007 770 et

175 790 356 843 templo,
377 789 498 842 quod
516 802 596 842 per
615 787 867 829 universum
886 799 1006 826 mun-

177 847 282 889 dum
314 847 575 895 honoratur,
613 857 696 898 pro
730 844 797 885 sui
828 855 1005 885 venera-

175 905 310 954 tione,
331 909 374 945 et
394 903 628 945 sanctitate
648 904 824 943 omnino
844 901 1006 952 impos—

175 961 301 1003 sibile
321 974 430 1003 esse.

231 1020 280 1071 R.
307 1017 445 1071 Aperi
465 1017 618 1058 oculos
636 1021 750 1058 tuos,
769 1015 858 1056 165.

385 1122 545 1158 Feria
579 1121 796 1169 Quarta.

177 1176 244 1217 De
271 1175 386 1217 libro
415 1173 609 1216 secundo
638 1172 1008 1215 Machabaeorum.

253 1237 406 1279 Lectio
428 1237 451 1276 i.
719 1234 823 1285 Cap.
838 1234 874 1273 3.
891 1232 929 1273 d.

208 1314 239 1348 <3
274 1296 499 1339 eliodorus
525 1302 687 1345 autem,
715 1295 835 1347 quod
861 1294 1007 1337 decre-

208 1359 242 1392 }ss
290 1358 430 1403 verat,
454 1353 713 1406 perficiebat
733 1351 891 1394 eodem
908 1351 1008 1393 loco

176 1412 271 1463 ipse
288 1424 388 1452 cum
405 1409 667 1452 satellitibus
679 1409 795 1451 circa
806 1409 1009 1450 aerarium

176 1480 385 1520 praesens.
419 1465 506 1508 Sed
531 1466 710 1519 spiritus
736 1465 1008 1518 omnipoten-

178 1525 235 1565 tis
262 1524 346 1565 Dei
379 1536 582 1574 magnam
610 1522 713 1564 fecit
744 1534 835 1563 suae
865 1526 1007 1563 osten-

178 1581 313 1622 sionis
346 1579 629 1629 evidentiam,
666 1579 727 1621 ita
759 1584 807 1620 ut
839 1591 1009 1628 omnes,

179 1638 253 1690 qui
273 1637 367 1678 ausi
386 1637 558 1678 fuerant
576 1638 732 1689 parere
752 1636 807 1686 ei,
833 1637 1009 1677 ruentes

177 1694 261 1735 Dei
292 1694 470 1743 virtute,
502 1694 546 1734 in
579 1693 930 1742 dissolutionem,
967 1697 1011 1734 et

177 1749 455 1792 formidinem
491 1751 863 1792 converterentur.
921 1749 1010 1802 Ap-

176 1808 322 1860 paruit
342 1807 457 1848 enim
473 1807 558 1848 illis
575 1806 754 1858 quidam
769 1819 911 1858 equus
926 1811 1009 1848 ter-

177 1864 349 1906 ribilem
373 1863 540 1905 habens
566 1866 803 1912 sessorem,
833 1863 1010 1916 optimis

179 1920 465 1973 operimentis
484 1920 738 1961 adornatus:
764 1919 890 1972 isque
910 1933 1009 1961 cum

178 1980 346 2030 impetu
380 1976 626 2018 Heliodoro
661 1977 834 2030 priores
867 1977 1011 2018 calces

178 2034 302 2075 elisit.
336 2034 420 2083 Qui
441 2039 587 2075 autem
612 2033 652 2075 ei
670 2032 869 2083 sedebat,
892 2031 1010 2074 vide-

178 2090 310 2132 batur
331 2103 451 2131 arma
471 2090 634 2138 habere
654 2093 797 2131 aurea.

233 2151 285 2201 R.
308 2147 596 2189 Refulsitsol.
616 2148 704 2188 163.

493 2206 646 2247 Lectio
666 2205 705 2245 ii.

183 2259 302 2365 AEii
335 2260 467 2302 etiam
499 2262 798 2314 apparuerunt
831 2260 920 2302 duo
951 2262 1010 2314 ju-

293 2329 427 2359 venes
459 2318 621 2360 virtute
655 2316 822 2366 decori,
855 2318 1012 2370 optimi

180 2372 331 2424 gloria,
352 2374 631 2426 speciosique
647 2376 822 2415 amictu:
844 2374 918 2426 qui
934 2374 1011 2415 cir·

181 2432 499 2472 cumsteterunt
525 2443 640 2481 eum,
676 2435 720 2472 et
746 2443 801 2472 ex
823 2432 1011 2483 utraque

180 2491 308 2539 parte
341 2486 635 2537 flagellabant,
670 2487 762 2528 sine
795 2487 1010 2528 intermis-

181 2543 305 2584 sione
345 2543 493 2584 multis
532 2543 675 2595 plagis
715 2543 1012 2586 verberantes.

181 2599 337 2642 Subito
362 2604 509 2640 autem
528 2599 796 2641 Heliodorus
820 2600 1012 2642 concidit

181 2657 225 2697 in
252 2660 416 2697 terram
444 2659 632 2707 eumque
660 2656 797 2698 multa
827 2656 1011 2707 caligine

183 2712 494 2754 circumfusum
521 2714 777 2764 rapuerunt,
807 2718 940 2765 atque
968 2713 1011 2753 in

183 2768 290 2811 sella
307 2769 549 2819 gestatoria
567 2769 761 2821 positum
781 2771 1012 2821 ejecerunt.

680 233 781 267 Infra
802 231 1098 266 llcbdomudum
1125 231 1172 264 iv.
1196 229 1384 264 Octobris.

1058 330 1115 372 Et
1140 330 1196 379 is,
1226 329 1302 381 qui
1325 341 1423 370 cum
1449 326 1598 368 multis
1621 324 1890 374 cursoribus,

1060 391 1103 428 et
1135 384 1397 427 satellitibus
1430 381 1695 437 praedictum
1726 381 1890 433 ingres-

1059 456 1135 484 sus
1154 447 1222 484 est
1242 441 1459 491 aerarium,
1483 438 1746 493 portabatur
1768 437 1889 479 nullo

1059 499 1143 542 sibi
1180 498 1388 540 auxilium
1423 497 1607 546 ferente,
1659 495 1892 537 manifesta

1058 556 1142 598 Dei
1162 555 1339 607 cognita
1357 554 1533 596 virtute:
1558 557 1602 594 et
1619 551 1692 593 ille
1713 550 1891 604 quidem

1058 626 1138 666 per
1164 612 1355 654 divinam
1374 611 1581 652 virtutem
1607 607 1778 662 jacebat
1800 621 1891 649 mu-

1058 675 1147 719 tuS,
1176 674 1309 721 atque
1335 666 1454 709 omni
1477 679 1557 720 spe
1582 670 1626 708 et
1645 664 1787 707 salute
1806 664 1891 718 pri-

1058 728 1198 768 vatus.

1114 786 1165 837 R.
1189 782 1466 823 Ornaverunt
1485 779 1652 821 faciem.
1671 779 1761 820 164.

1132 874 1136 877 ,
1189 850 1195 855 ’
1365 849 1519 890 Lectio
1540 848 1595 887 iii.

1065 903 1396 1011 Considerans
1425 906 1572 944 autem
1604 912 1799 942 summus
1827 912 1891 941 sa-

1153 960 1311 1003 cerdos
1336 973 1391 1002 ne
1415 959 1529 1000 forte
1549 970 1627 999 rex
1649 957 1891 1010 suspicare·

1059 1024 1131 1061 tur
1162 1017 1374 1059 malitiam
1413 1016 1607 1067 aliquam
1640 1027 1695 1056 ex
1724 1014 1749 1055 J
1752 1013 1892 1055 udaeis
1959 1050 1970 1055 -

1061 1077 1177 1119 circa
1207 1073 1502 1116 Heliodorum
1534 1072 1893 1120 consummatam,

1061 1132 1220 1175 obtulit
1243 1143 1326 1184 pro
1351 1130 1494 1172 salute
1513 1129 1594 1170 viri
1617 1128 1808 1170 hostiam
1827 1140 1892 1168 sa·

1060 1190 1259 1232 lutarem.
1302 1187 1500 1239 Cumque
1528 1197 1724 1226 summus
1752 1185 1893 1226 sacer-

1061 1246 1144 1289 dos
1155 1246 1370 1294 exoraret,
1384 1243 1518 1285 iidem
1533 1243 1712 1294 juvenes
1726 1239 1894 1282 eisdem

1061 1302 1259 1345 vestibus
1296 1300 1460 1350 amicti,
1512 1301 1708 1341 astantes
1745 1297 1893 1339 Helio-

1061 1361 1190 1409 doro,
1237 1358 1457 1400 dixerunt:
1503 1356 1629 1398 Oniae
1673 1348 1895 1396 sacerdoti

1061 1417 1225 1469 gratias
1245 1427 1340 1466 age:
1360 1427 1463 1454 nam
1479 1417 1665 1466 propter
1685 1424 1785 1453 eum
1804 1411 1892 1452 Do-

1061 1474 1205 1515 minus
1230 1471 1311 1514 tibi
1335 1471 1474 1512 vitam
1500 1468 1693 1511 donavit.
1728 1467 1798 1509 Tu
1822 1480 1893 1509 au·

1061 1535 1151 1572 tem
1185 1542 1211 1571 a
1237 1529 1335 1570 Deo
1368 1526 1633 1578 flagellatus,
1665 1524 1818 1567 nuntia
1849 1526 1894 1566 o·

1061 1586 1234 1628 mnibus
1259 1583 1477 1635 magnalia
1500 1582 1601 1632 Dei,
1631 1587 1674 1624 et
1698 1582 1894 1634 potesta·

1061 1649 1162 1686 tem.
1225 1642 1283 1684 Et
1314 1640 1382 1682 his
1415 1639 1561 1689 dictis,
1597 1651 1687 1680 non
1719 1650 1894 1690 compa-

1063 1703 1254 1742 ruerunt.

1120 1759 1171 1811 Ει.
1193 1757 1245 1797 In
1264 1753 1449 1807 hymnis.
1467 1753 1558 1794 164.

1245 1873 1432 1909 Feria
1467 1869 1712 1919 Quinta.

1121 1933 1162 1968 Si
1196 1933 1281 1966 haec
1317 1929 1576 1965 Hebdomada
1612 1929 1727 1964 fuerit
1763 1928 1900 1963 ultima

1069 1981 1260 2021 Octobris,
1286 1980 1325 2014 in
1347 1980 1471 2014 tribus
1488 1978 1742 2023 sequentibus
1761 1977 1899 2011 diebus

1068 2030 1248 2073 leguntur
1289 2028 1494 2063 Lectiones
1532 2027 1750 2062 Dominicae
1783 2026 1827 2061 V.
1863 2031 1900 2061 et

1068 2079 1193 2112 Feriae
1214 2079 1260 2113 Π.
1283 2083 1319 2112 et
1335 2077 1402 2112 III.
1424 2077 1597 2119 ejusdem
1614 2075 1899 2110 Hebdomadae:

1070 2127 1134 2170 qui
1162 2127 1195 2161 si
1217 2127 1358 2161 fuerint
1375 2125 1566 2170 impediti,
1593 2135 1638 2159 eo
1665 2134 1766 2159 anno
1791 2123 1900 2158 omit-

1069 2180 1198 2209 tantur
1222 2176 1300 2210 illae
1322 2175 1537 2213 Lectiones,
1564 2184 1651 2218 quae
1675 2173 1736 2207 his
1762 2172 1900 2207 diebus

1068 2224 1146 2266 legi
1167 2234 1244 2257 non
1264 2227 1439 2268 possunt.
1475 2223 1515 2257 Si
1540 2233 1634 2257 vero
1659 2222 1698 2256 in
1724 2220 1900 2264 sequenti

1070 2272 1326 2306 Hebdomada
1352 2273 1413 2306 hcc
1436 2272 1640 2306 Lectiones
1666 2270 1702 2303 in
1729 2269 1810 2304 suis
1831 2268 1900 2303 Fe-

1070 2320 1137 2353 riis
1162 2321 1239 2362 leni
1264 2331 1340 2355 non
1365 2321 1533 2364 possint,
1563 2323 1757 2363 ponantur
1780 2318 1819 2351 in
1844 2327 1901 2351 se-

1070 2370 1277 2412 quentibus
1294 2371 1417 2404 Feriis
1443 2369 1615 2411 ejusdem
1630 2366 1900 2401 Hebdomadae

1070 2418 1176 2458 iuxta
1216 2419 1391 2452 ordinem
1430 2417 1606 2452 historice
1650 2420 1686 2450 et
1725 2414 1901 2458 martyrii

1070 2466 1394 2502 Machabaeorum.

1071 2536 1137 2575 De
1162 2533 1276 2574 libro
1305 2530 1500 2574 secundo
1527 2528 1897 2571 Machabaeorum.

1175 2599 1327 2640 Lectio
1347 2599 1372 2638 i.
1636 2598 1739 2649 Cap.
1759 2599 1796 2637 4.

1065 2655 1259 2759 'imon
1301 2658 1447 2695 autem
1489 2650 1730 2704 praedictus
1766 2663 1896 2704 pecu-

1157 2711 1338 2758 niarum,
1353 2713 1397 2750 et
1411 2709 1567 2761 patriae
1584 2707 1766 2758 delator,
1783 2706 1898 2748 male

1065 2767 1330 2819 loquebatur
1350 2765 1405 2807 de
1421 2766 1544 2814 Onia,
1563 2769 1787 2817 tamquam
1800 2764 1897 2816 ipse
