2040 2944
510 172 582 206 Dic
607 173 637 206 2.
663 171 852 206 Octobris.
900 171 956 206 Ss.
982 171 1219 214 Angelorum
1245 172 1468 205 Custodum.

190 266 407 308 Innocens
452 265 652 307 manibus
707 271 751 308 et
802 266 967 308 mundo

141 322 290 372 corde,
318 323 342 350 *
372 322 447 374 qui
473 334 562 363 non
587 322 760 375 accepit
785 323 830 363 in
853 335 967 364 vano

141 379 327 420 animam
347 391 486 428 suam,
510 391 593 420 nec
616 378 776 430 juravit
798 379 844 420 in
863 378 967 421 dolo

139 435 342 488 proximo
369 447 461 476 suo.

189 491 275 532 Hic
321 491 508 543 accipiet
547 489 901 532 benedictionem
942 503 968 532 a

138 547 344 589 Domino:
363 549 387 574 *
407 552 450 588 et
464 547 811 588 misericordiam
830 560 854 588 a
869 547 967 589 Deo

138 604 319 646 salutari
338 617 431 645 suo.

189 661 300 701 Haec
328 665 395 701 est
424 660 650 710 generatio
681 659 968 711 quaerentium

141 730 257 766 eum,
298 718 322 744 *
359 716 649 768 quaerentium
689 716 849 757 faciem
883 716 968 757 Dei

138 773 290 815 Jacob.

190 828 393 871 Attollite
432 833 586 881 portas
632 828 856 881 principes
897 841 966 869 ve-

138 891 268 936 suas,
296 890 339 927 et
364 885 594 926 elevamini
617 890 761 937 portae
786 886 966 927 aeterna-

137 942 217 984 les:
235 942 259 968 *
279 946 323 983 et
339 941 540 983 introibit
558 941 657 982 Rex
675 941 838 992 gloriae.

190 994 297 1048 Quis
323 1003 390 1039 est
413 998 496 1039 iste
517 998 615 1039 Rex
638 996 814 1048 gloriae?
835 999 859 1025 *
877 998 967 1039 Do-

136 1055 279 1095 minus
311 1054 436 1095 fortis
469 1059 512 1095 et
539 1059 718 1107 potens:
751 1054 967 1095 Dominus

137 1116 297 1163 potens
314 1111 358 1151 in
378 1111 544 1163 praelio.

189 1167 393 1209 Attollite
436 1172 590 1219 portas
631 1167 854 1219 principes
895 1179 966 1208 ve-

138 1228 267 1273 stras,
294 1229 338 1265 et
362 1223 592 1265 elevamini
615 1229 758 1275 portae
785 1226 966 1265 aeterna-

136 1279 217 1322 les:
235 1281 259 1306 *
279 1285 323 1321 et
341 1279 539 1321 introibit
557 1280 655 1321 Rex
675 1280 838 1331 gloriae.

189 1337 296 1386 Quis
321 1341 388 1378 est
411 1337 494 1377 iste
513 1336 611 1377 Rex
629 1336 809 1387 gloriae?
831 1338 855 1363 *
874 1337 967 1377 Dns

137 1394 347 1435 virtutum
364 1393 460 1444 ipse
481 1398 548 1434 est
567 1393 666 1434 Rex
685 1393 849 1443 gloriae.

190 1450 288 1490 Ant.
315 1449 489 1490 Tollens
506 1462 553 1490 se
569 1449 765 1500 Angelus
779 1450 967 1500 Domini,

138 1506 213 1557 qui
232 1505 517 1558 praecedebat
536 1510 681 1547 castra
695 1506 844 1556 Israel,
860 1506 968 1547 abiit

136 1566 238 1614 post
258 1574 347 1603 eos.

189 1619 290 1658 Ant.
323 1618 538 1659 Immittet
565 1618 761 1669 Angelus
789 1618 968 1659 Domini

137 1675 162 1700 *
196 1674 240 1714 in
273 1674 458 1715 circuitu
487 1674 733 1716 timentium
766 1686 882 1724 eum,
925 1680 969 1717 et

139 1730 294 1782 eripiet
314 1742 403 1771 eos.

365 1808 371 1813 ·
407 1786 606 1826 Psalmus
626 1786 690 1826 33.

225 1841 449 1884 enedicam
487 1843 726 1884 Dominum
764 1843 809 1884 in
851 1844 969 1885 omni

141 1955 150 1964 .
241 1900 457 1951 tempore:
489 1900 512 1926 *
543 1912 719 1952 semper
750 1899 844 1941 laus
877 1901 968 1952 ejus

138 1968 182 1995 1n
202 1967 279 1996 ore
297 1967 409 1997 meo.

187 2011 239 2051 In
246 2011 438 2052 Domino
446 2010 697 2053 laudabitur
706 2012 850 2052 anima
857 2025 968 2054 mea:

138 2065 162 2092 *
181 2065 361 2108 audiant
380 2068 607 2117 mansueti,
627 2072 670 2109 et
689 2067 903 2109 laetentur.

189 2122 468 2173 Magnificate
478 2124 595 2164 Dfim
609 2136 797 2164 mecum:
811 2124 834 2150 *
847 2129 890 2166 et
906 2136 969 2166 ex-

138 2178 323 2220 altemus
342 2192 504 2221 nomen
523 2181 614 2231 ejus
633 2180 678 2220 in
695 2179 899 2232 idipsum.

189 2235 419 2287 Exquisivi
427 2236 676 2286 Dominum,
691 2241 735 2277 et
746 2236 969 2279 exaudivit

115 2294 224 2333 *met
249 2291 273 2317 *
300 2296 344 2333 et
369 2305 424 2333 ex
452 2292 654 2334 omnibus
679 2291 968 2334 tribulationi-

138 2346 222 2388 bus
238 2348 349 2389 meis
366 2349 526 2401 eripuit
543 2361 625 2389 me.

189 2403 403 2446 Accedite
436 2405 493 2446 ad
526 2417 646 2454 eum,
681 2408 725 2445 et
756 2404 967 2446 illumina-

138 2458 261 2499 mini:
288 2461 312 2486 *
337 2464 380 2501 et
406 2460 541 2502 facies
561 2465 722 2502 vestrae
750 2473 839 2501 non
867 2473 968 2502 con-

139 2513 383 2556 fundentur.

190 2570 282 2611 Iste
291 2584 461 2624 pauper
472 2572 687 2622 clamavit,
700 2572 968 2614 etDominus

140 2626 362 2668 exaudivit
382 2640 498 2669 eum:
512 2629 536 2655 *
551 2633 595 2670 et
610 2627 664 2670 de
681 2628 882 2669 omnibus
897 2628 967 2669 tri-

139 2681 435 2725 bulationibus
456 2685 546 2736 ejus
565 2685 751 2727 salvavit
772 2698 881 2726 eum.

1072 266 1286 307 Immittet
1301 264 1497 316 Angelus
1508 263 1596 304 Dfii
1609 263 1654 304 in
1670 264 1855 305 circuitu

1021 322 1268 363 timentium
1292 334 1410 362 eum:
1435 322 1459 347 *
1486 324 1529 361 et
1556 320 1712 372 eripiet
1731 332 1819 361 eos.

1076 378 1264 419 Gustate
1288 382 1331 419 et
1355 375 1502 418 videte
1527 376 1734 428 quoniam
1758 378 1853 417 sua-

1021 436 1087 477 vis
1117 438 1184 476 est
1203 433 1435 474 Dominus:
1460 433 1483 458 *
1500 432 1658 474 beatus
1683 433 1758 482 vir,
1780 433 1855 485 qui

1021 495 1170 544 sperat
1196 490 1241 530 in
1270 502 1334 530 eo.

1073 547 1245 588 Timete
1267 545 1507 586 Dominum
1535 558 1687 586 omnes
1715 546 1855 586 sancti

1023 605 1132 655 ejus:
1169 603 1192 628 *
1234 601 1441 654 quoniam
1475 613 1565 642 non
1602 606 1669 642 est
1704 602 1854 654 inopia

1021 658 1276 701 timentibus
1305 671 1414 699 eum.

1075 716 1245 757 Divites
1275 715 1486 765 eguerunt
1518 718 1561 754 et
1594 713 1853 754 esurierunt:

1021 772 1044 798 *
1063 772 1335 824 inquirentes
1351 774 1499 811 autem
1513 770 1750 810 Dominum
1765 782 1853 810 non

1021 830 1270 870 minuentur
1290 827 1408 868 omni
1424 826 1554 868 bono.

1072 886 1232 926 Venite
1247 883 1336 932 filii,
1352 882 1500 924 audite
1516 895 1602 923 me:
1616 882 1639 907 *
1651 882 1853 923 timerem

1021 941 1200 982 Domini
1220 939 1391 981 docebo
1413 951 1503 980 vos.

1074 997 1182 1047 Quis
1203 1000 1269 1037 est
1292 995 1425 1036 homo
1453 995 1526 1046 qui
1550 994 1643 1035 vult
1661 995 1810 1035 vitam:
1830 995 1853 1019 *

1022 1053 1161 1104 diligit
1181 1052 1274 1093 dies
1294 1051 1444 1092 videre
1463 1050 1629 1092 bonos?

1071 1107 1264 1149 Prohibe
1282 1107 1475 1157 linguam
1494 1111 1615 1147 tuam
1635 1119 1660 1146 a
1679 1106 1809 1147 malo:
1829 1107 1852 1131 *

1021 1170 1065 1207 et
1083 1165 1199 1206 labia
1218 1169 1294 1206 tua
1311 1176 1366 1204 ne
1386 1163 1622 1215 loquantur
1643 1162 1802 1204 dolum.

1073 1222 1253 1262 Diverte
1283 1233 1308 1260 a
1334 1219 1467 1269 malo,
1498 1225 1541 1261 et
1571 1219 1639 1260 fac
1671 1219 1853 1260 bonum:

1020 1279 1044 1303 *
1080 1278 1250 1330 inquire
1288 1289 1466 1329 pacem,
1511 1280 1554 1317 et
1587 1277 1852 1328 persequere

1022 1346 1130 1374 eam.

1075 1393 1203 1435 Oculi
1221 1394 1400 1435 Domini
1425 1406 1559 1446 super
1582 1393 1735 1444 justos:
1760 1393 1784 1419 *
1810 1398 1853 1434 et

1021 1463 1149 1491 aures
1171 1451 1261 1501 ejus
1281 1450 1325 1490 in
1344 1462 1499 1502 preces
1521 1451 1684 1490 eorum.

1071 1506 1233 1547 Vultus
1262 1511 1409 1547 autem
1427 1505 1606 1546 Domini
1634 1518 1767 1557 super
1795 1505 1852 1546 fa-

1021 1562 1185 1603 cientes
1204 1562 1334 1602 mala:
1358 1562 1382 1587 *
1407 1566 1456 1603 ut
1480 1561 1638 1614 perdat
1658 1560 1713 1602 de
1738 1566 1853 1602 terra

1020 1631 1278 1659 memonam
1306 1630 1467 1658 eorum.

1073 1674 1382 1715 Clamaverunt
1416 1673 1532 1725 justi,
1568 1677 1610 1714 et
1637 1673 1852 1714 Dominus

1022 1729 1245 1771 exaudivit
1265 1743 1358 1771 eos:
1378 1730 1401 1755 *
1424 1734 1467 1771 et
1487 1742 1542 1770 ex
1560 1728 1762 1769 omnibus
1781 1730 1852 1770 tri-

1021 1785 1319 1828 bulationibus
1339 1787 1492 1826 eorum
1510 1784 1712 1825 liberavit
1732 1797 1819 1825 eos.

1072 1843 1204 1883 Juxta
1223 1847 1290 1884 est
1308 1842 1524 1883 Dominus
1542 1842 1606 1890 iis,
1627 1842 1701 1892 qui
1719 1841 1851 1883 tribu-

1020 1898 1111 1940 lato
1136 1903 1238 1940 sunt
1262 1898 1412 1940 corde:
1437 1898 1461 1923 *
1488 1902 1531 1939 et
1555 1897 1742 1938 humiles
1767 1900 1851 1950 spi-

1020 1955 1106 1996 ritu
1134 1955 1332 1996 salvabit.

1072 2011 1226 2053 Multae
1248 2011 1554 2053 tribulationes
1580 2012 1809 2063 justorum:
1828 2011 1851 2036 *

1022 2073 1066 2109 et
1098 2067 1153 2109 de
1191 2068 1393 2110 omnibus
1428 2067 1497 2109 his
1533 2067 1737 2110 liberabit
1774 2079 1851 2108 eos

1021 2124 1248 2165 Dominus,

1073 2180 1276 2222 Custodit
1311 2180 1526 2221 Dominus
1565 2179 1710 2220 omnia
1751 2191 1851 2220 ossa

1022 2238 1189 2277 eorum:
1214 2237 1238 2262 *
1261 2250 1396 2277 unum
1421 2249 1476 2277 ex
1499 2235 1568 2276 his
1593 2248 1682 2276 non
1707 2240 1851 2277 conte-

1019 2294 1150 2333 retur.

1072 2348 1192 2389 Mors
1217 2350 1503 2401 peccatorum
1528 2348 1734 2401 pessima:
1758 2349 1782 2375 *
1808 2353 1852 2390 et

1022 2404 1097 2456 qui
1116 2404 1304 2445 oderunt
1323 2405 1493 2455 justum,
1513 2404 1779 2456 delinquent.

1072 2459 1279 2501 Redimet
1310 2460 1526 2500 Dominus
1564 2460 1731 2501 animas
1764 2473 1849 2501 ser-

1020 2518 1176 2557 vorum
1187 2518 1380 2557 suorum:
1396 2517 1420 2543 *
1436 2520 1480 2557 et
1494 2529 1583 2557 non
1595 2516 1851 2568 delinquent

1021 2584 1173 2613 omnes
1194 2572 1268 2623 qui
1287 2576 1467 2624 sperant
1484 2573 1527 2613 in
1548 2585 1612 2613 eo.

1073 2630 1172 2669 Ant.
1210 2630 1375 2669 Imittet
1390 2628 1586 2679 Angelus
1603 2629 1690 2669 Dfii
1708 2629 1752 2668 in
1772 2628 1849 2668 cir-

1021 2684 1140 2726 cuitu
1153 2684 1400 2726 timentium
1413 2697 1523 2735 eum,
1535 2689 1578 2726 et
1589 2684 1745 2736 eripiet
1760 2695 1849 2724 eos.
