2040 2944
685 162 757 195 Die
787 162 833 196 15.
858 162 955 196 Nov.
1005 162 1039 196 S.
1065 162 1267 196 Gertrudis
1293 163 1397 205 Virg.

184 263 400 304 Dominus
423 275 504 314 per
523 262 617 303 vias
636 267 792 312 rectas,
813 268 856 305 et
876 266 1019 305 osten-

184 318 249 360 dit
281 319 343 360 illi
376 331 561 369 regnum
592 319 687 360 Dei.
730 320 827 370 Qui.
868 320 1020 362 Gloria

182 375 314 417 Patri.
342 375 437 425 Qui.

484 427 636 468 Lectio
658 427 711 466 ix.

184 479 399 584 Verum
431 484 487 525 ab
515 486 707 536 utroque
731 498 779 527 se
805 485 1019 528 dissidere

300 540 494 582 ostendit
510 540 726 583 Christus:
746 542 802 583 ab
821 542 907 584 illis
928 543 1018 596 qui-

184 597 295 646 dem,
321 597 396 649 qui
415 597 459 638 in
483 597 669 639 aliorum
687 600 928 650 perniciem
948 602 1018 641 ve-

183 654 316 703 niunt,
343 667 442 695 cum
468 653 596 703 dicat,
622 667 670 696 se
689 657 929 708 propterea
947 669 1018 698 ve-

182 713 312 760 nisse,
340 715 388 751 ut
414 711 549 752 vitam
576 710 791 753 haberent
817 717 861 753 et
886 712 1018 754 abun-

183 766 360 808 dantius
393 767 624 809 haberent:
662 767 717 810 ab
755 767 823 809 his
861 774 1018 819 autem,

183 824 257 875 qui
283 836 390 865 oves
416 837 440 865 a
463 823 579 876 lupis
606 824 702 876 rapi
726 825 1018 876 negligebant,

173 879 371 923 dicendo
407 893 454 922 se
491 886 679 934 propter
715 894 790 923 eas
828 882 1019 923 animam

180 939 358 989 ponere,
375 950 429 978 ne
446 950 554 978 oves
565 939 771 990 perirent.
791 938 906 979 Nam
918 952 1018 980 cum

181 993 205 1034 J
208 993 325 1035 uda'ei
368 994 514 1047 ipsum
560 995 814 1036 interimere
854 995 1019 1037 vellent

180 1063 269 1092 non
295 1053 534 1103 propterea
560 1050 728 1093 destitit
753 1064 779 1092 a
805 1051 1017 1102 doctrina,

179 1119 323 1159 neque
351 1106 582 1149 credentes
601 1107 797 1158 tradidit,
822 1108 902 1150 sed
920 1111 1015 1162 per-

181 1164 304 1213 stitit,
325 1168 368 1205 et
386 1164 568 1216 pertulit
586 1170 792 1206 mortem:
810 1165 912 1207 ideo
935 1165 1016 1207 fre-

182 1222 367 1272 quenter
403 1221 559 1273 inquit:
596 1221 692 1272 Ego
731 1235 828 1262 sum
862 1227 1017 1275 pastor

180 1277 335 1318 bonus.
377 1277 487 1327 Quae
515 1290 615 1318 cum
641 1277 761 1319 nullo
790 1278 869 1319 niti
896 1279 1015 1320 testi-

180 1334 330 1375 monio
356 1333 610 1376 viderentur
635 1334 773 1386 (quod
798 1335 912 1376 enim
938 1337 1015 1387 po-

181 1395 307 1431 neret
343 1391 534 1431 animam
570 1404 714 1440 suam,
751 1404 841 1432 non
876 1391 1015 1433 multo

180 1452 286 1499 post
314 1460 361 1488 re
395 1446 747 1489 demonstratum
779 1452 860 1499 est3
895 1446 1017 1499 quod

181 1508 330 1545 autem
346 1503 481 1545 vitam
499 1503 715 1546 haberent
734 1509 778 1546 et
793 1503 1016 1545 abundan-

179 1560 267 1601 tius
299 1559 528 1610 haberent,
562 1564 823 1602 eventurum
851 1566 946 1602 erat
972 1561 1016 1601 in

180 1615 328 1658 futuro
358 1616 536 1668 saeculo)
570 1617 757 1659 alterum
786 1616 842 1658 ab
875 1617 1014 1659 altero

181 1673 424 1715 confirmat.
487 1674 548 1714 Te
566 1673 722 1715 Deum.
741 1675 801 1714 14.

233 1735 348 1779 Vesp.
372 1746 393 1769 a
412 1735 504 1778 Cap.
524 1736 570 1769 de
597 1747 702 1779 sequ.
722 1739 879 1771 comem.
898 1748 1012 1780 praec.

370 1812 454 1853 Die
474 1813 533 1852 15.
553 1812 832 1855 Novembris.

309 1875 352 1915 S.
382 1875 644 1918 Gertrudis
673 1876 882 1927 Virginis

512 1938 678 1981 Duplex.

235 1985 371 2019 Omnia
398 1986 444 2020 de
471 1986 674 2021 Communi
692 1986 796 2028 Virg.
821 1987 895 2030 [83]
916 1998 1013 2031 prae-

179 2038 236 2067 ter
260 2041 471 2077 sequentia.

518 2079 681 2120 Oratio.

270 2144 365 2179 eus,
399 2132 474 2184 qui
500 2133 544 2173 in
572 2132 707 2175 corde
733 2133 879 2175 beatae
907 2134 1013 2176 Ger-

294 2187 436 2230 trudis
456 2189 651 2240 Virginis
676 2190 911 2242 jucundam
933 2191 1014 2233 tibi

178 2244 451 2286 mansionem
469 2248 752 2299 praeparasti:
771 2247 910 2300 ipsius
927 2250 1013 2289 me-

178 2301 272 2341 ritis
298 2305 341 2342 et
364 2301 681 2345 intercessione
707 2304 855 2346 cordis
874 2305 1014 2346 nostri

177 2356 372 2397 maculas
415 2358 653 2401 clementer
698 2360 922 2412 absterge,
970 2366 1014 2402 et

178 2413 375 2463 ejusdem
398 2415 542 2457 tribue
561 2416 755 2468 gaudere
775 2417 1013 2460 consortio.

178 2469 263 2510 Per
282 2469 531 2512 Dominum.

234 2534 281 2568 Et
296 2534 337 2568 fit
352 2544 548 2568 commem.
565 2533 730 2577 praeced.

233 2583 334 2622 Ant.
372 2579 454 2630 Qui
487 2580 582 2622 vult
613 2585 761 2624 venire
795 2588 899 2635 post
930 2597 1011 2634 me,

130 2661 133 2664 -
179 2636 369 2687 abneget
387 2638 686 2688 semetipsum,
706 2645 750 2680 et
770 2639 898 2681 tollat
918 2653 1010 2682 cru-

178 2706 274 2735 cem
293 2704 428 2741 suam,
449 2696 493 2733 et
511 2696 722 2744 sequatur
740 2708 822 2737 me.

1126 258 1176 310 V.
1187 264 1212 305 J
1213 269 1337 306 ustus
1348 268 1396 306 ut
1406 264 1553 317 palma
1563 265 1750 307 florebit.
1766 268 1817 319 R.
1827 266 1908 308 Sic-

1074 326 1121 361 ut
1141 320 1300 362 cedrus
1319 320 1476 363 Libani
1495 321 1867 375 multiplicabitur.

1126 377 1292 418 Oratio.
1317 378 1487 428 Excita,
1508 381 1773 430 quaesumus.
1793 380 1888 420 433.

1125 443 1167 476 In
1202 443 1226 476 Ι.
1256 443 1456 477 Nocturno
1490 443 1694 479 Lectiones
1727 445 1774 479 de
1806 444 1904 479 Scri-

1072 495 1184 532 ptura
1210 498 1444 525 occurrente.

1303 549 1352 587 In
1376 550 1426 587 II.
1452 549 1677 588 Nocturno.

1375 605 1527 645 Lectio
1549 606 1601 646 iv.

1076 662 1199 732 fg?
1205 659 1398 701 ertrudis
1408 659 1559 701 Islebii
1574 660 1618 700 in
1627 661 1818 702 Saxonia
1831 664 1905 703 no-

1076 706 1199 772 μζξξχῑ
1221 715 1298 757 bili
1325 718 1486 767 genere
1514 722 1635 765 nata,
1666 717 1906 770 quinquen-

1076 756 1199 797 &ssss
1219 773 1286 813 nis
1301 772 1345 813 in
1360 774 1632 815 monasterio
1648 772 1907 816 Rodarden-

1072 829 1119 878 si,
1146 828 1313 871 ordinis
1339 831 1480 872 sancti
1506 829 1753 880 Benedicti,
1779 831 1905 882 virgi-

1071 885 1256 927 nitatem
1302 899 1426 927 suam
1471 900 1524 928 ac
1569 889 1762 939 seipsam
1801 887 1826 928 J
1829 900 1907 928 esu

1072 941 1249 983 Christo
1283 942 1452 984 obtulit.
1495 944 1593 994 Quo
1623 956 1678 984 ex
1704 945 1907 996 tempore

1071 1011 1097 1039 a
1121 998 1355 1040 mundanis
1380 999 1513 1040 rebus
1541 1013 1725 1052 prorsus
1754 1000 1907 1051 aliena,

1071 1055 1311 1107 virtutique
1331 1054 1486 1097 sedulo
1506 1057 1686 1105 intenta,
1713 1057 1906 1099 coelestis

1070 1112 1174 1153 vitae
1197 1124 1336 1162 genus
1357 1112 1558 1154 instituit.
1591 1111 1664 1154 Ad
1682 1112 1906 1154 humanio-

1071 1181 1167 1209 rum
1221 1168 1467 1211 litterarum
1513 1169 1716 1211 notitiam
1760 1182 1906 1211 rerum

1071 1225 1318 1267 divinarum
1364 1226 1661 1276 cognitionem
1699 1225 1906 1277 adjunxit.

1071 1282 1267 1332 Quarum
1291 1282 1578 1324 meditatione
1603 1282 1906 1324 vehementius

1071 1338 1128 1380 ad
1141 1339 1351 1380 virtutem
1364 1339 1553 1388 incensa,
1569 1338 1694 1381 brevi
1709 1339 1906 1381 christia-

1069 1408 1171 1436 nam
1194 1396 1514 1448 perfectionem
1538 1395 1701 1448 adepta
1725 1401 1803 1437 est.
1836 1396 1905 1438 De

1071 1451 1246 1494 Christo
1268 1453 1448 1505 ejusque
1468 1453 1572 1493 vitae
1587 1452 1807 1504 mysteriis
1825 1465 1903 1494 sae-

1068 1512 1312 1561 penumero
1350 1509 1426 1561 pio
1465 1522 1566 1550 cum
1605 1509 1737 1549 animi
1773 1522 1905 1550 sensu

1069 1565 1347 1617 loquebatur,
1370 1567 1593 1617 unamque
1612 1565 1696 1606 Dei
1719 1565 1906 1616 gloriam

1070 1622 1280 1673 cogitans,
1304 1622 1361 1663 ad
1383 1622 1503 1662 illam
1528 1626 1634 1663 vota
1659 1634 1738 1663 sua
1758 1622 1905 1663 omnia

1069 1684 1113 1720 et
1132 1679 1328 1720 actiones
1348 1678 1578 1720 referebat.
1607 1678 1816 1728 Quamvis
1831 1691 1903 1720 au-

1067 1740 1158 1777 tem
1182 1736 1332 1778 multis
1357 1736 1528 1777 eximiis
1551 1738 1721 1777 naturae
1747 1739 1791 1777 et
1809 1738 1904 1786 gra-

1069 1792 1143 1833 tiae
1176 1792 1304 1834 donis
1338 1805 1363 1834 a
1389 1793 1488 1834 Deo
1517 1795 1646 1840 aucta
1674 1796 1810 1842 esset,
1842 1792 1904 1834 ita

1067 1854 1215 1890 tamen
1235 1849 1319 1891 sibi
1338 1849 1435 1902 ipsa
1454 1848 1705 1898 vilescebat,
1724 1853 1773 1890 ut
1790 1849 1903 1890 inter

1068 1907 1295 1958 praecipua
1330 1906 1491 1947 divinae
1527 1905 1739 1947 bonitatis
1774 1904 1902 1945 mira-

1068 1962 1177 2012 cula,
1196 1962 1282 2004 hoc
1301 1963 1407 2004 item
1420 1964 1699 2011 memoraret,
1720 1961 1840 2014 quod
1855 1973 1902 2003 se

1067 2017 1416 2070 indignissimam
1439 2017 1784 2060 misericorditer
1810 2030 1901 2059 sus-

1066 2074 1238 2117 tineret.
1484 2077 1489 2081 ’

1122 2133 1174 2184 R.
1205 2133 1395 2185 Propter
1426 2133 1675 2182 veritatem,
1709 2136 1753 2173 et
1783 2144 1901 2172 man—

1067 2189 1359 2239 suetudinem,
1385 2194 1429 2230 et
1453 2189 1676 2240 justitiam:
1703 2189 1727 2214 *
1747 2188 1804 2229 Et
1828 2187 1900 2230 de-

1067 2243 1200 2287 ducet
1231 2251 1275 2287 te
1307 2245 1564 2288 mirabiliter
1600 2245 1782 2287 dextera
1813 2249 1901 2285 tua.

1068 2297 1121 2349 V.
1135 2302 1291 2354 Specie
1311 2307 1387 2343 tua
1407 2307 1451 2344 et
1470 2300 1794 2355 pulchritudine
1813 2305 1900 2350 tua,

1065 2354 1258 2408 intende,
1286 2360 1501 2411 prospere
1526 2356 1736 2411 procede,
1765 2361 1808 2398 et
1836 2369 1900 2398 re-

1065 2427 1161 2465 gna.
1189 2415 1247 2456 Et
1267 2414 1468 2457 deducet.

1381 2472 1533 2513 Lectio
1554 2486 1591 2512 v.

1068 2524 1400 2630 Trigesimum
1415 2527 1559 2569 aetatis
1574 2539 1735 2567 annum
1754 2539 1899 2577 agens

1169 2585 1360 2637 primum
1401 2582 1705 2625 Rodardensis
1750 2595 1898 2624 mona-

1065 2641 1205 2691 sterii,
1251 2640 1326 2682 ubi
1372 2639 1624 2691 religiosam
1660 2640 1797 2680 vitam
1833 2643 1901 2680 est

1063 2697 1278 2749 professa,
1300 2695 1459 2738 deinde
1478 2695 1712 2748 Elpediani
1731 2707 1898 2748 praeses
