2040 2944
722 194 926 228 Dominica
950 195 1015 229 ΙΙΙ.
1041 196 1286 239 Septembris.

156 299 286 328 ovem
317 299 464 338 unam,
502 291 545 329 et
580 286 775 328 inanrem
806 290 983 329 auream

154 356 296 384 unam.

210 402 261 454 Rz.
283 399 472 442 Utinam.
492 399 578 440 133.

461 459 613 501 Lectio
633 460 687 500 iii.

250 512 421 554 ominus
434 516 580 554 autem
597 511 823 553 benedixit
840 515 983 554 novis-

254 569 377 610 simis
396 570 418 610 J
424 568 481 610 ob
508 568 646 619 magis
671 580 802 620 quam
826 569 982 620 princi—

153 625 229 678 pio
249 626 352 676 ejus.
388 626 444 667 Et
462 625 578 666 facta
597 629 698 665 sunt
718 624 757 665 ei
778 628 982 676 quatuor-

154 681 297 723 decim
321 681 458 723 millia
483 681 648 730 ovium,
677 685 721 722 et
746 693 824 722 sex
848 681 984 723 millia

154 738 431 789 camelorum,
452 742 497 779 et
515 737 633 779 mille
652 738 751 790 juga
770 737 919 788 boum,
940 744 984 780 et

154 794 272 836 mille
292 795 439 836 asinae.
473 795 530 836 Et
552 794 726 836 fuerunt
749 795 789 836 ei
813 800 983 848 septem

154 851 251 901 filii,
285 856 328 893 et
355 856 446 892 tres
474 850 587 892 filiae.
622 851 679 892 Et
706 852 881 893 vocavit
909 864 982 893 no-

154 920 255 948 men
274 909 401 948 unius
420 907 566 957 Diem,
592 912 636 949 et
654 919 813 949 nomen
833 911 983 949 secun-

155 963 225 1005 dae
245 964 457 1014 Cassiam,
478 968 521 1005 et
539 976 700 1005 nomen
718 964 860 1005 tertiae
881 964 983 1006 Cor-

154 1019 344 1062 nustibii.
378 1020 481 1061 Non
505 1025 605 1061 sunt
630 1025 777 1062 autem
795 1020 983 1062 inventae

154 1076 359 1118 mulieres
389 1077 604 1129 speciosae
633 1077 746 1117 sicut
771 1076 874 1118 filiae
898 1077 923 1117 J
926 1077 984 1119 ob

154 1132 198 1173 in
216 1133 421 1174 universa
439 1138 570 1174 terra:
598 1132 807 1184 deditque
828 1133 890 1174 eis
909 1146 983 1185 pa-

153 1193 222 1230 ter
245 1202 349 1230 suus
372 1189 678 1230 haereditatem
696 1189 808 1230 inter
827 1189 984 1231 fratres

155 1247 316 1287 earum.
344 1245 467 1287 Vixit
486 1250 632 1288 autem
651 1245 675 1286 J
678 1245 736 1286 ob
755 1250 859 1298 post
877 1245 983 1296 haec,

155 1306 331 1343 centum
350 1301 640 1354 quadraginta
659 1301 792 1351 annis,
812 1306 855 1343 et
874 1302 984 1343 vidit

154 1357 270 1399 filios
298 1370 419 1407 suos,
449 1363 493 1400 et
520 1358 636 1400 filios
663 1357 855 1399 filiorum
885 1360 982 1399 suo-

154 1427 262 1465 rum,
281 1427 423 1467 usque
443 1414 500 1456 ad
520 1419 721 1466 quartam
739 1415 982 1465 generatio-

153 1483 269 1522 nem,
296 1475 340 1512 et
357 1473 558 1512 mortuus
579 1476 646 1512 est
665 1483 813 1521 senex,
834 1476 877 1513 et
895 1471 983 1524 ple-

154 1539 235 1568 nus
256 1526 437 1568 dierum.

206 1587 259 1640 Rz.
285 1584 430 1634 Quare
452 1582 716 1625 detraxistis.
735 1584 815 1624 131.

432 1687 460 1723 S
479 1697 504 1723 a
520 1687 547 1722 b
565 1686 591 1722 b
611 1697 636 1722 a
652 1690 669 1722 t
686 1697 710 1722 o

213 1740 299 1771 ante
323 1736 565 1771 Dominicam
589 1736 653 1770 ΠΙ.
677 1736 925 1779 Septembris.

207 1790 279 1831 Ad
299 1791 472 1841 Magnif.
509 1792 608 1832 Ant.
645 1791 711 1832 Ne
735 1791 982 1832 reminisca-

154 1849 215 1890 ris
234 1850 258 1893 ’ξ
277 1848 466 1889 Domine
492 1847 652 1888 delicta
675 1859 787 1896 mea,
814 1847 884 1888 vel
908 1860 981 1899 pa-

154 1907 328 1946 rentum
347 1905 563 1945 meorum:
582 1915 726 1955 neque
745 1903 983 1944 vindictam

156 1974 302 2003 sumas
324 1959 379 2002 de
395 1959 589 2013 peccatis
608 1960 727 2000 meis.

208 2014 259 2067 V.
295 2017 561 2070 Vespertina
596 2016 737 2057 oratio
773 2015 983 2057 ascendat

154 2072 212 2115 ad
242 2078 288 2115 te
317 2073 517 2114 Domine.
570 2076 621 2126 R.
653 2072 710 2113 Et
744 2071 983 2113 descendat

155 2142 288 2182 super
311 2142 392 2171 nos
415 2128 719 2170 misericordia
741 2133 828 2170 tua.

412 2210 725 2237 ῄο-ᾥ-ο--ῌ

185 2285 460 2334 Dominica
487 2283 578 2333 ΙΙΙ.
607 2283 950 2347 Septembris.

391 2360 440 2398 In
467 2359 496 2398 Ι.
526 2358 750 2398 Nocturno.

325 2418 484 2471 Incipit
508 2417 619 2459 liber
646 2416 815 2459 Tobiae.

261 2479 414 2521 Lectio
435 2480 459 2519 i.
634 2482 640 2490 “
732 2478 834 2530 Cap.
850 2480 879 2518 1.

188 2561 200 2581 ;
237 2554 266 2573 1
287 2539 412 2581 obias
459 2552 513 2580 ex
557 2538 674 2580 tribu
719 2542 762 2578 et
804 2536 982 2577 civitate

170 2592 203 2648 ²4
239 2592 274 2646 ἷζε
303 2594 542 2648 Nephthali
565 2596 678 2647 (quae
704 2598 770 2635 est
792 2592 835 2632 in
855 2604 981 2644 supe-

239 2645 262 2654 ”
303 2651 495 2694 rioribus
519 2650 715 2693 Galilaeae
740 2660 873 2700 supra
896 2647 980 2688 Na-

157 2709 306 2757 asson‚
336 2713 441 2759 post
472 2707 603 2756 viam,
643 2718 742 2758 quae
774 2704 893 2746 ducit
926 2703 982 2744 ad

309 2847 373 2871 Pars
388 2847 558 2872 Autumnalis.

1799 194 1860 228 141

1036 288 1334 340 Occidentem,
1359 291 1403 331 in
1423 291 1598 333 sinistro
1619 290 1785 331 habens
1806 290 1859 331 ci-

1035 345 1217 386 vitatem
1235 345 1413 399 Sephet)
1438 360 1537 388 cum
1562 351 1718 399 captus
1744 351 1861 388 esset

1034 401 1078 440 in
1105 400 1259 443 diebus
1285 402 1562 444 Salmanasar
1588 403 1704 453 regis
1728 402 1860 455 Assy-

1035 457 1214 506 riorum,
1242 458 1286 498 in
1306 459 1560 511 captivitate
1580 463 1726 500 tamen
1745 459 1860 511 posi-

1035 517 1117 563 tus,
1138 514 1253 554 viam
1268 515 1464 556 veritatis
1478 528 1565 557 non
1581 515 1783 564 deseruit,
1802 515 1862 556 ita

1035 574 1083 610 ut
1120 570 1280 620 omnia,
1330 583 1428 622 quae
1471 570 1632 612 habere
1670 573 1861 623 poterat,

1036 626 1232 677 quotidie
1254 627 1524 679 concaptivis
1544 627 1761 676 fratribus,
1788 628 1862 679 qui

1036 687 1160 723 erant
1192 695 1245 723 ex
1279 683 1369 734 ejus
1401 684 1577 734 genere,
1608 683 1861 735 impertiret.

1037 737 1232 790 Cumque
1265 745 1382 780 esset
1413 739 1554 790 junior
1588 738 1787 780 omnibus
1819 740 1862 780 in

1035 793 1154 835 tribu
1172 794 1430 847 Nephthali‚
1458 794 1564 835 nihil
1589 798 1734 835 tamen
1758 808 1860 847 pue-

1036 850 1114 892 rile
1133 851 1269 901 gessit
1288 851 1331 891 in
1351 853 1495 904 opere.

1092 910 1142 960 R.
1165 907 1275 949 Peto
1301 908 1507 957 Domine,
1535 914 1582 951 ut
1608 908 1663 951 de
1689 909 1861 951 vinculo

1035 963 1292 1015 improperii
1311 963 1436 1016 hujus
1456 964 1662 1007 absolvas
1682 978 1762 1014 me,
1788 971 1862 1006 aut

1037 1025 1155 1061 certe
1185 1019 1374 1085 desuper
1402 1027 1564 1063 terram
1593 1022 1754 1074 eripias
1779 1035 1863 1063 me:

1038 1080 1061 1103 *
1076 1075 1145 1117 Ne
1165 1077 1457 1126 reminiscaris
1478 1077 1637 1120 delicta
1656 1091 1768 1127 mea,
1793 1092 1818 1117 v
1810 1078 1862 1119 el

1036 1133 1267 1184 parentum
1300 1135 1516 1185 meorum,
1550 1147 1692 1186 neque
1725 1134 1861 1175 vindi-

1037 1193 1152 1229 ctam
1172 1201 1317 1230 sumas
1340 1188 1395 1231 de
1409 1191 1603 1242 peccatis
1618 1190 1741 1231 meis:
1761 1190 1861 1242 quia

1037 1244 1152 1285 eruis
1169 1245 1432 1287 sustinentes
1448 1251 1493 1287 te
1507 1246 1614 1287 Dfie.
1639 1242 1690 1294 V.
1705 1246 1862 1287 Omnia

1037 1301 1151 1341 enim
1178 1301 1338 1352 judicia
1364 1306 1439 1342 tua
1467 1303 1578 1353 justa
1607 1307 1720 1351 sunt,
1751 1307 1793 1343 et
1817 1315 1860 1343 o-

1035 1369 1157 1397 mnes
1182 1357 1265 1398 viae
1289 1363 1377 1399 tuae
1402 1358 1701 1399 misericordia
1727 1364 1769 1400 et
1792 1360 1862 1399 ve-

1035 1413 1156 1454 ritas:
1193 1418 1236 1454 et
1272 1427 1385 1455 nunc
1417 1415 1605 1455 Domine
1642 1416 1861 1455 memento

1035 1469 1131 1510 mei.
1163 1469 1231 1511 Ne
1256 1470 1558 1511 reminiscaris.

1348 1527 1498 1567 Lectio
1519 1527 1557 1566 ii.

1126 1581 1283 1633 enique
1309 1594 1407 1623 cum
1425 1582 1538 1623 irent
1557 1595 1708 1624 omnes
1727 1582 1783 1624 ad
1803 1584 1861 1623 vi-

1135 1637 1252 1679 tulos
1280 1641 1454 1687 aureOS‚
1484 1651 1595 1689 quos
1624 1639 1861 1680 Jeroboam

1036 1694 1200 1735 fecerat
1218 1706 1296 1735 rex
1315 1693 1466 1744 Israel,
1494 1694 1564 1735 hic
1588 1694 1707 1735 solus
1730 1695 1861 1745 fugie-

1035 1749 1111 1790 bat
1131 1750 1353 1791 consortia
1373 1750 1580 1799 omnium,
1607 1750 1686 1791 sed
1711 1753 1861 1803 perge—

1034 1805 1110 1847 bat
1133 1805 1178 1846 in
1196 1806 1439 1847 Jerusalem
1462 1806 1519 1847 ad
1543 1806 1753 1859 templum
1773 1807 1860 1848 Do-

1034 1862 1153 1912 mini,
1199 1867 1243 1903 et
1278 1862 1339 1904 ibi
1375 1862 1589 1904 adorabat
1626 1863 1860 1903 Dominum

1035 1919 1178 1960 Deum
1198 1919 1346 1969 Israel,
1368 1919 1514 1960 omnia
1532 1919 1753 1971 primitiva
1773 1933 1861 1969 sua,

1036 1980 1080 2017 et
1107 1975 1298 2017 decimas
1327 1988 1427 2016 suas
1451 1975 1639 2017 fideliter
1664 1975 1861 2025 offerens,

1034 2032 1095 2073 ita
1118 2037 1167 2073 ut
1193 2032 1237 2072 in
1262 2032 1391 2073 tertio
1417 2045 1530 2073 anno
1556 2032 1792 2084 proselytis
1819 2037 1862 2073 et

1036 2087 1216 2129 advenis
1249 2089 1518 2129 ministraret
1545 2100 1719 2129 omnem
1748 2087 1861 2129 deci-

1035 2144 1282 2185 mationem.
1318 2144 1429 2185 Haec
1459 2148 1503 2185 et
1526 2143 1592 2184 his
1616 2143 1774 2184 similia
1798 2156 1860 2185 se-

1035 2199 1226 2241 cundum
1240 2200 1382 2250 legem
1392 2199 1476 2241 Dei
1490 2199 1697 2251 puerulus
1714 2199 1860 2242 obser-

1034 2256 1177 2297 vabat.
1215 2256 1324 2296 Cum
1347 2267 1451 2297 vero
1476 2255 1617 2296 factus
1644 2260 1761 2296 esset
1785 2256 1860 2304 vir,

1034 2312 1206 2364 accepit
1237 2314 1419 2352 uxorem
1452 2311 1625 2352 Annam
1657 2311 1712 2352 de
1743 2311 1860 2353 tribu

1034 2380 1128 2417 sua,
1159 2370 1396 2419 genuitque
1429 2379 1484 2408 ex
1516 2379 1568 2408 ea
1599 2367 1753 2416 filium,
1784 2379 1859 2408 no-

1033 2435 1134 2464 men
1158 2436 1284 2464 suum
1307 2423 1537 2475 imponens
1562 2423 1618 2472 ei,
1647 2435 1776 2474 quem
1804 2422 1858 2463 ab

1033 2479 1214 2520 infantia
1245 2478 1399 2521 timere
1431 2479 1576 2520 Deum
1612 2478 1778 2528 docuit,
1815 2483 1859 2519 et

1035 2534 1253 2576 abstinere
1272 2534 1327 2576 ab
1348 2534 1467 2575 omni
1485 2536 1684 2587 peccato.

1090 2592 1140 2642 R.
1152 2590 1280 2631 Omni
1293 2591 1492 2643 tempore
1507 2590 1692 2632 benedic
1706 2590 1857 2637 Deum,

1035 2651 1078 2689 et
1104 2652 1206 2699 pete
1232 2645 1287 2687 ab
1313 2658 1367 2687 eo
1392 2651 1440 2687 ut
1458 2646 1550 2687 vias
1569 2652 1666 2687 tuas
1686 2644 1856 2694 dirigat:

1039 2704 1060 2727 *
1078 2704 1134 2744 Et
1154 2703 1198 2742 in
1222 2702 1341 2743 omni
1366 2703 1565 2754 tempore
1586 2699 1765 2742 consilia
1782 2704 1856 2740 tua

1589 2827 1651 2861 10*
