2040 2944
700 228 801 261 Infra
828 227 1120 260 chdomadum
1147 227 1167 260 i.
1194 227 1435 260 Novembris.

208 331 313 374 tem,
343 336 471 376 quem
495 322 653 363 linistis
678 321 844 372 absque
869 326 1033 373 tempe-

209 383 416 422 ramento.

263 438 311 488 R'·
336 436 498 489 Aspice
518 434 717 484 Domine‚
737 434 849 486 quia.
869 434 956 475 195.

446 543 601 580 Feria
626 542 794 579 Sexta.

329 600 394 639 De
421 595 652 638 Ezechiele
680 594 913 648 Propheta.

286 658 436 699 Lectio
458 658 482 697 i.
777 656 953 707 Cap.15.

265 723 309 763 ,At
336 718 476 760 factus
504 722 571 759 est
599 729 745 758 sermo
771 715 948 757 Domini
976 714 1032 755 ad

307 787 393 825 me,
414 773 578 816 dicens:
602 773 683 814 Fili
701 772 899 822 hominiS,
927 770 1032 823 quid

206 832 282 874 fiet
315 830 370 873 de
396 831 515 882 ligno
544 830 644 871 vitis
673 842 727 871 ex
756 827 959 870 omnibus
985 827 1031 868 li-

205 889 301 941 gnis
326 890 568 936 nemorum‚
598 899 696 939 quae
725 890 825 927 sunt
850 885 962 926 inter
986 883 1032 924 li-

206 958 292 996 gna
323 942 556 986 silvarum?
597 941 824 995 Numquid
854 940 1033 983 tolletur

207 1001 262 1043 de
283 1014 334 1043 ea
353 1001 534 1052 lignum,
560 1004 608 1041 ut
630 999 707 1041 fiat
726 1011 856 1052 opus,
882 1002 956 1039 aut
975 997 1032 1038 fa-

206 1057 446 1100 bricabitur
477 1056 532 1099 de
566 1069 617 1098 ea
647 1055 852 1109 paxillus,
884 1059 932 1096 ut
961 1053 1032 1095 de-

206 1114 397 1167 pendeat
426 1113 470 1154 in
503 1126 556 1155 eo
591 1112 901 1165 quodcumque
933 1109 1032 1152 vas?

207 1172 321 1212 Ecce
360 1170 447 1222 igni
482 1169 631 1211 datum
673 1174 740 1210 est
784 1168 827 1209 in
873 1180 1035 1209 escam:

206 1229 437 1280 utramque
456 1230 628 1279 partem
655 1226 745 1277 ejus
764 1223 1035 1276 consumpsit

208 1284 333 1334 ignis,
357 1288 402 1325 et
419 1281 633 1324 medietas
657 1282 749 1334 ejus
768 1280 948 1323 redacta
968 1285 1034 1321 est

208 1339 250 1381 in
274 1339 480 1381 favillam:
506 1335 717 1390 numquid
739 1337 847 1379 utile
871 1337 953 1378 erit
978 1335 1034 1377 ad

209 1395 344 1449 opus?
376 1396 520 1438 Etiam
546 1408 645 1437 cum
669 1399 785 1436 esset
807 1396 1034 1444 integrum,

209 1466 297 1494 non
325 1458 419 1495 erat
446 1457 598 1506 aptum
626 1450 682 1492 ad
708 1463 836 1503 opus:
870 1455 1033 1503 quanto

208 1509 347 1561 magis
368 1522 466 1551 cum
484 1508 592 1550 illud
615 1507 726 1559 ignis
746 1506 1034 1558 devoraverit,

210 1571 254 1608 et
286 1565 593 1616 combusserit,
636 1563 742 1604 nihil
779 1577 833 1606 ex
868 1563 922 1605 eo
960 1563 1036 1604 fiet

210 1620 380 1675 operis?

262 1679 311 1731 R.
340 1679 480 1732 Super
498 1690 657 1719 muros.
677 1678 765 1719 196.

516 1735 668 1776 Lectio
690 1735 729 1774 ii.

295 1793 501 1844 ropterea
542 1791 638 1833 haec
679 1790 784 1832 dicit
820 1789 1035 1831 Dominus

314 1848 449 1889 Deus:
483 1846 716 1898 Quomodo
743 1846 908 1898 lignum
935 1845 1035 1886 vitis

208 1905 322 1946 inter
359 1903 475 1955 ligna
512 1903 738 1953 silvarum,
779 1901 899 1955 quod
934 1901 1036 1943 dedi

208 1961 297 2012 igni
329 1960 386 2002 ad
420 1958 736 2009 devorandum,
771 1959 833 2000 sic
864 1958 1035 2000 tradam

208 2017 477 2059 habitatores
503 2017 758 2058 Jerusalem.
791 2016 849 2057 Et
872 2027 1036 2068 ponam

209 2073 366 2115 faciem
383 2086 527 2115 meam
546 2073 590 2113 in
609 2085 701 2114 eos:
721 2072 777 2114 de
795 2072 895 2122 igne
915 2083 1034 2122 egre-

211 2130 402 2179 dientur,
428 2135 472 2172 et
491 2129 602 2181 ignis
622 2132 852 2170 consumet
871 2140 963 2169 eos:
992 2133 1035 2169 et

210 2187 357 2228 scietis
377 2186 479 2239 quia
498 2199 580 2238 ego
595 2185 822 2234 Dominus⁷
840 2197 939 2225 cum
958 2197 1034 2237 po-

210 2246 340 2284 suero
366 2243 522 2285 faciem
546 2255 688 2284 meam
711 2242 755 2283 in
779 2254 873 2291 eos,
901 2245 945 2282 et
964 2240 1035 2282 de-

211 2299 318 2341 dero
335 2305 499 2342 terram
517 2300 692 2349 inviam,
713 2304 758 2340 et
777 2298 1036 2340 desolatam:

213 2368 265 2397 eo
305 2355 425 2408 quod
460 2356 822 2409 praevaricatores
861 2356 1035 2396 exstite-

211 2411 305 2462 rint,
326 2412 432 2454 dicit
450 2413 666 2454 Dominus
686 2412 817 2454 Deus.

265 2467 315 2519 Ra
340 2469 468 2511 Muro
486 2474 575 2511 tuo.
593 2469 682 2510 196.

316 2523 467 2565 Lectio
488 2522 543 2562 iii.
752 2523 855 2574 Cap.
875 2523 934 2562 16.

293 2585 311 2622 t
338 2580 478 2622 factus
510 2585 577 2622 est
604 2594 748 2623 sermo
775 2581 954 2623 Domini
981 2581 1037 2623 ad

306 2649 388 2686 me,
408 2635 573 2678 dicens:
592 2637 674 2678 Fili
691 2637 890 2688 hominis,
910 2643 1037 2679 notas

213 2693 281 2734 fac
294 2693 537 2734 Jerusalem
554 2693 902 2736 abominationes
922 2707 1037 2735 suas:

213 2754 256 2790 et
275 2748 409 2791 dices:
429 2749 540 2790 Haec
559 2748 664 2791 dicit
682 2750 897 2792 Dominus
916 2750 1037 2792 Deus

1085 320 1342 362 Jerusalem:
1361 320 1506 362 Radix
1523 326 1610 370 tua,
1629 325 1673 362 et
1686 321 1910 373 generatio

1084 382 1159 419 tua
1188 377 1243 419 de
1270 382 1388 419 terra
1414 376 1636 419 Chanaan:
1662 382 1789 430 pater
1810 382 1911 419 tuus

1085 433 1381 483 Amorrha‘ms,
1408 438 1451 475 et
1469 438 1609 475 mater
1627 438 1703 475 tua
1722 433 1911 476 Ceth-aea.

1085 490 1140 531 Et
1166 489 1340 542 quando
1364 495 1466 532 nata
1489 503 1536 532 es
1555 490 1599 530 in
1617 488 1688 532 die
1708 495 1829 532 ortus
1847 490 1911 532 tui

1084 559 1172 588 non
1200 551 1267 588 est
1295 549 1508 599 praecisus
1538 545 1771 588 umbilicus
1798 551 1910 596 tuus,

1085 607 1129 644 et
1147 615 1262 655 aqua
1280 615 1368 644 non
1388 615 1434 644 es
1448 603 1540 645 lota
1554 603 1598 644 in
1614 603 1811 652 salutem,
1828 615 1910 645 nec

1084 659 1176 701 sale
1209 659 1353 710 salita,
1393 671 1475 701 nec
1510 659 1707 701 involuta
1742 660 1909 712 pannis.

1083 715 1185 757 Non
1215 716 1413 769 pepercit
1445 729 1577 769 super
1607 721 1652 758 te
1681 715 1834 758 oculus
1861 721 1909 758 ut

1084 772 1248 814 faceret
1265 772 1345 815 tibi
1363 786 1497 814 unum
1520 772 1575 814 de
1594 772 1677 823 his,
1705 772 1908 815 misertus

1084 829 1162 870 tui:
1195 828 1274 871 sed
1298 829 1495 882 projecta
1522 842 1568 871 es
1595 841 1727 882 super
1750 828 1907 871 faciem

1083 890 1213 927 terrae
1232 885 1275 926 in
1295 885 1539 937 abjectione
1565 886 1720 927 animae
1739 890 1842 936 tuae,
1867 885 1911 926 in

1085 941 1156 984 die
1177 955 1263 994 qua
1281 947 1383 984 nata
1403 955 1461 984 es.

1140 1000 1191 1050 Rc,
1211 998 1503 1040 Sustinuimus
1522 1011 1687 1052 pacem.
1704 1000 1792 1040 196.

1353 1108 1642 1145 Sabbata

1210 1162 1276 1202 De
1303 1159 1534 1201 Ezechiele
1559 1157 1792 1212 Propheta.

1166 1221 1319 1262 Lectio
1339 1220 1363 1259 i.
1654 1218 1757 1271 Cap.
1776 1219 1836 1259 19.

1110 1286 1190 1326 :at
1225 1286 1273 1323 tu
1309 1284 1483 1323 assume
1519 1281 1744 1334 planctum
1779 1293 1912 1334 super

1110 1337 1160 1380 Ψ
1183 1338 1406 1391 principes
1420 1337 1574 1388 Israel.
1588 1342 1631 1380 et
1645 1336 1780 1379 dices:
1799 1337 1911 1388 Qua·

1086 1408 1133 1437 re
1164 1400 1304 1437 mater
1335 1400 1411 1436 tua
1447 1395 1587 1437 leaena
1617 1394 1731 1436 inter
1761 1393 1912 1436 leones

1087 1451 1278 1502 cubavit,
1332 1452 1376 1492 in
1420 1451 1566 1494 medio
1611 1450 1913 1493 leunculorum

1087 1508 1293 1550 enutrivit
1318 1508 1490 1550 catulos
1516 1505 1643 1550 suos?
1679 1507 1737 1549 Et
1762 1506 1914 1550 eduxit

1087 1578 1220 1606 unum
1245 1563 1301 1607 de
1325 1564 1539 1606 leunculis
1564 1564 1669 1615 suis,
1698 1568 1742 1606 et
1764 1563 1835 1606 leo
1855 1563 1912 1606 fa-

1087 1626 1183 1663 ctus
1199 1626 1279 1663 est:
1299 1626 1342 1663 et
1361 1620 1514 1663 didicit
1531 1623 1691 1674 capere
1704 1619 1913 1674 praedam,

1086 1677 1396 1730 hominemque
1415 1676 1658 1719 comedere.
1690 1676 1748 1719 Et
1769 1676 1913 1719 audie-

1087 1740 1188 1776 runt
1207 1732 1262 1776 de
1282 1747 1336 1776 eo
1357 1733 1539 1784 Gentes,
1568 1738 1611 1776 et
1634 1746 1723 1776 non
1747 1733 1914 1786 absque

1087 1790 1338 1833 vulneribus
1367 1791 1456 1832 suis
1483 1792 1695 1844 ceperunt
1723 1802 1837 1832 eum:
1868 1795 1913 1832 et

1087 1847 1364 1890 adduxerunt
1388 1860 1487 1889 eum
1508 1847 1553 1888 in
1576 1847 1740 1889 catenis
1764 1847 1808 1888 in
1829 1851 1912 1889 ter-

1087 1917 1180 1945 ram
1209 1904 1404 1957 AEgypti.
1457 1904 1566 1954 Quae
1599 1917 1698 1946 cum
1729 1902 1914 1946 vidisset

1089 1961 1297 2013 quoniam
1329 1960 1547 2003 infirmata
1579 1965 1662 2011 est,
1702 1965 1746 2002 et
1782 1959 1913 2013 periit

1088 2017 1362 2070 exspectatio
1401 2017 1508 2069 ejus:
1546 2016 1647 2058 tulit
1683 2029 1817 2058 unum
1857 2015 1912 2058 de

1086 2073 1298 2115 leunculis
1330 2073 1438 2123 suis,
1478 2073 1650 2115 leonem
1687 2072 1912 2114 constituit

1087 2143 1197 2172 eum.
1242 2130 1327 2180 Qui
1352 2129 1584 2172 incedebat
1611 2130 1725 2171 inter
1750 2129 1912 2180 leones,

1088 2192 1131 2228 et
1158 2187 1298 2228 factus
1325 2191 1391 2228 est
1419 2186 1505 2228 leo:
1544 2191 1588 2228 et
1620 2185 1772 2228 didicit
1802 2198 1912 2239 prae-

1087 2242 1189 2285 dam
1208 2245 1382 2295 capere,
1403 2247 1446 2284 et
1465 2242 1663 2284 homines
1683 2242 1913 2284 devorare:

1088 2298 1242 2341 didicit
1266 2299 1421 2341 viduas
1447 2299 1609 2349 facere,
1643 2304 1686 2341 et
1711 2299 1912 2340 civitates

1087 2358 1239 2398 eorum
1269 2355 1313 2396 in
1346 2355 1569 2398 desertum
1600 2355 1835 2397 adducere:
1869 2359 1913 2396 et

1087 2411 1286 2454 desolata
1323 2417 1390 2454 est
1427 2418 1560 2462 terra,
1602 2417 1646 2454 et
1683 2410 1912 2464 plenitudo

1088 2470 1178 2521 ejus
1198 2482 1223 2510 a
1241 2481 1351 2511 voce
1371 2471 1538 2520 rugitus
1557 2468 1682 2510 illius.

1144 2525 1195 2575 Rz.
1215 2525 1471 2567 Laudabilis
1490 2525 1693 2578 populus.
1713 2525 1800 2566 196.

1401 2579 1553 2621 Lectio
1573 2578 1612 2619 ii.

1176 2644 1195 2680 t
1234 2639 1532 2679 convenerunt
1567 2636 1777 2678 adversus
1814 2650 1913 2680 eum

1184 2695 1348 2736 Gentes
1372 2693 1565 2745 undique
1589 2692 1644 2735 de
1663 2694 1912 2746 provinciis,

1088 2756 1132 2792 et
1174 2750 1477 2803 expanderunt
1517 2762 1648 2802 super
1684 2763 1784 2792 eum
1818 2755 1913 2792 rete
