2040 2944
621 150 691 184 Die
718 150 765 183 14.
790 149 892 192 Sept.
940 149 981 183 In
1007 149 1253 184 Exaltatione
1278 149 1312 184 S.
1340 149 1486 184 Crucis.

199 249 383 290 inimicis
398 247 496 289 tuis:
511 247 534 271 *
550 245 731 287 dextera
746 250 821 286 tua
835 245 1026 287 inveniat

201 318 362 354 omnes,
383 303 455 356 qui
475 308 518 344 te
538 302 735 344 oderunt.

250 362 393 402 Pones
421 372 498 401 eos
525 364 573 400 ut
601 358 819 400 clibanum
847 359 958 409 ignis
981 359 1025 399 in

199 420 396 470 tempore
420 416 564 457 vultus
588 415 666 457 tui:
689 416 712 441 *
736 415 953 456 Dominus
981 415 1025 455 in

198 474 262 514 ira
281 486 358 514 sua
378 471 657 514 conturbabit
677 484 764 521 eos,
784 477 828 514 et
844 471 1024 514 devora-

197 529 261 571 bit
280 542 356 571 eos
375 529 497 580 ignis.

247 587 457 628 Fructum
477 587 629 627 eorum
649 585 704 627 de
719 589 836 626 terra
850 584 1025 637 perdes:

196 644 219 669 *
235 648 278 685 et
298 655 445 685 semen
466 644 617 684 eorum
633 655 658 683 a
673 641 773 682 filiis
788 641 1024 682 hominum.

248 704 464 754 Quoniam
516 703 844 745 declinaverunt
889 702 933 742 in
980 707 1024 743 te

194 760 323 802 mala:
341 761 364 786 *
385 760 688 811 cogitaverunt
708 759 899 808 consilia,
925 771 1023 811 quae

195 830 283 859 non
301 819 539 870 potuerunt
559 816 764 858 stabilire.

247 874 462 924 Quoniam
498 886 636 926 pones
673 885 750 914 eos
783 871 977 913 dorsum:
1001 873 1023 897 ¹⁸¹

193 930 237 971 in
256 930 449 983 reliquiis
468 930 554 971 tuis
568 928 841 983 praeparabis
856 928 1023 970 vultum

195 999 357 1029 eorum.

245 1043 449 1085 Exaltare
460 1044 557 1085 Dfie
570 1043 614 1084 in
627 1044 787 1085 virtute
798 1047 887 1084 tua:
898 1043 921 1068 *
934 1055 1024 1083 can-

192 1099 382 1142 tabimus
400 1104 444 1142 et
462 1100 698 1153 psallemus
714 1100 898 1140 virtutes
914 1103 1022 1140 tuas.

250 1165 349 1205 Ant.
387 1165 480 1206 Rex
515 1165 732 1207 exaltatur
765 1164 809 1205 in
845 1163 1022 1213 aethera,

193 1234 292 1263 cum
323 1221 471 1263 nobile
503 1222 753 1274 trophaeum
782 1221 934 1262 Crucis
967 1220 1021 1262 ab

192 1278 405 1377 gssigffifis
424 1278 694 1320 Christicolis
714 1277 924 1319 adoratur
943 1290 1023 1330 per

247 1392 297 1443 ,V-
320 1399 570 1442 Adoramus
594 1406 637 1442 te
664 1400 853 1449 Christe,
879 1405 923 1441 et
947 1399 1019 1442 be-

192 1455 434 1498 nedicimus
461 1457 553 1499 tibi.
593 1456 642 1506 R.
671 1457 781 1507 Quia
809 1469 889 1509 per
919 1457 1021 1498 Cru-

146 1540 148 1542 -
193 1525 289 1554 cem
307 1518 427 1555 tuam
446 1513 670 1556 redemisti
688 1513 909 1555 mundum.

496 1601 649 1642 Lectio
670 1602 722 1641 iv.

204 1665 367 1707 ”
513 1667 745 1708 Persarum
765 1679 860 1715 reX,
881 1668 1020 1708 extre—

195 1755 206 1775 ..
230 1763 296 1780 l
326 1723 408 1764 mis
427 1724 590 1765 Phocae
614 1723 786 1776 imperii
811 1724 1020 1775 tempori-

199 1775 219 1792 *
237 1781 245 1785 ⁰
261 1801 267 1803 -
283 1792 295 1800 ··
324 1781 421 1829 bus,
444 1781 640 1833 AEgypto
661 1785 704 1822 et
723 1779 873 1821 Africa
893 1792 1019 1821 occu-

190 1840 306 1890 pata,
326 1850 377 1878 ae
395 1837 419 1877 J
423 1837 670 1889 erosolyma
690 1842 830 1889 capta,
855 1836 1020 1878 multis-

193 1907 277 1946 que
296 1894 356 1936 ibi
383 1894 507 1935 caesis
529 1893 877 1935 Christianorum
895 1892 1018 1934 milli-

190 1950 283 2001 bus,
301 1950 464 1992 Christi
478 1950 657 1991 Domini
673 1950 870 2000 Crucem,
888 1962 1019 2001 quam

191 2007 361 2049 Helena
388 2007 433 2047 in
464 2011 613 2048 monte
643 2006 857 2048 Calvariae
886 2006 1019 2048 collo-

191 2066 322 2114 carat,
340 2064 383 2104 in
396 2062 622 2106 Persidem
642 2063 834 2105 abstulit.
863 2064 1019 2116 Itaque

191 2120 436 2170 Heraclius,
461 2120 535 2172 qui
554 2120 715 2162 Phocae
735 2121 1019 2170 successerat,

190 2176 336 2218 multis
354 2177 458 2218 belli
478 2176 768 2219 incommodis
788 2182 831 2218 et
846 2176 1017 2218 calami-

192 2233 356 2274 tatibus
392 2233 591 2283 affectuS‚
633 2246 790 2287 pacem
826 2233 1018 2286 petebat,

191 2301 323 2340 quam
338 2302 363 2330 a
380 2289 577 2331 Chosroa
592 2290 787 2331 victoriis
801 2290 1018 2332 insolente

190 2357 244 2386 ne
280 2345 439 2397 iniquis
476 2346 653 2398 quidem
691 2346 1018 2388 conditionibus

190 2401 425 2454 impetrare
450 2405 635 2454 poterat.
669 2404 813 2453 Quare
836 2403 879 2443 in
905 2416 1017 2444 sum-

190 2470 263 2498 mo
289 2457 537 2500 discrimine
563 2472 610 2500 se
635 2459 823 2501 assiduis
851 2459 1017 2511 jejuniis

190 2518 235 2555 et
266 2514 536 2555 orationibus
569 2517 795 2565 exercens,
829 2528 960 2568 opem
992 2529 1016 2556 a

190 2570 286 2611 Deo
301 2569 583 2612 vehementer
597 2571 875 2623 implorabat:
896 2572 1016 2622 cujus

189 2626 357 2667 monitu
377 2627 570 2668 exercitu
591 2630 866 2680 comparato,
893 2628 1017 2678 signa

190 2696 288 2724 cum
313 2683 441 2725 hoste
467 2683 665 2734 contulit,
694 2697 745 2725 ac
768 2689 859 2726 tres
881 2683 1015 2726 duces

1081 244 1292 286 Chosroae
1329 258 1428 287 cum
1466 245 1606 288 tribus
1644 247 1910 289 exercitibus

1079 302 1315 354 superavit.

1132 359 1183 410 R.
1215 358 1311 400 Nos
1343 364 1490 401 autem
1522 359 1703 411 gloriari
1731 362 1911 413 oportet

1077 415 1120 455 in
1141 415 1282 457 Cruce
1300 415 1480 457 Domini
1501 416 1642 458 nostri
1664 416 1688 457 J
1691 428 1770 458 esu
1789 416 1909 458 Chri-

1078 471 1143 522 sti,
1167 471 1210 512 in
1232 485 1319 524 quo
1340 478 1408 514 est
1427 472 1557 522 salus,
1579 472 1682 522 vita,
1706 477 1750 514 et
1768 486 1909 515 resur-

1077 528 1214 570 rectio
1243 534 1408 571 nostra:
1435 529 1457 552 *
1479 530 1564 571 Per
1594 542 1725 582 quem
1752 529 1910 572 salvati

1077 589 1121 625 et
1148 584 1323 627 liberati
1351 598 1512 627 sumus.
1557 578 1607 630 V.
1636 586 1778 628 Tuam
1806 586 1909 628 Cru-

1078 653 1173 683 cem
1197 641 1433 684 adoramus
1453 643 1660 693 Domine,
1687 647 1732 684 et
1757 643 1908 684 recoli-

1077 711 1173 739 mus
1210 704 1330 740 tuam
1369 699 1608 750 gloriosam
1645 699 1908 751 passionem.

1076 754 1161 796 Per
1181 768 1322 808 quem.

1389 804 1542 847 Lectio
1561 819 1599 846 v.

1081 845 1290 971 Quibus
1331 867 1533 910 cladibus
1571 868 1735 911 fractus
1772 869 1907 911 Chos-

1181 938 1295 975 roas,
1314 925 1358 966 in
1376 925 1490 976 fuga,
1511 938 1597 978 qua
1615 926 1815 978 trajicere
1835 926 1906 967 Ti-

1075 982 1187 1033 grim
1201 981 1402 1035 parabat,
1422 981 1657 1024 Medarsen
1678 982 1816 1024 filium
1839 986 1907 1025 so-

1077 1039 1191 1080 cium
1208 1038 1331 1091 regni
1350 1037 1562 1090 designat.
1590 1038 1678 1080 Sed
1693 1051 1791 1081 eam
1805 1052 1906 1082 con·

1074 1095 1298 1137 tumeliam
1349 1108 1449 1137 cum
1498 1096 1646 1137 Siroes
1693 1095 1906 1139 Chosroae

1075 1153 1212 1204 maior
1244 1157 1350 1194 natu
1378 1152 1493 1194 filiu's
1524 1152 1658 1195 ferret
1686 1153 1908 1204 atrociter,

1075 1210 1191 1262 patri
1215 1209 1345 1251 simul
1369 1214 1411 1251 et
1432 1209 1556 1251 fratri
1575 1221 1729 1251 necem
1746 1209 1906 1252 machi-

1075 1267 1218 1307 natur:
1239 1279 1371 1318 quam
1389 1265 1523 1318 paulo
1543 1270 1646 1318 post
1662 1268 1838 1319 utrique
1853 1279 1908 1308 ex

1075 1323 1175 1374 fuga
1208 1325 1401 1364 retracto
1437 1322 1599 1372 attulit,
1636 1326 1908 1376 regnumque

1075 1378 1131 1421 ab
1168 1379 1376 1421 Heraclio
1422 1379 1691 1432 impetravit,
1730 1379 1906 1432 quibus-

1075 1436 1178 1477 dam
1206 1436 1401 1489 acceptis
1428 1435 1772 1486 conditionibus,
1804 1449 1906 1490 qua·
1942 1456 1945 1465 =

1074 1506 1171 1535 rum
1191 1506 1240 1535 ea
1259 1495 1402 1546 prima
1417 1493 1507 1545 fuit,
1526 1499 1575 1536 ut
1590 1493 1776 1535 Crucem
1787 1493 1907 1535 Chri-

1076 1551 1133 1592 sti
1151 1550 1331 1592 Domini
1349 1550 1612 1593 restitueret.
1639 1550 1759 1602 Ergo
1779 1550 1908 1602 Crux,

1076 1606 1412 1659 quatuordecim
1435 1607 1557 1648 annis
1580 1611 1819 1660 postquam
1837 1609 1907 1649 ve-

1073 1669 1198 1706 nerat
1217 1664 1261 1705 in
1279 1666 1549 1717 potestatem
1568 1664 1818 1714 Persarum,
1842 1677 1905 1706 re-

1074 1722 1203 1773 cepta
1228 1727 1310 1763 est:
1336 1734 1468 1773 quam
1491 1719 1666 1763 rediens
1684 1720 1710 1762 J
1712 1721 1906 1773 erosoly-

1072 1790 1189 1819 mam
1199 1778 1432 1820 Heraclius
1447 1777 1633 1819 solemni
1648 1776 1906 1819 celebritate

1074 1834 1163 1875 suis
1190 1833 1386 1877 humeris
1414 1834 1563 1876 retulit
1589 1834 1633 1875 in
1660 1846 1760 1875 eum
1784 1846 1904 1876 mon-

1072 1896 1172 1942 tem,
1193 1904 1282 1944 quo
1302 1904 1398 1933 eam
1417 1891 1620 1933 Salvator
1638 1890 1810 1932 tulerat.

1130 1948 1181 1999 R.
1206 1948 1323 1989 Dum
1347 1961 1521 1990 sacrum
1544 1948 1702 2000 pignus
1729 1946 1904 1989 co'elitus

1073 2005 1307 2055 exaltatur,
1335 2005 1497 2047 Christi
1520 2003 1632 2046 fides
1652 2002 1904 2046 roboratur:

1076 2061 1099 2085 *
1116 2061 1291 2104 Adsunt
1314 2060 1518 2115 prodigia
1541 2061 1689 2103 divina
1711 2059 1757 2101 in
1780 2059 1903 2112 virga

1072 2118 1216 2171 Moysi
1252 2119 1455 2172 primitus
1493 2118 1690 2169 figurata.
1746 2112 1796 2165 V.
1830 2117 1903 2160 Ad

1072 2175 1225 2217 Crucis
1249 2177 1502 2217 contactum
1527 2177 1764 2226 resurgunt
1787 2177 1900 2216 mor-

1071 2231 1150 2281 tui,
1190 2236 1234 2274 et
1264 2231 1350 2274 Dei
1386 2231 1604 2283 magnalia
1640 2233 1901 2273 reserantur.

1071 2287 1256 2331 Adsunt.

1370 2338 1523 2379 Lectio
1542 2338 1596 2379 vi.

1077 2381 1248 2506 Quod
1288 2402 1452 2444 factum
1488 2401 1647 2443 illustri
1686 2401 1899 2443 miraculo

1173 2458 1531 2500 commendatum
1560 2462 1638 2499 est.
1673 2457 1788 2498 Nam
1812 2458 1898 2499 He-

1069 2515 1239 2565 raclius,
1259 2520 1306 2557 ut
1326 2519 1421 2557 erat
1439 2527 1546 2556 auro
1566 2519 1610 2556 et
1627 2514 1812 2565 gemmis
1832 2526 1898 2555 or-

1068 2574 1207 2622 natus,
1227 2572 1428 2613 insistere
1447 2573 1627 2613 coactus
1651 2576 1717 2612 est
1735 2571 1779 2612 in
1797 2583 1897 2623 por-

1068 2635 1129 2677 ta,
1159 2641 1259 2681 quae
1283 2627 1340 2669 ad
1365 2627 1580 2669 Calvariae
1602 2632 1798 2669 montem
1822 2626 1897 2669 du-

1068 2685 1206 2726 cebat.
1252 2685 1350 2735 Quo
1378 2684 1494 2726 enim
1521 2684 1659 2735 magis
1687 2682 1899 2737 progredi
