2040 2944
683 192 880 225 Dominica
911 191 1029 223 xvii.
1057 196 1143 232 post
1172 189 1432 222 Pentecosten.

200 297 385 337 arcetur:
413 293 650 335 clementer
674 294 836 338 tamen,
864 293 912 330 ut
931 299 1026 340 per-

200 352 346 393 suasio
366 347 644 391 humanitatis
660 345 942 398 asperitatem
957 356 1026 385 co-

202 407 422 449 ercitionis
452 403 723 452 excluderet,
756 402 867 443 ratio
896 400 1027 453 profi-

202 468 321 506 ceret
340 461 397 504 ad
415 460 715 515 persuasionis
742 458 961 505 effectum,
987 461 1029 498 et

202 519 417 562 correctio
428 516 682 560 emendaret
691 515 905 556 affectum.
915 513 1030 554 Huic

203 576 328 628 quasi
363 574 567 628 preximo
605 573 753 614 limine
783 570 1031 612 humanitas

203 631 448 684 copulatur:
475 643 574 682 quae
593 630 654 671 ita
672 628 916 670 Dominieae
938 638 1031 667 sen-

202 689 350 730 tentiae
380 687 634 730 definitione
663 684 958 736 distinguitur,
996 682 1033 723 si

202 746 246 786 in
270 748 491 798 pauperes
515 749 559 786 et
578 742 746 785 debiles
770 740 1033 783 conferatur:

203 815 305 843 nam
324 800 591 854 hospitalem
615 812 712 841 esse
738 798 1032 839 remuneratu-

204 859 274 910 ris,
295 858 478 900 affectus
497 857 692 898 avaritiae
712 860 790 897 est.

490 936 643 975 Lectio
665 935 747 974 viii.

293 1003 487 1044 ostremo
507 1002 590 1053 iam
611 999 735 1052 quasi
752 997 944 1040 emeritae
960 996 1034 1036 mi-

301 1059 405 1101 litiae
420 1059 515 1100 viro
533 1054 953 1099 contemnendarum
963 1053 1035 1094 sti·

206 1115 418 1169 pendium
442 1113 742 1168 praescribitur
766 1110 1036 1152 facultatum:

209 1172 329 1225 quod
348 1184 490 1224 neque
510 1170 599 1220 ille,
629 1169 702 1222 qui
727 1167 884 1209 studiis
902 1167 1036 1207 inten-

207 1234 278 1271 tus
310 1227 589 1270 inferiaribus
622 1225 927 1279 possessiones
956 1222 1037 1264 sibi

207 1287 405 1328 terrenas
425 1284 596 1333 coemit,
616 1295 799 1333 regnum
817 1280 918 1322 coeli
936 1292 1036 1333 pos-

210 1343 266 1384 sit
298 1341 502 1394 adipisci,
533 1354 633 1382 cum
658 1338 874 1380 Dominus
904 1336 1038 1378 dicat:

209 1398 365 1441 Vende
391 1398 535 1439 omnia
558 1402 648 1446 tua,
677 1401 720 1437 et
744 1397 929 1447 sequere
952 1406 1038 1434 me:

209 1468 291 1497 nec
308 1454 398 1504 ille,
429 1454 504 1506 qui
526 1453 631 1495 emit
654 1453 807 1494 boves:
836 1464 935 1493 cum
953 1450 1038 1491 Eli-

211 1514 311 1554 seus
332 1510 560 1560 occiderit,
585 1514 629 1551 et
654 1508 822 1562 populo
844 1507 1039 1550 diviserit

211 1581 324 1621 quos
361 1566 568 1609 habebat:
611 1571 655 1608 et
693 1565 766 1607 ille
805 1565 879 1618 qui
916 1563 1040 1605 duxit

210 1627 406 1675 uxerem,
433 1624 600 1675 cogitet
628 1635 727 1675 quae
751 1621 903 1663 mundi
928 1626 1040 1671 sunt,

210 1695 299 1723 non
319 1694 418 1733 quae
438 1680 532 1722 Dei.
560 1679 662 1721 Non
683 1691 771 1731 quo
793 1677 1041 1730 conjugium

210 1737 572 1791 reprehendatur,
599 1737 678 1779 sed
703 1737 805 1788 quia
829 1734 886 1777 ad
908 1735 1039 1787 maje-

212 1808 304 1836 rem
337 1795 550 1836 honerem
583 1795 766 1836 vocetur
799 1792 1041 1843 integritas:

213 1851 420 1903 quoniam
446 1850 603 1892 mulier
629 1851 813 1902 innupta
841 1853 884 1890 et
911 1847 1042 1889 vidua

212 1908 378 1958 cegitat
411 1920 510 1960 quae
544 1912 645 1948 sunt
675 1905 869 1955 Domini,
906 1909 954 1946 ut
986 1904 1042 1945 sit

213 1968 363 2005 sancta
382 1966 570 2016 corpore
590 1968 634 2004 et
654 1963 821 2016 spiritu.

515 2035 665 2075 Lectio
687 2034 741 2073 ix.

216 2097 340 2204 Sed
359 2106 407 2142 ut
425 2102 469 2142 in
487 2101 691 2153 gratiam,
718 2105 767 2141 ut
791 2112 926 2152 supra
944 2112 1043 2141 cum

291 2158 446 2207 viduis,
464 2158 525 2200 ita
546 2171 661 2199 nunc
681 2157 810 2199 etiam
831 2169 930 2198 eum
944 2169 1044 2198 con-

217 2215 387 2267 jugibus
402 2217 688 2257 revertamur:
704 2227 793 2256 non
808 2213 1045 2265 refugimus

218 2271 479 2324 opinionem,
507 2284 637 2324 quarn
657 2274 898 2323 sequuntur
917 2269 1045 2323 pleri-

219 2341 315 2379 que,
330 2332 379 2369 ut
393 2328 476 2369 tria
491 2330 651 2379 genera
666 2327 890 2368 hominum
905 2339 931 2367 a
946 2339 1045 2367 con-

219 2384 357 2425 sertio
377 2397 547 2435 magnae
566 2383 681 2424 illius
703 2396 842 2425 coenae
862 2383 1045 2424 aestime-

218 2453 315 2481 mus
348 2440 539 2481 excludi:
579 2440 833 2488 Gentilium‚
871 2439 1045 2480 Judaeo-

219 2509 331 2545 rum,
357 2496 690 2537 Haereticerum.
726 2496 782 2536 Et
804 2495 906 2537 ideo
926 2495 1045 2548 Apo-

220 2552 359 2594 stolus
385 2553 610 2593 avaritiam
634 2552 739 2594 dicit
763 2564 859 2593 esse
883 2552 1044 2603 fugien-

222 2609 337 2650 dam:
355 2621 410 2649 ne
427 2608 627 2661 impediti
640 2621 763 2650 more
779 2608 952 2657 Gentili,
973 2608 1047 2647 ini-

223 2665 407 2717 quitate,
431 2664 610 2712 malitia,
635 2663 924 2716 impudicitia,
950 2676 1047 2704 ava-

222 2721 336 2771 ritia,
362 2720 419 2761 ad
437 2733 618 2771 regnum
639 2719 799 2761 Christi
818 2721 1048 2772 pervenire

1079 286 1359 337 nequeamus.
1402 283 1554 325 Omnis
1585 282 1700 324 enim
1726 282 1907 323 immun-

1080 341 1173 391 dus,
1193 346 1266 383 aut
1283 343 1453 390 avarus,
1473 337 1594 391 quod
1608 337 1909 382 estidolorum

1080 398 1287 448 servitus,
1318 411 1407 439 non
1439 395 1573 438 habet
1603 394 1910 437 haereditatem

1079 455 1123 496 in
1143 467 1278 506 regno
1301 454 1462 496 Christi
1481 458 1525 495 et
1543 452 1638 494 Dei.

1138 524 1196 563 'l'e
1216 521 1359 562 Deum
1377 519 1619 562 laudamus.
1637 518 1698 559 14.

1136 590 1207 630 Ad
1227 587 1388 629 Bened.
1419 590 1517 628 Ant.
1549 588 1659 628 Cum
1680 586 1864 628 intraret
1886 586 1911 612 *

1083 648 1105 688 J
1111 660 1211 689 esus
1236 647 1279 687 in
1305 646 1484 689 domum
1509 643 1736 697 cujusdam
1754 636 1911 696 princi-

1084 704 1153 758 pis
1178 703 1498 757 pharisaeotum
1522 700 1709 743 sabbato
1734 697 1912 741 mandu-
1936 735 1940 738 .

1086 763 1186 803 care
1218 773 1395 814 panem:
1434 772 1537 801 eece
1568 758 1702 799 homo
1736 755 1915 809 quidam

1085 818 1356 871 hydr6picus
1390 822 1484 859 erat
1516 820 1617 857 ante
1650 814 1788 855 illum:
1818 813 1914 866 ipse

1085 888 1192 918 vero
1230 874 1555 928 apprehensum
1591 871 1762 914 sanavit
1797 882 1915 920 eum,

1087 945 1139 974 ac
1158 931 1333 974 dimisit.

1140 994 1189 1045 V.
1222 996 1438 1038 Dominus
1465 994 1682 1047 regnavit,
1710 993 1917 1035 decerem

1087 1054 1239 1096 induit.
1293 1054 1343 1105 R.
1375 1052 1523 1094 Induit
1549 1050 1766 1093 Dominus
1796 1049 1916 1091 forti-

1088 1110 1298 1160 tudinem,
1317 1115 1361 1152 et
1381 1107 1613 1163 praecinxit
1633 1120 1680 1149 se
1699 1107 1871 1148 virtute.

1143 1180 1212 1221 Ad
1242 1179 1416 1229 Magnif.
1456 1179 1555 1218 Ant.
1597 1179 1709 1219 Cum
1734 1177 1918 1218 vocatus

1089 1239 1223 1280 fueris
1235 1239 1259 1264 *
1274 1237 1332 1279 ad
1350 1236 1538 1289 nuptiaS,
1555 1233 1763 1276 recumbe
1781 1232 1826 1274 in
1843 1244 1918 1274 no-

1090 1296 1269 1338 vissimo
1297 1294 1414 1344 loeo;
1446 1298 1494 1334 ut
1522 1292 1640 1334 dicat
1665 1290 1746 1333 tibi
1775 1289 1850 1343 qui
1874 1293 1920 1331 te

1090 1352 1304 1394 invitavit:
1319 1352 1484 1400 Amice,
1500 1348 1688 1391 ascende
1703 1346 1920 1401 superius3

1092 1414 1135 1452 et
1155 1409 1237 1451 erit
1254 1408 1335 1450 tibi
1352 1407 1491 1459 gloria
1510 1418 1661 1448 coram
1679 1403 1810 1446 simul
1835 1402 1919 1444 dis·

1093 1464 1408 1515 cumbentibus,
1429 1462 1612 1515 alleluja.

1145 1530 1195 1581 V.
1213 1534 1439 1585 Dirigatur
1453 1532 1642 1574 Demine
1658 1530 1798 1573 oratio
1813 1542 1922 1572 mea.

1095 1593 1146 1644 R.
1184 1592 1306 1633 Sicut
1340 1591 1567 1632 incensum
1601 1588 1647 1629 in
1681 1588 1923 1640 conspectu

1094 1655 1184 1691 tuo.

1351 1706 1664 1734 -ο-Φ-οβ

1276 1781 1552 1832 Dominiea
1577 1778 1744 1830 XVII.

1207 1855 1350 1902 post
1390 1848 1823 1888 Pentecosten.

1435 1924 1599 1965 Oratio.

1188 2005 1228 2042 a,
1256 1993 1508 2044 quaesumus
1530 1988 1734 2038 Domine,
1756 1986 1925 2041 pupulo

1196 2053 1274 2090 tuo
1300 2047 1519 2090 diabolica
1542 2046 1683 2088 vitare
1707 2044 1926 2095 contagia:

1097 2110 1142 2147 et
1164 2110 1209 2146 te
1234 2104 1377 2146 solum
1395 2104 1539 2146 Deum
1560 2115 1673 2156 pura
1694 2105 1842 2143 mente
1862 2112 1925 2142 se-

1098 2161 1216 2203 ctari.
1243 2162 1328 2203 Per
1345 2161 1593 2202 Dominum.

1101 2244 1257 2286 Lectio
1282 2244 1424 2286 sancti
1441 2242 1669 2294 Evangelii
1687 2239 1928 2283 secundum

1378 2300 1648 2342 Matthaeum.

1179 2370 1330 2410 Lectio
1352 2368 1419 2407 vii.
1611 2365 1715 2416 Cap.
1732 2363 1795 2403 22.
1813 2360 1852 2402 d.

1146 2452 1175 2478 n
1201 2437 1277 2479 illo
1306 2438 1522 2489 tempore:
1549 2433 1843 2475 Accesserant
1871 2431 1928 2473 ad

1164 2495 1189 2535 J
1192 2507 1315 2536 esum
1333 2491 1557 2546 pharisaei:
1581 2494 1625 2531 et
1642 2488 1928 2539 interrogavit

1101 2563 1202 2592 eum
1221 2563 1332 2592 unus
1351 2562 1406 2591 ex
1425 2548 1487 2590 eis
1510 2546 1620 2598 legis
1640 2545 1812 2594 doctor,
1837 2550 1927 2586 ten-

1101 2612 1198 2648 tans
1214 2619 1327 2648 eum:
1345 2606 1564 2656 Magister,
1585 2601 1705 2654 quod
1724 2606 1791 2643 est
1810 2613 1928 2642 man-

1103 2663 1254 2704 datum
1276 2674 1482 2712 magnum
1512 2660 1556 2700 in
1584 2656 1704 2709 lege?
1746 2657 1802 2698 Et
1833 2656 1927 2698 reli-

1104 2731 1200 2771 qua.
