2040 2944
172 163 238 197 354

175 259 315 300 orabo
341 259 397 300 ad
416 258 631 310 templum
651 262 852 299 sanctum
871 263 1006 307 tuum,

175 321 218 357 et
238 315 483 357 confitebor
502 314 668 355 nomini
686 319 776 356 tuo.

226 374 295 414 Ad
329 373 501 423 Magnis.
552 375 650 414 Ant.
706 373 872 413 Omnes
905 375 1006 412 sunt

173 426 535 468 administratorii
554 427 736 479 spiritus
755 427 799 467 in
815 427 1006 468 ministe-

174 483 284 523 rium
303 483 426 523 missi
444 488 631 536 propter
655 495 750 532 eos,
778 482 852 535 qui
870 483 1004 525 haere-

174 539 357 580 ditatem
376 540 556 592 capiunt
574 539 739 581 salutis.

508 603 672 644 Oratio.

171 653 358 759 Deus,
390 655 463 707 qui
490 655 701 696 ineffabili
727 655 1007 707 providentia

281 716 460 752 sanctos
491 711 689 762 Angelos
716 715 818 752 tuos
847 711 904 752 ad
931 724 1005 752 no-

173 772 309 808 stram
329 767 576 809 custodiam
601 769 776 808 mittere
795 767 1006 818 dignaris:

172 823 330 873 largire
350 824 625 876 supplicibus
650 824 756 874 tuis3
785 829 829 865 et
854 826 1007 865 eorum

173 892 348 931 semper
367 880 644 931 protectione
670 879 863 930 defendi,
888 885 932 921 et
951 893 1005 921 ae-

172 937 298 977 terna
312 937 526 978 societate
542 935 746 987 gaudere.
774 937 859 978 Per
878 937 1005 977 Dfim.

227 1004 377 1038 Deinde
403 1004 442 1038 fit
468 1015 664 1040 commem.
691 1006 725 1041 S.
751 1006 927 1050 Remigii.

227 1057 325 1097 Ant.
363 1054 543 1095 Amavit
571 1065 671 1094 eum
700 1053 934 1102 Dominus,
963 1058 1006 1095 et

174 1109 348 1150 ornavit
368 1122 485 1159 eum,
514 1109 675 1151 stolam
693 1109 847 1159 gloriae
866 1108 1006 1150 induit

172 1178 285 1206 eum:
319 1171 363 1207 et
391 1166 448 1208 ad
475 1170 628 1218 portas
657 1165 852 1218 paradisi
881 1177 1004 1206 coro-

171 1221 291 1263 navit
311 1234 421 1263 eum.

226 1276 274 1326 V.
293 1278 318 1317 J
320 1283 468 1319 ustum
488 1278 674 1320 deduxit
688 1278 905 1319 Dominus
923 1290 1004 1330 per

172 1334 265 1374 vias
288 1339 443 1375 rectas.
480 1340 528 1390 R.
553 1335 610 1376 Et
635 1334 830 1376 ostendit
853 1334 916 1375 illi
939 1346 1004 1376 re-

171 1402 304 1439 gnum
323 1391 418 1431 Dei.

332 1466 420 1506 Ad
453 1466 840 1508 Matutinum.

226 1529 350 1570 Invit.
380 1530 546 1578 Regem
564 1528 836 1579 Angelorum
856 1529 1003 1570 Domi-

172 1595 285 1632 num,
306 1588 328 1611 *
349 1583 508 1625 Venite
528 1583 774 1626 adoremus.

224 1642 293 1682 Ps.
319 1642 481 1690 Venite,
501 1641 781 1682 exsultemus.
799 1643 836 1682 2.

226 1698 437 1749 Hymnus.
474 1697 705 1740 Custodes.
733 1699 827 1740 353.

411 1775 460 1813 In
488 1774 517 1813 I.
546 1774 769 1813 Nocturno.

229 1833 328 1874 Ant.
371 1832 583 1873 Dominus
614 1833 737 1874 Deus
769 1834 793 1860 *
826 1833 927 1874 coeli
963 1838 1006 1874 et

173 1891 320 1935 terrae,
347 1887 443 1939 ipse
466 1889 612 1930 mittet
635 1888 855 1940 Angelum
879 1902 1006 1930 suum

176 1954 326 1983 coram
345 1948 400 1985 te.

460 1999 658 2039 Psalmus
686 2004 721 2039 8.

186 2081 190 2113 1
206 2067 295 2119 ‚3535
308 2056 868 2108 omineDominusnoster,*
876 2072 1006 2111 quam

186 2108 276 2169 {lg-‘1³2
324 2112 581 2155 admirabile
607 2119 674 2155 est
698 2127 858 2156 nomen
883 2120 1006 2157 tuum

186 2166 190 2177 ¹
208 2171 293 2195 μέ]
323 2169 367 2209 in
386 2169 589 2211 universa
608 2170 742 2211 terra!

228 2225 445 2274 Quoniam
461 2226 631 2267 elevata
647 2231 714 2268 est
728 2227 1006 2277 magnificen-

177 2280 238 2320 tia
257 2285 342 2330 tua,
360 2281 384 2307 ¹⁸¹
404 2294 537 2334 super
557 2282 706 2324 coelos.

228 2336 296 2377 Ex
323 2349 400 2379 ore
428 2338 658 2380 infantium
683 2344 727 2381 et
750 2339 1005 2382 lactentium

177 2392 400 2444 perfecisti
414 2394 590 2436 laudem
607 2401 790 2448 propter
805 2396 1005 2438 inimicos

178 2453 289 2498 tuos,
308 2449 331 2474 *
351 2454 399 2491 ut
419 2450 620 2492 destruas
638 2452 862 2493 inimicum
883 2457 927 2494 et
946 2453 1006 2494 ul-

178 2507 331 2546 torem.

230 2561 447 2611 Quoniam
465 2562 626 2604 videbo
653 2564 792 2605 coelos
816 2569 933 2614 tuos,
963 2567 1006 2606 ό-

178 2630 285 2669 pera
313 2617 551 2668 digitorum
578 2622 770 2660 tuorum:
803 2621 826 2646 *
859 2620 1006 2662 lunam

179 2679 222 2716 et
241 2673 401 2723 stellas
422 2687 520 2727 quae
539 2679 587 2716 tu
606 2675 809 2718 fundasti.

554 165 626 199 Die
651 166 680 199 2.
706 164 896 199 Octobris.
941 164 997 199 Ss.
1023 165 1263 208 Angelorum
1287 165 1512 200 Custodum.

1109 258 1224 308 Quid
1244 263 1311 300 est
1329 258 1479 309 homo,
1506 260 1625 312 quod
1648 274 1818 303 memor
1839 274 1888 304 es

1057 313 1170 365 eius?
1190 315 1213 340 *
1233 319 1309 356 aut
1326 315 1441 356 filius
1460 315 1660 367 hominis,
1679 318 1887 370 quoniam

1056 371 1207 412 visitas
1227 369 1354 413 eum?

1107 428 1302 469 Minuisti
1339 441 1439 470 eum
1480 429 1613 481 paulo
1650 429 1793 471 minus
1830 430 1886 472 ab

1056 484 1253 535 Angelis,
1277 484 1418 535 gloria
1443 490 1487 526 et
1510 485 1680 527 honore
1705 488 1886 528 corona-

1056 540 1112 581 sti
1127 553 1242 582 eum:
1257 541 1280 566 *
1301 546 1345 582 et
1359 542 1625 583 constituisti
1640 554 1740 583 eum
1755 555 1887 595 super

1057 598 1193 648 opera
1213 599 1422 638 manuum
1441 599 1626 639 tuarum.

1107 653 1267 694 Omnia
1311 653 1533 705 subjecisti
1579 654 1660 695 sub
1697 654 1886 706 pedibus

1057 710 1158 760 ejus,
1177 709 1200 735 *
1220 722 1326 751 oves
1346 715 1390 751 et
1409 710 1548 751 boves
1568 711 1809 752 universas:
1827 713 1888 752 in-

1057 779 1190 818 super
1209 771 1253 807 et
1270 767 1435 818 pecora
1455 767 1609 819 campi.

1107 822 1326 863 Volucres
1346 823 1458 872 coeli,
1478 827 1522 864 et
1539 823 1685 875 pisces
1704 823 1848 871 maris,
1863 824 1886 848 *

1058 878 1132 930 qui
1154 878 1463 930 perambulant
1482 879 1660 920 semitas
1679 880 1823 920 maris.

1108 934 1299 976 Domine
1310 935 1529 976 Dominus
1543 939 1705 985 noster,
1715 936 1739 961 *
1756 948 1888 988 quam

1057 990 1315 1032 admirabile
1335 996 1402 1032 est
1420 1004 1582 1033 nomen
1596 996 1721 1032 tuum
1739 992 1783 1032 in
1797 992 1888 1033 uni-

1058 1047 1187 1087 versa
1205 1046 1338 1088 terra!

1114 1106 1213 1146 Ant.
1230 1103 1441 1144 Dominus
1452 1103 1574 1145 Deus
1583 1103 1684 1145 coeli
1695 1109 1739 1146 et
1746 1108 1890 1152 terrae,

1057 1159 1151 1211 ipse
1160 1159 1306 1201 mittet
1313 1159 1532 1209 Angelum
1541 1173 1668 1201 suum
1676 1173 1826 1201 coram
1833 1165 1888 1202 te.

1114 1219 1212 1259 Ant.
1248 1218 1368 1257 Deus
1398 1228 1523 1257 meus
1551 1217 1575 1242 *
1600 1216 1718 1258 misit
1746 1217 1889 1267 Ange-

1057 1272 1147 1313 lum
1181 1285 1323 1322 suum,
1362 1277 1406 1314 et
1441 1273 1659 1314 conclusit
1693 1285 1771 1314 ora
1802 1273 1889 1315 leo-

1057 1342 1171 1378 num,
1192 1333 1237 1370 et
1255 1341 1344 1370 non
1363 1330 1608 1371 nocuerunt
1626 1329 1743 1370 mihi.

1335 1388 1536 1428 Psalmus
1556 1389 1620 1427 10.

1105 1455 1134 1481 n
1179 1441 1373 1483 Domino
1420 1441 1614 1483 confido:
1665 1442 1889 1494 quomodo

1119 1497 1265 1539 dicitis
1290 1498 1448 1539 animae
1472 1510 1600 1539 meae:
1619 1499 1643 1524 *
1668 1499 1890 1540 Transmi-

1057 1566 1135 1603 gra
1154 1554 1199 1594 in
1217 1559 1414 1596 montem
1434 1554 1548 1596 sieut
1567 1553 1746 1607 passer?

1111 1610 1330 1660 Quoniam
1349 1623 1453 1652 ecce
1472 1613 1735 1664 peccatores
1753 1611 1890 1653 inten-

1058 1666 1218 1708 derunt
1236 1679 1402 1717 arcum,
1423 1669 1691 1719 paraverunt
1709 1669 1891 1718 sagittas

1058 1735 1160 1763 suas
1184 1723 1229 1763 in
1252 1723 1477 1776 pharetra,
1496 1724 1520 1750 *
1539 1728 1588 1765 ut
1614 1726 1823 1775 sagittent
1846 1724 1890 1764 in

1059 1778 1252 1820 obscuro
1271 1784 1419 1821 rectos
1440 1779 1585 1822 corde.

1111 1836 1330 1885 Quoniam
1351 1849 1450 1888 quae
1470 1836 1704 1889 perfecisti,
1723 1836 1891 1878 destru-

1058 1892 1231 1933 xerunt:
1251 1893 1274 1918 *
1297 1893 1436 1944 justus
1461 1897 1609 1934 autem
1634 1892 1741 1945 quid
1764 1891 1890 1934 fecit?

1110 1948 1329 1990 Dominus
1349 1949 1393 1989 in
1411 1948 1579 2001 templo
1594 1953 1748 1990 sancto
1764 1961 1856 1998 suo,
1867 1949 1891 1975 *

1059 2004 1275 2046 Dominus
1293 2005 1338 2045 in
1357 2005 1473 2046 coelo
1495 2004 1625 2046 sedes
1645 2006 1752 2057 ejus:

1112 2060 1240 2101 Oculi
1265 2061 1355 2112 ejus
1379 2061 1423 2101 in
1447 2064 1690 2114 pauperem
1713 2061 1891 2113 respici-

1059 2122 1151 2158 unt:
1179 2117 1202 2143 *
1230 2117 1459 2169 palpebrae
1493 2117 1584 2169 ejus
1616 2117 1891 2168 interrogant

1059 2172 1175 2214 filios
1197 2173 1434 2214 hominum.

1110 2229 1326 2270 Dominus
1368 2229 1612 2280 interrogat
1647 2231 1810 2281 justum
1847 2234 1891 2271 et

1059 2285 1257 2337 impium:
1272 2286 1296 2311 *
1316 2285 1391 2338 qui
1410 2290 1557 2327 autem
1577 2284 1719 2335 diligit
1737 2285 1890 2337 iniqui-

1058 2343 1206 2391 tatem,
1226 2341 1321 2383 odit
1340 2342 1529 2382 animam
1548 2354 1682 2382 suam.

1110 2397 1238 2439 Pluet
1258 2411 1390 2450 super
1414 2399 1673 2450 peccatores
1692 2397 1890 2449 laqueos:

1059 2455 1083 2480 *
1101 2454 1224 2504 ignis,
1246 2459 1290 2495 et
1309 2453 1503 2506 sulphur,
1527 2458 1572 2495 et
1591 2453 1770 2506 spiritus
1790 2466 1890 2506 pro—

1060 2509 1270 2551 cellarum
1288 2522 1392 2562 pars
1412 2509 1560 2550 calicis
1579 2511 1743 2550 eorum.

1112 2566 1329 2615 Quoniam
1348 2567 1487 2617 justus
1505 2565 1739 2615 Dominus,
1768 2570 1813 2607 et
1832 2566 1889 2616 ju-

1060 2622 1201 2663 stitias
1239 2621 1405 2663 dilexit:
1432 2621 1456 2646 *
1489 2621 1745 2673 aequitatem
1781 2620 1891 2663 vidit

1059 2677 1205 2719 vultus
1225 2678 1326 2729 ejus.
