2040 2944
582 202 792 237 Commune
820 203 1067 237 Confessoris
1092 213 1168 236 non
1194 203 1404 237 Pontifici&

189 293 240 346 V.
255 296 430 338 Justum
450 296 636 339 deduxit
650 295 868 338 Dominus
887 307 968 348 per

137 353 231 395 vias
249 357 406 395 rectas.
445 354 492 403 lx‘g.
519 353 578 395 Et
601 352 798 395 ostendit
822 352 885 393 illi
903 365 967 393 re·

137 422 271 460 gnum
289 409 384 451 Dei.

340 495 401 536 In
426 495 488 536 11.
517 493 768 544 vesperis.

188 564 275 598 Ant.
305 564 351 597 de
382 564 500 598 Laud.
533 560 619 603 [75]‚
647 564 807 598 Psalmi.
841 563 964 607 Capit.

135 615 171 645 et
196 612 373 655 Hymnus
398 616 438 646 ut
463 612 501 645 in
525 612 550 645 I.
575 611 692 655 Vesp.
725 607 794 651 [67]

188 667 239 719 V.
258 669 283 709 J
284 672 432 710 ustum
452 667 636 710 deduxit
655 667 872 708 Dominus
888 678 969 718 per

138 725 232 766 vias
251 729 407 767 rectas.
438 728 489 780 R.
514 725 572 766 Et
596 723 792 766 ostendit
816 722 880 764 illi
904 735 968 763 re-

138 795 272 833 gnum
290 781 385 823 Dei.

187 844 259 886 Ad
279 845 453 895 Magnis.
490 846 588 885 Ant.
627 845 709 886 Hic
732 844 799 886 vir
825 843 968 896 despi-

138 902 259 944 ciens
278 902 302 930 *
319 901 533 943 mundum
552 905 597 943 et
615 902 801 950 terrena,
819 900 968 942 trium-

137 958 298 1011 phans,
324 958 500 1000 divitias
524 957 640 999 coelo
661 957 861 999 condidit
880 970 969 1006 ore,

137 1027 280 1056 manu.

187 1077 229 1111 Si
267 1081 443 1111 occurrat
474 1077 663 1110 celebrari
695 1076 852 1110 Festum
886 1078 967 1120 plu-

134 1125 233 1159 rium
277 1125 555 1159 Confessorum
598 1135 675 1159 non
720 1124 967 1164 Pontificum,

136 1172 313 1207 Officium
338 1174 378 1207 fit
401 1176 447 1212 ut
466 1183 599 1216 supra:
626 1173 695 1207 scd
720 1173 758 1206 in
784 1172 967 1207 Oratione

136 1224 173 1255 et
189 1220 384 1264 Sermone,
401 1230 489 1264 quae
505 1221 697 1255 habentur
714 1221 752 1254 in
768 1220 967 1263 singulari.

136 1268 313 1303 dicantur
338 1269 375 1302 in
401 1268 551 1311 plurali.

502 1337 764 1364 ο-ῷ-ο4-

300 1406 362 1447 11.
397 1405 526 1448 Aliae
552 1405 816 1447 Lectiones

176 1473 257 1512 pro
288 1460 551 1501 Confessore
581 1472 667 1500 non
700 1460 924 1501 Pontifice.

373 1530 422 1568 In
450 1530 480 1568 Ι.
508 1529 732 1569 Nocturno.

280 1590 350 1630 De
377 1588 492 1630 libro
519 1588 832 1631 Ecclesiastici.

241 1650 394 1690 Lectio
416 1651 438 1689 i.
683 1650 785 1701 Cap.
805 1651 862 1689 31.

151 1756 153 1759 ,
230 1707 376 1747 eatus
390 1705 468 1755 vir,
484 1705 559 1757 qui
574 1705 776 1747 inventus
796 1710 864 1747 est
878 1705 972 1747 sine

178 1763 244 1790 ]
267 1761 454 1803 macula:
491 1766 536 1803 et
574 1762 650 1813 qui
680 1766 784 1814 post
817 1774 972 1803 aurum

145 1814 245 1843 4]
267 1830 357 1859 non
378 1817 500 1867 abiit,
519 1830 600 1860 nec
621 1818 816 1870 speravit
834 1818 880 1858 in
898 1831 971 1870 pe-

140 1874 268 1916 cunia
288 1878 331 1915 et
350 1873 582 1916 thesauris.
610 1874 718 1924 Quis
739 1878 806 1915 est
823 1873 907 1923 hic,
928 1879 972 1915 et

138 1929 417 1972 laudabimus
438 1928 559 1972 eum?
584 1929 690 1971 fecit
709 1930 826 1971 enim
844 1930 971 1971 mira-

138 1986 245 2029 bilia
263 1986 308 2027 in
326 1986 418 2027 vita
437 1999 526 2027 sua.
559 1986 645 2036 Qui
666 1985 884 2038 probatus
904 1991 972 2028 est

139 2043 184 2083 in
202 2042 290 2092 1110,
310 2047 354 2084 et
367 2043 591 2094 perfectus
610 2047 687 2092 est,
708 2042 791 2083 erit
805 2042 868 2083 illi
881 2042 970 2093 glo-

139 2099 204 2140 ria
228 2100 407 2140 aeterna:
437 2099 511 2150 qui
538 2099 685 2151 potuit
710 2098 970 2149 transgredi,

140 2160 184 2197 et
199 2167 288 2196 non
304 2159 371 2197 est
386 2156 703 2205 transgressus:
722 2154 867 2196 facere
883 2168 970 2196 ma-

138 2211 196 2261 la,
216 2216 261 2253 et
279 2224 369 2252 non
388 2211 507 2252 feeit:
532 2210 634 2252 ideo
655 2210 851 2252 stabilita
870 2215 972 2253 sunt

138 2267 257 2309 bona
279 2267 395 2308 illius
419 2267 463 2307 in
482 2266 691 2317 Domino,
718 2271 762 2308 et
786 2267 971 2308 eleemo-

140 2336 272 2376 synas
291 2323 407 2364 illius
427 2323 651 2365 enarrabit
671 2323 814 2364 omnis
834 2323 971 2365 eccle-

140 2380 205 2420 sia
223 2382 486 2421 sanctorum.

196 2434 246 2483 Εε-
277 2436 400 2487 Euge
432 2448 560 2477 serve
591 2434 708 2476 bone
741 2439 786 2476 et
817 2433 971 2484 fidelis,

141 2491 246 2542 quia
269 2491 314 2532 in
337 2504 480 2544 pauca
504 2491 625 2532 fuisti
649 2490 809 2540 fidelis,
837 2503 972 2542 supra

140 2546 279 2588 multa
291 2551 336 2588 te
351 2549 632 2589 constItuam:
646 2546 668 2570 *
677 2547 801 2587 Intra
814 2546 859 2587 in
869 2550 971 2596 gau-

142 2602 263 2644 dium
281 2603 369 2643 Dfii
386 2604 461 2644 tui.
492 2595 541 2646 V.
562 2603 752 2644 Domine
778 2602 972 2654 quinque

141 2658 307 2700 talenta
338 2658 560 2702 tradidisti
592 2659 717 2709 mihi,
750 2671 854 2700 ecce
888 2658 972 2699 alia

143 2714 334 2767 quinque
353 2716 682 2768 superlucratus
703 2729 809 2757 sum.
837 2715 971 2756 Intra.

1783 197 1854 242 [77]

1126 298 1279 339 Lectio
1300 298 1340 337 ii.
1436 304 1527 347 Cap.
1542 304 1593 338 5⁷32.
1609 315 1637 338 c.
1657 305 1756 338 etl-513.

1106 354 1150 394 ui
1169 354 1294 396 timet
1308 355 1558 405 Dominum,
1575 354 1766 407 excipiet
1781 354 1856 396 do-

1127 413 1314 452 ctrinam
1345 412 1449 462 ejus:
1479 416 1523 453 et
1552 412 1627 463 qui
1650 410 1855 462 vigilave-

1023 466 1111 508 rint
1126 466 1184 508 ad
1198 466 1331 517 illum,
1346 468 1571 510 invenient
1587 467 1856 509 benedictio-

1022 536 1134 564 nem.
1163 524 1248 574 Qui
1265 524 1423 576 quaerit
1442 524 1595 575 legem,
1615 524 1858 577 replebitur

1023 579 1079 621 ab
1100 593 1165 621 ea:
1195 584 1239 622 et
1265 581 1340 633 qui
1365 581 1576 623 insidiose
1601 581 1706 632 agit,
1735 593 1857 622 scan-

1024 636 1289 679 dalizabitur
1312 637 1357 677 in
1383 650 1445 679 ea.
1484 638 1569 688 Qui
1593 638 1750 679 timent
1769 638 1857 679 Do-

1022 694 1200 744 minum,
1219 694 1444 736 invenient
1460 694 1669 747 judicium
1684 696 1857 746 justum,

1024 755 1068 791 et
1086 751 1273 802 justitias
1294 751 1421 802 quasi
1436 751 1584 792 lumen
1603 750 1858 792 accendent.

1025 807 1109 857 Qui
1128 806 1271 848 credit
1289 807 1399 858 Deo,
1419 807 1608 849 attendit
1626 807 1857 857 mandatis,

1025 868 1069 905 et
1090 864 1165 915 qui
1184 863 1367 905 confidit
1386 865 1430 905 in
1449 864 1542 914 illo,
1564 876 1652 905 non
1670 864 1857 905 minora-

1023 919 1152 961 bitur.
1188 920 1381 962 Timenti
1405 921 1646 962 Dominum
1670 933 1759 961 non
1787 933 1856 961 oc-

1024 979 1201 1018 current
1236 977 1369 1027 mala,
1413 977 1493 1018 sed
1528 977 1574 1018 in
1611 977 1857 1019 tentatione

1023 1035 1146 1074 Deus
1165 1033 1289 1074 illum
1308 1033 1605 1084 conservabit,
1633 1038 1677 1075 et
1701 1033 1856 1075 libera-

1022 1090 1090 1132 bit
1109 1103 1135 1130 a
1152 1090 1290 1131 malis.
1317 1090 1503 1142 Sapiens
1523 1103 1612 1131 non
1630 1089 1726 1132 odit
1739 1103 1856 1131 man-

1025 1146 1130 1188 data
1155 1150 1199 1188 et
1222 1146 1427 1198 justitias,
1464 1151 1508 1188 et
1537 1159 1628 1188 non
1662 1146 1858 1188 illidetur

1025 1203 1151 1255 quasi
1170 1203 1215 1244 in
1230 1203 1427 1255 procella
1441 1203 1578 1245 navis.
1598 1203 1747 1244 Homo
1763 1216 1857 1245 sen-

1026 1262 1148 1301 satus
1172 1259 1315 1302 credit
1337 1259 1425 1311 legi
1443 1260 1545 1311 Dei,
1573 1264 1617 1302 et
1639 1260 1712 1301 lex
1730 1260 1795 1301 illi
1812 1260 1858 1301 fi-

1026 1316 1149 1358 delis.

1076 1379 1125 1430 Rg.
1164 1377 1316 1418 Justus
1359 1377 1622 1428 germinabit
1664 1378 1778 1419 sicut
1812 1378 1858 1418 11-

1024 1433 1151 1484 lium,
1187 1438 1208 1460 *
1249 1433 1308 1475 Et
1351 1433 1527 1475 florebit
1563 1434 1608 1474 in
1645 1436 1860 1475 aeternum

1025 1494 1127 1532 ante
1161 1490 1411 1531 Dominum.
1465 1488 1513 1537 Y.
1548 1490 1778 1532 Plantatus
1814 1491 1858 1530 in

1025 1546 1160 1588 domo
1179 1547 1371 1596 Domini,
1390 1547 1435 1587 in
1455 1547 1578 1588 atriis
1598 1547 1757 1588 domus
1774 1548 1859 1589 Dei

1024 1604 1176 1645 nostri.
1209 1604 1267 1645 Et
1291 1603 1478 1645 florebit.

1128 1683 1279 1723 Lectio
1302 1684 1356 1723 iii.
1505 1683 1606 1733 Cap.
1626 1684 1691 1722 34.
1712 1684 1749 1723 b.

1094 1754 1252 1806 piritus
1271 1754 1520 1795 timentium
1539 1755 1683 1796 Deum
1703 1755 1858 1806 quaeri-

1111 1816 1198 1859 tur,
1226 1815 1270 1851 et
1294 1810 1339 1850 in
1363 1812 1569 1862 respectu
1594 1810 1709 1851 illius
1728 1810 1857 1852 bene-

1026 1867 1209 1908 dicetur.
1240 1866 1352 1919 Spes
1379 1867 1493 1908 enim
1513 1867 1690 1908 illorum
1712 1867 1756 1907 in
1776 1867 1856 1908 sal-

1024 1925 1207 1964 vantem·
1227 1922 1345 1972 illos,
1374 1927 1418 1964 et
1443 1923 1560 1964 oculi
1584 1924 1670 1965 Dei
1695 1923 1739 1963 in
1765 1923 1858 1965 dili-

1023 1981 1177 2031 gentes
1215 1992 1273 2020 se.
1329 1979 1414 2029 Qui
1450 1979 1576 2021 timet
1606 1980 1858 2029 Dominum,

1023 2035 1132 2076 nihil
1163 2035 1423 2088 trepidabit,
1463 2040 1507 2077 et
1540 2048 1629 2077 non
1660 2036 1858 2088 pavebit:

1025 2092 1233 2144 quoniam
1246 2092 1343 2144 ipse
1359 2096 1427 2133 est
1442 2105 1545 2144 spes
1561 2093 1661 2144 ejus.
1684 2092 1857 2134 Timen-

1024 2148 1082 2189 tis
1096 2148 1336 2189 Dominum
1354 2148 1487 2190 beata
1507 2153 1575 2190 est
1591 2148 1736 2189 anima
1755 2149 1857 2200 ejus.

1024 2204 1097 2246 Ad
1117 2217 1249 2256 quem
1267 2204 1469 2256 respicit,
1497 2209 1540 2246 et
1565 2204 1662 2256 quis
1687 2209 1755 2246 est
1773 2205 1857 2246 for-

1023 2260 1169 2302 titudo
1202 2259 1316 2313 ejus?
1359 2260 1487 2302 Oculi
1514 2261 1693 2301 Domini
1725 2274 1859 2314 super

1023 2317 1229 2358 timentes
1249 2330 1363 2367 eum,
1391 2318 1619 2369 protector
1635 2318 1858 2369 potentiae,

1023 2373 1347 2414 firmamentum
1364 2373 1557 2423 vittatis,
1581 2373 1773 2425 tegimen
1794 2387 1857 2415 ar-

1025 2429 1165 2479 doris,
1202 2434 1246 2470 et
1277 2428 1584 2470 umbraculum
1614 2430 1857 2481 meridiani,

1025 2485 1279 2537 deprecatio
1310 2484 1584 2535 offensionis,
1617 2490 1660 2527 et
1693 2486 1857 2539 adjuto-

1024 2542 1138 2582 rium
1171 2554 1316 2591 casus,
1350 2541 1548 2583 exaltans
1577 2542 1781 2592 animam,
1814 2547 1858 2583 et

1025 2597 1274 2638 illuminans
1295 2597 1458 2648 oquOS,
1481 2597 1591 2640 dans
1611 2599 1855 2646 sanitatem,

1026 2658 1070 2695 et
1089 2654 1234 2704 vitam,
1255 2658 1299 2695 et
1317 2653 1684 2705 benedictionem.

1078 2712 1126 2763 h}-
1154 2715 1244 2756 Iste
1264 2715 1482 2766 cognovit.
1503 2715 1590 2766 [70]
