2040 2944
181 186 279 230 [230]

235 281 272 322 O
284 281 381 321 Dfie
397 279 498 330 quia
509 290 590 329 ego
602 290 754 319 servus
765 282 881 318 tuus:
894 277 917 302 *
929 289 1012 327 ego

183 349 336 378 servus
355 340 472 383 tuus,
498 339 541 375 et
560 333 675 375 filius
695 332 865 374 ancillae
884 338 983 374 tuae.

234 391 450 443 Dirupisti
474 389 647 431 vincula
672 401 786 430 mea:
805 389 829 414 *
848 388 929 430 tibi
948 401 1012 430 sa-

184 447 390 489 crificabo
410 446 602 488 hostiam
621 445 774 494 laudis,
793 449 838 486 et
853 457 1014 486 nomen

182 503 361 545 Domini
379 501 607 544 invocabo.

235 559 353 601 Vota
390 571 488 600 mea
524 558 717 599 Domino
755 556 939 598 reddam
971 557 1013 597 in

184 616 426 667 conspectu
454 614 596 655 omnis
621 613 777 666 populi
803 614 909 665 ejus:
927 613 951 638 *
970 613 1015 653 in

185 671 306 712 atriis
325 671 483 712 domus
502 670 698 718 Domini,
719 670 764 710 in
782 669 929 710 medio
950 669 1014 710 tui

183 727 438 769 Jerusalem.

236 787 334 825 Ant.
356 783 550 825 Calicem
566 782 770 823 salutaris
791 782 1016 834 accipiam,

186 844 229 882 et
246 852 406 881 nomen
425 839 604 880 Domini
623 838 853 880 invocabo.

238 900 336 937 Ant.
367 898 477 937 Cum
496 895 574 936 his.

451 953 649 992 I‘salmus
671 953 748 990 115).

255 1007 284 1048 d
302 1007 540 1048 Dominum
560 1019 659 1048 cum
678 1006 914 1047 tribularer
933 1006 1017 1047 cla-

305 1063 437 1104 mavi:
455 1065 479 1089 *
500 1067 544 1104 et
564 1061 789 1104 exaudivit
808 1075 890 1103 me.

236 1119 426 1160 Domine
449 1118 587 1160 libera
613 1118 803 1159 animam
826 1131 971 1159 meam
993 1131 1018 1159 a

184 1175 313 1216 labiis
334 1175 506 1227 iniquis,
529 1176 552 1202 *
577 1179 621 1216 et
640 1187 665 1216 a
683 1174 1018 1225 linguadolosa.

239 1231 355 1282 Quid
378 1231 506 1273 detur
530 1230 625 1280 tibi,
652 1235 727 1272 aut
753 1229 860 1282 quid
883 1243 1018 1283 appo-

186 1290 313 1329 natur
333 1287 413 1329 tibi
434 1287 457 1312 *
477 1286 535 1328 ad
554 1287 746 1338 linguam
767 1285 992 1327 dolosam?

239 1345 420 1394 Sagittae
447 1343 643 1396 potentis
673 1346 836 1392 acutae,
867 1344 890 1368 *
920 1356 1019 1384 cum

188 1399 453 1442 carbonibus
474 1399 764 1440 desolatoriis.

240 1456 339 1496 Heu
366 1455 490 1504 mihi,
521 1455 623 1506 quia
650 1455 867 1496 incolatus
895 1468 1019 1496 meus

188 1511 477 1563 prolongatus
502 1516 582 1552 est:
607 1511 803 1553 habitavi
827 1525 927 1553 cum
947 1512 1019 1553 ha-

188 1566 428 1608 bitantibus
449 1566 606 1608 Cedar:
627 1568 650 1593 *
670 1567 855 1609 multum
875 1567 1020 1609 incola

188 1623 269 1664 fuit
289 1623 432 1663 anima
451 1636 559 1664 mea.

243 1679 352 1720 Cum
388 1678 475 1728 his,
517 1679 591 1731 qui
628 1679 817 1721 oderunt
853 1692 1020 1732 pacem,

189 1748 308 1777 eram
342 1735 572 1787 pacificus:
608 1736 631 1760 *
669 1749 769 1777 cum
804 1736 1021 1788 loquebar

189 1792 285 1841 illis,
312 1791 628 1843 impugnabant
655 1805 726 1834 me
753 1792 901 1842 gratis.

241 1848 338 1885 Ant.
378 1847 489 1887 Cum
518 1846 585 1888 his
620 1848 694 1899 qui
726 1847 915 1890 oderunt

192 1915 304 1951 cem,
333 1914 452 1943 eram
480 1903 709 1954 pacificus:
741 1903 845 1945 dum
872 1904 1021 1956 loque-

191 1957 271 1999 bar
290 1957 386 2007 illis,
406 1957 722 2010 impugnabant
740 1973 810 2002 me
830 1961 977 2011 gratis.

243 2012 341 2051 Ant.
376 2012 445 2054 Ab
464 2014 724 2057 hominibus.

455 2068 649 2107 I'salmus
671 2068 754 2107 139.

280 2125 374 2178 ripe
415 2140 486 2168 me
518 2128 709 2169 Domine
754 2128 810 2169 ab
844 2128 1022 2170 homine

295 2182 427 2223 malo:
441 2183 464 2208 *
479 2196 505 2224 a
518 2183 614 2224 viro
633 2183 783 2235 iniquo
803 2184 923 2236 eripe
941 2197 1023 2225 me.

246 2237 329 2286 Qui
362 2239 665 2289 cogitaverunt
694 2240 948 2292 iniquitates
979 2241 1023 2281 in

194 2291 345 2333 corde:
381 2295 405 2318 ¹⁸¹
441 2299 536 2336 tota
581 2295 652 2336 die
697 2295 1024 2338 constituebant

193 2347 357 2398 praelia.

247 2402 473 2445 Acuerunt
492 2405 660 2455 linguas
681 2419 782 2447 suas
804 2408 916 2449 sicut
936 2420 1022 2448 ser-

194 2458 389 2510 pentisz*
405 2462 620 2502 venenum
641 2463 843 2514 aspidum
864 2463 945 2505 sub
964 2463 1022 2504 la-

190 2513 278 2554 biis
298 2516 461 2555 eorum.

247 2569 430 2611 Cust6di
465 2584 536 2612 me
574 2573 762 2615 Domine
800 2575 855 2616 de
892 2588 1023 2616 manu

195 2626 499 2677 peccatoris:*
526 2632 569 2667 et
593 2628 647 2669 ab
672 2629 922 2671 hominibus
947 2632 1022 2671 ini-

196 2682 292 2732 quis
313 2682 432 2733 eripe
451 2695 532 2723 me,

584 188 757 221 Officium
784 186 956 219 votivum
983 184 1028 217 dc
1056 183 1243 216 Passionc
1269 181 1311 215 Ι).
1334 181 1379 214 N.
1400 181 1433 214 «Ι.
1455 180 1494 214 C.

1119 276 1204 326 Qui
1255 275 1560 326 cogitaverunt
1612 274 1899 327 supplantare

1066 344 1244 382 gressus
1270 343 1409 372 meos:
1432 331 1456 356 *
1479 330 1807 372 absconderunt
1831 342 1898 371 su-

1066 387 1193 440 perbi
1211 387 1418 439 laqueum
1436 385 1555 427 mihi:

1118 444 1176 485 Et
1203 443 1329 484 funes
1358 441 1650 484 extenderunt
1680 442 1726 483 in
1751 442 1898 494 laque-

1069 513 1155 541 um:
1180 500 1203 525 *
1229 501 1348 551 juxta
1374 499 1458 540 iter
1486 498 1743 540 scandalum
1768 510 1899 551 posu·

1068 558 1195 597 erunt
1214 555 1332 596 mihi.

1120 612 1223 653 Dixi
1242 612 1449 652 Domino:
1477 611 1600 652 Deus
1623 623 1748 652 meus
1772 622 1820 652 es
1838 615 1901 652 tu:

1068 669 1091 694 *
1111 667 1272 709 exaudi
1295 668 1486 709 Domine
1510 666 1669 708 voeem
1693 665 1901 719 depreca-

1067 724 1201 766 tionis
1219 737 1341 766 meae.

1120 781 1327 830 Domine,
1362 780 1551 822 Domine
1579 780 1718 821 virtus
1749 778 1902 819 salutis

1068 849 1196 878 meae:
1230 838 1254 864 *
1286 836 1563 878 obumbrasti
1599 848 1732 888 super
1768 839 1903 887 caput

1068 905 1215 934 meum
1232 893 1277 934 in
1297 893 1368 935 die
1386 892 1506 935 belliz‘

1121 949 1190 991 Ne
1208 949 1360 991 tradas
1379 962 1450 991 me
1469 948 1659 989 Domine
1683 959 1710 988 a
1733 946 1902 989 deside-

1069 1005 1136 1046 rio
1161 1018 1261 1047 meo
1287 1005 1527 1058 peccatori:
1551 1005 1575 1032 *
1600 1003 1904 1055 cogitaverunt

1071 1066 1226 1103 contra
1243 1074 1331 1111 me,
1356 1074 1412 1103 ne
1432 1060 1712 1113 derelinquas
1735 1072 1824 1109 me,
1848 1071 1904 1100 ne

1070 1118 1184 1160 forte
1203 1118 1461 1160 exaltentur.

1125 1175 1268 1227 Caput
1295 1174 1504 1216 circuitus
1532 1175 1700 1215 eorum·
1726 1172 1751 1199 *
1777 1171 1904 1214 labor

1070 1230 1288 1272 labiorum
1306 1231 1506 1283 ipsorum
1524 1229 1696 1282 operiet
1715 1241 1804 1271 eos.

1126 1286 1296 1328 Cadent
1324 1299 1457 1339 super
1485 1299 1563 1328 eos
1593 1284 1825 1334 carbones,
1860 1284 1905 1325 in

1071 1343 1217 1397 ignem
1251 1342 1430 1394 dejicies
1462 1355 1555 1384 eos:
1586 1342 1611 1367 *
1641 1341 1686 1382 in
1717 1340 1905 1382 miseriis

1072 1411 1161 1439 non
1181 1398 1431 1440 subsistent.

1125 1454 1206 1495 Vir
1238 1454 1465 1505 linguosus
1496 1466 1586 1495 non
1620 1442 1831 1504 dirigetur
1862 1452 1905 1492 in

1072 1515 1206 1552 terra:
1234 1510 1258 1535 *
1287 1511 1428 1551 virum
1461 1510 1669 1562 injustum
1695 1508 1812 1551 mala
1839 1510 1906 1549 ca-

1073 1567 1196 1619 pient
1213 1567 1258 1607 in
1276 1567 1465 1608 interitu.

1126 1623 1324 1674 Cognovi
1336 1623 1438 1675 quia
1451 1622 1584 1664 faciet
1592 1622 1687 1663 Dfis
1701 1620 1907 1674 judicium

1073 1679 1234 1731 inopis:
1253 1680 1277 1705 *
1297 1684 1341 1721 et
1361 1677 1601 1720 vindictam
1620 1681 1877 1730 pauperum.

1125 1735 1443 1777 Verumtamen
1462 1735 1564 1786 justi
1583 1733 1908 1776 confitebuntur

1074 1791 1240 1832 nomini
1268 1797 1362 1833 tuo:
1389 1791 1413 1817 *
1440 1795 1484 1832 et
1511 1789 1773 1832 habitabunt
1798 1788 1908 1830 recti

946 1861 1021 1901 pa·
1075 1860 1175 1888 cum
1194 1847 1318 1890 vultu
1337 1852 1426 1889 tuo.

1123 1911 1223 1951 Ant.
1271 1912 1340 1954 Ab
1377 1911 1629 1954 hominibus
1666 1911 1827 1964 iniquis
1862 1910 1908 1951 li-

1074 1968 1182 2010 bera
1202 1982 1273 2010 me
1293 1969 1493 2010 Domine.

1125 2032 1223 2072 Ant.
1255 2032 1444 2075 Custodi
1463 2046 1545 2075 me.

1332 2113 1531 2152 Psalmus
1553 2113 1644 2151 140.

1164 2185 1308 2226 omine
1341 2184 1528 2225 clamavi
1559 2183 1628 2225 ad
1649 2189 1710 2233 te,
1751 2183 1910 2238 exaudi

1175 2253 1261 2281 me:
1280 2239 1505 2282 *intende
1529 2240 1630 2281 voci
1652 2252 1781 2289 meae,
1809 2252 1908 2281 cum

1077 2297 1326 2338 clamavero
1346 2296 1403 2338 ad
1421 2301 1476 2338 te.

1128 2353 1353 2403 Dirigatur
1369 2353 1512 2394 oratio
1526 2364 1625 2393 mea
1640 2351 1753 2392 sicut
1766 2351 1908 2392 incen-

1076 2410 1173 2450 sum
1201 2409 1244 2449 in
1277 2411 1521 2462 conspectu
1548 2413 1641 2449 tuo:
1668 2407 1692 2432 *
1720 2407 1908 2448 elevatio

1077 2467 1284 2506 manuum
1315 2467 1515 2508 mearum
1547 2462 1811 2504 sacrificium
1838 2476 1908 2504 ve-

1077 2523 1331 2573 s'pertinum.

1127 2577 1249 2618 Pone
1299 2576 1487 2618 Domine
1542 2575 1790 2617 custodiam
1843 2575 1909 2616 ori

1075 2645 1192 2673 meo:
1223 2635 1247 2659 *
1287 2637 1331 2674 et
1366 2632 1527 2673 ostium
1566 2631 1908 2673 circumstantiae

1076 2687 1203 2729 labiis
1222 2689 1343 2730 meis.
