2040 2944
179 175 256 222 [10]

773 178 983 211 Commune
1009 177 1298 219 Apostolorum.

181 287 279 316 eum
308 272 674 325 comprehensum
699 272 853 313 Petrus
882 273 1009 322 nega-

181 331 243 372 vit
261 331 303 371 in
323 335 449 378 terra,
472 341 602 381 quem
622 330 883 381 suspensum
897 328 1008 369 latro

181 387 406 428 confessus
426 390 492 427 est
511 386 555 426 in
574 398 715 427 cruce.
744 385 831 427 Sed
846 386 913 426 vir
927 386 1010 426 iste

180 449 312 485 tantae
343 441 602 491 formidinis,
641 442 780 494 qualis
808 447 911 495 post
937 441 1009 483 ad-

180 502 355 542 ventum
393 499 579 551 Spiritus
616 501 816 548 exsistat,
863 498 1010 539 audia-

180 570 287 597 mus.
338 556 407 597 Fit
449 557 690 597 conventus
728 556 1010 606 magistratus

181 618 311 665 atquc
332 612 563 662 seniorum,
584 613 709 653 caesis
730 612 1010 654 denuntiatur

181 669 421 722 Apostolis,
440 682 495 710 ne
514 669 557 709 in
577 669 752 710 nomine
768 669 791 710 J
795 681 873 710 esu
889 668 1010 721 loqui

182 725 384 768 debeant:
403 726 560 767 Petrus
576 738 734 776 magna
749 725 1010 766 auctoritate

181 782 438 836 respondet:
481 782 673 824 Obedire
709 784 887 835 oportet
913 782 1010 823 Deo

182 840 319 890 magis
341 852 471 892 quam
488 838 749 880 hominibus.

238 908 282 958 lxffv.
312 905 391 946 Isti
417 909 517 945 sunt
540 903 884 956 triumphatores
904 909 948 945 et
971 917 1011 944 a·

181 962 282 1002 mici
308 962 407 1011 Dei,
442 961 515 1013 qui
542 962 872 1002 contemnentes
896 961 1012 1012 jussa

182 1018 443 1070 principum,
467 1019 720 1059 meruerunt
746 1018 929 1070 praemia
957 1031 1011 1058 ae-

182 1077 319 1115 terna:
337 1079 357 1101 *
382 1074 516 1115 Modo
538 1076 815 1124 coronantur,
840 1079 883 1116 et
902 1077 1012 1116 acci-

182 1132 306 1184 piunt
325 1131 527 1184 palmam.
558 1129 604 1180 δ”.
628 1131 707 1172 Isti
727 1136 827 1172 sunt
847 1132 922 1183 qui
942 1144 1011 1172 ve-

182 1190 339 1229 nerunt
366 1201 420 1230 ex
447 1201 605 1238 magna
634 1187 931 1238 tribulatione,
969 1193 1013 1229 et

182 1245 381 1286 laverunt
418 1244 553 1286 stolas
589 1257 690 1285 suas
727 1244 770 1284 in
803 1245 1013 1295 sanguine

183 1302 309 1351 Agni.
327 1301 462 1343 Modo
479 1303 755 1342 coronantur.
772 1301 924 1342 Gloria
934 1302 1012 1342 Pa—

182 1358 248 1399 tri,
276 1357 410 1399 Modo
430 1360 708 1399 coronantur.

395 1444 442 1482 In
470 1443 541 1482 III.
570 1443 793 1482 Nocturno.

238 1513 335 1552 Ant.
354 1509 670 1552 lexaltabuntur
684 1509 708 1534 *
723 1511 887 1550 cornua
903 1509 1013 1560 justi,

184 1565 365 1618 alleluja.

456 1625 652 1664 l'salmus
681 1625 743 1664 74.

187 1702 213 1746 ,ἐν’
244 1692 582 1738 onfitebimur
605 1691 686 1733 tibi
709 1692 845 1733 Deus:
864 1693 888 1719 *
911 1704 1011 1734 con-

187 1784 190 1790 .
221 1743 294 1805 gfff
326 1749 567 1798 fitebimur,
622 1754 666 1790 et
710 1748 1012 1789 invocabimus

190 1806 199 1822 ³
228 1812 243 1819 ’“
268 1805 294 1832 ²¹
326 1819 485 1847 nomen
505 1811 639 1847 tuum.

234 1863 523 1904 Narrabimus
537 1862 755 1904 mirabilia
770 1867 861 1903 tua:
874 1862 898 1888 *
913 1874 1013 1902 cum

183 1922 397 1972 accepero
421 1925 608 1972 tempus,
635 1932 716 1970 ego
742 1918 929 1970 justitias
955 1919 1012 1970 ju-

184 1975 354 2018 dicabo.

235 2033 494 2085 Liquefacta
522 2037 589 2074 est
616 2037 749 2082 terra,
784 2036 827 2073 et
860 2043 1013 2072 omnes

186 2090 260 2142 qui
292 2089 492 2131 habitant
523 2090 567 2130 in
597 2102 662 2130 ea:
695 2090 718 2116 *
748 2101 830 2140 ego
859 2088 1012 2130 confir-

184 2147 300 2187 mavi
329 2146 556 2188 columnas
586 2147 688 2198 ejus.

237 2203 362 2244 Dixi'
351 2203 527 2255 iniquis:
541 2202 717 2245 Nolite
706 2204 854 2254 mique
869 2204 1013 2253 agere:

186 2261 209 2287 *
238 2265 281 2301 et
309 2259 682 2312 delinquentibus:
715 2258 865 2300 Nolite
900 2258 1013 2300 exal-

186 2319 280 2357 tare
309 2329 460 2358 cornu:

238 2372 387 2413 Nolite
413 2373 625 2415 extollere
650 2373 693 2414 in
717 2373 854 2414 altum
879 2384 1014 2413 cornu

187 2434 396 2470 vestrum:
424 2431 447 2455 *
474 2430 611 2470 nolite
647 2430 770 2481 loqui
803 2428 1014 2470 adversus

187 2486 330 2526 Deum
358 2485 642 2537 iniquitatem.

240 2541 352 2591 Quia
384 2554 526 2593 neque
558 2542 613 2583 ab
644 2542 838 2591 Oriente,
872 2554 1015 2593 neque

188 2597 243 2639 ab
283 2597 542 2647 Occidente,
583 2611 725 2650 neque
764 2611 789 2639 a
827 2598 1014 2640 desertis

188 2654 428 2696 montibus:
451 2656 474 2681 *
501 2656 707 2706 quoniam
735 2655 856 2696 Deus
884 2653 1015 2707 judex

189 2717 266 2753 est.

1114 271 1244 312 Hunc
1263 270 1474 321 humiliat,
1500 276 1543 313 et
1568 272 1684 314 hunc
1712 273 1890 314 exaltat:

1063 330 1086 355 *
1112 328 1214 380 quia
1238 328 1353 369 calix
1377 328 1421 368 in
1443 341 1575 370 manu
1597 329 1776 371 Domini
1802 330 1891 370 vini

1063 385 1172 427 meri
1199 384 1356 437 plenus
1384 385 1528 427 misto.

1115 442 1172 483 Et
1191 441 1418 483 inclinavit
1443 455 1496 483 ex
1516 442 1602 484 hoc
1624 442 1668 483 in
1692 442 1794 485 hoc:
1821 456 1891 485 ve·

1063 502 1308 540 rumtamen
1343 499 1428 540 faex
1461 500 1551 551 ejus
1584 511 1672 540 non
1706 504 1772 541 est
1805 500 1890 542 exi-

1063 558 1226 597 nanita:
1246 557 1269 582 *
1287 555 1441 597 bibent
1461 568 1613 597 omnes
1632 558 1891 608 peccatores

1063 617 1206 654 terrae.

1115 669 1210 720 Ego
1235 673 1383 710 autem
1402 669 1672 710 annuntiabo
1696 669 1741 710 in
1759 671 1892 710 saecu-

1064 726 1170 767 lum:
1198 727 1222 753 *
1249 725 1438 767 cantabo
1463 726 1561 767 Deo
1589 725 1738 767 Jacob.

1116 783 1173 824 Et
1217 782 1363 823 omnia
1404 784 1568 823 cornua
1608 784 1894 835 peccatorum

1066 839 1352 890 confringam:
1369 841 1393 866 *
1409 844 1453 880 et
1472 838 1782 880 exaltabuntur
1801 840 1894 880 cor-

1064 909 1151 937 nua
1177 895 1288 948 justi.

1118 955 1214 995 Ant.
1249 951 1569 994 Exaltabuntur
1593 954 1757 993 cornua
1785 952 1895 1003 justi,

1066 1009 1247 1061 alleluja.

1118 1069 1218 1109 Ant.
1249 1068 1342 1107 Lux
1360 1070 1456 1106 orta
1475 1070 1544 1106 est
1562 1065 1586 1090 *
1605 1065 1729 1116 justo,
1749 1064 1895 1106 allelu-

1066 1124 1114 1175 ia,
1143 1122 1274 1164 rectis
1295 1121 1429 1163 corde
1448 1121 1610 1171 laetitia,
1638 1121 1820 1173 alleluja.

1342 1179 1537 1220 l'salmus
1556 1179 1623 1219 96.

1155 1236 1326 1277 ominus
1342 1235 1550 1287 regnavit,
1562 1234 1751 1276 exsultet
1765 1239 1896 1276 terra:

1178 1294 1201 1318 *
1220 1292 1423 1333 laetentur
1442 1291 1595 1333 insulae
1613 1291 1775 1333 multae.

1117 1349 1281 1399 Nubes,
1301 1354 1344 1390 et
1363 1348 1504 1399 caligo
1524 1349 1567 1389 in
1587 1348 1771 1389 circuitu
1791 1348 1896 1399 eius:

1065 1406 1088 1431 *
1110 1406 1283 1458 justitia,
1312 1410 1355 1447 et
1371 1404 1578 1457 judicium
1597 1404 1812 1446 correctio
1831 1416 1895 1445 se-

1066 1462 1134 1504 dis
1155 1463 1257 1515 ejus.

1117 1519 1237 1571 Ignis
1261 1523 1361 1560 ante
1380 1519 1525 1572 ipsum
1543 1517 1782 1572 praecedet,
1800 1517 1824 1543 *
1852 1521 1896 1558 et

1065 1575 1353 1618 inflammabit
1393 1576 1436 1616 in
1479 1576 1664 1617 circuitu
1695 1575 1896 1615 inimicos

1066 1646 1167 1685 ejus.

1117 1689 1360 1731 Illuxerunt
1383 1688 1554 1739 fulgura
1577 1689 1667 1740 eius
1693 1686 1790 1729 orbi
1811 1691 1896 1728 ter-

1066 1760 1141 1788 rae:
1160 1747 1184 1773 *
1203 1745 1322 1796 vidit,
1351 1750 1394 1787 et
1413 1747 1636 1787 commota
1655 1749 1722 1786 est
1740 1748 1869 1785 terra.

1116 1804 1310 1853 Montes,
1348 1803 1461 1844 sicut
1490 1815 1592 1844 cera
1623 1801 1843 1843 fluxerunt
1870 1813 1896 1842 a

1066 1861 1177 1902 facie
1196 1859 1389 1901 Domini:
1413 1860 1437 1885 *
1462 1872 1487 1901 a
1511 1859 1622 1900 facie
1646 1858 1827 1899 Domini
1850 1869 1894 1898 0-

1065 1917 1177 1958 mnis
1196 1922 1325 1958 terra.

1118 1973 1499 2015 Annuntiaverunt
1544 1972 1645 2014 coeli
1689 1971 1896 2024 justitiam

1066 2032 1173 2082 ejus:
1200 2031 1223 2056 *
1253 2035 1297 2072 et
1324 2029 1527 2071 viderunt
1558 2042 1711 2071 omnes
1743 2027 1896 2082 populi

1065 2088 1251 2139 gloriam
1271 2088 1373 2139 ejus.

1119 2143 1454 2186 Confundantur
1493 2155 1663 2193 omnes,
1712 2141 1786 2194 qui
1821 2140 1894 2183 ad-

1067 2203 1194 2242 orant
1213 2199 1447 2253 sculptilia:
1462 2200 1485 2226 *
1502 2204 1546 2241 et
1561 2199 1635 2252 qui
1653 2198 1894 2249 gloriantur

1066 2258 1109 2299 in
1129 2257 1372 2298 simulacris
1392 2257 1492 2298 suis.

1118 2313 1317 2355 Adorate
1333 2326 1433 2355 eum
1448 2324 1599 2354 omnes
1614 2310 1771 2361 Angeli
1791 2311 1896 2362 ejus:

1066 2372 1089 2397 *
1109 2370 1287 2419 audivit,
1316 2375 1359 2412 et
1377 2370 1526 2411 laetata
1545 2372 1613 2409 est
1630 2367 1745 2408 Sion.

1119 2428 1174 2468 Et
1209 2427 1537 2468 exsultaverunt
1569 2423 1670 2464 fssiae
1701 2423 1844 2473 Judae,
1873 2424 1895 2449 *

1067 2489 1249 2537 propter
1267 2483 1423 2536 judicia
1442 2487 1516 2523 tua
1535 2481 1741 2522 Domine:

1119 2541 1337 2590 Quoniam
1351 2544 1398 2580 tu
1413 2537 1627 2579 Dominus
1643 2537 1895 2578 Altissimus

1068 2610 1200 2650 super
1215 2609 1390 2638 omnem
1408 2599 1586 2636 terram:
1600 2595 1623 2619 *
1636 2594 1763 2634 nimis
1783 2593 1895 2634 exal-

1067 2656 1184 2695 tatus
1204 2666 1252 2694 es
1271 2665 1402 2704 super
1422 2664 1575 2693 omnes
1595 2650 1714 2692 deos.

1120 2710 1203 2761 Qui
1219 2708 1398 2760 diligitis
1408 2708 1657 2757 Dominum,
1674 2706 1793 2748 odite
1807 2719 1894 2747 ma-
