2040 2944
707 209 910 244 Dominica
936 211 996 246 IV.
1022 213 1264 249 Novembris.

134 300 364 353 replebant
386 302 609 355 templum.
654 300 701 351 V.
733 304 962 358 Seraphim

135 356 310 399 stabant
337 371 468 410 super
496 358 620 400 illud:
657 372 735 400 sex
767 361 849 402 alae
876 362 963 412 unis

135 417 179 454 et
198 427 275 456 sex
295 415 376 456 alae
396 414 532 456 alteri.
559 415 616 457 Et
635 429 696 457 ea.

442 472 594 513 Lectio
614 473 653 512 ii.

215 531 234 569 t
253 527 361 569 dixit
379 528 592 570 Dominus
617 527 673 569 ad
693 541 807 570 eum:
835 530 959 573 Voca

230 596 389 626 nomen
409 585 499 636 ejus
517 584 542 625 J
545 584 732 626 ezrahel:
754 588 959 638 quoniam

132 638 276 682 adhuc
302 641 542 691 modicum,
576 645 619 682 et
646 641 834 684 visitabo
863 646 957 685 sim-

130 696 306 746 guinem
324 697 348 738 J
351 697 524 739 ezrahel
543 710 675 750 super
693 698 873 740 domum
891 701 916 741 J
919 713 958 742 e-

131 752 205 802 hu,
249 758 292 795 et
330 754 557 805 quiescere
590 754 745 796 faciam
778 768 958 806 regnum

133 807 289 850 domus
308 810 457 851 Israel.
488 811 544 852 Et
567 810 611 851 in
630 810 704 852 illa
723 811 792 853 die
812 815 957 854 conte-

130 878 224 906 ram
244 879 393 908 arcum
406 866 543 908 Israel
560 867 604 908 in
621 867 734 909 valle
748 868 957 911 Jezrahel.

129 922 186 963 Et
214 923 416 975 concepit
444 923 604 973 adhuc,
638 929 681 965 et
708 926 883 977 peperit
910 926 956 967 fi-

128 978 242 1020 liam.
269 979 327 1021 Et
345 980 456 1021 dixit
475 981 530 1022 ei:
549 980 675 1022 Voca
690 994 850 1023 nomen
866 983 956 1034 ejus

129 1034 312 1088 Absque
324 1037 643 1079 misericordia:
665 1038 765 1089 quia
779 1051 867 1080 non
883 1039 955 1080 ad-

130 1090 232 1133 dam
258 1092 371 1134 ultra
398 1094 596 1135 misereri
624 1093 775 1136 domui
801 1095 955 1145 Israel,
1035 1116 1118 1136 n

130 1148 210 1189 sed
229 1149 449 1191 oblivione
466 1150 700 1192 obliviscar
715 1153 877 1192 eorum.
898 1153 955 1194 Et

131 1203 280 1246 domui
299 1206 324 1246 J
325 1205 412 1247 uda
430 1206 686 1256 miserebor,
711 1212 754 1249 et
774 1208 954 1250 salvabo

130 1274 207 1303 eos
238 1262 282 1302 in
313 1262 504 1305 Domino
534 1264 631 1305 Deo
665 1277 760 1306 suo:
793 1269 836 1306 et
868 1279 955 1307 non

129 1317 310 1360 salvabo
336 1332 412 1361 eos
433 1320 477 1360 in
500 1333 620 1371 arcu,
651 1326 694 1363 et
717 1321 883 1372 gladio,
912 1327 955 1364 et

127 1373 172 1414 in
198 1374 333 1425 bello,
367 1381 411 1417 et
441 1376 486 1417 in
519 1378 659 1429 equis,
693 1383 736 1419 et
764 1378 808 1418 in
837 1381 953 1431 equi-

127 1430 256 1473 tibus.

179 1490 229 1541 Rg.
255 1489 420 1542 Aspice
439 1490 626 1536 Domine
651 1490 706 1532 de
731 1490 836 1532 sede
860 1505 953 1532 san-

128 1548 198 1585 cta
215 1549 305 1596 tua,
327 1551 370 1588 et
390 1548 535 1599 cogita
554 1547 609 1589 de
628 1547 770 1589 nobis:
794 1547 954 1589 inclina

126 1600 247 1643 Deus
266 1616 389 1644 meus
408 1616 557 1645 aurem
576 1609 711 1653 tuam,
732 1610 775 1646 et
794 1604 909 1646 audi:
930 1609 951 1631 *

125 1656 263 1710 Aperi
285 1660 437 1702 oeulos
455 1665 568 1711 tuos,
591 1665 635 1702 et
653 1659 754 1702 vide
774 1661 950 1703 tribula-

125 1713 290 1756 tionem
315 1722 524 1758 nostram.
560 1711 610 1764 V.
639 1717 723 1768 Qui
750 1718 865 1768 regis
890 1718 950 1759 Is-

125 1770 233 1820 rael,
268 1771 463 1823 intende,
507 1774 581 1825 qui
616 1773 799 1815 deducis
831 1774 951 1815 velut

125 1838 254 1868 ovem
273 1828 298 1868 J
300 1829 450 1882 oseph.
478 1831 626 1882 Aperi.

427 1885 579 1926 Lectio
599 1886 653 1926 iii.

206 1947 226 1984 t
239 1943 476 1987 ablactavit
490 1958 597 1996 eam,
618 1959 717 1998 quae
733 1951 826 1988 erat
840 1946 950 1988 Abs-

215 2012 300 2052 que
318 2001 630 2044 misericordia.
658 2002 715 2043 Et
734 2003 949 2055 concepit,

125 2060 169 2098 et
195 2057 368 2110 peperit
395 2057 543 2099 filium.
584 2058 641 2100 Et
669 2058 793 2100 dixit:
822 2059 948 2100 Voca

125 2125 283 2155 nomen
317 2114 423 2166 ejus:
456 2114 559 2156 Non
589 2115 780 2168 populus
812 2128 949 2156 meus:

125 2169 228 2220 quia
257 2182 339 2211 vos
375 2183 463 2212 non
499 2171 691 2224 populus
722 2184 863 2221 meus,
906 2176 949 2213 et

125 2237 207 2277 ego
225 2239 314 2268 non
334 2239 409 2268 ero
429 2233 584 2269 vester.
621 2228 677 2269 Et
702 2228 783 2269 erit
801 2231 947 2269 nume-

123 2294 197 2323 rus
215 2282 404 2324 filiorum
417 2284 554 2325 Israel
574 2284 698 2336 quasi
716 2286 848 2325 arena
862 2296 948 2324 ma-

123 2338 198 2388 ris,
224 2351 322 2390 quae
348 2340 440 2381 sine
464 2343 669 2381 mensura
687 2345 772 2389 est,
799 2345 842 2381 et
860 2352 948 2380 non

123 2394 432 2437 numerabitur.
481 2397 539 2437 Et
567 2396 649 2438 erit
675 2396 718 2436 in
746 2395 845 2437 loco
873 2395 947 2436 ubi

124 2450 293 2492 dicetur
331 2452 408 2493 eis:
451 2452 553 2494 Non
593 2451 783 2504 populus
823 2463 946 2491 meus

123 2519 218 2548 vos:
242 2508 410 2549 dicetur
430 2509 507 2550 eis:
533 2508 630 2549 Filii
649 2508 732 2549 Dei
750 2507 945 2548 viventis.

123 2563 180 2604 Et
213 2565 597 2616 congregabantur
629 2564 708 2605 filii
737 2562 865 2612 Juda,
902 2567 944 2603 et

123 2618 201 2659 filii
224 2619 361 2661 Israel
383 2621 564 2673 pariter:
592 2625 635 2661 et
658 2624 823 2672 ponent
846 2617 944 2659 sibi-

121 2680 211 2717 met
233 2681 365 2728 caput
386 2690 536 2726 unum,
565 2681 608 2718 et
633 2674 869 2716 ascendent
890 2673 944 2714 de

121 2734 252 2772 terra:
282 2732 383 2783 quia
406 2744 590 2782 magnus
617 2731 711 2773 dies
734 2731 759 2771 J
762 2729 944 2771 ezrahel.

1065 311 1115 362 R.
1144 309 1306 362 Aspice
1338 312 1544 363 Domine,
1589 315 1690 367 quia
1722 316 1837 358 facta

1013 368 1080 405 est
1104 364 1302 408 desolata
1328 369 1480 410 civitas
1505 370 1635 422 plena
1662 371 1836 422 divitiis,

1012 419 1137 463 sedet
1158 421 1201 462 in
1225 423 1400 465 tristitia
1420 424 1596 467 domina
1615 427 1836 469 Gentium:

1013 478 1036 502 *
1052 477 1095 518 N
1098 490 1155 518 on
1174 483 1240 520 est
1261 480 1334 531 qui
1355 482 1606 524 consoletur
1626 496 1733 533 eam,
1753 485 1835 525 nisi

1010 538 1059 575 tu
1077 534 1198 575 Deus
1218 542 1379 578 noster.
1414 532 1462 583 V.
1485 539 1668 581 Plorans
1691 541 1834 593 plora-

1011 590 1073 631 vit
1091 590 1134 630 in
1154 597 1293 641 nocte,
1314 598 1357 634 et
1375 593 1567 636 lacrimae
1583 597 1674 647 ejus
1687 597 1731 637 in
1746 610 1833 638 ma-

1010 646 1124 687 xillis
1144 648 1245 699 ejus.
1269 649 1381 690 Non.
1405 650 1556 692 Gloria
1570 652 1698 694 Patri.
1722 653 1833 694 Non.

1242 728 1290 765 In
1309 729 1358 766 II.
1380 729 1600 768 Nocturno.

1010 791 1078 830 Ex
1094 789 1206 832 libro
1223 793 1362 834 sancti
1376 794 1608 845 Augustini
1623 795 1833 849 Episcopi

1240 849 1294 891 de
1314 849 1498 892 Civitate
1517 852 1611 893 Dei.

1216 914 1331 948 Liber
1357 915 1408 948 18.
1457 915 1548 958 Cap.
1571 916 1625 949 28.

1307 971 1459 1011 Lectio
1481 972 1532 1011 iv.

1012 1031 1196 1088 T
1216 1030 1450 1082 propheta,
1471 1038 1633 1083 quanto
1654 1035 1831 1086 profun-

1015 1136 1016 1139 ,
1141 1085 1238 1127 dius
1268 1087 1443 1138 quidem
1469 1088 1679 1140 loquitur,
1708 1096 1829 1133 tanto

1012 1160 1041 1164 ff
1093 1156 1117 1165 —
1140 1143 1370 1194 operosius
1414 1148 1680 1197 penetratur.
1742 1148 1830 1189 Sed

1008 1197 1172 1249 aliquid
1191 1198 1292 1241 inde
1315 1200 1571 1242 sumendum
1591 1207 1672 1252 est,
1700 1209 1742 1245 et
1761 1203 1831 1246 hic

1008 1266 1062 1295 ex
1080 1261 1232 1296 nostra
1254 1258 1546 1309 promissione
1570 1260 1830 1311 ponendum.

1006 1310 1062 1352 Et
1082 1312 1179 1361 erit,
1197 1313 1350 1364 inquit,
1374 1314 1418 1354 in
1437 1314 1536 1356 loco
1558 1328 1644 1367 quo
1666 1316 1830 1358 dictum

1007 1373 1074 1408 est
1107 1368 1187 1418 eis,
1226 1369 1327 1411 Non
1360 1370 1550 1423 populus
1582 1385 1704 1413 meus
1736 1387 1830 1415 vos:

1006 1424 1281 1466 vocabuntur
1314 1431 1358 1467 et
1394 1427 1479 1479 ipsi
1510 1427 1587 1468 filii
1619 1429 1701 1470 Dei
1733 1430 1830 1471 vivi.

1005 1481 1103 1522 Hoc
1128 1482 1425 1524 testimenium
1449 1483 1755 1536 propheticum
1775 1486 1830 1528 de

1004 1538 1236 1579 vocatione
1280 1539 1434 1591 populi
1480 1540 1700 1591 Gentium,
1756 1544 1829 1595 qui

1006 1594 1126 1646 prius
1167 1607 1254 1636 non
1294 1596 1542 1647 pertinebat
1578 1597 1634 1638 ad
1670 1598 1829 1650 Deum,

1006 1650 1136 1691 etiam
1155 1651 1361 1704 Apostoli
1379 1652 1693 1695 intellexerunt.

1058 1713 1108 1764 Rp
1133 1712 1273 1765 Super
1295 1726 1445 1754 muros
1467 1718 1567 1754 tuos
1586 1714 1827 1756 Jerusalem

1005 1769 1211 1809 constitui
1240 1768 1460 1810 custodes:
1488 1771 1510 1794 *
1537 1770 1651 1811 Tota
1686 1770 1756 1812 die
1784 1777 1828 1813 et

1002 1829 1133 1865 nocte
1152 1837 1240 1865 non
1254 1825 1461 1867 tacebunt
1475 1826 1655 1867 laudare
1669 1840 1827 1869 nomen

1002 1879 1189 1921 Domini.
1240 1878 1290 1930 V.
1314 1880 1623 1924 Praedicabunt
1650 1884 1826 1936 populis

1002 1935 1304 1978 fortitudinem
1331 1950 1493 1987 meam,
1530 1943 1573 1979 et
1602 1940 1824 1981 annuntia-

1002 1992 1110 2034 bunt
1164 1993 1378 2035 Gentibus
1437 1993 1621 2045 gloriam
1673 2009 1825 2037 meam.

1002 2049 1117 2091 Tota
1140 2049 1221 2091 die.

1310 2113 1460 2153 Lectio
1483 2127 1518 2151 v.

1085 2176 1103 2212 t
1147 2172 1248 2224 quia
1285 2172 1380 2224 ipse
1423 2185 1598 2225 quoque
1634 2172 1823 2224 populus

1105 2228 1310 2269 Gentium
1338 2228 1591 2281 spiritaliter
1617 2233 1683 2269 est
1708 2228 1752 2268 in
1776 2228 1823 2269 fi-

1000 2284 1069 2324 liis
1092 2283 1299 2334 Abrahae,
1330 2297 1381 2325 ac
1408 2297 1487 2336 per
1510 2284 1596 2326 hoc
1619 2289 1738 2326 recte
1763 2283 1822 2326 di-

1001 2340 1110 2380 citur
1129 2339 1279 2380 Israel:
1298 2342 1534 2392 propterea
1552 2340 1760 2392 sequitur,
1779 2346 1827 2382 et·

1001 2394 1122 2436 dicit:
1152 2396 1208 2436 Et
1238 2395 1619 2453 congregabuntur
1647 2396 1726 2437 filii
1750 2397 1820 2437 Ju-

1000 2450 1066 2499 da,
1086 2456 1129 2492 et
1147 2451 1223 2491 filii
1241 2451 1378 2492 Israel
1395 2452 1439 2492 in
1457 2451 1661 2504 idipsum:
1681 2457 1724 2493 et
1743 2465 1819 2504 po-

999 2513 1102 2548 nent
1138 2507 1311 2548 sibimet
1347 2507 1641 2560 principatum
1672 2521 1819 2557 unum,

999 2568 1042 2604 et
1069 2562 1306 2604 ascendent
1335 2576 1360 2604 a
1387 2568 1514 2604 terra.
1555 2564 1654 2605 Hoc
1683 2564 1718 2604 si
1746 2562 1817 2604 ad-

998 2618 1083 2659 huc
1095 2618 1278 2660 velimus
1294 2621 1524 2671 exponere,
1543 2619 1704 2671 eloquii
1719 2631 1816 2670 pro-

997 2674 1161 2726 phetici
1180 2673 1446 2716 obtundetur
1465 2687 1607 2727 sapor.
1636 2673 1815 2715 Recole-

997 2736 1067 2771 tur
1096 2734 1240 2771 tamen
1270 2729 1382 2781 lapis
1409 2730 1482 2772 ille
1506 2730 1738 2780 angularis,
1773 2733 1816 2770 et
