2040 2944
597 190 669 224 Die
694 191 746 225 24.
773 191 852 225 Oct.
900 192 935 226 S.
961 193 1172 235 Raphaelis
1197 195 1444 237 Archangeli.

211 291 262 342 Rc.
282 289 345 331 br.
374 289 561 331 Redime
585 301 656 330 me
676 289 877 338 Domine,
894 293 917 316 *
937 289 995 330 Et

161 347 370 388 miserere
397 346 495 388 mei.
531 345 730 386 Redime.
769 344 819 393 V.
847 346 900 386 In
928 357 994 386 ec-

162 403 309 444 clesiis
335 402 597 445 benedicam
628 406 673 443 te
701 401 902 442 Domine.
938 401 996 443 Et

161 459 380 501 miserere.
405 458 561 500 Gloria
578 458 710 499 Patri.
734 457 932 499 Redime.

211 514 263 566 V.
292 520 515 562 Memento
551 518 694 561 nostri
725 519 915 560 Domine
951 519 995 559 in

162 577 442 630 beneplacito
470 575 627 629 populi
653 575 728 617 tui.
767 577 819 628 Ην.
851 575 996 617 Visita

162 647 243 675 nos
270 634 315 675 in
343 633 524 674 salutari
550 637 640 674 tuo.

412 713 416 715 ’
442 710 510 747 Ad
534 710 722 747 Sextam.

215 769 315 811 Ant.
334 767 559 811 Hauriotis
579 780 730 819 aquas.

242 834 506 887 Capitulum.
717 837 745 876 1.
767 836 864 877 Cor.
885 838 914 876 1.

163 889 272 997 Ex
291 895 390 948 ipso
415 899 563 936 autem
581 906 663 936 vos
688 893 793 935 estis
812 893 857 933 in
878 893 996 934 Chri-

264 956 333 993 sto
358 951 382 992 J
386 964 479 999 esu,
508 951 583 1003 qui
610 951 752 992 factus
778 955 846 991 est
869 949 997 991 nobis

165 1008 380 1061 sapientia
399 1020 426 1049 a
443 1007 554 1057 Deo,
579 1010 623 1048 et
641 1006 815 1059 justitia,
840 1010 884 1047 et
903 1019 997 1047 san-

165 1064 387 1115 ctificatio,
407 1068 452 1105 et
469 1063 731 1116 redemptio.

212 1125 264 1177 R.
290 1124 354 1166 br.
388 1124 613 1166 Memento
640 1123 781 1165 nostri
808 1122 998 1164 Domine

161 1182 184 1206 *
214 1181 267 1222 In
293 1180 574 1233 beneplacito
606 1179 763 1233 populi
789 1179 864 1221 tui.
908 1179 997 1220 Me-

165 1239 327 1279 mento.
370 1232 420 1284 V.
456 1237 602 1278 Visita
631 1249 714 1278 nos
744 1236 788 1276 in
817 1235 999 1277 salutari

163 1299 253 1336 tuo.
280 1294 343 1335 In.
369 1293 526 1335 Gloria
543 1293 676 1335 Patri.
702 1293 938 1334 Memento.

212 1348 263 1400 V.
281 1353 529 1396 Redemisti
542 1365 624 1395 nos
639 1353 829 1395 Domine
843 1353 888 1393 in
903 1354 998 1393 san-

163 1411 294 1463 guine
322 1415 414 1453 tuo.
450 1412 502 1463 Rs.
534 1410 592 1452 Et
618 1409 762 1451 fecisti
789 1422 871 1451 nos
899 1409 997 1450 Deo

163 1473 318 1510 nostro
338 1480 533 1519 regnum.

267 1593 272 1603 Ι
444 1545 512 1581 Ad
535 1545 720 1581 Nonam.

216 1602 317 1643 Ant.
337 1601 524 1643 Exsulta
543 1605 587 1643 et
605 1599 749 1641 lauda.

242 1667 504 1719 Capitulum.
665 1667 804 1719 Apoc.
824 1667 862 1706 4.
879 1664 918 1706 d.

164 1723 382 1830 Dignus
406 1740 453 1769 es
477 1726 667 1769 Domine
691 1726 813 1767 Deus
837 1728 999 1774 noster,

283 1786 485 1837 accipere
499 1783 696 1835 gloriam,
716 1787 759 1824 et
773 1781 998 1830 honorem,

166 1846 210 1884 et
241 1841 465 1883 virtutem:
500 1840 708 1892 quoniam
740 1841 913 1880 occisus
941 1850 999 1887 es,

166 1902 211 1940 et
234 1897 461 1940 redemisti
486 1909 575 1938 nos.
592 1896 690 1937 Deo
717 1896 761 1936 in
787 1894 999 1945 sanguine

165 1958 243 1996 tuo
265 1954 459 1995 exomni
474 1952 602 2003 tribu,
623 1958 666 1994 et
680 1952 839 2003 lingua,
860 1956 904 1992 et
922 1952 999 2003 po-

87 2037 90 2039 —
166 2009 285 2063 pulo,
305 2013 350 2051 et
367 2009 558 2059 natione,
579 2014 622 2051 et
641 2008 786 2050 fecisti
803 2020 885 2049 nos
901 2007 999 2047 Deo

166 2071 321 2107 nostro
340 2078 535 2117 regnum.

221 2129 272 2180 Rz.
296 2127 360 2169 br.
388 2125 555 2167 Notam
582 2124 725 2167 fecisti
753 2124 797 2164 in
824 2122 1000 2176 populis

168 2185 191 2209 *
210 2182 434 2224 Virtutem
451 2187 583 2224 tuam.
610 2181 788 2222 Notam.
813 2178 863 2231 V.
884 2178 999 2220 Red-

168 2238 313 2280 emisti
348 2239 393 2279 in
436 2237 618 2280 brachio
663 2242 741 2278 tuo
787 2235 1001 2289 populum

167 2299 301 2336 tuum.
329 2294 562 2335 Virtutem.
592 2293 754 2334 Gloria.
781 2292 956 2333 Notam.

222 2348 274 2400 V.
289 2355 387 2396 Dfie
402 2354 619 2405 refugium
633 2354 776 2394 factus
796 2365 843 2393 es
862 2351 1002 2392 nobis.

171 2410 222 2462 Rz.
238 2412 281 2452 A
299 2411 594 2462 generatione,
614 2414 658 2451 et
677 2408 900 2462 progenie.

376 2492 438 2532 In
460 2491 518 2532 11.
542 2489 793 2541 vesperis.

223 2548 362 2582 Omnia
386 2552 427 2582 ut
451 2548 490 2581 in
516 2548 542 2582 Ι.
560 2549 678 2592 Vesp.
697 2548 810 2593 [298],
836 2550 978 2590 praeter
1011 2565 1014 2568 <

223 2599 274 2650 V.
288 2603 535 2645 Redemisti
550 2615 633 2644 nos
644 2601 833 2642 Domine
847 2599 890 2639 in
906 2600 1001 2639 san-

169 2661 300 2711 guine
328 2667 418 2701 tuo.
466 2659 516 2710 Rc.
541 2659 599 2700 Et
622 2656 766 2699 fecisti
795 2667 877 2696 nos
904 2654 1001 2695 Deo

169 2721 323 2758 nostro
351 2727 545 2766 regnum.
567 2728 573 2739 ¹

326 2857 390 2881 Pars
406 2857 517 2881 Autumn
521 2855 576 2880 alis.

1775 195 1876 241 [309]

1103 293 1174 333 Ad
1194 293 1367 343 Magnis.
1397 294 1494 334 Ant.
1524 294 1725 342 Regnum
1743 295 1878 341 tuum,

1048 360 1229 399 regnum
1246 348 1439 389 omnium
1455 348 1727 397 saeculorum,
1744 352 1787 389 et
1802 346 1877 388 do-

1048 404 1228 446 minatio
1261 409 1337 445 tua
1368 404 1412 444 in
1441 404 1558 445 omni
1584 404 1878 455 generatione,

1050 466 1094 501 et
1121 461 1458 519 generationem,
1488 460 1672 512 allehija.

1260 565 1343 606 Die
1362 565 1427 605 24.
1448 564 1667 606 Octobris.

1150 632 1192 672 S.
1212 631 1486 683 Raphaelis
1504 630 1777 681 Archangeli.

1311 699 1465 743 Duplex
1482 701 1614 743 majus.

1270 768 1332 807 In
1353 767 1389 808 Ι.
1413 767 1664 818 vesperis.

1103 835 1191 869 Ant.
1218 839 1254 869 et
1274 834 1398 878 Capit.
1421 836 1468 869 de
1487 835 1606 869 Laud.
1629 832 1735 876 [314];
1761 835 1821 868 Ps.
1838 838 1879 868 ut

1050 883 1087 917 in
1111 884 1138 917 I.
1160 884 1277 927 Vesp.
1304 884 1351 918 de
1377 884 1521 918 Comm.
1546 884 1682 926 Apost.
1710 880 1756 923 [2]

1360 945 1570 996 Hymnus.

1101 1006 1242 1111 Tibi
1263 1007 1436 1049 Christe
1455 1005 1665 1059 splendor
1683 1005 1837 1055 Patris,

1198 1065 1315 1114 Vita,
1334 1064 1471 1105 virtus
1492 1063 1701 1110 cordium,

1155 1122 1206 1161 In
1225 1122 1467 1173 conspectu
1487 1119 1758 1170 Angelorum

1155 1177 1298 1226 Votis,
1317 1189 1427 1218 voce
1446 1175 1689 1229 psallimus:

1155 1233 1440 1275 Alternantes
1461 1230 1771 1283 concrepando

1155 1290 1296 1331 Melos
1317 1289 1472 1331 damus
1492 1288 1686 1330 vocibus.

1107 1362 1421 1406 Collaudamus
1441 1364 1701 1404 venerantes

1158 1421 1322 1462 Omnes
1343 1419 1443 1461 coeli
1462 1418 1696 1471 principes,

1157 1476 1245 1519 Sed
1264 1478 1491 1530 praecipue
1510 1474 1686 1516 fidelem

1156 1533 1387 1582 Medicum,
1408 1537 1451 1573 et
1472 1531 1678 1574 comitem

1156 1589 1440 1642 Raphaelem,
1460 1588 1504 1628 in
1523 1587 1686 1628 virtute

1156 1646 1424 1697 Alligantem
1444 1643 1702 1685 daemonem.

1106 1724 1201 1771 Quo
1223 1717 1407 1760 custode
1426 1716 1582 1770 procul
1600 1714 1728 1768 pelle,

1156 1777 1255 1817 Rex
1275 1774 1448 1816 Christe
1467 1772 1675 1825 piissime,

1158 1832 1298 1874 Omne
1318 1830 1441 1872 nefas
1458 1827 1634 1870 inimici:

1157 1887 1325 1929 Mundo
1346 1885 1481 1928 corde
1502 1889 1546 1926 et
1565 1885 1753 1936 corpore

1157 1943 1368 1985 Paradiso
1388 1941 1525 1983 redde
1544 1945 1621 1981 tuo

1156 2000 1252 2042 Nos
1272 1999 1369 2040 sola
1387 1996 1628 2039 clementia.

1108 2073 1303 2115 Gloriam
1321 2071 1443 2113 Patri
1462 2068 1649 2111 melodis

1158 2130 1451 2170 Personemus
1471 2125 1668 2166 vocibus:
1725 2136 1733 2141 ·

1160 2185 1359 2227 Gloriam
1379 2182 1554 2224 Christo
1575 2182 1793 2228 canamus,

1161 2241 1358 2283 Gloriam
1374 2237 1610 2279 Paraclito:

1159 2298 1243 2348 Qui
1261 2297 1412 2345 trinus,
1433 2299 1476 2336 et
1494 2306 1606 2334 unus
1625 2293 1746 2333 Deus

1156 2355 1312 2395 Exstat
1331 2356 1433 2393 ante
1452 2349 1626 2391 saecula.
1652 2403 1655 2405 μ
1678 2349 1832 2388 Amen.

1108 2415 1158 2467 V.
1201 2417 1332 2459 Stetit
1367 2414 1563 2466 Angelus
1606 2414 1725 2465 juxta
1763 2423 1883 2452 aram

1053 2474 1218 2538 templi.
1250 2475 1301 2525 Rl.
1322 2471 1503 2513 Habens
1521 2468 1792 2511 thuribulum
1811 2468 1881 2506 au-

1054 2543 1179 2572 reum
1196 2542 1241 2569 m
1259 2541 1392 2569 manu
1411 2539 1501 2568 sua.

1107 2596 1178 2638 Ad
1200 2595 1375 2646 Magnis.
1412 2595 1512 2634 Ant.
1549 2593 1644 2640 Ego
1675 2599 1769 2628 sum
1796 2585 1881 2625 Ra·

1054 2649 1186 2704 pha'el
1235 2647 1450 2699 Angelus,
1505 2646 1579 2698 qui
1632 2648 1727 2685 asto
1781 2644 1880 2681 ante
1928 2676 1930 2683 ,

1054 2706 1306 2748 Dominum:
1339 2716 1420 2746 vos
1457 2707 1603 2743 autem
1635 2696 1879 2741 benedicite

1619 2827 1675 2862 U*
