2040 2944
572 172 644 206 Die
672 172 719 206 14.
746 172 847 215 Sept.
894 171 937 205 In
962 171 1207 205 Exztltatione
1234 172 1267 205 S.
1295 172 1439 206 Crucis,

150 266 404 316 conclibitu,
424 266 503 308 sed
521 267 647 317 virgo
666 268 840 319 peperit
860 266 979 307 Chri-

151 329 277 365 stum.
318 323 419 365 Hoc
444 323 561 365 enim
587 322 788 375 exemplo
816 325 979 374 magni-

149 380 232 422 fice
248 380 493 422 insinuatur
506 379 710 421 fidelibus
727 379 980 431 conjugatis,

149 436 280 478 etiam
310 438 485 478 servata
515 437 612 489 pari
635 437 853 477 consensu
879 448 979 477 con—

148 493 345 543 tinentia,
370 506 503 546 posse
528 494 788 546 permanere
812 495 979 534 vocari-

150 562 235 601 que
257 550 520 602 conjugium,
539 562 628 591 non
646 551 866 602 permixto
887 551 978 591 cor-

148 606 269 658 poris
299 619 424 658 sexu,
457 605 536 648 sed
569 605 791 647 custodito
819 606 979 647 mentis

149 662 323 705 affectu:
355 663 603 716 praesertim
633 663 736 714 quia
764 662 886 704 nasci
916 662 978 704 eis

149 719 281 760 etiam
307 720 424 761 filius
451 720 597 773 potuit
625 720 718 761 sine
744 719 834 760 ullo
862 732 977 761 com-

148 776 282 829 plexu
313 776 493 827 carnali,
533 776 608 828 qui
639 781 823 829 propter
857 776 978 818 solos

148 832 391 884 gignendos
410 832 526 874 filios
546 831 822 875 adhibendus
842 838 920 875 est.

200 893 251 943 R.
276 889 401 932 Felix
426 903 616 942 namque
641 903 705 940 es,
735 903 861 932 sacra
880 890 977 931 Vir-

147 958 204 997 go
230 946 384 996 Maria,
413 946 466 988 et'
482 947 601 988 omni
624 947 754 989 laude
781 946 978 998 dignissi-

147 1016 233 1044 ma:
250 1006 274 1031 *
300 1004 411 1054 Quia
437 1017 491 1045 ex
515 1010 559 1046 te
586 1009 710 1045 ortus
735 1009 801 1046 est
828 1004 894 1046 sol
920 1005 978 1056 ju-

148 1060 296 1110 stitiae,
337 1061 359 1084 *
404 1060 605 1102 Christus
650 1061 772 1102 Deus
816 1066 976 1102 noster.

147 1110 198 1162 V.
223 1117 313 1158 Ora
337 1130 420 1170 pro
446 1117 631 1170 populo,
656 1118 873 1159 interveni
896 1130 977 1170 pro

148 1173 283 1224 clero,
308 1173 535 1216 intercede
559 1187 643 1227 pro
670 1173 834 1216 devoto
859 1174 977 1215 femi-

146 1242 230 1271 neo
250 1243 374 1271 sexu:
396 1230 585 1272 sentiant
604 1243 757 1272 omnes
776 1236 900 1273 tuum
919 1232 976 1283 ju-

146 1289 314 1337 vamen,
335 1287 599 1340 quicumque
619 1287 844 1329 celebrant
857 1293 978 1329 tuam

148 1348 343 1384 sanctam
370 1343 669 1386 Nativitatem.
714 1344 836 1394 Quia.
874 1343 977 1386 Glo-

146 1399 211 1440 ria
229 1400 359 1442 Patri.
389 1400 600 1442 Christus.

248 1462 400 1503 Lectio
420 1462 474 1502 ix.
712 1464 814 1515 Cap.
834 1465 870 1503 2.

148 1513 294 1622 Cum
314 1527 461 1564 autem
479 1521 706 1565 evidenter
725 1523 842 1565 dicat
858 1523 976 1576 Apo-

234 1579 375 1620 stolus
393 1579 556 1622 Paulus
577 1592 632 1622 ex
652 1580 816 1622 semine
831 1579 978 1622 David

147 1634 390 1677 secundum
426 1649 602 1678 carnem
639 1636 875 1687 Christum3
914 1637 976 1689 ip-

147 1704 242 1733 sam
261 1704 438 1744 quoque
457 1693 641 1734 MarIam
661 1693 716 1735 de
735 1694 874 1747 stirpe
891 1694 975 1735 Da-

147 1747 223 1790 vid
242 1747 434 1800 aliquam
456 1750 882 1801 consanguinitatem
901 1750 976 1792 du-

147 1806 283 1855 xisse,
316 1803 518 1847 dubitare
550 1806 703 1859 utique
730 1819 819 1848 non
848 1807 976 1849 debe-

147 1874 255 1902 mus.
302 1861 432 1914 Cujus
460 1862 633 1904 feminae
662 1864 869 1916 quoniam
896 1877 978 1906 nec

147 1917 425 1960 sacerdotale
469 1931 607 1971 genus
646 1921 833 1971 tacetur,
877 1920 976 1962 insi·
1018 1970 1019 1973 Ἰ

146 1976 307 2017 nuante
342 1975 463 2017 Luca
501 1975 623 2028 quod
660 1979 850 2028 cognata
886 1979 976 2030 ejus

147 2035 265 2072 esset
284 2031 528 2083 Elisabeth,
558 2045 691 2085 quam
717 2033 824 2075 dicit
850 2033 905 2076 de
930 2034 976 2075 fi-

146 2086 288 2129 liabus
330 2088 496 2130 Aaron:
541 2089 790 2132 firmissime
829 2092 976 2132 tenen-

147 2142 251 2185 dum
275 2149 360 2195 est,
390 2158 566 2188 carnem
591 2146 753 2189 Christi
781 2160 836 2189 ex
859 2151 976 2190 utro-

148 2213 233 2254 que
251 2203 410 2253 genere
429 2205 736 2256 propagatam,
763 2209 807 2246 et
824 2217 978 2256 regum

147 2257 331 2308 scilicet,
358 2263 402 2300 et
427 2259 723 2311 sacerdotum3
748 2261 792 2302 in
817 2261 976 2314 quibus

146 2314 347 2366 personis
373 2315 492 2368 apud
513 2315 637 2357 illum
653 2317 870 2370 populum
888 2318 975 2360 He-

145 2369 369 2412 braeorum
394 2372 525 2413 etiam
546 2373 732 2425 m5⁷stica
755 2374 904 2416 unctio
928 2374 974 2415 fi-

147 2426 402 2478 gurabatur,
433 2428 479 2470 id
504 2434 589 2478 est,
622 2429 832 2480 chrisma,
858 2429 976 2473 unde

148 2482 310 2525 Christi
334 2497 495 2526 nomen
526 2485 686 2536 elucet,
718 2491 842 2528 tanto
875 2492 975 2530 ante

148 2539 279 2581 etiam
301 2540 384 2582 ista
409 2542 737 2584 evidentissima
762 2543 975 2594 significa-

147 2595 266 2637 tione
280 2599 632 2649 praenuntiatum.
661 2598 724 2641 Te
742 2599 897 2641 Deum.
916 2601 975 2642 14.

202 2653 318 2698 Vesp.
343 2656 390 2690 de
414 2667 531 2702 sequ.,
555 2669 641 2693 cum
664 2669 798 2697 comm.
824 2660 902 2694 Oct.

302 2840 365 2865 Pars
381 2841 551 2866 Autumnalis.

1218 267 1301 310 Die
1320 269 1381 309 14.
1400 268 1682 321 Septembris.

1109 330 1170 370 In
1192 330 1516 373 Exaltatione
1542 333 1585 374 S.
1611 332 1795 373 Crucis.

1294 398 1448 443 Duplex
1472 399 1605 441 majus.

1247 458 1309 499 In
1333 458 1369 499 Ι.
1393 458 1647 509 vesperis.

1086 519 1173 551 Ant.
1200 523 1235 553 et
1265 520 1357 563 Cap.
1385 521 1430 554 de
1461 520 1580 555 Laud.
1609 517 1699 557 2902
1734 520 1794 553 ΡΞ.
1828 525 1865 553 ut

1035 567 1072 599 iu
1098 566 1123 599 l.
1149 568 1264 610 Vesp.
1292 568 1337 602 de
1365 568 1509 603 Comm.
1536 570 1673 612 Apost.
1698 565 1744 609 [2]

1263 671 1303 712 'll
1342 621 1553 712 {ymnus
1574 673 1620 715 'd

1202 684 1376 779 effhsset
1394 678 1833 782 ἓῗῗὲζέξᾷἓὲηω,

1137 785 1232 834 Qua
1252 786 1342 826 vita
1361 791 1549 828 mortem
1568 787 1761 839 pertulit,

1135 841 1193 883 Et
1211 847 1354 884 morte
1374 843 1509 884 vitam
1527 843 1723 896 protulit.

1087 907 1193 955 Quae
1214 907 1441 950 vulnerata
1460 908 1627 950 lanceae

1134 963 1347 1006 Mucrone
1368 964 1476 1014 diro,
1497 965 1726 1006 criminum

1136 1019 1195 1062 Ut
1214 1033 1295 1062 nos
1316 1021 1484 1063 lavaret
1504 1022 1723 1072 sordibus,

1135 1076 1330 1119 Manavit
1348 1078 1477 1128 unda,
1497 1084 1541 1120 et
1559 1079 1783 1129 sanguine.

1088 1141 1272 1193 Impleta
1293 1148 1393 1184 sunt
1414 1156 1512 1196 quae
1533 1143 1724 1185 concinit

1134 1197 1282 1240 David
1300 1198 1420 1241 fideli
1441 1201 1644 1251 carmine,

1135 1255 1337 1297 Dicendo
1357 1257 1622 1299 nationibus:

1135 1311 1354 1363 Regnavit
1374 1326 1399 1354 a
1418 1313 1538 1364 ligno
1558 1314 1692 1355 Deus.

1087 1375 1232 1418 Arbor
1252 1377 1415 1420 decora
1435 1384 1478 1420 et
1497 1379 1675 1430 fulgida,

1137 1433 1305 1476 Ornata
1324 1435 1459 1486 Regis
1478 1440 1686 1489 purpura,

1134 1489 1288 1532 Electa
1308 1491 1442 1543 digno
1463 1493 1612 1546 stipite

1133 1546 1245 1587 Tam
1265 1554 1417 1590 sancta
1435 1549 1633 1591 membra
1651 1552 1843 1601 tangere.

1084 1612 1233 1661 Beata,
1253 1613 1375 1664 cujus
1395 1613 1588 1655 brachiis

1133 1667 1329 1709 Pretium
1348 1670 1560 1722 pependit
1579 1670 1741 1721 saeculi,

1133 1723 1308 1766 Statera
1326 1725 1442 1767 facta
1460 1727 1672 1779 corporis,

1134 1780 1343 1833 Tulitque
1364 1783 1563 1835 praedam
1581 1784 1746 1825 tartari.

1085 1846 1121 1885 O
1145 1845 1264 1887 Crux
1283 1859 1363 1888 ave
1383 1861 1486 1901 spes
1506 1849 1644 1898 unica,

1132 1902 1183 1942 In
1202 1902 1286 1944 hac
1304 1904 1516 1958 triumphi
1534 1905 1675 1957 gloria

1133 1959 1223 2000 Piis
1244 1959 1414 2012 adauge
1433 1963 1629 2013 gratiam,

1134 2016 1330 2069 Reisque
1350 2017 1449 2060 dele
1470 2020 1660 2060 crimina.

1084 2081 1155 2130 Te,
1175 2081 1273 2123 fons
1293 2082 1447 2125 salutis
1466 2084 1672 2135 Trinitas,

1134 2138 1367 2181 Collaudet
1387 2141 1529 2182 omnis
1548 2142 1742 2194 spiritus:

1133 2195 1302 2245 Quibus
1324 2197 1477 2251 Crucis
1496 2197 1725 2240 victoriam

1132 2251 1334 2303 Largiris,
1354 2252 1469 2296 adde
1488 2254 1729 2307 praemium.

1340 2310 1494 2351 Amen.

1083 2357 1133 2409 V.
1170 2364 1270 2406 Hoc
1307 2365 1479 2416 signum
1513 2366 1667 2409 Crucis
1701 2369 1784 2410 erit
1814 2369 1858 2410 in

1029 2419 1155 2461 coelo.
1203 2419 1254 2469 Rv-
1289 2421 1399 2463 Cum
1425 2422 1640 2465 Dominus
1668 2423 1726 2466 ad
1752 2425 1856 2477 judi-

1027 2475 1217 2518 candum
1238 2478 1417 2520 venerit.

1083 2535 1153 2575 Ad
1174 2535 1346 2585 Magnis.
1374 2535 1475 2577 Ant.
1504 2537 1541 2577 Ο
1562 2540 1693 2591 Crux,
1714 2541 1854 2594 splen-

1028 2592 1174 2635 didior
1198 2594 1368 2636 cunctis
1392 2596 1537 2646 astris,
1562 2596 1727 2639 mundo
1746 2597 1855 2639 cele—

1026 2649 1135 2700 bris,
1161 2650 1411 2693 hominibus
1436 2653 1623 2694 multum
1646 2653 1855 2703 amabilis,

1027 2706 1221 2748 sanctior
1239 2707 1474 2759 universis,
1501 2721 1600 2761 quae
1624 2709 1719 2751 sola
1737 2709 1856 2751 fuisti

1580 2839 1625 2871 -19
