2040 2944
565 174 636 208 Die
664 175 711 208 11.
738 175 836 209 Nov.
884 174 919 209 S.
944 174 1101 208 Martini
1126 174 1254 217 Episc.
1280 179 1317 207 et
1341 174 1449 208 Conf.

142 327 357 369 Martinus
403 327 632 368 confessus
680 332 763 377 est,
814 332 859 369 et
902 327 976 369 ba-

141 384 292 436 ptismi
311 384 499 436 gratiam
516 384 727 437 percepit.

200 443 299 485 Ant.
328 445 422 495 Ego
447 444 571 495 signo
596 445 755 495 crucis,
781 458 870 486 non
890 445 975 498 cly-

141 514 228 554 peo
246 503 493 554 protectus,
519 506 594 543 aut
613 501 755 552 galea,
782 501 975 543 hostium

142 561 307 599 cuneos
325 556 572 610 penetrabo
591 560 784 598 securus.

434 621 634 663 Psalmus
657 622 693 661 3.

235 683 381 725 omine
418 682 524 735 quid
558 682 837 735 multiplicati
873 688 975 725 sunt

248 740 323 791 qui
346 739 559 781 tribulant
586 738 680 780 me?
708 739 732 765 *
759 740 887 781 multi
914 740 973 780 in-

143 798 328 847 sargunt
346 795 581 837 adversum
601 808 682 836 me.

194 851 322 893 Multi
341 851 494 893 dicunt
512 851 670 893 animae
684 865 812 894 meae:
831 853 855 879 *
871 852 973 894 Non

143 911 211 948 est
230 907 348 949 salus
365 907 452 960 ipsi
469 908 514 948 in
533 908 630 949 Deo
651 909 753 960 ejus.

193 963 263 1004 Tu
311 969 459 1005 autem
502 965 694 1006 Domine
740 966 974 1018 susceptor

141 1032 266 1061 meus
287 1033 349 1070 es,
368 1020 393 1046 *
411 1020 551 1071 gloria
570 1033 685 1071 mea,
709 1026 753 1063 et
773 1021 972 1063 exaltans

142 1081 276 1129 caput
294 1089 452 1121 meum.

193 1132 319 1174 Voce
344 1146 443 1175 mea
467 1133 524 1175 ad
549 1134 788 1175 Dominum
817 1133 973 1175 clama-

141 1188 205 1229 vi:
236 1190 260 1215 *
293 1194 337 1231 et
368 1190 593 1231 exaudivit
628 1203 699 1232 me
730 1190 785 1232 de
822 1194 973 1231 monte

141 1250 293 1287 sancto
322 1258 413 1287 suo.

192 1301 288 1353 Ego
313 1301 511 1353 dormivi,
537 1307 581 1344 et
604 1305 840 1355 soporatus
863 1315 973 1343 sum:

141 1358 164 1384 *
185 1362 229 1399 et
252 1359 494 1410 exsurrexi,
521 1359 624 1411 quia
643 1359 858 1401 Dominus
882 1371 972 1400 sus-

140 1413 258 1466 cepit
278 1427 359 1456 me.

190 1469 293 1512 Non
330 1471 498 1514 timebo
530 1471 667 1513 millia
703 1471 859 1525 populi
893 1472 971 1513 cir-

140 1526 388 1569 cumdantis
413 1541 498 1569 me:
516 1530 541 1556 *
561 1531 747 1579 exsurge
772 1528 972 1578 Domine,

140 1581 310 1624 salvum
330 1596 402 1625 me
422 1584 492 1626 fac
512 1585 635 1626 Deus
653 1597 789 1626 meus.

193 1639 411 1689 Quoniam
444 1644 493 1681 tu
529 1641 787 1693 percussisti
819 1652 972 1681 omnes

139 1694 427 1737 adversantes
445 1696 553 1737 mihi
568 1697 662 1738 sine
677 1709 823 1738 causa:
834 1698 858 1723 *
870 1696 970 1737 den-

139 1755 207 1792 tes
226 1754 513 1804 peccatorum
532 1753 791 1794 contrivisti.

192 1807 372 1849 Domini
392 1813 460 1850 est
484 1809 618 1850 salus:
634 1810 659 1837 *
679 1813 723 1851 et
743 1821 876 1861 super
894 1810 970 1860 po-

138 1864 291 1916 pulum
309 1870 434 1906 tuum
451 1865 703 1907 benedictio
723 1870 809 1906 tua.

194 1923 292 1964 Ant.
320 1924 416 1977 Ego
440 1925 565 1977 signo
590 1926 750 1976 crucis,
776 1938 865 1966 non
885 1925 970 1977 cly-

138 1994 223 2034 peo
247 1984 492 2035 protectuS,
518 1987 593 2024 aut
614 1983 751 2033 galea,
777 1981 971 2023 hostium

138 2041 303 2080 cuneos
322 2038 568 2091 penetrabo
589 2043 782 2080 securus.

192 2089 242 2141 V·
264 2099 442 2140 Amavit
465 2112 566 2141 eum
583 2099 814 2148 Dominus,
840 2103 883 2140 et
903 2111 970 2140 or·

136 2155 256 2251 gavit
287 2169 398 2197 eum.
440 2154 490 2205 Ra.
523 2156 693 2198 Stolam
723 2155 876 2207 gloriae
908 2157 968 2196 in-

171 2210 233 2252 uit
252 2225 364 2254 eum.

188 2285 255 2328 De
275 2285 477 2338 Epistola
497 2285 639 2337 prima
657 2285 778 2327 beati
797 2285 922 2326 Pauli

255 2341 464 2394 Apostoli
482 2340 540 2383 ad
559 2342 852 2383 Timotheum.

215 2403 368 2446 Lectio
388 2406 412 2446 i.
730 2407 834 2459 Cap.
849 2408 886 2447 3.

189 2504 231 2521 f
247 2466 381 2508 idelis
411 2480 573 2509 sermo:
604 2467 648 2509 Si
676 2467 773 2518 quis
799 2467 968 2519 episco-

146 2526 149 2528 ’
190 2518 243 2579 ,ῥῖς
267 2525 421 2575 patum
432 2523 665 2573 desiderat,
680 2523 844 2564 bonum
855 2535 969 2575 opus

248 2591 249 2594 ’
269 2578 501 2621 desiderat.
542 2581 732 2632 Oportet
753 2592 859 2630 ergo
880 2581 968 2631 epi-

137 2647 324 2686 scopum
372 2635 802 2688 irreprehensibilem
854 2648 968 2684 esse,

138 2693 264 2731 unius
283 2692 435 2733 uxoris
455 2692 611 2742 virum,
637 2692 850 2741 sobrium,
869 2704 968 2743 pru-

201 271 301 311 Ant.
354 271 527 313 Sanctae
570 270 799 312 Trinitatis
843 271 978 312 fidem

1798 176 1865 211 423

1030 270 1218 320 dentem,
1239 274 1453 321 ornatum,
1474 271 1695 324 pudicum,
1718 271 1862 324 hospi-

1028 326 1174 377 talem,
1202 327 1443 378 doctorem,
1470 341 1559 369 non
1578 328 1862 378 vinolentum,

1029 396 1117 425 non
1139 387 1465 436 percussorem,
1494 384 1573 426 sed
1596 384 1863 434 modestum3

1028 452 1117 481 non
1135 440 1392 491 litigiosum,
1417 454 1506 482 non
1531 440 1758 493 cupidum,
1784 441 1864 482 sed

1029 509 1121 537 suae
1155 495 1306 538 domui
1338 497 1450 539 bene
1476 498 1782 550 praepositum,
1815 498 1862 538 fi-

1028 552 1112 593 lios
1132 552 1367 595 habentem
1392 553 1595 596 sabditos
1620 567 1719 595 cum
1744 554 1863 595 omni

1028 609 1244 650 castitate.
1306 610 1352 651 Si
1391 611 1490 662 quis
1529 614 1675 652 autem
1712 610 1863 652 domui

1028 678 1120 706 suae
1139 667 1337 718 praeesse
1356 666 1509 715 nescit,
1536 666 1761 719 quomodo
1782 667 1862 708 Ec-

1028 721 1174 762 clesiae
1216 722 1302 763 Dei
1345 721 1617 773 diligentiam
1657 722 1861 764 habebit?

1027 778 1129 819 Non
1148 777 1435 831 neophytum:
1460 791 1515 820 ne
1540 779 1585 819 in
1609 779 1862 832 superbiam

1028 834 1186 884 elatus,
1213 835 1257 874 in
1275 834 1483 887 judicium
1501 834 1666 877 incidat
1686 834 1862 877 diaboli.

1028 890 1220 943 Oportet
1252 896 1400 933 autem
1431 892 1554 933 illum
1589 897 1632 934 et
1666 892 1861 934 testimo-

1026 947 1147 988 nium
1173 947 1337 989 habere
1362 948 1528 990 bonum
1553 948 1607 990 ab
1630 948 1683 989 iis
1705 948 1779 1000 qui
1798 948 1859 989 fo-

1027 1004 1087 1044 ris
1107 1008 1221 1053 sunt,
1246 1009 1296 1046 ut
1320 1017 1409 1046 non
1428 1005 1471 1045 in
1492 1004 1784 1058 opprobrium
1800 1007 1860 1045 in-

1029 1059 1156 1110 cidat,
1177 1065 1221 1101 et
1238 1061 1281 1101 in
1301 1061 1508 1113 laqueum
1529 1061 1705 1102 diaboli.

1085 1125 1133 1175 Rg.
1158 1125 1243 1166 Hic
1268 1130 1335 1167 est
1354 1126 1568 1167 Martinus
1590 1126 1758 1167 electus
1778 1126 1861 1167 Dei

1026 1180 1246 1231 Pontifex,
1275 1182 1345 1223 cui
1368 1182 1586 1223 Dominus
1611 1187 1715 1235 post
1741 1182 1859 1235 Apo-

1027 1237 1168 1278 stolos
1185 1243 1354 1280 tantam
1373 1239 1561 1289 gratiam
1581 1239 1780 1280 conferre
1801 1238 1861 1281 di-

1025 1295 1185 1344 gnatus
1206 1300 1283 1344 est,
1308 1295 1331 1318 *
1347 1295 1407 1337 Ut
1425 1296 1470 1335 in
1490 1295 1652 1337 virtute
1672 1295 1859 1337 Trinita-

1025 1349 1081 1390 tis
1106 1350 1291 1392 Deificae
1324 1353 1569 1393 mereretur
1601 1352 1698 1392 fieri
1729 1352 1861 1393 trium

1025 1409 1302 1448 mortuorum
1327 1408 1566 1450 suscitator
1592 1409 1861 1459 magnificus.

1029 1455 1079 1507 V·
1102 1463 1276 1505 Sanctae
1301 1464 1528 1507 Trinitatis
1554 1463 1689 1506 fidem
1713 1465 1860 1505 Marti-

1025 1532 1107 1560 nus
1128 1520 1357 1561 confessus
1377 1525 1456 1563 est.
1486 1521 1554 1563 Ut.

1171 1606 1238 1647 De
1257 1606 1460 1658 Epistola
1478 1606 1536 1648 ad
1555 1607 1715 1648 Titum.

1104 1674 1257 1716 Lectio
1278 1676 1316 1715 ii.
1578 1677 1680 1726 Cap.
1697 1677 1725 1715 1.
1741 1676 1781 1715 b.

1118 1738 1268 1788 portet
1304 1737 1420 1777 enim
1463 1738 1723 1789 episcopum
1767 1738 1859 1779 sine

1128 1793 1307 1834 erimine
1330 1805 1438 1842 esse,
1454 1793 1567 1834 sicut
1581 1793 1665 1834 Dei
1685 1792 1857 1845 dispen-

1024 1851 1232 1890 satorem:
1266 1861 1353 1890 non
1378 1848 1633 1901 superbum,
1663 1862 1752 1890 non
1778 1850 1856 1891 ira-

1025 1904 1227 1955 cl'mdum,
1245 1918 1335 1947 non
1353 1906 1634 1956 vinolentum,
1654 1919 1742 1946 non
1762 1919 1857 1958 per-

1024 1964 1267 2011 cussorem,
1299 1975 1388 2003 non
1420 1962 1563 2014 turpis
1595 1962 1705 2003 lucri
1738 1963 1856 2015 capi-

1024 2017 1144 2059 dum:
1176 2017 1256 2059 sed
1287 2018 1571 2070 hospitalem,
1603 2017 1857 2069 benignum,

1023 2074 1235 2124 sobrium,
1269 2075 1445 2126 justum,
1478 2078 1693 2123 sanctum,
1722 2075 1856 2116 conti-

1022 2132 1214 2181 nentem,
1249 2130 1590 2182 amplectentem
1624 2143 1739 2180 eum,
1783 2131 1857 2182 qui

1023 2186 1267 2228 secandum
1292 2185 1539 2228 doctrinam
1566 2191 1648 2236 est,
1680 2186 1858 2228 fidelem

1022 2245 1285 2284 sermonem:
1308 2248 1357 2284 ut
1374 2247 1536 2295 potens
1556 2243 1613 2283 sit
1633 2242 1858 2285 exhortari

1021 2299 1065 2340 in
1091 2298 1293 2340 doctrina
1318 2312 1441 2349 sana,
1470 2304 1514 2340 et
1538 2311 1630 2349 eos,
1661 2299 1736 2350 qui
1755 2312 1855 2341 con-

1020 2354 1253 2405 tradicunt,
1265 2358 1461 2406 arguere.
1481 2355 1591 2396 Sunt
1607 2355 1721 2396 enim
1731 2356 1857 2397 multi

1022 2411 1154 2452 etiam
1181 2410 1507 2461 inobedientes,
1539 2411 1780 2463 vaniloqui,
1813 2416 1857 2453 et

1022 2467 1296 2508 seductores:
1335 2468 1526 2508 maxime
1567 2467 1642 2519 qui
1683 2467 1738 2508 de
1777 2468 1855 2509 cir-

1021 2523 1288 2565 cumcisione
1334 2529 1456 2565 sunt:
1510 2536 1622 2575 quos
1677 2526 1856 2575 oportet

1020 2578 1242 2630 redargui:
1294 2581 1368 2632 qui
1418 2580 1645 2622 universas
1697 2580 1853 2620 domos

1023 2636 1300 2686 subvertunt,
1355 2636 1568 2678 docentes
1615 2649 1715 2688 quae
1765 2647 1853 2675 non

1023 2694 1212 2744 oportet,
1232 2692 1375 2744 turpis
1393 2692 1504 2734 lucri
1522 2693 1673 2743 gratia.
