2040 2944
653 203 754 236 Infra
783 203 1073 239 Hebdomadam
1098 217 1131 239 v.
1158 207 1345 241 Octobris

157 295 405 338 discrimine
421 297 684 339 cruciatibus
700 299 849 350 erepti,
868 299 982 340 mala

156 352 340 394 victoria
359 356 628 406 superarent.

204 417 255 468 Rz.
293 417 581 469 Congregatae
614 423 714 460 sunt
742 419 906 462 Gentes
937 421 980 461 in

154 472 449 524 multitudine,
496 480 544 516 ut
588 474 794 517 dimicent
829 481 980 518 contra

154 541 251 579 nOS,
281 535 324 571 et
347 530 599 582 ignoramus
624 531 729 583 quid
754 534 883 583 agere
908 533 979 575 de-

154 584 352 627 beamus:
364 587 581 628 *Domine
595 587 726 638 Deus,
746 588 802 630 ad
820 593 864 630 te
881 595 980 632 sunt

155 641 274 691 oculi
294 643 448 693 nostri,
476 656 531 684 ne
554 646 797 696 pereamus.
830 646 879 696 V.
911 646 980 687 Tu

154 697 239 738 scis
260 711 358 750 quae
374 699 568 750 cogitant
583 700 627 741 in
640 713 735 742 nos:
756 703 978 753 quomodo

153 755 395 805 poterimus
423 755 662 798 subsistere
695 762 795 799 ante
823 758 979 800 faciem

152 809 344 861 illorum,
370 811 454 853 nisi
479 817 528 854 tu
553 812 734 865 adjuves
757 813 862 855 nos?
891 815 977 857 Do-

152 866 268 908 mine
285 867 420 909 Deus.
508 880 510 882 ’

451 955 602 995 Lectio
627 956 677 995 vi.

147 1016 296 1122 Erat
316 1025 376 1067 ibi
395 1025 519 1067 fortis
540 1030 583 1067 et
601 1028 814 1077 generosa
827 1032 976 1076 mater,

237 1083 475 1133 puerorum
494 1081 622 1123 simul
642 1095 693 1123 ac
712 1083 796 1123 Dei
816 1095 976 1133 amans,

152 1137 273 1189 cujus
306 1139 504 1179 materna
538 1140 705 1180 viscera
741 1152 873 1191 supra
904 1152 975 1180 na-

149 1196 262 1234 turae
308 1193 668 1236 consuetadinem
713 1194 975 1237 dilaniaban-

149 1254 230 1290 tur.
257 1249 359 1290 Non
379 1251 493 1291 enim
510 1250 713 1300 filiorum,
735 1251 808 1303 qui
827 1251 870 1292 in
888 1257 974 1294 tor-

148 1305 306 1347 mentis
326 1311 465 1356 erant,
492 1306 799 1357 miserebatur,
827 1308 907 1350 sed
925 1309 974 1350 ti-

148 1363 271 1403 more
295 1362 553 1413 angebatur,
580 1375 634 1404 ne
658 1375 745 1404 non
769 1376 820 1404 ea
843 1367 974 1405 susci-

148 1423 316 1470 perent:
335 1431 478 1471 neque
493 1419 631 1470 magis
647 1432 735 1469 eos,
756 1420 829 1472 qui
845 1433 868 1462 e
885 1421 976 1462 vita

148 1474 458 1525 migraverant,
505 1475 803 1526 desiderabat,
844 1489 975 1528 quam

147 1530 430 1583 precabatur,
477 1537 526 1574 ut
562 1532 719 1584 reliqui
756 1546 854 1574 cum
890 1534 975 1576 illis

148 1588 525 1639 conjungerentur:
571 1588 626 1630 de
673 1589 829 1642 quibus
874 1590 975 1632 filiis

137 1644 286 1694 magis
311 1657 442 1696 quam
469 1644 525 1687 de
548 1646 750 1695 mortuiS‚
780 1652 872 1688 erat
891 1647 974 1688 sol-

147 1698 276 1742 licita.
321 1701 494 1742 Horum
528 1702 642 1743 enim
672 1702 854 1745 dubium
882 1709 975 1745 erat

152 1758 389 1807 certamen,
415 1762 461 1799 at
479 1757 653 1799 illerum
673 1762 853 1800 securus
872 1759 973 1801 vitae

149 1812 306 1854 exitus:
323 1818 455 1866 atque
470 1814 569 1856 illos
586 1814 762 1866 quidem
777 1816 862 1867 jam
875 1816 973 1857 Deo

149 1867 418 1920 adjunxerat3
442 1869 498 1912 de
517 1870 583 1911 his
603 1883 724 1921 vero,
748 1872 970 1923 quomodo

148 1936 225 1966 eos
265 1925 386 1967 Deus
427 1929 687 1980 susciperet,
732 1927 973 1970 laborabat.

150 1980 188 2022 O
206 1981 376 2024 virilem
399 1983 589 2024 animum
611 1983 655 2024 in
678 1986 864 2036 corpore
883 1997 972 2025 mu-

115 2075 121 2084 ,
146 2036 287 2079 liebri:
320 2051 347 2080 o
380 2039 637 2081 admirabile
671 2040 815 2091 magni
843 2040 973 2081 animi

146 2093 478 2137 incrementum!

197 2161 247 2212 R.
283 2159 379 2201 Tua
413 2165 479 2202 est
506 2161 720 2213 potentia,
759 2167 882 2203 tuum
908 2175 971 2203 re-

147 2227 280 2266 gnum
297 2216 502 2258 Demine:
527 2222 574 2258 tu
598 2229 646 2258 es
670 2230 802 2270 super
822 2230 972 2259 omnes

146 2276 313 2322 gentes:
348 2274 370 2297 *
408 2273 477 2314 Da
513 2285 669 2324 pacem
704 2273 893 2315 Domine
928 2273 971 2314 in

147 2326 302 2369 diebus
320 2329 493 2370 nostris.
512 2322 563 2373 V.
579 2328 764 2370 Creator
780 2329 971 2370 omnium

145 2383 284 2433 Deus,
307 2384 514 2426 terribilis
535 2390 578 2425 et
601 2384 743 2433 fortis,
769 2386 908 2436 justus
928 2390 972 2426 et

146 2440 404 2482 misericors.
431 2442 510 2482 Da.
540 2439 690 2482 Gloria
711 2440 840 2482 Patri.
867 2441 946 2481 Da.

201 2502 248 2553 Ιζι.
281 2502 347 2542 vii.
395 2502 584 2543 Refalsit
616 2500 683 2542 sol
714 2501 757 2541 in
791 2501 970 2553 clypeos

147 2560 319 2608 aareos,
346 2563 390 2600 et
413 2556 778 2611 resplenduerunt
799 2562 970 2598 montes

146 2612 201 2654 ab
222 2614 298 2654 eis:
315 2615 337 2637 *
357 2615 414 2656 Et
433 2612 645 2656 fortitudo
662 2613 867 2654 Gentium
887 2611 970 2654 dis—

147 2669 291 2721 sipata
310 2675 387 2712 est.
420 2664 471 2715 Y.
495 2671 601 2711 Erat
620 2669 733 2711 enim
753 2669 969 2710 exercitus

145 2738 327 2777 magnus
346 2726 492 2776 valde,
518 2731 562 2767 et
580 2726 722 2767 fortis:
749 2730 792 2766 et
811 2736 969 2777 appro-

299 2866 363 2889 Pars
378 2865 550 2890 Autumnalis.

1034 300 1171 352 piavit
1197 301 1348 352 Judas,
1378 308 1420 345 et
1448 304 1666 345 exercitus
1694 306 1784 357 ejus
1811 306 1854 346 in

1033 356 1199 408 praelio.
1225 358 1292 399 Et.

1087 417 1137 467 R.
1166 417 1248 457 viii.
1302 419 1402 461 Duo
1434 420 1661 473 Seraphim
1698 422 1853 463 clama-

1032 472 1138 514 bant
1164 473 1273 515 alter
1299 475 1355 516 ad
1381 476 1583 517 alterum:
1610 477 1631 500 *
1659 478 1854 527 Sanctus

1033 534 1227 579 sanctus,
1273 536 1447 573 sanctus
1483 533 1697 574 Dominus
1732 534 1853 575 Deus

1032 585 1243 627 Sabaoth:
1267 583 1289 606 ²⁸¹
1315 587 1448 628 Plena
1481 594 1547 630 est
1572 590 1711 630 omnis
1737 595 1854 631 terra

1031 641 1171 692 gleria
1190 644 1290 694 ejus.
1325 638 1371 689 Y.
1395 644 1504 686 Tres
1524 650 1623 687 sunt
1643 646 1717 698 qui
1734 646 1853 688 testi-

1031 699 1225 739 menium
1245 698 1350 741 dant
1368 700 1411 740 in
1431 700 1560 750 coelo,
1579 702 1724 751 Pater,
1745 702 1852 744 Ver-

1031 753 1145 803 bum,
1166 759 1209 796 et
1224 755 1411 808 Spiritus
1431 762 1620 798 sanctus:
1641 763 1684 799 et
1702 758 1746 798 hi
1763 763 1852 800 tres

1031 823 1165 851 unum
1184 816 1294 852 sunt.
1326 812 1520 854 Sanctus.
1553 813 1705 855 Gloria
1724 815 1852 856 Patri.

1030 866 1174 908 Plena.

1236 1050 1386 1086 Feria
1410 1050 1648 1088 Secunda.

1035 1112 1097 1151 I)e
1122 1110 1236 1152 libro
1265 1112 1460 1154 secando
1487 1112 1853 1157 Machabaeorum.

1534 1184 1633 1234 (lap.
1656 1184 1689 1221 7.
1711 1183 1746 1223 b.

1138 1182 1287 1222 Lectio
1310 1183 1331 1221 i.

1034 1264 1055 1294 :p
1069 1259 1114 1303 1:322,
1129 1262 1136 1343 1
1148 1251 1276 1291 ortuo
1303 1252 1451 1302 itaque
1478 1251 1553 1293 illo
1581 1252 1740 1304 primo,
1767 1252 1852 1294 hoe

1050 1301 1063 1334 ’ἶ
1092 1304 1113 1337 ⁸·
1134 1319 1136 1337 ε
1171 1306 1321 1356 modo,
1367 1309 1623 1359 sequentem
1668 1307 1852 1350 deduce-

1028 1361 1134 1403 bant
1153 1362 1210 1404 ad
1228 1362 1513 1405 illudendum:
1538 1369 1594 1415 et,
1619 1370 1716 1406 cute
1736 1365 1850 1417 capi-

1027 1418 1083 1460 tis
1108 1420 1198 1471 ejus
1223 1432 1321 1460 cum
1341 1420 1510 1472 capillis
1531 1420 1767 1470 abstracta,
1792 1421 1850 1461 in·
1896 1459 1901 1480 Ε

1028 1475 1327 1526 terrogabant,
1356 1477 1392 1517 si
1416 1475 1701 1518 manducaret
1719 1478 1850 1529 prius,
1896 1482 1901 1486 “

1031 1545 1161 1583 quam
1192 1537 1287 1574 toto
1326 1535 1514 1585 corpore
1546 1546 1624 1585 per
1655 1533 1850 1575 membra

1029 1587 1197 1639 singula
1216 1589 1452 1641 puniretur.
1486 1590 1546 1631 At
1565 1589 1653 1639 ille,
1673 1592 1849 1642 respon-

1028 1645 1135 1686 dens
1163 1646 1306 1697 patria
1333 1658 1458 1695 voce,
1498 1646 1623 1687 dixit:
1661 1646 1762 1687 Non
1791 1646 1848 1686 fa-

1028 1701 1150 1743 ciam.
1207 1702 1395 1754 Propter
1428 1701 1548 1754 quod
1581 1707 1623 1743 et
1654 1702 1752 1749 iste,
1785 1715 1848 1743 se-

1028 1758 1178 1809 quenti
1204 1758 1320 1807 loco,
1353 1759 1481 1811 primi
1515 1760 1731 1800 tormenta
1759 1771 1849 1799 sus-

1029 1815 1159 1867 cepit:
1193 1820 1236 1856 et
1264 1815 1307 1855 in
1333 1815 1487 1856 ultimo
1513 1815 1667 1867 spiritu
1691 1815 1847 1856 consti-

1026 1875 1158 1921 tutus,
1179 1872 1242 1912 sic
1262 1871 1334 1912 ait:
1353 1871 1422 1912 Tu
1442 1871 1618 1923 quidem
1636 1870 1847 1912 scelestis-

1027 1928 1133 1969 sime
1158 1928 1202 1968 in
1230 1928 1438 1980 praesenti
1463 1928 1553 1969 vita
1578 1940 1659 1968 nos
1686 1927 1848 1979 perdis:

1026 1983 1105 2025 sed
1123 1984 1220 2025 Rex
1242 1983 1391 2025 mundi
1415 1983 1643 2026 defunctos
1666 1996 1747 2024 nos
1765 1996 1846 2035 pro

1026 2040 1115 2081 suis
1134 2039 1303 2090 legibus
1322 2040 1366 2080 in
1389 2041 1566 2081 aeternae
1586 2039 1686 2080 vitae
1708 2052 1846 2080 resur-

1025 2096 1218 2138 rectione
1238 2095 1477 2137 suscitabit.
1508 2096 1614 2136 Post
1631 2095 1746 2136 hunc
1764 2097 1845 2136 ter-

1024 2153 1109 2194 tius
1132 2152 1344 2202 illuditur,
1373 2157 1417 2194 et
1439 2151 1629 2202 linguam
1654 2150 1845 2204 postula—

1024 2214 1097 2250 tus
1128 2209 1215 2250 cito
1246 2208 1446 2261 protulit,
1484 2213 1527 2249 et
1561 2220 1713 2248 manus
1746 2219 1844 2248 con-

1024 2267 1190 2306 stanter
1225 2263 1436 2305 extendit:
1477 2269 1520 2306 et
1555 2276 1654 2304 cum
1685 2262 1846 2304 fidacia

1023 2321 1098 2363 ait:
1116 2320 1153 2360 E
1172 2320 1286 2361 coelo
1306 2321 1389 2361 ista
1407 2318 1629 2372 possideo,
1649 2318 1728 2360 sed
1747 2331 1845 2371 pro-

1022 2382 1120 2429 pter
1139 2376 1223 2417 Dei
1246 2376 1366 2427 leges
1392 2388 1507 2416 nunc
1532 2375 1628 2416 haec
1652 2375 1748 2427 ipsa
1774 2373 1844 2416 de-

1023 2432 1177 2485 spicio,
1204 2432 1407 2483 quoniam
1428 2432 1482 2472 ab
1506 2431 1604 2483 ipso
1623 2443 1692 2472 me
1712 2443 1763 2472 ea
1781 2443 1843 2472 re-

1023 2491 1253 2540 cepturum
1272 2499 1418 2540 spero:
1445 2487 1506 2528 ita
1523 2492 1572 2528 ut
1590 2498 1683 2536 reX,
1709 2492 1752 2527 et
1771 2485 1844 2537 qui

1023 2557 1121 2585 cum
1152 2544 1248 2596 ipso
1281 2547 1419 2592 erant,
1450 2543 1710 2583 mirarentur
1741 2542 1842 2582 ado-

1021 2600 1224 2642 lescentis
1249 2599 1454 2648 animum,
1482 2598 1601 2651 quod
1623 2603 1842 2648 tamquam

1021 2656 1201 2697 nihilum
1221 2655 1401 2697 duceret
1419 2655 1648 2696 cruciatus

1074 2721 1122 2770 R».
1149 2722 1271 2763 Dixit
1289 2722 1314 2763 J
1316 2721 1426 2764 udas
1445 2721 1620 2763 Simoni.
1639 2721 1726 2761 164.

1571 2846 1633 2880 13⁸
