2040 2944
654 172 696 205 In
720 170 844 204 Festis
870 170 909 203 B.
934 169 1065 203 Mariae
1088 169 1132 203 V.
1157 180 1225 213 per
1249 179 1398 203 annum.

184 275 315 317 homo
335 279 460 315 natus
480 277 546 314 est
563 271 607 312 in
627 284 690 313 ea:
703 271 726 296 *
743 274 786 312 et
803 270 898 323 ipse
915 269 1003 310 fun-

186 332 305 374 davit
324 344 419 373 eam
437 326 710 371 Altissimus?

235 388 449 430 Dominus
480 385 674 428 narrabit
704 384 749 425 in
778 382 1004 436 scripturis

186 444 459 498 populorum,
475 449 518 485 et
528 442 787 496 principum:
800 440 823 466 *
838 439 1003 488 horum,

186 503 258 553 qui
276 501 448 542 fuerunt
466 501 510 541 in
529 513 590 542 ea.

235 559 354 600 Sicut
372 557 613 599 laetantium
635 554 826 597 emnium
843 553 867 578 *
885 551 1004 593 habi-

184 615 292 657 tatio
312 620 378 657 est
395 615 439 655 in
457 619 512 656 te.

239 679 337 719 Ant.
380 678 501 721 Sicut
535 677 777 720 laetantium
814 674 1005 716 omnium

185 743 383 779 nostrum
401 736 612 778 habitatio
632 739 698 777 est
716 734 759 774 in
777 738 836 782 te,
856 735 1005 773 sancta

186 794 269 835 Dei
290 794 497 836 Genitrix.

239 852 288 903 Y*-
328 857 564 910 Adiuvabit
599 870 694 898 eam
729 856 849 897 Deus
884 853 1006 895 vultu

187 927 277 955 suo.
316 914 366 965 R.
396 915 516 956 Deus
542 914 587 954 in
613 913 758 955 medio
783 913 888 964 ejus»,
919 923 1006 952 non

188 971 546 1013 commovebitur.

240 1031 365 1074 Pater
387 1037 547 1074 noster.

239 1096 483 1138 Absolutio.
511 1096 653 1149 Ipsius
671 1098 822 1148 pietas.

239 1158 288 1208 V.
314 1162 425 1204 Jube
445 1162 604 1204 domne
622 1160 891 1202 benedicere.

240 1226 400 1267 Bened.
428 1227 546 1269 Deus
568 1227 698 1268 Pater
721 1228 1006 1277 omnipotens.

337 1312 487 1357 Sermo
514 1313 652 1355 sancti
679 1313 702 1353 J
706 1311 857 1353 oannis

443 1369 754 1422 Chrysestomi.

381 1433 497 1476 Apud
518 1433 813 1477 Metaphrasten.

486 1490 636 1531 Lectio
658 1490 714 1529 ivq

201 1562 205 1563 ⁷
224 1574 242 1610 ς’
263 1565 357 1613 ›s‘ss'el
375 1556 508 1597 Filius
527 1568 614 1596 non
634 1555 827 1603 divitem,
852 1559 925 1595 aut
948 1554 1007 1595 lo-

229 1613 256 1657 ·Ᾰ’
309 1643 310 1648 =
334 1612 551 1665 cupletem
585 1611 774 1663 aliquam
807 1611 1009 1652 feminam

266 1669 304 1694 ⁷⁶³²
334 1669 416 1711 sibi
442 1674 626 1710 matrem
655 1668 799 1719 elegit,
831 1667 910 1708 sed
936 1667 1007 1709 be-

190 1729 305 1768 atam
323 1726 549 1778 Virginem
572 1725 703 1775 illam,
729 1726 848 1776 cujus
868 1724 1010 1765 anima

189 1782 421 1825 virtutibus
446 1784 599 1823 ornata
622 1786 725 1823 erat.
766 1781 873 1822 Cum
898 1781 1011 1822 enim

190 1839 320 1881 beata
344 1839 482 1880 Maria
507 1851 637 1891 supra
665 1850 838 1879 omnem
864 1837 1010 1878 huma-

191 1909 290 1937 nam
314 1898 513 1936 naturam
538 1895 782 1936 castitatem
806 1896 1011 1942 servaret,

190 1953 426 2005 propterea
453 1951 672 1992 Christum
698 1951 936 1992 Deminum
968 1949 1011 1990 in

191 2014 343 2050 ventre
379 2008 590 2061 concepit.
635 2007 707 2049 Ad
738 2007 850 2049 hanc
881 2007 1012 2059 igitur

193 2065 509 2107 sanctissimam
522 2064 746 2115 Virginem
765 2069 808 2106 et
826 2064 909 2106 Dei
923 2064 1011 2105 Ma-

191 2127 303 2163 trem
334 2123 628 2170 accurrentes,
668 2121 756 2173 ejus
783 2121 1013 2174 patrocinii

192 2177 422 2220 utilitatem
432 2179 726 2230 assequamur.
741 2178 895 2230 Itaque
906 2190 1014 2230 quae-

194 2237 378 2286 cumque
399 2235 503 2276 estis
522 2234 725 2285 virgines,
753 2233 809 2275 ad
828 2234 1013 2275 Matrem

194 2290 369 2331 Domini
400 2291 630 2341 confugite.
669 2290 747 2331 Illa
781 2290 894 2332 enim
921 2290 1013 2343 pul-

195 2345 468 2397 cherrimam,
492 2347 866 2400 pretiosissimam,
891 2351 934 2388 et
953 2346 1013 2386 in-

195 2403 518 2455 corruptibilem
532 2404 855 2456 possessionem
869 2407 1013 2455 patro-

196 2458 307 2499 cinio
328 2472 407 2500 suo
426 2459 551 2501 vobis
574 2459 860 2501 conservabit.

245 2525 295 2577 R.
324 2523 443 2564 Sicut
466 2523 622 2565 cedrus
646 2525 834 2566 exaltata
857 2537 952 2565 sum
971 2524 1014 2564 in

195 2579 376 2627 Libano,
396 2584 438 2620 et
455 2580 565 2621 sicut
585 2582 814 2633 cypressus
834 2581 877 2621 in
897 2592 1014 2621 mon-

195 2640 239 2676 te
254 2635 371 2676 Sion:
392 2636 513 2687 quasi
530 2637 705 2687 myrrha
722 2637 871 2685 electa,
887 2636 910 2660 *
931 2636 1014 2677 De-

197 2691 241 2733 di
265 2691 522 2732 suavitatem
548 2691 707 2733 oderis.
741 2687 791 2739 V.
823 2693 880 2733 Et
905 2692 1015 2733 sicut

1056 268 1376 309 cinnamomum
1396 270 1440 308 et
1452 265 1696 307 balsamum
1711 276 1874 306 aroma-

1055 326 1204 365 tizans.
1231 322 1358 365 Dedi.

1112 381 1269 423 Bened.
1298 379 1496 421 Christus
1513 380 1748 432 perpetuae.

1363 435 1513 476 Lectio
1533 448 1571 473 v.

1159 506 1317 544 agnum
1335 493 1486 534 revera
1502 490 1768 540 miraculum,
1795 490 1875 531 fra-

1174 555 1264 591 tres
1300 548 1585 597 dilectissimi,
1634 547 1713 588 fuit
1746 546 1877 588 beata

1057 619 1229 660 semper
1255 606 1393 657 Virgo
1425 605 1572 645 Maria.
1614 602 1728 654 Quid
1761 615 1877 644 nam-

1058 676 1141 716 que
1174 663 1247 704 illa
1275 663 1411 714 majus
1444 666 1518 702 aut
1547 660 1756 702 illustrius
1787 659 1877 701 ullo

1056 732 1262 772 umquam
1302 720 1500 770 tempore
1537 717 1761 758 inventum
1802 720 1878 765 est,

1057 788 1134 817 seu
1182 773 1416 828 aliquando
1467 773 1649 815 inveniri
1695 771 1879 825 peterit?

1057 833 1166 873 Haec
1185 831 1279 874 sola
1297 830 1456 872 coelum
1479 843 1530 871 ac
1549 835 1711 872 terram
1730 828 1878 881 ampli-

1057 888 1207 930 tudine
1222 887 1453 940 superavit.
1472 886 1688 937 Quidnam
1701 885 1775 926 illa
1785 886 1879 926 san-

1058 944 1188 986 ctius?
1233 944 1335 986 Non
1361 943 1610 996 Prophetae,
1641 955 1729 984 non
1761 942 1878 994 Apo-

1058 1001 1174 1051 stoli,
1202 1013 1290 1042 non
1320 1000 1553 1052 Martyres,
1580 1011 1668 1041 non
1694 998 1879 1040 Patriar—

1058 1058 1167 1108 chae‚
1185 1070 1272 1099 non
1291 1055 1462 1108 Angeli‚
1485 1068 1574 1097 non
1592 1054 1773 1104 Throni‚
1791 1066 1880 1095 non

1056 1114 1404 1162 DominatiOnes,
1422 1125 1511 1154 non
1529 1111 1773 1164 Seraphim,
1791 1122 1880 1152 non

1059 1170 1306 1212 Cherubim:
1321 1182 1408 1211 non
1424 1167 1610 1221 denique
1626 1167 1744 1209 aliud
1759 1165 1879 1220 quid-

1057 1228 1175 1280 piam
1193 1227 1304 1268 inter
1324 1228 1493 1267 creatas
1512 1238 1583 1267 res
1597 1223 1788 1266 visibiles
1807 1227 1880 1264 aut

1058 1283 1311 1332 invisibiles,
1339 1282 1475 1333 majus
1500 1287 1575 1323 aut
1599 1280 1879 1323 excellentius

1057 1340 1239 1381 inveniri
1256 1343 1415 1392 potest.
1442 1338 1609 1380 Eadem
1628 1336 1783 1379 ancilla
1796 1335 1880 1377 Dei

1058 1401 1125 1438 est
1150 1401 1193 1438 et
1215 1401 1368 1437 mater:
1396 1395 1550 1436 eadem
1567 1394 1706 1445 Virgo
1733 1398 1776 1435 et
1797 1392 1879 1434 Ge-

1058 1453 1200 1494 nitrix.

1113 1514 1164 1566 R.
1195 1509 1302 1559 Quae
1336 1513 1402 1550 est
1427 1508 1511 1549 ista
1539 1519 1637 1559 quae
1664 1505 1880 1560 processit

1059 1566 1170 1606 sicut
1210 1565 1295 1615 sol,
1344 1569 1387 1606 et
1424 1564 1616 1606 formosa
1656 1568 1880 1615 tamquam

1058 1619 1324 1663 Jerusalem?
1353 1625 1376 1650 *
1394 1620 1610 1662 Viderunt
1645 1632 1741 1661 eam
1776 1619 1878 1660 fssiae

1059 1678 1173 1727 Sion,
1189 1683 1232 1719 et
1244 1678 1418 1720 beatam
1433 1677 1644 1727 dixerunt,
1661 1681 1706 1718 et
1719 1677 1880 1727 reginae

1059 1734 1346 1776 laudaverunt
1394 1746 1500 1775 eam.
1560 1733 1612 1783 V.
1664 1733 1721 1774 Et
1769 1732 1881 1773 sicut

1062 1790 1156 1832 dies
1183 1791 1304 1832 verni
1329 1789 1658 1832 circumdabant
1685 1801 1780 1831 eam
1805 1788 1880 1829 flo-

1060 1860 1130 1889 res
1166 1849 1367 1889 rosarum
1403 1851 1447 1888 et
1485 1846 1573 1888 lilia
1608 1844 1882 1887 convallium.

1061 1903 1286 1945 Viderunt.

1113 1961 1271 2003 Bened.
1299 1961 1449 2011 Ignem
1468 1959 1534 2000 sui
1553 1958 1724 2000 amoris.

1360 2016 1509 2058 Lectio
1530 2016 1581 2055 vi.

1156 2085 1220 2114 aec
1240 2073 1330 2124 ejus
1349 2078 1487 2114 mater
1507 2077 1587 2121 est,
1614 2071 1688 2123 qui
1711 2083 1735 2112 a
1753 2070 1882 2111 Patre

1165 2134 1264 2170 ante
1284 2141 1411 2170 omne
1433 2128 1692 2181 principium
1713 2126 1882 2178 genitus

1062 2186 1151 2235 fuit,
1168 2198 1297 2238 quem
1311 2185 1467 2236 Angeli
1484 2189 1527 2226 et
1541 2184 1738 2226 hemines
1753 2184 1882 2234 agno-

1065 2247 1190 2283 scunt
1225 2242 1464 2293 Duminum
1499 2254 1644 2283 rerum
1681 2239 1883 2281 emnium.

1063 2299 1198 2340 Visne
1239 2300 1504 2349 cognoscere
1547 2301 1708 2349 quanto
1745 2295 1882 2346 Virgo

1063 2354 1158 2396 haec
1176 2355 1456 2407 praestantior
1469 2354 1524 2395 sit
1539 2351 1789 2394 coelestibus
1803 2352 1883 2392 Po-

1064 2409 1230 2452 tentiis?
1281 2410 1373 2452 111ae
1406 2423 1504 2452 cum
1535 2409 1691 2450 timore
1727 2413 1770 2450 et
1801 2413 1883 2450 tre-

1064 2469 1186 2508 more
1227 2469 1453 2515 assistunt,
1498 2465 1653 2506 faeiem
1689 2464 1883 2506 velantes

1066 2536 1200 2564 suam:
1226 2523 1321 2564 haec
1337 2522 1570 2563 humanum
1588 2533 1724 2572 genus
1743 2520 1804 2561 illi
1823 2520 1882 2561 of-

1065 2580 1159 2629 fert,
1179 2592 1308 2632 quem
1321 2578 1479 2630 genuit.
1501 2577 1584 2618 Per
1600 2577 1711 2618 hanc
1729 2581 1772 2618 et
1785 2589 1883 2629 pec-

1066 2638 1262 2677 caterum
1273 2634 1442 2675 veniam
1453 2634 1769 2685 consequimur.
1788 2633 1883 2673 Ave

1065 2692 1194 2743 igitur
1214 2695 1362 2740 mater,
1386 2689 1555 2739 coelum,
1576 2689 1730 2742 puella,
1749 2689 1883 2740 virgo,
