2040 2944
592 204 802 238 Commune
829 204 1075 238 Confessoris
1101 215 1176 237 non
1205 204 1411 237 Pontifici&

360 306 409 344 In
434 305 505 344 ΙΙΙ.
535 305 759 345 Nocturno.

200 370 298 409 Ant.
332 368 535 417 Domine,
558 368 582 394 *
601 367 686 408 iste
710 370 888 407 sanctus
908 365 980 406 ha-

149 425 308 467 bitabit
333 425 378 465 in
399 423 687 465 tabernaculo
706 427 803 471 tuo,
829 423 980 474 opera-

149 486 220 523 tus
267 485 334 522 est
374 480 603 532 justitiam,
645 479 894 530 requiescet
937 478 982 518 in

148 542 299 579 monte
328 542 483 578 sancto
512 541 600 577 tuo.
828 539 830 541 ’

418 605 615 645 Psalmus
646 607 702 644 14.

161 675 428 725 “3335“10111111
463 669 560 722 quis
592 668 812 710 habitabit
845 668 889 708 in
920 672 981 709 ta-

300 725 540 770 bernaculo
574 723 676 766 tuo?
712 725 736 750 *
773 729 849 765 aut
884 724 981 775 quis

186 773 275 809 »L
297 783 547 834 requiescet
573 782 618 822 in
645 785 797 822 monte
827 784 980 821 saneto

149 837 253 880 tuo?

203 895 289 945 Qui
306 894 549 946 ingreditur
574 893 669 935 sine
688 892 876 942 macula,
895 894 919 919 *
939 897 983 933 ct

150 953 360 1004 operatur
379 951 604 1002 justitiam:

202 1007 287 1057 Qui
309 1007 506 1059 loquitur
525 1007 760 1048 veritatem
783 1006 828 1046 in
847 1005 982 1046 corde

150 1076 248 1113 suo,
268 1064 292 1089 *
313 1063 388 1115 qui
417 1075 506 1104 non
535 1062 624 1113 egit
654 1061 806 1103 dolum
833 1062 877 1102 in
905 1061 982 1101 lin-

149 1132 235 1170 gua
254 1132 348 1160 sua:

200 1175 296 1217 Nec
315 1175 420 1217 fecit
438 1175 643 1226 proximo
665 1187 745 1215 suo
766 1174 940 1223 malum,
959 1175 982 1200 *

150 1237 194 1274 et
215 1231 506 1285 opprobrium
525 1244 613 1272 non
638 1231 811 1283 accepit
831 1229 981 1271 adver-

150 1302 224 1330 sus
242 1287 472 1341 proximos
492 1299 607 1328 suos.

202 1344 275 1386 Ad
293 1343 476 1385 nihilum
496 1343 714 1385 deductus
736 1347 802 1384 est
823 1342 867 1383 in
882 1355 982 1383 eon-

151 1402 307 1453 spectu
340 1401 431 1452 ejus
463 1399 698 1451 malignus:
725 1401 748 1426 *
776 1399 982 1440 timentes

150 1461 298 1498 autem
316 1456 557 1497 Dominum
575 1455 809 1506 glorificat:

203 1513 289 1563 Qui
314 1514 427 1565 jurat
454 1512 659 1565 proximo
689 1524 788 1562 suo,
822 1516 866 1552 et
894 1523 983 1552 non

152 1569 330 1621 decipit,
349 1570 373 1596 *
393 1569 468 1621 qui
491 1568 725 1621 pecliniam
748 1580 874 1608 suam
894 1580 982 1608 non

152 1624 275 1667 dedit
295 1624 351 1666 ad
369 1628 559 1674 usuram,
583 1628 627 1665 et
646 1627 830 1665 munera
849 1636 982 1675 super

151 1681 429 1722 innocentem
446 1692 536 1722 non
554 1680 739 1732 accepit:

205 1737 290 1787 Qui
314 1737 419 1778 facit
443 1736 557 1786 haec,
577 1737 600 1762 *
619 1749 709 1777 non
732 1735 983 1777 movebitur

152 1793 196 1834 in
216 1794 440 1834 aeternum.

203 1855 303 1894 Ant.
332 1853 538 1902 Domine,
565 1853 649 1894 iste
667 1857 845 1894 sanctus
863 1852 982 1894 habi-

151 1909 265 1951 tabit
283 1910 328 1950 in
347 1909 633 1951 tabernaculo
653 1914 748 1959 tuo,
773 1911 982 1961 operatus

154 1971 222 2008 est
246 1966 473 2018 justitiam,
498 1965 747 2018 requiescet
769 1966 814 2006 in
832 1970 983 2007 monte

153 2027 307 2064 sancto
327 2027 417 2063 tuo.

203 2082 301 2122 Ant.
336 2083 486 2124 Vitam
509 2082 638 2135 petiit
656 2083 680 2109 *
699 2095 724 2123 a
750 2087 811 2132 te,
841 2087 884 2124 et
909 2083 983 2124 tri-

154 2139 288 2180 buisti
315 2139 354 2180 ei
377 2139 583 2180 Domine:
610 2138 797 2190 gloriam
825 2143 870 2180 et
896 2151 983 2179 ma-

153 2208 287 2246 gnum
323 2195 531 2237 decorem
566 2195 815 2246 imposuisti
853 2207 985 2247 super

155 2264 269 2292 eum:
293 2251 483 2304 posuisti
506 2251 551 2291 in
577 2251 721 2303 capite
747 2251 837 2302 ejus
862 2253 985 2292 coro-

154 2320 255 2348 nam
275 2307 330 2349 de
349 2306 497 2360 lapide
515 2307 727 2359 pretioso.

419 2376 618 2416 Psalmus
638 2375 707 2414 20.

152 2429 389 2534 Domine
413 2437 458 2477 in
483 2436 647 2477 virtate
670 2440 747 2476 tua
765 2435 986 2478 laetabitur

258 2504 351 2533 rex:
370 2494 394 2520 *
415 2497 459 2534 et
485 2505 617 2544 super
644 2491 836 2534 salutare
862 2497 987 2534 tuum

157 2547 394 2589 exsultabit
412 2548 704 2589 vehementer.

209 2602 488 2644 Desiderium
512 2603 660 2645 cordis
686 2604 775 2654 ejus
795 2602 987 2644 tribuisti

158 2659 213 2700 ei:
246 2660 270 2686 *
301 2663 345 2700 et
377 2659 604 2701 voluntate
641 2659 859 2701 labiorum
896 2659 987 2710 ejus

157 2726 244 2755 non
262 2714 476 2756 fraudasti
498 2728 608 2757 eum.

1087 298 1303 349 Quoniam
1329 296 1583 350 praevenisti
1609 308 1708 336 eum
1729 294 1773 334 in
1792 294 1864 335 be-

1033 354 1360 396 nedictionibus
1393 352 1654 395 dulcedinis:
1683 353 1707 378 *
1734 363 1864 403 posu-

1033 412 1106 452 isti
1130 411 1174 451 in
1197 411 1343 463 capite
1368 411 1459 461 ejus
1486 410 1698 450 coronam
1725 407 1780 449 de
1806 407 1864 447 la-

1033 467 1138 520 pide
1157 468 1366 519 pretioso.

1085 524 1235 565 Vitam
1259 523 1386 575 petiit
1415 535 1440 562 a
1466 527 1525 563 te:
1551 522 1574 547 *
1602 525 1645 561 et
1670 519 1865 561 tribuisti

1035 581 1074 622 ei
1101 579 1422 631 longitudinem
1455 577 1626 619 dierum
1659 576 1703 616 in
1731 577 1864 616 saecu-

1034 637 1134 686 lum,
1156 641 1200 678 et
1219 636 1264 676 in
1283 635 1494 676 saeculum
1513 632 1675 674 saeculi.

1086 693 1245 744 Magna
1264 696 1332 733 est
1351 691 1491 742 gloria
1512 691 1602 742 ejus
1621 689 1666 729 in
1683 687 1866 728 salutari

1034 755 1127 791 tuo:
1151 751 1174 776 *
1197 748 1384 800 gloriam
1419 751 1462 788 et
1495 758 1714 796 magnum,
1737 743 1864 784 deco-

1034 819 1128 847 rem
1145 806 1346 857 impones
1366 816 1498 855 super
1519 815 1629 843 eum.

1090 862 1307 911 Quoniam
1336 859 1462 901 dabis
1492 871 1591 900 eum
1619 858 1664 897 in
1688 855 1865 898 benedi-

1037 920 1229 960 ctionem
1256 917 1300 957 in
1327 915 1539 957 saeculum
1563 913 1728 955 saeculi:
1748 914 1771 940 *
1795 911 1865 951 lae-

1035 974 1226 1016 tificabis
1253 986 1352 1014 eum
1376 973 1419 1012 in
1438 971 1601 1023 gaudio
1622 982 1721 1011 cum
1741 967 1865 1009 vultu

1034 1036 1124 1072 tuo.

1088 1087 1306 1137 Quoniam
1326 1098 1403 1126 rex
1424 1088 1572 1136 sperat
1595 1083 1639 1123 in
1658 1081 1866 1122 Domino:

1035 1146 1058 1171 *
1079 1149 1123 1185 et
1147 1144 1191 1184 in
1214 1139 1519 1183 misericordia
1539 1137 1755 1180 Altissimi
1778 1149 1866 1177 non

1036 1198 1398 1242 commovebitur.

1087 1256 1343 1297 Inveniatur
1375 1265 1531 1294 manus
1558 1256 1634 1292 tua
1663 1249 1867 1290 omnibus

1035 1312 1221 1353 inimicis
1249 1311 1355 1352 tuis:
1383 1313 1406 1335 '⁸¹
1436 1309 1618 1350 dextera
1647 1312 1723 1348 tua
1751 1306 1866 1346 inve-

1035 1370 1126 1410 niat
1146 1380 1310 1417 omnes,
1331 1367 1407 1419 qui
1424 1371 1468 1407 te
1488 1364 1686 1405 oderunt.

1086 1426 1232 1466 Pones
1260 1436 1337 1465 eos
1365 1427 1414 1463 ut
1442 1421 1662 1462 clibanum
1685 1418 1797 1469 ignis
1823 1418 1869 1458 in

1035 1484 1238 1533 tempore
1261 1479 1408 1520 vultus
1434 1478 1512 1519 tui:
1535 1479 1558 1504 *
1582 1475 1798 1516 Dominus
1825 1475 1869 1514 in

1035 1539 1100 1579 ira
1120 1550 1198 1578 sua
1217 1534 1499 1578 conturbabit
1518 1546 1607 1582 eos
1627 1537 1670 1573 ct
1686 1531 1867 1572 devora·
1911 1566 1913 1568 .

1034 1594 1101 1635 bit
1122 1606 1198 1634 eos
1218 1593 1341 1644 ignis.

1085 1650 1296 1690 Fructum
1317 1649 1469 1689 eorum
1489 1645 1544 1687 de
1559 1650 1679 1686 terra
1693 1643 1869 1695 perdes:

1035 1708 1059 1733 *
1075 1711 1118 1747 et
1139 1717 1288 1746 semen
1306 1706 1459 1745 eorum
1474 1715 1499 1742 a
1514 1701 1614 1742 filiis
1629 1700 1867 1741 hominum.

1089 1761 1307 1811 Quoniam
1357 1758 1687 1800 declinaverunt
1734 1755 1778 1795 in
1822 1760 1866 1796 te

1036 1818 1164 1859 mala:
1183 1819 1207 1845 *
1227 1816 1531 1868 cogitaverunt
1550 1812 1742 1862 consilia,
1768 1824 1866 1864 quae

1036 1887 1124 1916 non
1143 1875 1382 1926 potuerunt
1402 1870 1610 1912 stabilire.

1090 1930 1307 1980 Quoniam
1339 1940 1480 1980 pones
1514 1938 1590 1967 eos
1624 1924 1816 1966 dorsum:
1844 1924 1867 1950 *

1035 1988 1081 2028 in
1113 1985 1309 2038 reliquiis
1346 1984 1433 2026 tuis
1472 1980 1746 2035 praeparabis
1777 1980 1866 2021 vul-

1035 2049 1129 2085 tum
1153 2044 1316 2084 eorum.

1086 2098 1296 2140 Exaltare
1316 2097 1505 2138 Domine
1524 2095 1570 2135 in
1589 2094 1752 2135 virtute
1777 2097 1868 2133 tua:

1036 2157 1060 2183 *
1088 2154 1362 2196 cantabimus
1396 2157 1439 2194 et
1466 2150 1706 2204 psallemus
1734 2150 1867 2190 virtu-

1035 2215 1103 2253 tes
1124 2216 1234 2252 tuas.

1088 2267 1187 2307 Ant.
1216 2267 1366 2308 Vitam
1386 2264 1515 2318 petiit
1541 2276 1567 2304 a
1584 2268 1644 2313 te,
1670 2267 1714 2304 et
1733 2261 1867 2303 tribu-

1036 2324 1109 2364 isti
1124 2323 1164 2364 ei
1177 2322 1381 2364 Domine:
1399 2321 1583 2372 gloriam
1604 2324 1648 2360 et
1663 2332 1868 2370 magnum

1038 2379 1246 2420 decorem
1255 2377 1505 2430 imposuisti
1520 2387 1651 2428 super
1664 2388 1777 2416 eum:
1791 2388 1867 2427 po-

1039 2435 1165 2476 suisti
1196 2435 1241 2474 in
1274 2434 1419 2486 capite
1452 2433 1542 2484 ejus
1575 2433 1784 2473 coronam
1813 2431 1867 2472 de

1037 2491 1185 2543 lapide
1204 2490 1415 2542 pretioso.

1088 2548 1187 2587 Ant.
1230 2546 1312 2587 Hic
1338 2545 1525 2597 accipiet
1551 2545 1575 2570 *
1599 2543 1866 2585 benedictio-

1038 2615 1139 2643 nem
1167 2615 1192 2642 a
1216 2602 1421 2652 Domino,
1451 2605 1495 2642 et
1521 2598 1868 2643 misericordiam

1039 2672 1065 2699 a
1091 2659 1188 2699 Deo
1218 2657 1397 2699 salutari
1427 2670 1522 2699 suo:
1551 2657 1652 2708 quia
1678 2656 1774 2696 haec
1802 2658 1867 2694 est

1039 2714 1265 2765 generatio
1286 2714 1575 2766 quaerentium
1594 2712 1841 2754 Dominum.
