2040 2944
196 239 241 274 74
745 230 853 264 Furia
881 229 1012 272 quintu
1040 228 1087 261 ad
1114 226 1350 260 Matutinum.

249 334 406 374 Parcet
447 328 629 384 pauperi
666 331 710 368 et
745 325 882 378 inopi:
919 326 942 351 *
980 328 1023 365 et

199 390 365 431 animas
393 390 634 440 pauperum
662 382 806 424 salvas
836 381 976 422 faciet.

248 447 315 487 Ex
342 443 485 486 usuris
513 446 555 483 et
579 439 811 491 iniquitate
836 436 1023 478 redimet

199 503 364 543 animas
405 501 570 541 eorum:
611 499 634 523 *
677 500 720 537 et
761 492 1022 535 honorabile

198 570 355 599 nomen
385 557 536 597 eorum
564 565 714 595 coram
740 551 829 591 illo.

247 614 303 654 Et
331 613 458 661 vivet,
488 616 531 652 et
559 609 737 651 dabitur
762 607 801 648 ei
830 606 885 647 de
913 617 1021 646 auro

197 669 384 718 Arabiae,
401 673 444 709 et
459 666 705 708 adorabunt
723 663 779 705 de
798 663 896 716 ipso
913 675 1021 703 sem-

195 738 288 778 per:
317 726 340 751 *
367 729 462 765 tota
490 723 561 765 die
588 720 851 763 benedicent
879 718 930 760 ei.

242 782 296 822 Et
321 781 403 822 erit
426 780 748 820 firmamentum
774 776 817 816 in
842 780 959 816 terra
978 774 1021 814 in

196 838 376 879 summis
402 836 627 883 montium,
652 831 1022 885 superextolletur

196 907 327 946 super
354 893 569 934 Libanum
596 891 763 931 fructus
792 889 899 940 ejus:
926 889 950 914 *
979 892 1022 929 et

197 950 415 991 florebunt
441 949 497 991 de
521 948 699 990 civitate
725 946 837 986 sicut
858 945 1022 986 foenum

195 1011 337 1047 terrae.

247 1063 313 1104 Sit
346 1075 505 1103 nomen
539 1062 629 1113 ejus
661 1059 944 1101 benedictum
978 1057 1022 1097 in

197 1119 371 1161 saecula:
413 1120 435 1145 *
476 1122 577 1159 ante
618 1116 756 1158 solem
794 1117 1022 1168 permanet

196 1188 355 1217 nomen
384 1176 486 1226 ejus.

247 1233 303 1273 Et
328 1230 643 1272 benedicentur
671 1229 715 1270 in
741 1229 839 1281 ipso
869 1238 1022 1268 omnes

195 1287 336 1329 tribus
360 1292 506 1328 terrae:
532 1288 555 1313 *
575 1298 727 1327 omnes
747 1285 912 1326 Gentes
934 1295 1021 1323 ma-

195 1343 463 1395 gnificabunt
492 1356 601 1384 eum.

247 1399 514 1441 Benedictus
554 1398 768 1439 Dominus
803 1397 923 1438 Deus
960 1395 1020 1436 Is-

196 1456 298 1505 rael,
326 1458 349 1483 *
378 1455 452 1507 qui
479 1455 584 1496 facit
610 1453 826 1495 mirabilia
855 1452 991 1493 solus:

248 1512 304 1553 Et
332 1511 612 1553 benedictum
639 1523 798 1552 nomen
822 1510 1021 1561 majesta-

196 1568 253 1610 tis
292 1569 381 1619 ejus
414 1568 458 1608 in
490 1570 717 1609 aeternum:
749 1568 772 1593 *
807 1571 850 1607 et
883 1564 1021 1617 reple-

195 1624 313 1666 bitur
341 1626 570 1676 majestate
603 1625 693 1675 ejus
721 1622 862 1664 omnis
890 1626 1021 1663 terra:

196 1680 287 1731 fiat,
315 1681 403 1722 fiat.

246 1746 343 1785 Ant.
365 1748 399 1787 Ε
410 1750 480 1787 sto
501 1745 607 1786 mihi
621 1744 810 1786 Domine
824 1744 868 1785 in
879 1745 1022 1786 Deum

195 1804 503 1854 protectorem.

247 1864 344 1905 Ant.
388 1862 608 1904 Liberasti
636 1862 813 1913 virgam.

464 1940 661 1980 Psalmus
688 1940 751 1979 72.

196 1999 383 2122 Quam
410 2017 553 2058 bonus
581 2016 718 2057 Israel
743 2017 864 2058 Deus
891 2018 915 2043 *
942 2016 1022 2066 his,

319 2074 393 2125 qui
422 2078 543 2115 recto
572 2078 673 2114 sunt
701 2072 849 2114 corde!
992 2091 996 2094 ·

249 2129 335 2170 Mei
351 2134 497 2171 autem
507 2142 621 2182 pene
630 2129 740 2170 moti
755 2134 855 2171 sunt
871 2129 1022 2182 pedes:

198 2187 221 2212 *
248 2198 361 2237 pene
389 2186 514 2227 effusi
542 2191 642 2227 sunt
669 2199 847 2237 gressus
874 2187 971 2228 mei.

250 2242 361 2291 Quia
381 2243 520 2284 zelavi
547 2255 678 2295 super
698 2242 883 2294 iniquos,
908 2244 931 2269 *
948 2256 1022 2295 pa-

198 2310 293 2338 cem
321 2301 603 2350 peccaterum
633 2298 798 2340 videns.

251 2354 362 2403 Quia
396 2367 483 2395 non
520 2359 586 2396 est
626 2356 853 2407 respectus
889 2354 1023 2396 morti

199 2411 364 2450 eorum:
383 2412 406 2437 *
428 2415 471 2452 et
490 2411 811 2452 firmamentum
829 2411 873 2451 in
891 2410 1023 2463 plaga

198 2478 359 2507 eorum.

249 2522 301 2562 In
328 2521 481 2563 labore
507 2522 731 2564 hominum
757 2536 844 2565 non
868 2527 980 2572 sunt,
999 2525 1023 2551 *

199 2582 243 2619 et
279 2590 378 2619 cum
414 2577 662 2620 hominibus
702 2592 790 2620 non
833 2579 1022 2629 flagella-

197 2633 378 2675 buntur:

249 2690 358 2731 Ideo
374 2691 515 2732 tenuit
526 2703 603 2732 eos
618 2692 833 2743 superbia,
844 2693 868 2719 *
879 2693 1023 2744 operti

198 2751 299 2788 sunt
316 2746 547 2798 iniquitate
568 2751 611 2788 et
630 2747 856 2799 impietate
875 2761 964 2790 sua.

1127 321 1301 362 Prodiit
1339 320 1466 372 quasi
1498 332 1552 361 ex
1585 318 1718 372 adipe
1751 319 1907 371 iniqui-

1075 383 1144 419 tas
1173 379 1342 419 eorum:
1375 378 1399 404 *
1425 375 1695 417 transierunt
1726 375 1772 415 in
1806 374 1906 416 affe-

1076 439 1196 475 ctum
1224 433 1381 475 cordis.

1128 490 1455 541 Cogitaverunt‚
1481 492 1525 530 et
1547 487 1688 529 locuti
1710 492 1813 530 sunt
1836 500 1907 530 ne-

1076 547 1273 598 quitiam:
1298 547 1322 573 *
1350 545 1631 597 iniquitatem
1657 544 1702 585 in
1732 544 1908 587 excelso

1075 603 1211 644 locuti
1241 607 1354 644 sunt.

1126 660 1377 701 Posuerunt
1399 658 1444 698 in
1463 657 1625 699 coelum
1650 670 1702 700 os
1721 671 1865 700 suum:
1883 658 1908 684 *

1076 722 1119 759 et
1138 717 1288 767 lingua
1309 717 1463 757 eorum
1484 715 1689 757 transivit
1711 715 1756 756 in
1779 719 1908 757 terra.

1126 773 1236 815 Ideo
1257 772 1540 814 convertetur
1563 771 1756 824 populus
1783 784 1909 814 meus

1075 830 1160 871 hic:
1184 831 1208 856 *
1233 834 1276 870 et
1301 828 1397 870 dies
1419 827 1539 880 pleni
1561 827 1839 870 invenientur
1863 828 1909 869 in

1075 899 1149 928 e1s.

1126 943 1183 984 Et
1198 942 1419 984 dixerunt:
1431 941 1667 992 Quomodo
1680 942 1764 984 scit
1774 942 1909 992 Deus,

1075 1002 1098 1027 *
1127 1004 1171 1041 et
1200 999 1237 1040 si
1266 1003 1334 1040 est
1362 997 1547 1040 scientia
1574 998 1619 1039 in
1648 998 1848 1041 excelso?

1125 1057 1243 1098 Ecce
1275 1055 1362 1108 ipsi
1389 1058 1665 1108 peccateres,
1699 1060 1743 1097 et
1775 1055 1909 1097 abun·

1076 1113 1232 1154 dantes
1269 1112 1314 1155 in
1347 1111 1531 1162 saeculo,
1567 1114 1591 1140 *
1625 1112 1911 1154 obtinuerunt

1076 1169 1263 1211 divitias.

1126 1225 1184 1267 Et
1212 1225 1320 1267 dixi:
1356 1225 1476 1276 Ergo
1505 1225 1600 1266 sine
1628 1237 1763 1266 causa
1790 1223 1910 1276 justi·
1978 1217 1981 1219 ’

1074 1281 1205 1323 ficavi
1233 1294 1309 1323 cor
1341 1294 1504 1332 meum,
1540 1282 1565 1307 *
1602 1286 1646 1323 et
1679 1281 1768 1322 lavi
1794 1281 1911 1323 inter

1075 1338 1333 1380 innocentes
1361 1351 1517 1379 manus
1544 1350 1680 1379 meas:

1126 1396 1183 1437 Et
1211 1395 1273 1436 fui
1301 1394 1549 1446 flagellatus
1577 1399 1673 1436 tota
1702 1394 1786 1444 die,
1813 1395 1838 1422 *
1866 1398 1911 1436 et

1075 1451 1309 1503 castigatio
1337 1464 1437 1493 mea
1464 1451 1509 1492 in
1536 1450 1776 1492 matutinis.

1126 1507 1172 1549 Si
1191 1507 1407 1549 dicebam:
1434 1507 1640 1549 Narrabo
1663 1507 1741 1548 sic:
1761 1508 1786 1534 *
1805 1512 1910 1549 ecce

1074 1564 1300 1606 nationem
1331 1564 1524 1605 filiorum
1550 1565 1728 1606 tuorum
1759 1575 1909 1616 repro-

1073 1621 1188 1662 bavi

1126 1677 1448 1719 Existimabam
1497 1681 1547 1718 ut
1591 1677 1909 1728 cognoscerem

1074 1733 1172 1783 hoc,
1199 1735 1223 1761 *
1250 1733 1378 1775 labor
1407 1737 1475 1775 est
1503 1737 1605 1774 ante
1631 1745 1719 1774 me:

1125 1791 1282 1832 Donec
1323 1790 1483 1831 intrem
1518 1789 1563 1830 in
1599 1789 1910 1831 Sanctuarium

1074 1847 1175 1888 Dei:
1197 1847 1221 1872 *
1244 1851 1288 1889 et
1315 1846 1558 1898 intelligam
1583 1846 1628 1887 in
1655 1845 1909 1887 novissimis

1075 1905 1238 1944 eorum.

1126 1959 1445 2001 Verumtamen
1467 1963 1654 2012 propter
1678 1958 1809 2001 dolos
1831 1971 1908 2012 po-

1075 2016 1203 2057 suisti
1222 2017 1300 2058 eis:
1319 2017 1342 2042 *
1363 2015 1562 2068 dejecisti
1582 2027 1660 2057 eos
1681 2015 1788 2057 dum
1806 2014 1908 2057 alle-

1075 2074 1292 2114 varentur.

1128 2128 1364 2179 Quomodo
1396 2129 1502 2170 facti
1535 2133 1637 2170 sunt
1663 2128 1709 2169 in
1737 2127 1908 2170 desola-

1075 2185 1252 2235 tionem,
1280 2185 1429 2227 subito
1463 2185 1732 2227 defecerunt:
1759 2185 1784 2211 *
1811 2196 1908 2237 per-

1075 2241 1219 2283 ierunt
1246 2246 1432 2294 propter
1464 2242 1744 2294 iniquitatem
1772 2253 1908 2282 suam.

1126 2298 1263 2339 Velut
1286 2298 1506 2339 somnium
1524 2297 1798 2350 surgentium
1819 2297 1908 2339 Do-

1074 2354 1206 2404 mine,
1234 2355 1258 2381 *
1286 2354 1330 2395 in
1358 2355 1539 2397 civitate
1567 2359 1644 2396 tua
1670 2353 1909 2406 imaginem

1075 2411 1274 2463 ipsorum
1301 2411 1359 2453 ad
1386 2411 1570 2453 nihilum
1597 2410 1784 2462 rediges.

1128 2468 1241 2518 Quia
1251 2468 1570 2510 inflammatum
1580 2471 1648 2509 est
1662 2479 1740 2508 cor
1749 2478 1908 2516 meum,

1076 2528 1120 2565 et
1137 2532 1266 2566 renes
1285 2525 1372 2566 mei
1392 2523 1654 2566 commutati
1674 2527 1791 2565 sunt:
1813 2523 1838 2548 *
1864 2527 1909 2564 et

1077 2593 1158 2632 ego
1187 2580 1244 2622 ad
1271 2581 1455 2622 nihilum
1482 2580 1691 2623 redactus
1720 2592 1834 2629 sum,
1863 2583 1908 2620 et

1075 2650 1251 2678 nescivi.

1127 2694 1187 2735 Ut
1219 2695 1459 2746 jumentum
1487 2694 1630 2735 factus
1663 2705 1760 2734 sum
1787 2691 1909 2745 apud

1075 2754 1134 2790 te:
1162 2751 1186 2777 *
1215 2754 1259 2791 et
1288 2762 1370 2801 ego
1398 2761 1574 2803 semper
1601 2754 1759 2792 tecum.
