2040 2944
404 168 477 202 Die
500 168 554 202 29.
579 167 682 210 Sept.
728 166 771 199 In
792 165 1048 199 Dedicatione
1075 165 1109 198 S.
1135 164 1338 197 Michaelis
1364 163 1610 204 Archangeli.

143 278 225 308 nus
247 265 392 316 tetigit
414 278 500 315 me,
529 269 573 307 et
594 265 733 307 erexit
751 277 822 306 me
842 277 976 317 super

143 323 286 374 genua
303 334 416 371 mea,
441 327 485 364 et
505 334 637 374 super
656 321 866 363 articulos
886 323 974 362 ma-

143 391 278 420 nuum
308 380 517 419 mearum.
570 379 628 420 Et
660 377 770 420 dixit
800 378 857 419 ad
888 391 974 419 me:

143 434 301 476 Daniel
325 435 391 475 vir
417 433 752 484 desideriorum,
780 433 974 484 intellige

143 490 295 541 verba,
329 504 428 543 quae
456 503 538 542 ego
566 491 726 543 loquor
754 490 811 532 ad
837 495 898 541 te,
931 495 975 531 et
1032 482 1094 550 ξ(

144 551 212 588 sta
237 547 281 587 in
305 546 447 598 gradu
471 551 562 589 tuo:
594 560 709 588 nunc
737 547 853 588 enim
878 560 974 587 sum

142 604 304 644 missus
340 603 398 645 ad
434 609 489 646 te.
555 604 751 655 Cumque
789 602 975 644 dixisset

143 659 250 700 mihi
282 662 531 702 sermenem
561 661 712 710 istum,
754 659 857 700 steti
888 666 972 701 tre-

143 728 279 757 mens.
311 717 368 758 Et
387 716 447 758 ait
466 716 522 758 ad
540 729 627 758 me:
651 715 757 757 Noli
775 719 974 757 metuere

142 772 317 814 Daniel:
341 773 442 825 quia
462 785 516 814 ex
536 773 608 814 die
625 773 768 826 primo
790 785 878 824 quo
897 785 974 825 po-

144 828 270 870 suisti
302 842 379 871 cor
406 834 530 871 tuum
559 828 616 871 ad
642 828 975 880 intelligendum

143 891 192 928 ut
223 890 268 927 te
301 886 520 937 affligeres
548 886 593 927 in
622 888 864 939 conspectu
891 887 975 928 Dei

142 943 223 993 tui,
264 942 471 984 exaudita
503 948 604 984 sunt
636 943 772 986 verba
802 948 893 985 tua:
932 949 976 985 et

143 1011 226 1050 ego
254 999 355 1041 veni
389 1004 575 1052 propter
605 1002 833 1042 sermones
859 1005 973 1041 tuos.

142 1056 354 1108 Princeps
399 1061 545 1098 autem
580 1057 704 1108 regni
739 1057 976 1098 Persarum

143 1112 304 1154 restitit
326 1112 432 1153 mihi
451 1113 604 1165 viginti
628 1118 672 1155 et
695 1126 782 1155 uno
804 1112 976 1155 diebus:

145 1173 190 1210 et
209 1181 313 1210 ecce
333 1168 539 1217 MichaeL
563 1183 675 1211 unus
696 1169 751 1211 de
770 1169 976 1222 principi-

145 1224 229 1266 bus
265 1225 437 1278 primis,
475 1227 594 1268 venit
629 1226 674 1266 in
711 1226 975 1278 adjutorium

146 1351 295 1390 regem
323 1340 567 1381 Persarum.
609 1340 724 1381 Veni
755 1344 902 1381 autem
929 1344 977 1381 ut

146 1395 352 1437 docerem
376 1401 421 1438 te
447 1410 547 1449 quae
565 1400 751 1439 ventura
774 1401 876 1438 sunt
898 1399 975 1449 po-

146 1451 252 1504 pulo
267 1457 345 1494 tuo
360 1453 404 1494 in
418 1453 668 1495 novissimis
684 1453 849 1503 diebus,
871 1455 976 1505 quo-

146 1509 264 1550 niam
283 1508 427 1552 adhuc
446 1511 556 1552 visio
576 1511 619 1551 in
638 1509 744 1552 dies.

200 1576 252 1628 R.
262 1576 314 1616 In
327 1578 569 1629 conspectu
579 1576 851 1627 Angelorum
862 1576 976 1628 psal-

146 1631 235 1672 lam
259 1632 356 1682 tibi,
391 1637 435 1674 et
461 1633 658 1675 adorabo
683 1632 741 1674 ad
764 1633 978 1685 templum

147 1693 348 1730 sanetum
365 1694 503 1731 tuum:
527 1689 552 1714 *
564 1690 621 1732 Et
638 1688 884 1731 confitebor
902 1691 976 1730 no-

146 1745 251 1785 mini
274 1749 352 1786 tuo
377 1746 577 1787 Demine.
617 1738 668 1789 V.
688 1746 829 1798 Super
851 1746 977 1787 mise-

148 1801 338 1843 ricordia
365 1807 442 1844 tua
470 1807 513 1844 et
541 1802 726 1845 veritate
754 1807 843 1844 tua:
873 1804 977 1854 quo-

147 1857 264 1898 niam
295 1858 587 1909 magnificasti
619 1871 752 1912 super
782 1871 865 1900 nos
901 1871 975 1900 no-

147 1926 248 1955 men
280 1920 481 1956 sanctum
512 1919 646 1956 tuum.
701 1916 768 1957 Et.
826 1914 978 1956 Gloria

147 1971 278 2012 Patri.
306 1971 373 2013 Et.

384 2052 433 2091 In
453 2052 503 2091 11.
522 2051 558 2091 N
560 2052 747 2092 oeturno.

202 2115 303 2156 Ant.
340 2115 527 2157 Michael
554 2116 832 2167 Archangele
843 2148 852 2166 ,
881 2116 981 2158 veni

148 2171 192 2212 in
211 2171 474 2223 adjutorium
491 2173 660 2225 pepulo
680 2173 775 2214 Dei.

202 2232 304 2272 Ant.
341 2232 527 2274 Michael
557 2234 826 2286 praepositus
855 2246 980 2286 para-

149 2287 243 2352 disi,
259 2301 390 2340 quem
403 2288 696 2331 honorificant
709 2289 980 2341 Angelerum

149 2356 278 2385 c1ves.

206 2403 305 2445 Ant.
321 2404 549 2448 Gloriosus
565 2406 808 2459 apparuisti
821 2406 865 2446 in
880 2418 979 2447 con-

150 2462 304 2513 spectu
314 2462 506 2503 Domini:
520 2464 759 2515 propterea
774 2461 982 2504 decorem

150 2516 291 2558 induit
308 2522 352 2559 te
371 2518 600 2561 Deminus.
865 2548 867 2550 ψ

205 2570 256 2621 V.
273 2577 488 2621 Ascendit
506 2579 651 2620 fumus
673 2581 919 2620 aromatum
936 2579 981 2619 in

151 2635 392 2685 conspectu
423 2635 612 2676 Domini.
667 2634 717 2683 Rz.
749 2635 817 2676 De
849 2647 981 2675 manu

151 2689 320 2740 Angeli.

308 2831 373 2855 Pars
389 2832 559 2856 Autumnalis.

1095 264 1247 305 Sermo
1269 264 1409 305 sancti
1429 263 1634 315 Gregorii
1651 264 1798 315 Papae.

1031 325 1089 359 Ex
1106 324 1247 357 Homil.
1263 325 1315 358 34.
1334 324 1373 357 in
1390 325 1552 366 Evang:
1575 326 1662 356 ante
1683 319 1863 354 medium.

1336 375 1489 417 Lectio
1510 376 1562 414 iv.

1036 445 1291 502 ,Μ
1310 435 1583 485 Angelorum
1605 434 1782 476 ordines
1804 434 1863 476 di-

1099 498 1151 540 „iygz
1179 491 1333 540 cimus,
1371 492 1475 543 quia
1510 491 1718 533 videlicet
1754 503 1864 540 esse,

1175 550 1368 589 testante
1406 561 1532 589 sacro
1571 548 1747 600 elequio
1785 548 1863 588 sci-

1029 617 1142 644 mus:
1173 604 1386 655 Angelos,
1419 605 1739 655 Archangelos‚
1767 604 1864 645 Vir-

1030 663 1159 710 tutes,
1178 661 1442 711 PotestateS,
1464 661 1755 714 Principatus,
1775 661 1863 702 Do-

1029 717 1310 767 minationes,
1357 718 1580 768 Thronos,
1630 717 1866 759 Cherubim

1030 779 1165 826 atque
1210 774 1452 827 Seraphim.
1520 775 1631 816 Esse
1676 787 1866 825 namque

1030 831 1228 882 Angelos
1261 836 1305 872 et
1334 831 1641 882 Archangelos
1673 843 1787 883 pene
1822 843 1865 871 o-

1029 900 1153 929 mnes
1178 888 1293 929 sacri
1318 888 1483 940 eloquii
1509 888 1685 941 paginae
1704 889 1867 929 testan-

1029 949 1115 985 tur:
1158 944 1397 987 Cherubim
1429 958 1537 987 vero
1577 950 1711 997 atque
1744 945 1866 986 sera-

1030 1001 1154 1053 phim
1191 1014 1329 1054 saepe,
1371 1007 1419 1043 ut
1451 1006 1606 1043 notum
1641 1006 1723 1050 est,
1768 1000 1867 1041 libri

1030 1057 1350 1110 prophetarum
1377 1058 1629 1110 loquuntur.
1667 1059 1867 1107 Quatuor

1032 1126 1210 1166 quoque
1246 1114 1451 1156 ordinum
1489 1115 1668 1155 nomina
1700 1113 1865 1154 Paulus

1030 1170 1278 1223 Apostolus
1303 1170 1361 1212 ad
1380 1170 1601 1223 Ephesios
1628 1173 1865 1220 enumerat,

1031 1226 1198 1268 dicens:
1241 1228 1383 1280 Supra
1428 1240 1603 1269 omnem
1643 1227 1866 1279 Principa-

1031 1287 1139 1333 tum,
1170 1288 1214 1325 et
1241 1285 1532 1334 potestatem,
1562 1289 1606 1325 et
1632 1283 1867 1332 Virtutem,

1032 1345 1076 1381 et
1103 1341 1475 1383 Dominationem.
1517 1340 1601 1390 Qui
1630 1353 1781 1381 rursus
1811 1339 1868 1380 ad

1033 1396 1321 1439 Colossenses
1372 1398 1587 1447 scribens,
1639 1397 1714 1438 ait:
1766 1396 1867 1437 Sive

1031 1453 1210 1504 Throni,
1237 1454 1329 1496 sive
1348 1455 1613 1502 PotestateS,
1635 1453 1729 1494 sive
1748 1453 1867 1493 Prin-

1033 1510 1224 1563 cipatus,
1250 1511 1342 1552 sive
1361 1511 1713 1553 Dominatienes.
1750 1510 1868 1550 Dum

1035 1579 1141 1618 ergo
1167 1567 1252 1607 illis
1279 1570 1485 1619 quatuor,
1516 1580 1614 1619 quae
1642 1565 1698 1606 ad
1724 1566 1867 1618 Ephe-

1034 1622 1123 1663 sios
1161 1622 1286 1672 dixit,
1324 1625 1646 1676 conjunguntur
1684 1621 1867 1671 Throni,

1034 1678 1227 1730 quinque
1248 1685 1348 1721 sunt
1368 1679 1561 1721 Ordines:
1582 1678 1742 1730 quibus
1763 1677 1868 1719 dum

1033 1734 1193 1785 Angeli
1229 1741 1273 1777 et
1306 1736 1591 1787 Archangeli,
1631 1734 1868 1776 Cherubim

1033 1796 1166 1843 atque
1211 1792 1441 1844 Seraphim
1491 1792 1698 1844 adjuncta
1751 1795 1868 1840 sunt,

1033 1847 1190 1900 procul
1214 1847 1350 1890 dubio
1376 1861 1537 1890 novem
1562 1861 1658 1890 esse
1679 1847 1867 1898 Angelo-

1034 1917 1130 1944 rum
1150 1904 1328 1946 6rdines
1347 1905 1637 1947 inveniuntur.

1088 1962 1141 2012 R.
1154 1961 1240 2002 Hic
1260 1967 1328 2003 est
1346 1962 1535 2003 Michael
1550 1960 1868 2011 Archangelus,

1032 2016 1240 2069 princeps
1258 2017 1425 2059 militiae
1440 2017 1722 2068 Ange16rum,
1739 2014 1762 2038 *
1787 2017 1867 2057 Cu-

1032 2073 1098 2123 jus
1121 2072 1264 2114 honor
1287 2079 1473 2126 praestat
1493 2073 1710 2116 beneficia
1730 2085 1868 2125 popu-

1032 2128 1188 2178 lorum,
1208 2134 1252 2171 et
1271 2131 1414 2171 oratio
1434 2130 1637 2182 perducit
1657 2128 1713 2170 ad
1734 2141 1869 2179 regna

1035 2185 1260 2226 coelerum.
1283 2180 1335 2232 V.
1351 2186 1656 2237 Archangelus
1670 2184 1868 2234 Michael,

1033 2242 1302 2293 praepesitus
1321 2242 1526 2294 paradisi,
1548 2254 1678 2294 quem
1693 2240 1868 2282 honori-

1033 2296 1167 2338 ficant
1186 2297 1458 2348 AngeIOrum
1478 2298 1609 2339 cives.
1639 2298 1780 2349 Cujus.

1346 2351 1499 2392 Lectio
1520 2365 1558 2391 v.

1037 2403 1311 2511 Sciendum
1329 2421 1435 2451 vero
1457 2408 1578 2461 quod
1597 2408 1869 2460 Angelorum

1125 2465 1392 2506 vocabulum
1422 2477 1583 2506 nomen
1617 2470 1685 2506 est
1717 2464 1867 2513 officii,

1033 2534 1122 2563 non
1141 2524 1322 2562 naturae.
1355 2521 1471 2562 Nam
1496 2521 1637 2562 sancti
1657 2521 1720 2561 illi
1739 2519 1867 2562 coele-

1034 2578 1112 2619 stis
1149 2577 1306 2630 patriae
1347 2577 1527 2630 spiritus
1565 2590 1741 2629 semper
1778 2576 1866 2628 qui-

1035 2632 1137 2675 dem
1155 2631 1256 2674 sunt
1275 2633 1472 2685 spiritus,
1499 2632 1579 2675 sed
1598 2645 1774 2685 semper
1792 2643 1866 2671 vo-

1034 2690 1124 2731 cari
1156 2689 1314 2740 Angeli
1345 2692 1625 2742 nequaquam
1655 2691 1864 2741 possunt:

1593 2819 1660 2852 22*
