2040 2944
193 219 261 254 110

225 323 371 364 Feria
389 319 605 363 secunda
624 316 690 358 ad
709 315 970 365 vesperas.

248 400 344 438 &nt
374 392 609 435 inclinavit.

459 459 523 497 Ps
517 458 652 497 [lmus
675 458 751 495 114.

207 527 305 578 2533
324 520 439 569 flexi,
466 517 671 570 quoniam
700 513 903 557 exaudiet
925 489 1011 554 Do-

207 565 295 624 s)
345 577 485 617 minus
528 576 551 600 *
598 585 751 614 vocem
801 570 1011 612 orationis

250 631 258 633 *
304 639 311 649 ”
345 645 465 674 meae.

244 690 354 739 Quia
375 687 599 729 inclinavit
622 698 770 727 aurem
794 696 916 724 suam
937 682 1012 723 mi-

192 747 297 787 hiz*
326 750 369 787 et
396 745 440 785 in
468 743 622 785 diebus
649 741 757 782 meis
785 738 1012 780 invocabo.

244 799 659 843 Circumdederunt
712 810 781 837 me
835 795 1012 837 dolores

191 859 359 900 mortis:
382 859 405 883 *
425 863 468 898 et
495 855 687 908 pericula
715 852 870 894 inferni
897 852 1012 892 inve-

191 917 348 956 nerunt
375 927 454 955 me.

243 970 590 1012 Tribulationem
629 972 671 1008 et
716 966 912 1007 dolorem
953 964 1012 1004 in-

192 1028 307 1070 veni:
326 1028 349 1052 *
371 1033 413 1068 et
431 1038 588 1066 nomen
608 1023 785 1065 Domini
803 1020 1013 1062 invocavi.

245 1085 282 1125 O
298 1083 484 1124 Domine
502 1081 638 1122 libera
657 1079 843 1120 animam
857 1090 1013 1118 meam:

193 1142 216 1166 *
243 1141 489 1180 misericors
523 1137 753 1185 Dominus,
788 1140 831 1176 et
866 1135 1014 1186 justus,

195 1202 237 1238 et
264 1197 384 1237 Deus
412 1200 561 1236 noster
580 1194 828 1236 miseretur.

246 1251 506 1293 Custodiens
525 1249 730 1303 parvulos
746 1248 975 1289 Dominus:
991 1247 1013 1271 *

194 1309 444 1350 humiliatus
465 1321 571 1356 sum,
601 1311 643 1347 et
662 1305 864 1346 liberavit
883 1316 963 1344 me.

248 1366 512 1407 Convertere
554 1364 695 1404 anima
735 1374 832 1402 mea
871 1361 915 1401 in
952 1362 1013 1400 re-

197 1423 341 1474 quiem
368 1427 504 1462 tuam:
527 1421 550 1446 *
573 1420 673 1471 quia
700 1419 914 1459 Dominus
943 1416 1015 1458 be-

195 1478 353 1519 nefecit
379 1477 470 1518 tibi.

247 1535 357 1585 Quia
386 1534 543 1586 eripuit
577 1532 763 1573 animam
789 1544 931 1572 meam
960 1530 1015 1572 de

195 1597 350 1632 morte:
378 1591 401 1615 *
431 1589 581 1631 oculos
610 1601 731 1629 meos
761 1602 784 1628 a
809 1587 1015 1637 lacrimis,

195 1647 331 1700 pedes
358 1659 480 1687 meos
508 1659 532 1686 a
559 1645 695 1697 lapsu.

246 1703 435 1744 Placebo
472 1702 662 1744 Domino
699 1702 722 1726 *
759 1701 802 1741 in
839 1701 1016 1752 regione

196 1773 403 1801 vivorum.

247 1815 344 1855 Ant.
374 1815 602 1856 Inclinavit
625 1814 839 1854 Dominus
867 1821 1017 1855 aurem

197 1885 320 1914 suam
346 1871 461 1912 mihi.

248 1928 345 1968 Ant.
375 1927 564 1969 Credidi.

459 1993 654 2033 Psalmus
675 1994 751 2033 115.

198 2042 430 2149 Credidi,
470 2057 653 2106 propter
690 2051 809 2104 quod
845 2052 1018 2093 locutus

288 2124 397 2151 sum:
426 2111 448 2135 *
478 2122 558 2161 ego
588 2114 733 2150 autem
767 2108 1018 2150 humiliatus

200 2180 295 2207 sum
323 2180 461 2207 n1m1s.

249 2223 342 2274 Ego
372 2223 462 2265 dixi
490 2223 532 2263 in
562 2224 743 2264 excessu
771 2228 895 2263 meo?
913 2221 936 2247 *
965 2221 1019 2262 O·

199 2280 310 2320 mnis
339 2279 468 2321 homo
497 2278 695 2320 mendax.

252 2335 367 2385 Quid
394 2336 630 2377 retribuam
658 2334 861 2382 Domino,
889 2335 911 2360 *
939 2347 1020 2387 pro

202 2392 413 2442 omnibus,
442 2405 539 2444 quae
567 2391 767 2433 retribuit
794 2389 921 2431 mihi?

252 2448 442 2490 Calicem
461 2449 662 2489 salutaris
688 2448 916 2500 accipiam:
935 2447 958 2473 *
978 2452 1021 2489 et

201 2517 357 2546 nomen
384 2505 561 2546 Domini
589 2504 815 2547 invocabo.

251 2561 369 2603 Vota
396 2574 493 2602 mea
520 2561 709 2602 Domino
742 2560 924 2602 reddam
951 2573 1020 2602 co-

201 2631 293 2659 ram
321 2618 438 2659 omni
466 2617 631 2670 populo
661 2619 765 2670 ejus:
784 2618 808 2643 *
827 2617 1022 2670 pretiosa

201 2674 244 2714 in
266 2675 506 2726 conspectu
520 2673 697 2714 Domini
716 2686 833 2715 mors
852 2675 1023 2714 sancto-

202 2742 298 2771 rum
326 2743 433 2781 ejus:

738 210 844 242 Feriu
871 206 1036 241 secunda
1066 205 1112 237 ui
1143 204 1342 245 vesperas.

1117 302 1154 343 O
1169 300 1358 342 Domine
1381 299 1482 352 quia
1502 309 1583 349 ego
1604 308 1757 338 servus
1772 299 1889 336 tuus:

1064 359 1087 383 *
1113 371 1193 410 ego
1223 370 1375 398 servus
1403 361 1515 405 tuus,
1544 358 1587 395 et
1614 352 1731 394 filius
1759 350 1889 393 ancil-

1064 415 1118 456 1ae
1143 420 1242 455 tuae.

1117 469 1333 523 Dirupisti
1354 468 1526 511 vincula
1548 479 1661 507 mea:
1680 466 1704 492 *
1723 465 1805 507 tibi
1826 477 1890 506 sa-

1066 526 1273 568 crificabo
1292 525 1483 566 hostiam
1497 522 1652 572 laudis,
1671 527 1714 564 et
1730 533 1891 563 nomen

1065 583 1243 625 Domini
1262 581 1489 623 invocabo.

1116 640 1236 681 Vota
1271 651 1368 679 mea
1403 636 1594 678 Domino
1632 633 1815 676 reddam
1846 633 1892 674 in

1067 698 1305 749 conspectu
1347 694 1487 736 omnis
1530 691 1684 745 populi
1726 692 1833 743 ejus:
1865 690 1890 715 *

1066 753 1109 794 in
1137 753 1257 794 atriis
1287 751 1442 792 domus
1460 748 1652 798 Domini,
1679 748 1723 788 in
1743 746 1890 788 medio

1065 809 1130 850 tui
1156 807 1408 850 Jerusalem.

1120 867 1220 906 Ant.
1249 863 1443 913 Credidi,
1471 866 1655 915 propter
1684 859 1803 913 quod
1828 859 1889 901 lo-

1066 924 1193 962 catus
1222 934 1328 962 sum.

1122 977 1222 1016 Ant.
1242 976 1453 1018 Laudate.

1335 1034 1533 1075 Psalmus
1554 1034 1631 1073 116.

1127 1089 1287 1131 audate
1321 1088 1559 1130 Dominum
1591 1099 1743 1129 omnes
1778 1086 1891 1128 Gen-

1156 1152 1239 1188 tes:
1259 1147 1282 1172 *
1302 1145 1479 1187 laudate
1508 1157 1607 1186 eum
1635 1155 1788 1185 omnes
1814 1143 1892 1195 po-

1067 1203 1174 1256 puli:

1119 1260 1336 1311 Quoniam
1369 1258 1626 1300 confirmata
1661 1261 1728 1298 est
1761 1266 1893 1308 super

1068 1330 1147 1358 nos
1169 1315 1470 1358 misericordia
1499 1315 1605 1366 ejus:
1623 1314 1647 1339 *
1668 1317 1711 1354 et
1730 1313 1892 1354 veritas

1067 1373 1244 1415 Domini
1272 1377 1419 1414 manet
1446 1372 1490 1412 in
1516 1372 1738 1412 aeternum.

1123 1429 1221 1469 Ant.
1250 1428 1448 1470 Laudate
1474 1427 1713 1468 Dominum
1741 1437 1894 1467 omnes

1069 1487 1246 1528 Gentes.

1124 1543 1224 1582 Ant.
1247 1541 1456 1584 Clamavi.

1335 1597 1532 1637 Psalmus
1556 1597 1633 1636 119.

1138 1656 1167 1698 d
1184 1655 1422 1697 Dominum
1441 1667 1542 1696 cum
1559 1652 1792 1695 tribularer
1811 1651 1894 1693 cla-

1171 1713 1304 1754 mavi:
1332 1712 1356 1737 *
1385 1716 1428 1753 et
1456 1709 1679 1761 exaudivit
1706 1721 1787 1750 me.

1118 1769 1309 1819 Domine
1336 1767 1476 1809 libera
1500 1767 1688 1808 animam
1708 1777 1852 1807 meam
1870 1776 1896 1805 a

1068 1815 1227 1867 labiis
1216 1825 1393 1877 miquis,
1409 1825 1433 1850 *
1452 1828 1495 1866 et
1517 1836 1542 1864 a
1560 1823 1709 1875 lingua
1729 1821 1895 1863 dolosa.

1121 1882 1237 1933 Quid
1265 1881 1393 1923 detur
1414 1880 1510 1930 tibi,
1538 1885 1613 1921 aut
1637 1878 1742 1932 quid
1761 1889 1895 1931 appo-

1069 1941 1197 1980 natur
1224 1938 1351 1980 tibi*
1373 1937 1430 1979 ad
1453 1913 1647 1989 liriguam
1672 1932 1895 1977 dolosam?

1121 1995 1301 2047 Sagittae
1328 1994 1525 2047 potentis
1554 1996 1715 2042 acutae,
1744 1991 1768 2018 *
1797 2003 1897 2032 cum

1071 2052 1334 2093 carbonibus
1363 2049 1655 2092 desolatoriis.

1122 2109 1221 2150 Heu
1248 2107 1365 2158 mihi,
1397 2107 1498 2160 quia
1526 2105 1744 2147 incolatus
1773 2117 1896 2146 meus

1070 2165 1359 2218 prolongatus
1380 2168 1462 2206 est:
1489 2162 1687 2204 habitavi
1707 2174 1807 2206 cum
1824 2160 1897 2202 ha-

1071 2221 1314 2263 bitantibus
1334 2220 1491 2262 Cedar:
1509 2220 1533 2246 *
1552 2219 1737 2260 multum
1754 2216 1899 2259 incola

1072 2278 1152 2319 fuit
1170 2278 1313 2319 anima
1331 2290 1439 2318 mea.

1124 2334 1232 2376 Cum
1268 2333 1356 2383 his,
1398 2333 1473 2385 qui
1510 2332 1698 2374 oderunt
1733 2343 1899 2383 pacem,

1074 2404 1192 2432 eram
1227 2391 1452 2443 pacificus:
1489 2390 1513 2415 *
1551 2402 1650 2430 cum
1685 2386 1899 2439 loquebar

1073 2447 1170 2498 illis,
1198 2446 1514 2500 impugnabant
1541 2458 1612 2487 me
1639 2444 1788 2497 gratis.

1126 2504 1223 2543 Ant.
1254 2503 1468 2553 (Vllamavi,
1497 2508 1541 2545 et
1569 2500 1791 2544 exaudivit
1818 2512 1899 2541 me.

1126 2561 1223 2600 Ant.
1255 2559 1383 2601 Unde
1410 2560 1566 2601 veniet.

1331 2615 1530 2655 Psalmus
1550 2615 1639 2655 120.

1040 2622 1046 2780 ι
1072 2668 1261 2773 Levavi
1283 2672 1435 2714 oculos
1454 2685 1578 2714 meos
1601 2671 1646 2712 in
1664 2674 1856 2719 montes,
1876 2669 1899 2695 *

1163 2729 1280 2771 unde
1307 2729 1453 2770 veniet
1481 2728 1690 2770 auxilium
1716 2726 1834 2768 mihi.
