2040 2944
620 158 727 191 Dom.
753 157 778 191 I.
806 156 885 191 Oct.
929 158 985 192 ss.
1014 157 1165 190 Ros-arii
1194 158 1234 191 13.
1260 158 1393 191 Mariae
1418 156 1461 190 V.

186 266 280 294 rem
307 253 608 294 Romanorum
642 251 783 293 electo
813 251 868 294 de
895 253 1015 293 innu-

186 309 317 350 meris
355 308 600 349 Turcarum
641 308 780 360 copiis
821 308 1016 358 relatam,

186 378 240 406 eo
261 365 330 406 die
350 365 586 415 contigisse
603 377 690 415 quo
710 364 870 406 festum
884 365 1015 407 Dedi-

187 421 370 462 cationis
403 426 568 462 sanctae
601 421 753 462 Mariae
793 420 849 463 ad
879 421 1017 463 Nives

187 476 501 527 celebraretur,
535 482 668 529 atque
697 476 855 518 eodem
881 478 1017 519 ferme

185 535 400 585 tempore,
431 545 519 584 quo
550 533 813 574 sanctissimi
840 534 1018 575 Rosarii

186 589 432 631 confratres
447 589 672 642 publicam
688 589 1017 641 solemnemque

186 645 553 698 supplicationem
586 646 630 686 in
663 645 777 686 alma
806 645 925 687 Urbe
958 646 1018 686 in-

185 702 305 752 genti
337 702 492 754 populi
526 705 744 743 concursu
772 704 1018 754 magnaque

185 758 395 809 religione
428 760 706 811 peragentes,
737 758 929 799 fervidas
962 758 1018 800 ad

185 815 329 856 Deum
363 828 518 867 preces
554 828 636 867 pro
669 815 914 856 Turcarum
947 814 1018 856 de-

185 871 414 924 pressione
435 871 684 921 funderent,
711 884 764 912 ac
791 873 1016 923 potentem

187 940 318 980 opem
330 928 537 980 Deiparae
547 927 744 979 Virginis
755 928 799 968 in
811 927 1019 968 auxilium

187 983 534 1025 Christianorum
567 983 787 1025 humiliter
814 983 1018 1036 implora-

186 1045 300 1081 rent:
320 1053 416 1081 eam
437 1040 495 1081 ob
516 1053 620 1089 rem,
640 1040 870 1082 victoriam
889 1040 1019 1090 illam,

186 1109 267 1137 nec
312 1109 400 1137 non
450 1096 682 1137 liberatam
732 1096 866 1149 paulo
915 1101 1020 1148 post

187 1152 445 1194 eorumdem
492 1153 738 1194 Turcarum
790 1152 1019 1194 obsidione

189 1209 507 1260 Corcyrensem
563 1209 768 1259 insulam,
824 1208 1020 1259 ejusdem

187 1265 331 1307 beatae
350 1266 543 1315 Virginis
566 1266 812 1318 patrocinio
832 1265 903 1317 pie
924 1267 1019 1306 cen·
1082 1264 1111 1291 ⁵*

188 1322 274 1363 suit
311 1321 660 1363 adscribendam.
722 1321 1020 1372 Quamobrem

188 1383 236 1418 ut
254 1377 381 1429 hujus
398 1391 576 1430 quoque
590 1383 681 1419 tam
695 1378 876 1428 insignis
890 1377 1020 1419 bene—

188 1434 276 1475 ficii
303 1435 508 1486 perennis
534 1447 709 1487 semper
738 1439 782 1475 et
809 1434 1022 1475 memoria

189 1493 383 1532 exstaret
408 1496 452 1532 et
470 1491 626 1541 gratia,
652 1491 914 1532 sanctissimi
932 1490 1020 1531 Ro-

189 1547 293 1587 sarii
315 1547 476 1588 festum
502 1546 658 1588 eadem
679 1546 750 1588 die
775 1546 1021 1598 eodemque

187 1602 275 1644 ritu
322 1602 636 1644 celebrandum
680 1602 737 1644 ad
777 1602 1022 1644 Ecclesiam

189 1658 437 1699 universam
475 1658 684 1700 extendit.
727 1659 838 1700 Haec
876 1659 1022 1700 omnia

188 1714 457 1756 Benedictus
474 1715 670 1756 decimus
685 1715 841 1757 tertius
858 1715 902 1755 in
916 1715 1019 1757 Bre-

188 1771 326 1812 viario
346 1771 550 1813 Romano
569 1771 734 1823 apponi
756 1771 892 1823 jussit.
928 1771 1020 1813 Leo

189 1832 335 1868 autem
353 1828 508 1869 tertius
528 1827 723 1869 decimus
742 1829 785 1868 in
800 1827 1020 1870 turbulen-

188 1883 366 1924 tissimis
386 1884 598 1925 Ecclesiae
620 1884 906 1937 temporibuS,
931 1884 1021 1926 disi-

190 1951 275 1990 que
318 1940 610 1991 prementium
652 1941 868 1982 malorum
903 1954 1022 1983 saeva

189 1998 472 2048 tempestate,
499 2002 681 2039 cunctos
704 1997 748 2037 in
773 1997 892 2038 Orbe
916 1996 1021 2039 fide-

188 2051 269 2101 les,
297 2052 467 2093 iteratis
489 2053 759 2104 Apostolicis
783 2053 940 2094 litteris
965 2053 1022 2095 ad

189 2107 383 2148 Marialis
419 2109 616 2158 Rosarii,
658 2109 906 2161 praesertim
942 2123 1023 2162 per

191 2163 431 2206 Octobrem
471 2177 687 2214 mensem,
732 2165 1022 2217 frequentiam

190 2219 470 2262 vehementer
485 2221 688 2271 incendit,
700 2227 831 2263 aucto
845 2235 1021 2274 quoque

191 2277 321 2317 annui
339 2276 438 2318 festi
458 2277 749 2320 solemnitatis
775 2278 876 2327 ritu,
899 2277 1019 2320 addi-

189 2334 323 2383 taque
348 2332 530 2374 Litaniis
557 2333 815 2376 Lauretanis
840 2336 1021 2385 Reginae

191 2391 472 2431 sacratissimi
512 2392 688 2433 Rosarii
730 2392 1021 2442 invocatione,

191 2449 235 2486 et
272 2444 417 2486 officio
455 2446 510 2488 de
548 2447 703 2489 eadem
742 2447 1021 2490 solemnitate

189 2501 374 2553 proprio
412 2502 623 2544 Ecclesiae
659 2504 876 2545 unive'rsae
919 2517 1020 2546 con-

191 2558 330 2598 cesso.
357 2557 686 2601 Sanctissimam
706 2573 811 2611 ergo
832 2560 916 2602 Dei
936 2561 1020 2602 Ge·

190 2613 390 2655 nitricem
416 2611 535 2656 cultu
558 2615 643 2657 hoc
670 2616 813 2658 eidem
830 2618 1020 2667 gratissi-

190 2682 263 2711 mo
282 2670 440 2722 jugiter
459 2673 735 2713 veneremur:
758 2678 807 2715 ut
834 2686 933 2724 quae
956 2675 1021 2716 to·

1069 252 1152 294 ties
1173 251 1335 294 Christi
1359 251 1580 303 fidelibus,
1605 253 1781 294 Rosarii
1804 255 1901 306 pre-

1071 309 1194 350 cibus
1211 311 1402 358 exorata‚
1422 311 1622 351 terrenos
1635 309 1788 351 hostes
1802 322 1902 362 pro-

1071 365 1222 415 fligare
1247 364 1372 406 dedit
1397 377 1448 406 ac
1476 365 1683 418 perdere,
1710 366 1904 408 infernos

1070 421 1236 474 pariter
1256 423 1467 474 superare
1487 421 1713 464 concedat.

1124 480 1174 531 R.
1201 477 1382 528 Signum
1400 490 1608 528 magnum
1632 478 1837 531 apparuit
1860 479 1905 520 in

1072 533 1204 575 coelo:
1228 534 1384 575 mulier
1405 536 1564 576 amicta
1589 534 1703 585 sole,
1732 539 1776 576 et
1802 534 1906 576 luna

1071 589 1153 630 sub
1186 589 1374 643 pedibus
1409 591 1518 641 ejus:
1549 592 1573 615 *
1607 590 1664 632 Et
1689 591 1734 632 in
1760 591 1904 644 capite

1071 646 1162 698 ejus
1195 649 1360 688 corona
1397 647 1623 688 stellarum
1660 646 1905 689 duodecim.

1073 700 1123 750 Y.
1149 702 1338 744 Dabitur
1366 703 1500 755 capiti
1526 708 1603 744 tuo
1623 705 1906 754 augmentum

1071 759 1321 808 gratiarum,
1354 764 1398 801 et
1425 761 1590 800 corona
1617 759 1780 812 inclyta
1806 762 1906 812 pro-

1071 819 1192 865 teget
1210 820 1265 857 te.
1292 816 1359 857 Et.
1390 815 1543 857 Gloria
1561 816 1692 857 Patri.
1720 816 1789 858 Et.

1297 899 1346 938 In
1373 899 1444 938 111.
1470 899 1695 938 Nocturno.

1127 973 1224 1013 Ant.
1270 970 1578 1022 Apprehendit
1622 971 1790 1013 Pilatus
1837 973 1905 1014 Je-

1073 1039 1179 1077 sum,
1201 1031 1244 1068 et
1262 1026 1511 1079 flagellavit.

1348 1098 1549 1139 Psalmus
1570 1098 1635 1139 95

1079 1153 1906 1251 fznsssoestssfgffissssffisstffxffmffis

1167 1282 1175 1291 2
1209 1270 1336 1307 terra.

1128 1322 1311 1364 Cantate
1339 1323 1549 1372 Domino,
1587 1327 1631 1364 et
1659 1322 1907 1365 benedicite

1074 1378 1240 1419 nomini
1260 1379 1366 1430 ejus:
1384 1379 1408 1404 *
1428 1379 1681 1420 annuntiate
1701 1378 1755 1421 de
1776 1379 1847 1421 die
1863 1380 1907 1420 in

1075 1434 1191 1476 diem
1212 1435 1403 1477 salutare
1424 1436 1526 1487 eius.

1125 1491 1396 1533 Annuntiate
1410 1491 1524 1532 inter
1540 1491 1708 1532 Gentes
1722 1491 1907 1543 gloriam

1075 1548 1181 1599 ejus,
1200 1548 1224 1573 *
1243 1548 1287 1588 in
1310 1547 1513 1589 omnibus
1537 1547 1716 1600 populis
1734 1548 1907 1590 mirabi-

1073 1603 1131 1645 lia
1150 1605 1252 1656 eius.

1127 1660 1344 1710 Quoniam
1375 1673 1561 1711 magnus
1587 1661 1822 1711 Dominus,
1863 1666 1908 1704 et

1074 1716 1306 1758 laudabilis
1326 1717 1468 1757 nimis:
1486 1717 1510 1743 *
1529 1717 1736 1760 terribilis
1757 1722 1825 1760 est
1839 1730 1907 1759 su-

1073 1786 1153 1825 per
1173 1786 1326 1815 omnes
1345 1773 1465 1815 deos,

1123 1830 1340 1880 Quoniam
1356 1843 1510 1872 omnes
1525 1830 1586 1872 dii
1597 1829 1806 1871 Gentium
1820 1829 1906 1872 dae-

1073 1887 1235 1928 monia:
1271 1887 1295 1913 *
1331 1887 1548 1928 Dominus
1584 1891 1732 1928 autem
1768 1886 1906 1928 coelos

1074 1943 1187 1984 fecit.

1128 1999 1367 2049 Confessio,
1387 2003 1431 2041 et
1448 1998 1731 2052 pulchritudo
1746 1999 1790 2040 in
1805 2011 1906 2041 con-

1075 2057 1231 2108 spectu
1260 2057 1368 2107 ejus:
1386 2056 1411 2081 *
1431 2055 1719 2096 sanctimonia
1747 2059 1791 2097 et
1817 2068 1905 2097 ma-

1073 2111 1325 2162 gnificentia
1343 2111 1387 2152 in
1407 2111 1752 2153 sanctificatione
1771 2112 1873 2164 ejus.

1126 2167 1295 2209 Afferte
1309 2167 1501 2209 Domino
1519 2167 1676 2220 patriae
1687 2167 1906 2218 Gentium,

1074 2223 1227 2265 afferte
1253 2224 1446 2265 Domino
1477 2223 1662 2274 gloriam
1693 2227 1738 2265 et
1768 2223 1904 2265 hono-

1074 2293 1181 2321 rem:
1200 2281 1224 2306 *
1244 2279 1396 2322 afferte
1414 2280 1606 2322 Domino
1627 2279 1812 2330 gloriam
1829 2282 1904 2322 no-

1073 2337 1179 2377 mini
1198 2338 1300 2388 ejus.

1125 2392 1288 2434 Tollite
1298 2393 1476 2442 hostias,
1495 2396 1540 2433 et
1551 2391 1730 2433 introite
1740 2393 1783 2433 in
1795 2393 1905 2434 atria

1074 2450 1180 2501 ejus:
1199 2450 1223 2475 *
1247 2449 1430 2491 adorate
1456 2448 1695 2489 Dominum
1719 2449 1763 2489 in
1791 2450 1904 2492 atrio

1074 2510 1227 2547 sancto
1247 2506 1350 2557 ejus.

1127 2562 1468 2603 Commoveatur
1500 2573 1526 2602 a
1558 2560 1667 2602 facie
1696 2561 1787 2613 ejus
1815 2562 1904 2603 uni-

1075 2620 1202 2659 versa
1232 2623 1369 2659 terra:
1397 2617 1420 2643 *
1448 2617 1580 2658 dicite
1612 2617 1657 2658 in
1690 2617 1904 2660 Gentibus

1075 2674 1177 2726 quia
1194 2673 1411 2715 Dominus
1430 2673 1639 2724 regnavit.
