2040 2944
684 197 888 232 Dominica
914 195 1022 229 XIX.
1048 200 1138 238 post
1162 194 1427 228 Pentecosten.

193 300 345 340 Lectio
371 297 509 339 sancti
528 294 756 345 Evangelii
781 292 1023 334 secundum

475 351 745 393 Matthaeum.

272 418 421 458 Lectio
443 415 509 454 vii.
783 414 886 465 Cap.
906 413 943 451 9.

190 476 266 581 In
286 479 360 520 illo
381 481 597 530 tempore:
617 475 877 517 Ascendens
895 474 919 515 J
922 486 1023 515 esus

256 537 298 576 in
332 534 595 582 naviculam,
629 531 948 580 transfretavit,
981 534 1024 571 et

190 592 308 633 venit
337 592 379 631 in
409 591 634 632 civitatem
664 601 799 630 suam.
846 587 903 628 Et
927 586 1022 628 reli-

192 661 287 700 qua.

225 721 414 763 Homilia
434 720 574 762 sancti
592 719 712 761 Petri
732 717 994 771 Chrysologi

495 776 719 830 Episcopi.

474 841 657 875 Sermone
681 838 740 871 50.

536 898 579 937 in
616 896 815 938 humanis
853 894 1025 936 actibus

203 950 303 1012 &5251
325 957 471 998 divina
500 955 691 1004 gessisse
719 951 944 1004 mysteria,
981 956 1026 992 et

198 1014 202 1021 '
236 1019 301 1039 ν*
325 1014 368 1054 ἰη
396 1011 528 1053 rebus
557 1008 805 1050 visibilibus
834 1006 1024 1049 invisibi-

191 1071 248 1112 lia
281 1070 530 1111 exercuisse
558 1065 755 1117 negetia,
787 1064 920 1106 lectio
950 1064 1024 1106 ho-

193 1127 343 1168 dierna
376 1122 648 1166 monstravit.
702 1120 933 1169 Ascendit,
966 1120 1025 1161 in-

193 1183 297 1235 quit,
317 1183 360 1223 in
380 1179 639 1228 naviculam,
659 1184 702 1220 et
717 1177 1026 1225 transfretavit,

193 1245 236 1281 et
257 1239 377 1280 venit
398 1239 441 1278 in
462 1236 685 1278 civitatem
705 1248 840 1276 suam.
868 1234 1026 1275 Nonne

192 1297 288 1348 ipse
309 1300 391 1343 est,
412 1293 487 1345 qui
507 1292 669 1343 fugatis
689 1290 911 1339 fluctibus,
939 1303 1025 1331 ma-

193 1353 252 1393 ris
276 1350 498 1404 profunda
522 1348 720 1397 nudavit,
749 1352 798 1388 ut
821 1346 1026 1388 Israeliti-

194 1422 271 1450 cus
291 1407 483 1460 populus
502 1406 616 1446 inter
636 1406 867 1456 stupentes
886 1401 1028 1444 undas

195 1466 313 1506 sicco
334 1463 523 1513 vestigio
543 1461 663 1502 velut
686 1460 903 1501 montium
926 1461 1027 1500 cen-

195 1534 303 1563 cava
327 1515 641 1572 pertransiret?
670 1517 830 1558 Nonne
855 1515 925 1556 hic
951 1521 1028 1565 est,

196 1577 270 1629 qui
297 1575 417 1617 Petri
450 1572 639 1627 pedibus
670 1575 864 1613 marinos
896 1571 1028 1613 vorti-

196 1646 270 1675 ces
290 1631 530 1679 inclinavit,
550 1635 598 1670 ut
616 1630 699 1671 iter
718 1628 935 1680 liquidum
954 1627 1028 1668 hu-

195 1690 335 1731 manis
354 1687 579 1740 gressibus
598 1685 789 1727 solidum
808 1684 1030 1736 praeberet

197 1744 481 1797 obsequium?

484 1814 638 1855 Lectio
657 1813 743 1853 viii.

282 1880 301 1916 t
329 1873 434 1926 quid
455 1879 538 1922 est,
573 1871 694 1924 quod
729 1872 825 1923 ipse
854 1870 938 1912 sibi
966 1870 1030 1911 sic

294 1930 427 1971 maris
456 1929 645 1979 denegat
674 1928 949 1976 servitutem,
981 1932 1030 1967 ut

198 1986 441 2028 brevissimi
491 1985 614 2026 lacus
665 1983 898 2025 transitum
949 1982 1029 2024 sub

197 2042 402 2084 mercede
467 2041 644 2082 nautica
703 2037 1030 2081 transfretaret?

199 2098 425 2147 Ascendit,
453 2097 605 2148 inquit,
632 2096 677 2136 in
700 2095 958 2144 naviculam,
988 2100 1032 2136 et

198 2154 508 2196 transfretavit.
545 2153 602 2194 Et
623 2151 729 2204 quid
748 2151 924 2200 mirum,
950 2150 1031 2191 fra-

199 2211 310 2252 tres?
345 2210 545 2251 Christus
571 2209 691 2250 venit
718 2209 945 2259 suscipere
972 2207 1031 2247 in-

199 2267 430 2308 firmitates
462 2271 654 2314 nostras,
691 2270 734 2306 et
769 2276 871 2304 suas
902 2263 1032 2304 nobis

201 2322 400 2364 conferre
437 2322 637 2363 virtutes:
682 2320 873 2361 humana
916 2322 1031 2371 quae-

200 2391 308 2427 rere,
329 2380 543 2430 praestare
563 2377 726 2418 divina:
751 2378 953 2427 accipere
973 2375 1031 2416 in-

202 2434 349 2485 jurias,
396 2432 582 2474 reddere
620 2431 872 2482 dignitates:
919 2432 1033 2472 ferre

201 2489 351 2538 taedia,
381 2489 543 2530 referre
570 2489 796 2529 sanitates:
826 2487 927 2539 quia
946 2489 1032 2528 me-

202 2545 337 2594 dicus,
359 2545 434 2596 qui
452 2557 540 2585 non
556 2544 639 2585 fert
655 2544 943 2592 infirmitates,
963 2556 1032 2584 cu-

203 2604 301 2643 rare
321 2601 475 2649 nescit3
505 2605 548 2640 et
574 2601 647 2651 qui
673 2612 760 2640 non
783 2599 915 2640 fuerit
935 2612 1033 2640 cum

203 2658 376 2698 infirmo
422 2656 681 2704 infirmatus,
725 2656 899 2696 infirmo
946 2668 1033 2695 non

203 2719 353 2767 potest
372 2712 570 2754 conferre
592 2712 834 2753 sanitatem.

1383 287 1538 329 Lectio
1556 286 1612 326 ix.

1156 347 1321 389 hristus
1341 360 1462 398 ergo,
1490 346 1527 386 si
1551 345 1594 386 in
1619 345 1708 386 suis
1727 346 1908 386 mansis-

1171 410 1238 447 set
1265 403 1518 453 virtutibus,
1551 403 1783 443 commune
1811 413 1910 442 cum

1077 462 1327 504 hominibus
1352 461 1412 502 nil
1435 459 1636 503 haberet:
1666 463 1710 500 et
1732 457 1816 498 nisi
1834 457 1910 498 im·

1076 519 1243 572 plesset
1272 517 1414 560 carnis
1444 516 1663 564 Ordinem,
1695 514 1837 556 carnis
1866 513 1910 554 in

1077 576 1152 618 illo
1173 580 1291 617 esset
1310 574 1454 616 otiosa
1473 571 1710 624 susceptio.
1747 570 1910 612 Ascen-

1078 632 1156 683 dit,
1180 631 1337 683 inquit,
1358 630 1401 671 in
1422 628 1685 677 naviculam,
1710 632 1754 668 et
1772 631 1911 668 trans-

1078 688 1264 737 fretavit,
1285 692 1329 729 et
1342 687 1463 728 venit
1477 686 1521 726 in
1537 685 1761 727 civitatem
1775 695 1911 724 suam.

1079 745 1263 787 Creator
1311 756 1459 785 rerum
1510 741 1631 784 orbis
1678 739 1912 788 Dominus,

1077 803 1371 855 posteaquam
1390 813 1438 842 se
1457 804 1641 852 propter
1659 810 1742 839 nos
1760 801 1913 838 nostra

1078 858 1330 910 angustavit
1349 858 1393 898 in
1412 868 1559 905 carne,
1588 854 1726 907 coepit
1747 852 1912 895 habere

1078 915 1315 956 humanam
1333 913 1538 966 patriam,
1565 911 1703 963 coepit
1722 909 1913 951 civitatis

1078 970 1274 1012 Judaicae
1309 982 1406 1011 esse
1439 969 1567 1018 civis,
1599 968 1807 1019 parentes
1838 965 1912 1007 ha-

1079 1028 1184 1069 bere
1205 1026 1342 1079 coepit
1361 1027 1594 1078 parentum
1609 1023 1803 1064 omnium
1816 1021 1914 1075 ipse

1079 1096 1254 1137 parens:
1273 1087 1322 1123 ut
1340 1082 1549 1123 invitaret
1568 1091 1704 1129 amor,
1723 1077 1913 1120 attrahe-

1080 1146 1147 1182 ret
1176 1140 1354 1187 caritaS,
1382 1138 1566 1179 vinciret
1595 1135 1786 1185 affectio,
1819 1147 1914 1176 sua-

1081 1198 1206 1239 deret
1224 1195 1487 1244 humanitas,
1515 1206 1628 1246 quos
1648 1192 1819 1244 fugarat
1839 1190 1915 1233 do·

1080 1253 1273 1302 minatio,
1292 1257 1436 1293 metus
1451 1250 1732 1303 disperserat,
1751 1248 1916 1290 fecerat

1081 1311 1146 1352 vis
1165 1308 1403 1362 potestatis
1423 1309 1634 1349 extorres.

1138 1366 1201 1408 Te
1220 1366 1366 1407 Deum
1385 1363 1626 1405 laudamus.
1645 1363 1705 1403 14.

1138 1426 1207 1467 Ad
1230 1425 1392 1467 Bened.
1423 1425 1523 1465 Ant.
1552 1423 1674 1464 Dixit
1696 1421 1916 1463 Dominus

1082 1486 1105 1511 *
1120 1482 1379 1536 paralytico:
1399 1480 1585 1522 Confide
1599 1479 1672 1529 fili,
1691 1478 1915 1520 remittun-

1081 1546 1152 1582 tur
1171 1539 1251 1581 tibi
1271 1540 1458 1591 peccata
1477 1542 1564 1579 tua.

1137 1590 1187 1641 V.
1212 1595 1430 1636 Deminus
1459 1593 1676 1644 regnavit,
1709 1591 1917 1633 decerem

1083 1652 1236 1694 induit.
1301 1652 1352 1703 R».
1377 1650 1526 1692 Induit
1553 1649 1770 1691 Deminus
1797 1647 1916 1690 forti-

1085 1708 1294 1757 tudinem,
1315 1714 1358 1749 et
1378 1706 1612 1760 praecinxit
1632 1718 1680 1747 se
1699 1705 1873 1746 virtute.

1142 1769 1211 1810 Ad
1245 1768 1418 1819 Magnis.
1461 1767 1561 1807 Ant.
1600 1765 1720 1808 Tulit
1753 1777 1860 1816 ergo
1893 1765 1917 1790 ²⁸¹

1082 1825 1351 1878 paralyticus
1382 1823 1546 1865 lectum
1578 1836 1722 1872 suum,
1754 1821 1799 1862 in
1829 1833 1917 1873 quo

1083 1882 1270 1933 jacebat,
1298 1879 1585 1930 magnificans
1613 1879 1772 1920 Deum:
1801 1882 1846 1920 et
1872 1889 1916 1918 o-

1083 1938 1195 2035 ssnis
1215 1937 1357 1990 plebs,
1382 1942 1430 1978 ut
1449 1934 1573 1985 vidit,
1599 1934 1722 1977 dedit
1740 1933 1918 1975 laudem

1128 2007 1192 2096 eij
1204 2051 1430 2101 Dirigatur
1444 2048 1635 2090 Domine
1650 2047 1794 2089 oratio
1809 2058 1918 2088 mea.

1088 2108 1139 2159 Rz.
1149 2107 1271 2148 Sicut
1283 2107 1509 2147 incensum
1519 2105 1564 2145 in
1575 2105 1818 2156 conspectu
1828 2108 1918 2145 tuo.

1377 2174 1658 2201 -.j0-<=‘}}..0—-.-

1278 2248 1556 2298 Dominiea
1578 2246 1722 2296 XIX.

1197 2314 1341 2362 post
1378 2309 1813 2350 Pentecosten.

1425 2373 1589 2415 Oratio.

1173 2431 1424 2481 mnipotens
1449 2434 1493 2470 et
1515 2427 1767 2468 misericors
1786 2426 1919 2475 Deus,

1184 2486 1388 2527 universa
1398 2484 1526 2526 nobis
1537 2483 1817 2525 adversantia
1828 2495 1920 2534 pro-

1086 2543 1268 2595 pitiatus
1288 2539 1490 2582 exclude:
1519 2545 1567 2581 ut
1589 2544 1738 2580 mente
1762 2544 1807 2580 et
1826 2540 1918 2580 cer·

1087 2611 1196 2650 pore
1211 2597 1377 2650 pariter
1389 2595 1594 2648 expediti,
1612 2608 1710 2647 quae
1721 2601 1796 2637 tua
1807 2599 1919 2644 sunt,

1087 2654 1236 2695 liberis
1255 2651 1474 2694 mentibus
1494 2654 1801 2703 exsequamur.
1833 2651 1919 2692 Per

1086 2710 1324 2751 Deminum
1344 2713 1554 2749 nostrum.
