2040 2944
771 207 878 241 Feria
906 207 1015 241 tertia
1042 207 1089 240 ad
1115 206 1350 240 Matutinum.

276 308 325 348 In
354 307 449 348 Deo
481 307 751 346 laudabimur
783 309 876 346 tota
905 303 989 345 die:
1016 303 1039 328 *

225 369 268 405 et
294 363 336 404 in
364 363 533 403 numine
561 366 636 403 tuo
668 359 970 402 confitebimur
997 360 1039 400 in

223 419 438 460 saeculum.

274 476 398 516 Nunc
425 480 568 515 autem
595 474 790 526 repulisti
824 478 867 514 et
895 472 1038 514 confu-

224 531 323 573 disti
343 543 436 572 nos:
455 532 478 555 *
498 535 541 571 et
561 542 647 571 non
666 529 901 580 egredieris
920 529 1039 569 Deus

222 588 264 628 in
292 586 520 628 virtutibus
545 586 715 628 nostris.

273 643 480 684 Avertisti
495 655 575 683 nos
593 644 831 684 retrorsum
846 646 948 694 post
964 641 1038 681 ini·

220 702 355 741 micos
390 705 579 740 nostros:
613 699 636 724 *
671 704 714 740 et
747 698 820 750 qui
854 697 1039 739 oderunt

220 769 310 805 nos,
338 755 598 808 diripiebant
626 755 718 796 sibi.

271 812 441 854 Dedisti
463 825 542 853 nos
556 818 776 864 tamquam
798 823 903 852 oves
923 812 1038 851 esca-

221 870 409 910 rum:*et
423 868 684 910 inGentibus
695 867 937 920 dispersisti
947 880 1038 908 nos.

272 924 518 968 Vendidisti
551 924 760 978 populum
794 930 914 966 tuum
947 924 1038 964 sine

221 983 379 1034 pretio:
402 983 425 1007 *
447 987 490 1023 et
516 994 603 1022 non
631 982 710 1022 fuit
735 980 967 1022 multitudo
996 980 1038 1020 in

222 1037 628 1080 commutatiOnibus
656 1039 817 1079 eorum.

272 1094 458 1136 Posuisti
476 1107 557 1135 nos
582 1093 867 1146 opprobrium
888 1094 1038 1135 vicinis

220 1152 390 1199 nostris,
409 1152 432 1176 *
452 1150 832 1192 subsannationem
857 1155 900 1192 et
930 1150 1038 1191 deri·

219 1221 314 1249 sum
329 1207 405 1257 his,
423 1207 495 1259 qui
510 1212 609 1248 sunt
624 1208 666 1247 in
682 1207 862 1248 circuitu
877 1212 1038 1248 nostro.

269 1264 458 1305 Posuisti
504 1276 584 1305 nos
628 1264 671 1304 in
716 1263 1038 1305 similitudinem

220 1320 446 1362 Gentibus:
472 1321 495 1345 ¹⁸¹
521 1320 857 1362 commotionem
883 1320 1037 1372 capitis

219 1377 261 1417 in
279 1377 463 1429 populis.

269 1433 383 1474 Tota
416 1432 486 1474 die
519 1431 781 1474 verecundia
814 1446 910 1474 mea
938 1446 1036 1475 con-

218 1495 285 1531 tra
298 1502 368 1530 me
384 1494 460 1538 est,
475 1490 498 1514 *
516 1494 559 1530 et
574 1489 771 1530 confusio
788 1489 912 1531 faciei
926 1503 1036 1531 meae

219 1546 446 1598 cooperuit
473 1558 554 1587 me.

269 1603 309 1642 A
342 1615 449 1643 voce
482 1602 801 1655 exprobrantiS,
837 1607 880 1644 et
917 1601 1035 1643 oblo-

219 1659 402 1710 quentis:
421 1659 444 1684 *
462 1672 487 1699 a
509 1659 618 1700 facie
642 1659 802 1701 inimici
826 1664 869 1700 et
891 1671 1035 1711 perse-

219 1715 398 1767 quentis.

268 1772 377 1813 Haec
402 1772 544 1813 omnia
563 1774 773 1814 venerunt
791 1785 922 1825 super
944 1785 1035 1822 nos,

217 1840 297 1869 nec
333 1827 455 1870 obliti
491 1841 637 1870 sumus
673 1834 732 1870 te:
759 1830 782 1855 *
816 1834 859 1870 et
890 1829 1036 1881 inique

218 1896 303 1924 non
332 1885 495 1934 egimus
522 1885 564 1925 in
592 1887 852 1927 testamento
879 1890 967 1927 tuo.

270 1941 324 1982 Et
358 1954 445 1982 non
482 1942 660 1983 recessit
696 1947 814 1983 retro
854 1955 929 1983 cor
962 1955 1035 1982 no-

218 2002 370 2038 strum:
388 1998 411 2022 *
436 2002 479 2039 et
506 1997 732 2040 declinasti
760 1998 935 2040 semitas
962 2011 1035 2040 no-

218 2058 329 2095 stras
356 2067 381 2094 a
409 2054 477 2094 via
504 2059 591 2095 tua:

269 2109 482 2159 Quoniam
509 2110 743 2152 humiliasti
762 2124 842 2152 nos
870 2111 912 2152 in
937 2111 1035 2153 loco

218 2166 473 2215 afflictionis,
487 2167 510 2192 *
527 2172 571 2209 et
590 2168 816 2220 cooperuit
840 2181 920 2210 nos
947 2182 1036 2210 um·

218 2221 295 2263 bra
323 2223 485 2264 mortis.

269 2279 312 2320 Si
340 2278 462 2321 obliti
489 2293 636 2322 sumus
668 2293 825 2322 nomen
853 2281 937 2322 Dei
963 2294 1036 2322 no-

219 2335 306 2383 stri,
321 2337 344 2363 *
364 2341 407 2377 et
427 2336 463 2376 si
488 2337 773 2389 expandimus
792 2351 944 2379 manus
963 2351 1036 2380 no·

218 2396 330 2432 stras
356 2391 570 2434 ad—deum
598 2393 798 2435 alienum:

268 2447 423 2490 Nonne
438 2449 558 2491 Deus
572 2452 763 2502 requiret
780 2449 884 2493 ista?
905 2451 927 2476 *
942 2451 1037 2504 ipse

220 2504 331 2545 enim
359 2505 479 2547 novit
507 2505 762 2548 abscondita
790 2507 947 2549 cordis.

270 2561 483 2611 Quoniam
515 2568 697 2615 propter
727 2568 772 2605 te
806 2564 1036 2605 mortifica-

218 2629 314 2658 mur
352 2622 446 2658 tota
479 2617 565 2659 die:
598 2620 622 2643 *
656 2620 857 2662 aestimati
890 2633 1037 2662 sumus

219 2673 330 2714 sicut
357 2686 462 2715 oves
493 2674 731 2716 occisionis.

270 2729 487 2780 Exsurge,
525 2743 658 2783 quare
691 2731 915 2774 obdormis
950 2732 1037 2774 Do·

1091 300 1230 342 mine?
1249 301 1272 326 *
1297 302 1494 350 exsurge,
1519 303 1562 340 et
1586 310 1642 339 ne
1666 297 1851 350 repellas
1871 297 1914 337 in

1092 358 1232 398 finem.

1144 415 1287 464 Quare
1310 412 1465 454 faciem
1481 416 1601 453 tuam
1620 410 1791 460 avertis,
1806 410 1829 436 *
1840 409 1914 451 ob-

1092 470 1301 511 livisceris
1329 469 1488 521 inopiae
1512 472 1688 517 nostrae,
1716 472 1760 508 et
1781 466 1914 508 tribu-

1091 527 1263 569 latic'mis
1291 524 1476 567 nostrae?

1143 583 1357 633 Quoniam
1389 580 1613 622 humiliata
1647 585 1713 622 est
1745 579 1789 620 in
1822 579 1914 633 pul-

1092 653 1194 681 vere
1213 639 1355 680 anima
1374 643 1539 680 nostra:
1552 638 1575 663 *
1594 636 1915 687 conglutinatus

1092 702 1158 738 est
1185 697 1229 736 in
1255 701 1372 737 terra
1400 700 1552 737 venter
1579 699 1739 736 noster.

1143 753 1341 803 Exsurge
1368 751 1567 801 Demine,
1596 750 1752 803 adjuva
1778 761 1874 791 nos:
1892 749 1916 775 *

1092 814 1135 851 et
1145 808 1310 851 redime
1324 821 1405 850 nos
1420 813 1604 861 propter
1614 819 1773 849 nomen
1782 811 1915 848 tuum.

1353 862 1551 903 Psalmus
1580 863 1646 902 44.

1087 913 1165 1018 Ε
1177 921 1365 963 ructavit
1384 934 1461 962 cor
1478 919 1624 962 r'neum
1641 919 1824 962 verbum
1840 919 1915 961 bo-

1203 992 1322 1019 num:
1332 978 1355 1003 *
1366 977 1465 1019 dico
1476 990 1557 1028 ego
1566 979 1702 1030 opera
1708 989 1806 1018 mea
1813 976 1916 1027 regi.

1143 1036 1310 1086 Lingua
1341 1047 1438 1076 mea
1466 1034 1658 1076 calamus
1687 1033 1859 1083 scribae,
1892 1034 1915 1058 *

1091 1091 1300 1134 velociter
1328 1091 1569 1133 scribentis.

1142 1149 1376 1201 Speciosus
1410 1147 1550 1189 forma
1582 1159 1676 1200 prae
1707 1146 1807 1188 filiis
1839 1145 1915 1188 ho-

1090 1206 1263 1255 minum,
1293 1204 1450 1246 diffusa
1478 1209 1544 1246 est
1563 1203 1704 1254 gratia
1722 1203 1766 1244 in
1789 1202 1916 1245 labiis

1090 1262 1190 1304 tuis:
1205 1263 1228 1287 *
1238 1263 1476 1315 propterea
1495 1260 1720 1303 benedixit
1736 1265 1780 1302 te
1795 1260 1916 1302 Deus

1090 1319 1133 1360 in
1162 1321 1383 1361 aeternum.

1142 1376 1385 1426 Accingere
1412 1373 1559 1425 gladio
1593 1378 1669 1416 tuo
1698 1386 1830 1427 super
1857 1372 1915 1416 fe-

1089 1446 1186 1474 mur
1213 1438 1347 1482 tuum,
1374 1431 1398 1457 *
1426 1430 1738 1484 potentissime,

1141 1489 1295 1543 Specie
1323 1493 1398 1530 tua
1421 1493 1465 1530 et
1491 1485 1814 1541 pulchritudine
1841 1491 1917 1529 tua

1089 1546 1112 1572 *
1149 1545 1341 1594 intende,
1376 1546 1590 1598 prospere
1626 1543 1835 1597 procede,
1873 1548 1917 1586 et

1089 1616 1233 1654 regna.

1139 1660 1328 1712 Propter
1347 1658 1588 1708 veritatem,
1609 1663 1652 1700 et
1669 1660 1915 1699 mansuetu-

1090 1715 1245 1766 dinem,
1275 1721 1318 1758 et
1346 1715 1566 1767 justitiam:
1598 1715 1622 1740 *
1655 1719 1699 1756 et
1726 1713 1916 1757 deducet

1090 1778 1133 1815 te
1160 1771 1415 1814 mirabiliter
1443 1771 1624 1814 dextera
1651 1776 1736 1814 tua.

1140 1830 1319 1880 Sagittae
1337 1833 1426 1871 tuae
1441 1830 1593 1878 acutae,
1606 1828 1759 1881 populi
1774 1827 1855 1870 sub
1870 1832 1915 1870 te

1089 1885 1256 1935 cadent,
1272 1886 1295 1911 *
1306 1886 1349 1926 in
1360 1884 1495 1927 corda
1507 1885 1780 1927 inimicorum
1789 1885 1915 1936 regis.

1140 1942 1276 1984 Sedes
1295 1948 1371 1984 tua
1388 1942 1509 1984 Deus
1536 1942 1580 1983 in
1603 1941 1812 1983 saeculum
1836 1943 1914 1983 sae—

1089 1999 1190 2040 culi:
1217 2000 1240 2025 *
1268 1999 1390 2050 virga
1418 1997 1669 2040 directionis
1700 1997 1823 2049 virga
1850 2011 1914 2039 re-

1088 2056 1160 2106 gni
1187 2056 1261 2097 tui.
1385 2066 1389 2068 ’

1140 2112 1341 2154 Dilexisti
1366 2111 1581 2164 justitiam,
1610 2116 1654 2153 et
1681 2110 1813 2153 odisti
1838 2111 1913 2152 ini-

1091 2169 1315 2221 quitatem:
1325 2169 1348 2194 *
1359 2169 1595 2221 propterea
1607 2168 1730 2210 unxit
1738 2172 1783 2210 te
1792 2167 1914 2210 Deus

1089 2225 1208 2267 Deus
1235 2231 1335 2267 tuus
1370 2225 1468 2267 oleo
1496 2225 1660 2267 laetitiae
1692 2234 1786 2277 prae
1813 2237 1912 2266 con-

1089 2281 1279 2323 sortibus
1306 2282 1402 2324 tuis.

1141 2338 1327 2391 Myrrha,
1356 2344 1400 2381 et
1426 2343 1559 2389 gutta,
1588 2343 1632 2380 et
1659 2337 1776 2379 cusia
1799 2349 1824 2378 a
1842 2349 1913 2378 ve-

1089 2395 1301 2437 stimentis
1320 2396 1416 2445 tuis,
1434 2408 1460 2436 a
1475 2394 1676 2437 dumibus
1697 2393 1914 2436 eburneis:

1088 2452 1111 2477 *
1130 2465 1183 2493 ex
1213 2452 1368 2504 quibus
1389 2452 1716 2494 delectaverunt
1739 2455 1784 2493 te
1810 2450 1913 2492 filiae

1089 2521 1239 2559 regum
1267 2509 1309 2550 in
1338 2509 1505 2551 honore
1532 2514 1620 2552 tuo.

1141 2565 1292 2608 Astitit
1323 2568 1473 2617 regina
1506 2579 1532 2607 a
1559 2565 1723 2613 dextris
1757 2564 1842 2606 tuis
1870 2563 1913 2606 in

1090 2625 1248 2664 vestitu
1268 2622 1493 2664 deaurato:
1511 2624 1535 2649 *
1555 2621 1823 2664 circumdata
1843 2635 1912 2663 va-

1089 2678 1254 2720 rietate.
1644 2715 1647 2717 .

1140 2734 1258 2776 Audi
1279 2735 1378 2785 filia,
1401 2740 1445 2778 et
1463 2735 1574 2786 vide,
1594 2741 1639 2778 et
1661 2735 1819 2778 inclina
1842 2748 1912 2777 au-
