2040 2944
144 152 210 187 256
534 153 604 186 Die
629 151 679 185 31.
707 150 805 192 Aug.

145 262 241 290 mus
260 249 508 289 sanctarum
521 245 753 297 Virginum
768 245 970 296 catalogo

146 306 231 348 ritu
250 303 432 346 solemni
451 301 694 355 adscripsit.

198 368 246 418 R.
264 360 514 402 Aflerentur
534 359 657 410 Regi.
675 359 752 412 [91]

196 429 236 462 In
260 427 323 461 111.
346 426 543 460 Nocturno
570 424 740 458 Homilia
764 424 803 457 in
823 422 969 464 Evang.

144 473 272 512 Simile
289 473 369 509 erit.
390 474 436 508 de
455 474 598 508 Comm.
614 473 717 515 Virg.
740 472 766 506 l.
784 472 881 505 loco.
901 470 971 515 [93]

210 537 282 571 Pro
308 535 364 571 Ss.
390 535 475 570 Mm.
502 535 629 569 Felice
655 537 691 568 et
715 532 904 567 Adaucto.

444 592 595 633 Lectio
616 590 669 631 ix,

145 647 329 753 .elix,
348 645 628 687 Diocletiano
649 649 694 687 et
708 643 972 685 Maximiano

249 701 599 756 imperatoribus,
622 705 805 754 propter
829 701 973 741 susce-

143 767 267 814 ptam
296 758 455 801 Christi
486 757 743 809 religionem
776 768 973 809 compre-

145 819 317 866 hensus,
346 817 389 857 in
414 814 638 867 Serapidis
663 813 877 866 templum
902 813 973 855 ad-

146 874 304 917 ductus
341 878 418 915 est.
478 871 558 914 Cui
593 870 840 912 sacrificare
876 882 976 912 cum

145 930 380 983 juberetur,
418 940 469 970 os
503 926 726 968 simulacri
761 926 976 979 conspuit.

146 989 244 1038 Quo
262 987 390 1035 facto,
415 983 563 1026 statim
584 985 700 1024 aerea
719 985 864 1025 statua
884 984 976 1025 cor-

146 1043 242 1085 ruit.
271 1041 402 1092 Quod
421 1053 520 1083 cum
538 1042 696 1081 iterum
715 1051 767 1081 ac
783 1039 915 1081 tertio
933 1039 978 1080 in

147 1099 244 1142 aede
284 1097 491 1141 Mercurii
531 1096 775 1148 Dianaeque
814 1096 978 1138 factum

148 1162 281 1206 esset,
313 1153 552 1207 impietatis
587 1157 630 1194 et
657 1152 840 1203 magicae
873 1153 978 1194 artis

149 1214 390 1261 accusatus,
406 1210 594 1263 equuleo
609 1211 851 1261 torquetur.
873 1210 979 1252 Mox

149 1269 205 1311 ad
226 1267 467 1311 secundum
486 1266 542 1308 ab
557 1265 677 1308 Urbe
695 1265 891 1318 lapidem
910 1266 980 1307 via

150 1325 343 1368 Ostiensi
372 1324 562 1373 ducitur,
589 1328 637 1365 ut
664 1322 807 1364 securi
834 1323 979 1364 ferire-

148 1389 230 1425 tur.
259 1382 338 1423 Cui
355 1382 467 1423 inter
481 1380 597 1422 viam
611 1379 786 1422 oblatus
802 1379 982 1432 quidam

151 1439 439 1488 Christianus,
485 1450 584 1479 cum
620 1436 812 1479 Felicem
849 1439 979 1488 agno-

150 1510 278 1539 scens
306 1495 363 1537 ad
390 1494 646 1547 martyrium
674 1493 775 1535 duci
799 1493 981 1544 videret,

150 1554 246 1605 Ego
268 1564 456 1605 quoque,
476 1551 593 1594 clara
611 1563 722 1593 voce
740 1551 892 1603 inquit,
912 1553 980 1593 ea-

151 1610 262 1661 dem,
288 1622 374 1662 qua
391 1609 486 1659 iste,
503 1608 602 1660 lege
620 1609 739 1651 vivo:
761 1620 845 1659 ego
864 1611 980 1650 eum-

151 1667 252 1709 dem
270 1667 295 1708 J
298 1679 421 1708 esum
441 1665 665 1708 Christum
685 1665 794 1707 colo.
825 1665 982 1717 Itaque

150 1724 342 1766 Felicem
367 1722 606 1772 osculatus,
633 1735 732 1764 cum
759 1734 812 1764 eo
838 1722 982 1763 securi

151 1780 404 1834 percutitur,
413 1780 544 1822 tertio
553 1776 780 1821 Kalendas
788 1779 982 1832 Septem·
1045 1812 1048 1816 <
1080 1774 1151 1819 *x

152 1837 252 1879 bris.
298 1837 429 1888 Cujus
461 1849 621 1878 nomen
654 1848 753 1877 cum
784 1836 983 1887 ignotum

150 1899 272 1935 esset
306 1893 581 1943 ChristianiS,
616 1893 654 1934 is
681 1891 875 1935 Adaucti
906 1893 982 1933 no-

153 1950 268 1992 mine
293 1949 550 1991 nobilitatus
576 1954 653 2000 est,
682 1949 803 2002 quod
830 1953 982 1991 sancto

154 2007 337 2059 Martyri
354 2006 493 2048 -Felici
519 2005 734 2049 adauctus
754 2006 811 2048 sit
834 2005 891 2048 ad
914 2017 983 2047 co-

154 2076 314 2105 ronam.

209 2121 269 2162 Te
288 2120 431 2162 Deum
449 2118 688 2162 laudamus.
708 2121 766 2161 14.

209 2186 252 2219 In
280 2186 399 2220 Laud.
423 2186 463 2220 fit
487 2195 683 2220 commem.
707 2185 764 2220 Ss.
788 2185 875 2219 Mm.

214 2238 312 2278 Ant.
331 2237 476 2279 Vestri
496 2237 642 2290 capilli
658 2238 815 2290 capitis
831 2249 984 2280 omnes

157 2293 374 2336 numerati
392 2299 506 2335 sunt:
530 2294 667 2336 nolite
686 2294 854 2337 timere:
879 2293 985 2336 mul-

158 2350 214 2392 tis
232 2350 485 2402 passeribus
504 2351 708 2393 meliores
729 2351 834 2394 estis
851 2363 945 2393 vos.

212 2406 263 2457 V.
284 2410 579 2453 Exsultabunt
605 2412 744 2454 sancti
766 2412 811 2452 in
836 2411 986 2463 gloria.

161 2468 212 2519 R.
227 2466 516 2509 Laetabuntur
533 2468 578 2509 in
596 2468 813 2510 cubilibus
833 2468 934 2509 suis.

214 2527 378 2569 Oratio.
406 2527 677 2580 Maiestatem
695 2534 826 2571 tuam.
849 2529 944 2570 255.

90 2634 94 2638 ,
212 2593 399 2636 Vesperae
423 2603 445 2627 a
469 2592 591 2637 Capit.
617 2594 664 2628 de
690 2592 877 2638 sequenti,
902 2602 987 2627 cum

162 2651 358 2676 commem.
385 2642 549 2684 praeced.

852 149 886 184 S.
912 148 1133 193 Raymundi
1156 147 1328 182 Nonnati
1353 147 1460 182 Conf.

1241 242 1326 284 Die
1353 243 1413 283 31.
1439 241 1639 293 Augusti.

1058 307 1101 349 S.
1130 306 1420 399 Rammgi
1447 305 1669 399 Jonnati
1698 307 1819 348 Conf.
1844 322 1847 323 ⁷

1395 376 1445 409 up
1464 375 1522 400 ex.

1077 418 1215 453 Omnia
1247 418 1293 453 dc
1326 418 1470 453 Comm.
1501 418 1610 453 Conf.
1642 411 1853 452 non'Pont.

1025 464 1094 509 [67]
1118 471 1259 510 praeter
1283 477 1389 510 sequ.
1413 464 1473 506 (m.
1490 466 1514 498 t.
1531 463 1580 506 v.)

1354 519 1518 559 Oratio.

1114 585 1204 623 eus,
1229 573 1304 625 qui
1327 572 1371 614 in
1394 570 1634 614 liberandis
1653 569 1857 613 fidelibus

1137 629 1224 672 tuis
1254 629 1309 671 ab
1338 629 1573 681 impiorum
1602 628 1857 681 captivitate

1025 687 1204 730 beatum
1218 685 1531 738 Raymundum
1547 685 1858 727 Confessorem

1026 750 1151 787 tuum
1173 742 1420 785 mirabilem
1446 741 1645 784 effecisti:
1672 742 1762 793 ejus
1785 753 1858 782 no-

1026 801 1095 844 bis
1130 799 1447 842 intercessione
1494 797 1706 848 concede3
1750 803 1799 843 ut
1835 810 1861 839 a

1027 858 1314 911 peccatorum
1331 854 1517 897 vinculis
1536 854 1740 906 absoluti,
1761 867 1860 907 quae

1027 913 1107 957 tibi
1133 918 1235 955 sunt
1259 912 1437 966 placita,
1464 911 1615 954 liberis
1642 911 1861 954 mentibus

1028 971 1333 1023 exsequamur.
1360 969 1446 1012 Per
1464 968 1713 1011 Dominum.

1081 1036 1129 1070 Et
1144 1035 1184 1070 fit
1200 1043 1398 1069 commem.
1412 1032 1579 1088 praeced.

1086 1089 1186 1129 Ant.
1205 1086 1315 1128 Veni
1335 1098 1500 1139 sponsa
1517 1085 1689 1137 Christi,
1709 1085 1862 1139 accipe

1028 1147 1251 1193 coronam,
1272 1156 1404 1196 quam
1421 1141 1502 1184 tibi
1516 1142 1732 1184 Dominus
1751 1155 1863 1196 prae-

1027 1201 1202 1255 paravit
1220 1201 1264 1241 in
1284 1201 1508 1241 aeternum.

1083 1255 1135 1308 V.
1174 1255 1346 1299 Diffusa
1387 1260 1454 1297 est
1486 1255 1629 1307 gratia
1659 1255 1703 1296 in
1735 1254 1864 1296 lebiis

1028 1315 1126 1356 tuis.
1184 1318 1236 1370 R.
1268 1314 1512 1366 Propterea
1556 1311 1784 1354 benedixit
1819 1315 1864 1354 te

1032 1372 1154 1414 Deus
1172 1371 1217 1412 in
1236 1371 1460 1413 aeternum.

1086 1430 1251 1472 Oratio.
1280 1428 1508 1470 Bonorum
1525 1420 1712 1468 tuofum.
1730 1425 1826 1466 254.

1085 1492 1129 1527 In
1158 1492 1185 1527 1.
1214 1491 1417 1526 Nocturno
1453 1488 1660 1524 Lectiones
1690 1487 1738 1523 de
1767 1487 1867 1523 Scri·

1034 1545 1148 1585 ptura
1172 1543 1407 1575 occurrente.

1269 1597 1319 1636 In
1337 1596 1387 1635 ΙΙ.
1407 1594 1633 1644 Nocturno.

1337 1655 1492 1698 Lectio
1512 1655 1567 1695 iv,

1044 1727 1054 1754 ε’
1078 1712 1422 1771 raymundus,
1447 1712 1679 1754 Nonnatus
1707 1723 1868 1764 cogno-

1080 1823 1086 1827 >
1132 1764 1160 1812 ‘⁸2
1181 1773 1331 1812 mento
1368 1769 1529 1820 dictus,
1567 1770 1669 1822 quia
1704 1773 1869 1822 praeter

1044 1816 1160 1853 Q*
1183 1828 1461 1870 communem
1483 1829 1653 1869 naturae
1676 1825 1820 1877 legem
1844 1838 1868 1867 e

1034 1888 1223 1928 mortuae
1255 1884 1408 1927 matris
1438 1883 1631 1926 dissecto
1658 1882 1798 1924 latere
1824 1882 1869 1923 in

1035 1943 1179 1985 lucem
1202 1941 1389 1984 eductus
1411 1941 1505 1990 fuit,
1523 1939 1706 1982 Portelli
1725 1939 1770 1980 in
1791 1938 1869 1980 Ca-

1035 1999 1229 2042 talaunia
1255 1998 1340 2051 piis
1366 2002 1411 2040 et
1434 1996 1656 2039 nobilibus
1680 1995 1869 2049 parenti-

1035 2057 1118 2100 bus
1144 2061 1280 2106 ortus,
1306 2054 1361 2097 ab
1385 2054 1483 2107 ipsa
1507 2053 1687 2096 infantia
1709 2053 1870 2094 futurae

1036 2112 1283 2155 sanctitetis
1299 2111 1460 2153 indicia
1475 2109 1609 2153 dedit.
1635 2109 1752 2151 Nam
1766 2121 1870 2162 pue-

1037 2169 1134 2211 rilia
1157 2168 1492 2218 oblectamenta,
1517 2165 1758 2218 mundique
1781 2165 1870 2207 ille-

1038 2225 1192 2268 cebras
1203 2227 1427 2278 respuens,
1442 2224 1504 2266 ita
1517 2222 1674 2276 pietati
1689 2224 1871 2275 operam

1038 2282 1184 2332 dabat,
1207 2287 1256 2324 ut
1279 2293 1431 2323 omnes
1452 2280 1496 2322 in
1514 2283 1655 2333 puero
1675 2277 1871 2320 adultam

1038 2340 1247 2382 virtutem
1270 2337 1602 2380 admirarentur.
1635 2335 1882 2377 Crescente.

1021 2409 1144 2439 -vero
1173 2397 1322 2445 aetate,
1349 2394 1596 2437 litterarum
1625 2391 1784 2434 studiis
1811 2391 1871 2433 in-

1039 2452 1204 2496 cubuit:
1229 2451 1310 2494 sed
1334 2463 1439 2493 mox
1463 2449 1638 2503 jubente
1662 2454 1788 2502 patre
1811 2449 1872 2490 vi-

1039 2515 1130 2553 tam
1148 2509 1239 2551 ruri
1255 2520 1402 2560 agens,
1421 2506 1630 2549 sacellum
1645 2505 1785 2548 sancti
1797 2505 1840 2547 N
1841 2505 1871 2546 i-

1040 2567 1155 2610 colai
1177 2566 1221 2608 in
1239 2564 1423 2608 Portelli
1445 2562 1606 2606 finibus
1630 2563 1762 2605 situm
1782 2575 1872 2604 cre-

1039 2624 1122 2666 bro
1157 2621 1326 2673 adibat,
1373 2626 1422 2663 ut
1459 2633 1629 2662 sacram
1664 2620 1873 2672 Deiparae

1041 2680 1286 2733 imaginem,
1312 2691 1411 2731 quae
1435 2678 1480 2719 in
1504 2689 1558 2719 eo
1578 2689 1748 2719 summa
1767 2674 1872 2719 fide-
