2040 2944
167 149 233 184 :³74

644 148 714 182 Die
742 148 789 181 15.
817 147 1006 181 Octobris,

1055 146 1089 180 S.
1115 146 1286 180 Teresia:
1310 146 1414 188 Virg.

330 247 418 288 Ad
445 246 831 287 matutinum.

229 315 349 355 lnvit.
390 315 553 362 Regem
587 312 815 363 Virginum
848 313 996 354 Domi-

167 384 281 418 num,
307 374 328 395 *
342 369 501 411 Venite
521 368 768 410 adoremus.

228 434 290 471 l's.
319 432 479 479 Venite,
499 430 777 472 exsultemus.
795 431 832 471 2.

484 501 695 551 Hymnus.

316 578 381 606 aec
400 569 468 606 est
486 564 592 615 dies,
613 578 698 618 qua
718 563 919 607 candidae

336 622 478 663 Instar
498 621 728 671 columbae,
749 621 945 663 coelitum

271 678 343 719 Ad
363 691 487 719 sacra
507 678 673 731 templa
692 679 872 731 spiritus

269 735 325 776 Se
344 734 567 776 transtulit
587 735 791 776 Teresiae.

223 808 468 860 Sponsique
488 821 621 849 voces
640 807 791 850 audiit:

273 865 386 906 Veni
407 877 534 906 soror
554 864 610 906 de
629 865 794 906 vertice

272 920 460 962 Carmeli
479 921 537 962 ad
555 921 672 971 Agni
692 921 888 974 nuptias:

270 977 385 1019 Veni
403 976 460 1018 ad
480 979 692 1019 coronam
709 977 873 1028 gloriae.

225 1052 286 1092 Te
306 1063 468 1103 sponse
487 1050 513 1091 J
515 1063 593 1092 esu
611 1050 842 1101 Virginum

270 1107 398 1148 Beati
418 1106 604 1149 adorent
624 1107 812 1157 ordineS,

270 1165 327 1205 Et
346 1163 531 1216 nuptiali
552 1163 724 1205 cantico

270 1219 471 1262 Laudent
488 1233 570 1272 per
590 1233 719 1262 omne
738 1220 959 1262 saeculum.

479 1277 634 1318 Amen.

227 1350 265 1382 ln
297 1349 322 1382 I.
354 1349 551 1383 Nocturno
590 1349 795 1383 Lectiones
829 1349 876 1382 de
905 1348 1002 1383 Scri-

173 1404 283 1441 ptura
310 1402 542 1431 occurrente.

406 1472 454 1510 In
473 1471 523 1509 11.
544 1471 766 1510 Nocturno.

474 1541 509 1581 Ῐ
514 1542 626 1581 ectio
647 1541 699 1581 iv.

185 1622 209 1654 ς
240 1622 272 1664 3
294 1601 433 1643 eresia
462 1602 587 1652 virgo
615 1606 719 1643 nata
748 1607 815 1644 est
841 1602 999 1644 Abulae

172 1650 253 1725 ἐξ
241 1654 284 1720 ,ἐς
309 1659 352 1699 in
372 1658 602 1712 Hispania,
626 1659 881 1711 parentibus
906 1664 1000 1701 tum

170 1722 283 1739 4-4-4-”’
308 1718 487 1766 genere,
512 1721 606 1757 tum
631 1716 798 1768 pietate
817 1716 998 1769 praecla-

169 1772 238 1812 ris.
267 1771 364 1814 Ab
354 1773 406 1813 1is
423 1772 559 1814 divini
573 1772 743 1814 timoris
762 1772 877 1814 lacte
897 1773 999 1814 edu-

169 1830 286 1879 cata,
316 1828 622 1870 admirandum
654 1829 815 1871 iuturae
844 1829 1000 1871 sancti-

168 1884 272 1926 tatis
313 1885 357 1926 in
396 1885 631 1927 tenerrima
678 1885 823 1927 adhuc
869 1888 1000 1928 aetate

169 1941 393 1993 specimen
414 1941 546 1984 dedit.
572 1941 688 1982 Nam
707 1955 807 1983 cum
829 1945 1000 1984 sancto-

169 2010 266 2038 rum
310 1998 553 2048 Martyrum
599 2003 697 2040 acta
741 1999 1000 2051 perlegeret,

170 2053 284 2096 adeo
319 2055 362 2095 in
407 2056 498 2106 ejus
536 2054 825 2097 meditatione
861 2056 1001 2097 sancti

170 2111 359 2163 Spiritus
377 2112 490 2163 ignis
511 2112 688 2162 exarsit,
708 2117 756 2153 ut
776 2111 909 2154 domo
929 2125 1000 2153 au-

171 2167 358 2218 fugiens,
386 2169 430 2209 in
450 2168 646 2210 Africam
663 2170 903 2221 trajiceret,
925 2168 1002 2210 ubi

172 2223 306 2264 vitam
338 2237 421 2277 pro
454 2224 595 2275 gloria
626 2225 731 2266 Jesu
765 2224 928 2267 Christi
959 2230 1002 2267 et

171 2280 412 2322 animarum
441 2281 581 2323 salute
612 2281 911 2335 profunderet.
961 2283 1002 2323 A

171 2338 330 2388 patruo
357 2340 583 2388 revocata,
615 2337 775 2380 ardens
804 2339 1002 2391 martvrii

172 2392 438 2435 desiderium
481 2394 773 2448 eleemosynis
817 2395 1002 2448 aliisque

172 2449 259 2502 piis
275 2450 484 2502 operibus
501 2452 816 2504 compensavit,
831 2451 1003 2504 jugibus

172 2506 364 2548 lacrimis
402 2506 638 2559 deplorans
675 2508 888 2561 optimam
919 2508 1003 2550 sibi

173 2567 340 2605 sortem
359 2563 493 2605 fuisse
514 2567 792 2618 praereptam.
828 2565 1003 2606 Mortua

172 2625 332 2669 matre,
363 2632 463 2661 cum
491 2633 515 2661 a
543 2620 795 2663 beatissima
820 2621 1003 2672 Virgine

172 2678 353 2729 peteret,
367 2681 415 2718 ut
426 2689 473 2718 se
484 2682 668 2718 matrem
679 2691 777 2719 esse
788 2679 1002 2719 monstra-

1050 246 1137 291 ret,
1173 242 1235 295 pii
1269 243 1362 284 voti
1394 254 1579 295 compos
1612 242 1768 284 effecta
1796 248 1879 285 est:

1050 311 1224 351 semper
1243 298 1427 351 perinde
1451 311 1503 340 ac
1522 299 1613 340 filia
1632 299 1879 352 patrocinio

1050 355 1256 408 Deiparae
1272 356 1514 408 perfruens.
1536 356 1810 407 Vigesimum
1825 369 1880 397 ae-

1049 412 1153 454 tatis
1187 425 1347 453 annum
1385 425 1539 463 agenS,
1576 412 1634 454 ad
1666 412 1880 455 moniales

1050 473 1216 510 sanctae
1241 468 1393 509 Mariae
1422 467 1478 510 de
1501 469 1653 510 Monte
1678 469 1880 510 Carmelo

1050 538 1098 566 se
1136 525 1338 567 contulit:
1374 525 1435 566 ibi
1466 538 1546 577 per
1580 524 1881 576 duodeviginti

1051 594 1189 623 annos
1207 582 1478 632 gravissimis
1496 581 1664 623 morbis
1688 586 1733 623 et
1750 582 1882 623 variis

1050 638 1366 680 tentationibus
1402 641 1582 687 vexata,
1623 641 1882 680 constantis—

1051 695 1160 737 sime
1187 695 1346 737 meruit
1373 695 1417 736 in
1445 695 1600 737 castris
1631 694 1882 736 christianae

1050 752 1341 804 poenitentiae,
1374 751 1495 793 nullo
1524 751 1689 794 refecta
1716 751 1882 804 pabulo

1051 808 1299 850 eoelestium
1332 811 1483 851 earum
1517 808 1883 858 consolationum,

1052 864 1212 916 quibus
1231 864 1346 906 solet
1365 864 1497 906 etiam
1515 865 1559 906 in
1578 865 1707 907 terris
1727 865 1882 907 sancti-

1050 926 1119 963 tas
1138 919 1374 963 abundare.

1110 981 1160 1032 Rg.
1187 977 1377 1030 Propter
1408 977 1654 1028 veritatem,
1687 982 1731 1020 et
1763 990 1881 1019 man-

1052 1033 1347 1084 suetudinem,
1375 1038 1420 1076 et
1442 1034 1666 1086 justitiam,
1695 1034 1786 1075 *Et
1810 1032 1883 1076 de-

1054 1090 1187 1132 ducet
1221 1095 1266 1132 te
1297 1090 1555 1132 mirabiliter
1585 1089 1767 1132 dextera
1798 1094 1884 1132 tua.

1059 1149 1109 1195 V.
1125 1147 1280 1199 Specie
1303 1152 1379 1188 tua
1399 1152 1442 1189 et
1460 1145 1786 1199 pulchritudine
1809 1151 1885 1188 tua

1051 1203 1245 1255 intende,
1271 1205 1486 1256 prospere
1511 1202 1722 1256 procede,
1749 1207 1793 1245 et
1819 1215 1884 1245 re-

1051 1273 1146 1311 gna.
1175 1260 1243 1302 Et.

1371 1312 1521 1353 Lectio
1544 1326 1580 1351 v,

1060 1369 1320 1475 Angelicis
1353 1373 1493 1416 ditata
1517 1374 1767 1424 virtutibus,
1794 1387 1883 1416 non

1163 1430 1299 1472 modo
1314 1431 1552 1484 propriam,
1569 1430 1647 1472 sed
1663 1431 1885 1484 publicam

1053 1488 1185 1530 etiam
1204 1488 1393 1529 salutem
1408 1487 1598 1529 sollicita
1613 1488 1795 1530 caritate
1815 1500 1886 1529 cu-

1052 1545 1176 1586 ravit.
1217 1545 1362 1594 Quare
1389 1544 1658 1586 severiorem
1687 1546 1887 1586 veterum

1054 1601 1390 1643 Carmelitarum
1431 1601 1648 1652 regulam,
1690 1601 1790 1643 Deo
1828 1601 1886 1642 af-

1054 1659 1207 1708 flante,
1235 1663 1279 1700 et
1304 1658 1384 1700 Pio
1414 1663 1572 1710 quarto
1599 1657 1887 1711 approbante,

1052 1715 1243 1768 primum
1275 1714 1551 1765 mulieribus,
1589 1713 1749 1757 deinde
1781 1714 1888 1755 viris

1054 1771 1380 1813 observandam
1400 1772 1647 1824 proposuit.
1683 1771 1888 1812 Effloruit

1053 1829 1097 1870 in
1113 1841 1165 1870 eo
1182 1828 1367 1870 consilio
1383 1831 1664 1881 omnipotens
1681 1828 1886 1869 miseren-

1053 1885 1110 1927 tis
1141 1885 1322 1927 Domini
1356 1884 1628 1927 benedictio:
1664 1897 1766 1926 nam
1797 1883 1886 1926 duo

1054 1955 1187 1994 supra
1227 1942 1408 1992 triginta
1450 1941 1718 1984 monasteria
1757 1941 1887 1993 inops

1055 1998 1194 2049 Virgo
1231 1999 1377 2051 potuit
1409 1997 1651 2048 aedificare,
1685 1997 1887 2039 omnibus

1054 2055 1255 2097 humanis
1287 2054 1500 2097 destituta
1537 2054 1730 2105 auxiliis,
1766 2054 1887 2106 quin-

1055 2115 1142 2154 imo
1167 2111 1506 2153 adversantibus
1527 2111 1789 2164 plerumque
1808 2113 1886 2152 sae-

1056 2168 1143 2211 culi
1157 2168 1443 2221 principibus.
1471 2167 1720 2210 Infidelium
1739 2172 1783 2209 et
1801 2167 1887 2208 hae-

1055 2225 1293 2268 reticorum
1318 2225 1525 2267 tenebras
1557 2224 1784 2278 perpetuis
1815 2223 1886 2265 de-

1057 2282 1192 2324 flebat
1219 2281 1430 2331 lacrimis,
1463 2287 1595 2334 atque
1627 2280 1685 2322 ad
1711 2280 1886 2333 placan-

1057 2338 1158 2380 dam
1187 2337 1348 2380 divinae
1377 2337 1556 2380 ultionis
1583 2337 1711 2386 iram,
1738 2336 1887 2378 volun-

1056 2395 1194 2437 tarios
1227 2394 1398 2448 proprii
1434 2393 1634 2446 corporis
1667 2393 1888 2434 cruciatus

1056 2453 1154 2493 Deo
1200 2464 1282 2505 pro
1329 2453 1483 2493 eorum
1524 2449 1664 2492 salute
1702 2449 1889 2491 dicabat.

1057 2509 1203 2550 Tanto
1223 2513 1370 2550 autem
1395 2506 1530 2548 divini
1554 2506 1718 2547 amoris
1743 2507 1887 2548 incen-

1057 2565 1131 2606 dio
1152 2577 1228 2607 cor
1243 2565 1334 2615 ejus
1350 2563 1649 2613 conflagravit,
1668 2568 1716 2604 ut
1729 2563 1887 2604 merito

1056 2621 1216 2663 viderit
1235 2620 1454 2671 Angelum
1477 2620 1613 2670 ignito
1638 2619 1780 2671 jaculo
1805 2619 1887 2666 sibi

1058 2676 1304 2731 praecordia
1349 2676 1799 2727 transverberantem,
1844 2681 1888 2718 et
