2040 2944
812 211 1010 245 Dominicu
1038 210 1084 243 ud
1112 210 1347 243 Matutinum.

291 312 456 354 Inimici
476 310 725 352 defecerunt
745 306 920 347 frameae
944 305 986 344 in
1010 303 1055 343 fi-

240 383 352 410 nem:
377 369 399 393 *
425 373 466 408 et
491 366 687 407 civitates
712 365 864 404 eorum
890 361 1056 402 destru-

240 425 349 466 xisti.

290 480 421 521 Periit
448 476 654 519 memoria
683 477 834 516 eorum
862 486 961 514 cum
990 473 1056 512 so-

240 538 348 577 nitu:
384 537 406 559 *
443 540 485 575 et
515 532 729 573 Dominus
765 531 808 570 in
845 530 1057 570 aeternum

239 594 472 644 permanet.

290 651 462 692 Paravit
478 650 520 690 in
532 648 689 699 judicio
701 647 906 688 thronum
917 658 1057 685 suum:

239 710 261 734 *
286 713 328 748 et
352 707 443 758 ipse
468 704 675 756 judicabit
695 703 846 744 orbem
866 707 995 743 terrae
1014 700 1056 740 in

239 764 462 815 aequitate,
490 760 696 812 judicabit
720 758 907 811 populos
932 758 975 797 in
1000 758 1057 808 ju-

239 820 366 861 stitia.

290 880 344 920 Et
369 879 507 919 factus
528 882 593 918 est
612 876 825 917 Dominus
844 874 1058 923 refugium

240 935 435 987 pauperi:
460 935 482 958 *
508 933 678 983 adjutor
697 933 740 972 in
760 930 1058 983 opportunita-

240 991 366 1039 tibus,
386 991 427 1030 in
447 989 736 1030 tribulatione.

290 1052 346 1092 Et
378 1054 553 1102 sperent
584 1050 626 1089 in
654 1054 697 1090 te
739 1048 811 1100 qui
843 1048 1058 1088 noverunt

241 1119 397 1147 nomen
424 1111 564 1146 tuum:
591 1106 614 1130 *
644 1105 848 1156 quoniam
874 1116 960 1143 non
988 1102 1058 1143 de-

240 1162 449 1214 reliquisti
471 1163 714 1213 quaerentcs
733 1166 776 1201 te
796 1160 994 1200 Domine.

289 1222 465 1263 Psallite
489 1222 695 1270 Domino,
726 1221 797 1272 qui
823 1219 991 1261 habitat
1015 1220 1057 1259 in

239 1279 355 1319 Sion:
370 1280 393 1303 *
409 1278 659 1319 annuntiate
675 1278 785 1318 inter
798 1277 961 1317 Gentes
973 1278 1058 1316 stu-

242 1333 313 1375 dia
332 1335 436 1385 ejus:

293 1395 507 1444 Quoniam
544 1396 767 1445 requirens
805 1393 1059 1442 sanguinem

242 1452 392 1491 eorum
424 1450 679 1491 recordatus
708 1455 787 1490 est:
818 1451 840 1474 *
874 1462 960 1489 non
994 1454 1060 1490 cst

241 1506 401 1546 oblitus
421 1506 656 1547 clamorem
675 1509 926 1557 pauperum.

292 1566 497 1607 Miserere
513 1567 595 1607 mci
612 1567 812 1607 Domine:
828 1567 851 1591 *
871 1565 970 1607 vide
986 1565 1059 1606 hu-

243 1622 466 1663 militatem
487 1635 627 1663 meam
649 1622 702 1663 de
722 1623 905 1663 inimicis
924 1623 1042 1663 meis.

294 1683 374 1731 Qui
396 1683 561 1723 exaltas
581 1696 650 1723 me
670 1682 724 1723 de
743 1683 881 1735 portis
897 1683 1060 1731 mortis,

242 1738 264 1762 *
284 1743 331 1778 ut
349 1739 599 1779 annuntiem
621 1751 772 1779 omncs
788 1739 1060 1780 laudationes

242 1798 339 1834 tuas
358 1794 399 1834 in
420 1795 557 1846 portis
578 1795 677 1835 filiae
697 1795 810 1835 Sion.

294 1854 534 1895 Exsultabo
562 1855 604 1894 in
634 1855 811 1895 salutari
831 1860 922 1896 tuo:
950 1856 972 1881 *
1002 1856 1060 1895 in-

244 1909 342 1949 fixae
362 1916 460 1951 sunt
480 1911 644 1952 Gentes
663 1911 704 1950 in
724 1911 910 1960 interitu,
933 1925 1061 1963 quem

244 1965 448 2006 fecerunt.

295 2026 344 2065 In
366 2025 521 2078 laqueo
541 2027 640 2075 isto,
670 2040 798 2079 quem
823 2027 1062 2068 absconde-

245 2087 359 2129 runt,
386 2083 408 2106 *
437 2083 776 2135 comprehensus
801 2089 867 2125 est
890 2097 968 2136 pes
993 2086 1062 2125 eo-

247 2149 351 2177 rum.

297 2197 594 2247 Cognoscetur
605 2200 818 2240 Dominus
834 2200 989 2251 judicia
1005 2201 1062 2242 fa-

246 2252 378 2293 ciens:
401 2254 423 2278 *
448 2255 490 2294 in
510 2255 714 2307 operibus
738 2258 944 2297 manuum
969 2259 1063 2298 sua-

245 2321 340 2348 rum
359 2310 698 2362 comprehensus
718 2317 783 2352 est
802 2315 1020 2364 peccator.

298 2368 613 2411 Convertantur
646 2374 902 2423 peccatores
932 2373 975 2413 in
1004 2374 1063 2414 in-

245 2423 424 2473 fernum,
444 2427 466 2450 ¹⁸¹
486 2438 636 2467 omnes
656 2428 820 2469 Gentes
842 2442 938 2480 quae
958 2429 1063 2471 obli-

246 2479 468 2521 viscuntur
488 2482 639 2523 Deum.

298 2540 511 2590 Quoniam
544 2556 630 2583 non
662 2544 705 2584 in
738 2545 867 2586 finem
901 2546 1063 2589 oblivio

246 2595 327 2636 erit
359 2598 581 2648 pauperis:
614 2600 636 2623 *
668 2601 875 2651 patientia
903 2606 1063 2655 paupe-

246 2664 341 2691 rum
362 2664 447 2692 non
468 2653 626 2704 peribit
646 2655 687 2695 in
708 2656 849 2698 finem.

297 2713 494 2762 Exsurge
513 2714 715 2764 Domine,
743 2729 829 2757 non
850 2719 1063 2760 conforte-

1108 307 1178 343 tur
1206 302 1355 342 homo:
1378 300 1401 326 *
1425 299 1672 352 iudicentur
1700 298 1868 340 Gentes
1895 298 1940 339 in

1110 359 1352 410 conspectu
1371 361 1459 398 tuo.

1163 419 1391 460 Constitue
1419 416 1609 457 Domine
1641 414 1941 466 legislatorem

1110 488 1241 527 super
1261 487 1352 516 eos:
1375 474 1399 499 *
1419 478 1467 514 ut
1487 473 1628 513 sciant
1647 472 1814 513 Gentes
1835 473 1941 524 quo·

1110 532 1226 572 niam
1245 530 1444 571 homines
1465 533 1576 570 sunt.

1161 592 1221 633 Ut
1237 591 1343 643 quid
1357 590 1546 631 Domine
1563 588 1785 630 recessisti
1798 587 1941 639 longe,

1110 649 1132 673 *
1162 647 1351 700 despicis
1379 647 1423 687 in
1451 643 1870 698 opportunitatibus,
1897 644 1942 685 in

1110 701 1416 745 tribulatione?

1162 765 1279 805 Dum
1295 762 1493 816 superbit
1507 762 1677 814 impius,
1694 760 1943 803 incenditur

1110 833 1300 872 pauper:
1346 821 1369 845 *
1417 817 1853 871 comprehenduntur
1897 817 1943 858 in

1111 876 1304 918 consiliis
1326 875 1483 928 quibus
1503 875 1710 925 cogitant.

1164 938 1381 987 Quoniam
1418 935 1622 977 laudatur
1654 937 1866 988 peccator
1897 935 1942 975 in

1112 993 1340 1035 desideriis
1361 993 1518 1033 animae
1536 1004 1643 1032 suae:
1662 992 1686 1017 *
1706 997 1750 1033 et
1768 992 1944 1044 iniquus

1110 1050 1396 1091 benedicitur.

1164 1110 1458 1151 Exacerbavit
1468 1109 1710 1150 Dominum
1721 1110 1944 1161 peccator,

1111 1167 1134 1192 *
1155 1166 1398 1207 secundum
1414 1165 1742 1207 multitudinem
1755 1165 1834 1206 irae
1852 1177 1944 1207 suae

1113 1236 1200 1263 non
1222 1228 1400 1275 quaeret.

1163 1284 1265 1325 Non
1285 1289 1352 1325 est
1370 1284 1492 1324 Deus
1511 1283 1555 1323 in
1575 1283 1820 1335 conspectu
1837 1283 1944 1335 ejus:

1111 1341 1389 1392 *inquinatae
1406 1344 1507 1380 sunt
1526 1339 1608 1380 viae
1627 1338 1742 1380 illius
1762 1339 1806 1380 in
1825 1339 1946 1381 omni

1112 1398 1326 1449 tempore.

1165 1457 1437 1498 Auferuntur
1469 1455 1628 1508 judicia
1659 1461 1736 1498 tua
1772 1469 1798 1498 a
1833 1456 1945 1498 facie

1113 1515 1221 1565 eius:
1253 1515 1276 1539 *
1310 1513 1506 1554 omnium
1537 1512 1815 1554 inimicorum
1847 1514 1946 1555 suo-

1113 1583 1210 1610 rum
1231 1569 1542 1611 dominabitur.

1164 1631 1286 1672 Dixit
1306 1631 1422 1672 enim
1445 1631 1489 1671 in
1510 1631 1646 1673 corde
1665 1643 1765 1672 suo:
1793 1631 1816 1656 *
1843 1629 1946 1671 Non

1113 1687 1327 1728 movebor
1352 1700 1377 1728 a
1401 1688 1684 1737 generatione
1703 1688 1748 1728 in
1767 1699 1945 1737 genera-

1114 1743 1277 1784 tionem
1298 1744 1390 1784 sine
1409 1744 1537 1786 malo.

1167 1804 1298 1855 Cujus
1334 1804 1645 1846 maledictione
1678 1817 1729 1845 os
1765 1803 1947 1856 plenum

1115 1866 1197 1909 est,
1218 1866 1261 1901 et
1281 1861 1588 1911 amaritudine,
1607 1866 1652 1902 et
1671 1860 1792 1902 dolo:
1814 1860 1838 1886 *
1863 1859 1946 1901 sub

1115 1916 1261 1967 lingua
1281 1918 1370 1969 ejus
1390 1917 1516 1959 labor
1537 1923 1581 1959 et
1601 1916 1740 1959 dolor.

1166 1977 1299 2019 Sedet
1331 1979 1374 2018 in
1407 1978 1575 2020 insidiis
1607 1991 1708 2020 cum
1737 1976 1947 2019 divitibus

1115 2033 1158 2073 in
1191 2035 1395 2084 occultis,
1428 2036 1452 2061 *
1484 2040 1532 2077 ut
1561 2034 1799 2076 interficiat
1825 2033 1947 2075 inno-

1116 2091 1299 2132 centem.

1169 2146 1295 2188 Oculi
1328 2149 1418 2199 ejus
1454 2148 1498 2188 in
1532 2151 1775 2201 pauperem
1811 2149 1947 2199 respi-

1117 2203 1251 2244 ciunt:
1283 2204 1306 2229 *
1338 2204 1568 2246 insidiatur
1600 2205 1645 2245 in
1671 2202 1947 2253 abscondito,

1118 2261 1242 2311 quasi
1259 2260 1329 2302 leo
1350 2261 1393 2301 in
1413 2262 1625 2314 spelunca
1645 2272 1734 2301 sua.

1167 2320 1405 2362 Insidiatur
1425 2327 1473 2364 ut
1492 2322 1637 2375 rapiat
1656 2319 1947 2374 pauperem:*

1117 2376 1948 2430 raperepauperem,dumattrahiteum.

1168 2438 1219 2477 In
1238 2437 1398 2490 laqueo
1420 2452 1500 2480 suo
1522 2439 1767 2481 humiliabit
1787 2451 1900 2480 eum:
1923 2439 1947 2464 *

1117 2493 1343 2535 inclinabit
1362 2508 1424 2544 se,
1454 2501 1497 2536 et
1521 2495 1666 2545 cadet,
1690 2509 1790 2537 cum
1811 2495 1948 2537 domi-

1117 2550 1245 2590 natus
1265 2550 1395 2592 fuerit
1413 2555 1670 2604 pauperum.

1169 2610 1290 2652 Dixit
1320 2611 1435 2652 enim
1462 2612 1506 2652 in
1535 2612 1671 2654 corde
1699 2624 1795 2654 suo:
1829 2611 1947 2653 Obli-

1117 2670 1188 2706 tus
1204 2671 1270 2707 est
1285 2667 1418 2716 Deus,
1434 2668 1456 2693 *
1477 2669 1637 2710 avertit
1651 2669 1809 2710 faciem
1824 2681 1948 2709 suam

1118 2735 1172 2763 ne
1191 2722 1340 2765 videat
1359 2723 1403 2763 in
1423 2723 1565 2765 finem.
