2040 2944
635 212 847 246 Commune
873 212 1126 254 plurimorum
1152 212 1372 255 Martyrum.

151 316 319 358 Discite
351 329 377 356 a
407 329 498 366 me,
541 315 643 368 quia
669 315 788 355 mitis
818 327 914 355 sum
942 317 986 354 et

152 372 326 413 humilis
365 371 510 413 corde.
567 371 686 413 Audi
724 375 768 412 et
804 371 985 411 Petrum

152 428 420 481 Apostolum
440 428 765 470 admonentem:
786 426 984 468 Christus

151 497 310 537 passus
339 490 406 526 est
437 498 518 537 pro
548 485 694 534 nobis,
734 483 985 534 relinquens

151 540 279 582 nobis
300 541 564 594 exemplum,
592 546 641 583 ut
659 542 896 593 sequamur
915 551 984 580 ve-

153 598 281 648 stigia
302 598 403 649 ejus.

202 663 253 714 R.
283 662 532 715 Tamquam
556 675 710 703 aurum
734 661 778 701 in
807 661 985 702 fornace

152 718 358 770 probavit
374 718 539 760 electos
554 718 780 767 Dominus,
802 722 845 759 et
861 717 986 768 quasi

153 774 399 816 holocausti
414 774 603 817 hostiam
619 774 790 826 accepit
807 773 922 814 illos:
942 778 986 814 et

152 830 196 870 in
219 833 420 883 tempore
440 831 522 873 erit
546 832 775 883 respectus
795 829 984 870 illorum:

150 886 172 909 *
201 887 416 937 Quoniam
440 887 605 928 donum
630 891 673 928 et
695 900 784 939 pax
811 891 878 927 est
903 886 985 927 ele-

153 943 235 983 ctis
250 943 345 984 Dei.
363 939 413 989 V.
440 944 524 994 Qui
543 943 771 985 confidunt
789 943 833 983 in
852 942 985 992 illum,

151 999 392 1050 intelligent
417 1001 663 1050 veritatem,
693 1004 736 1041 et
762 998 916 1040 fideles
942 999 985 1039 in

151 1054 385 1096 dilectione
423 1056 705 1108 acquiescent
741 1055 813 1095 illi.
870 1056 985 1105 Quo-

151 1111 278 1152 niam.
316 1111 470 1154 Gloria
496 1113 627 1154 Patri.
665 1112 893 1162 Quoniam.

363 1189 413 1228 In
440 1189 511 1228 III.
538 1190 763 1230 Nocturno.

206 1257 305 1297 Ant.
326 1256 436 1297 Justi
456 1259 604 1296 autem
619 1256 701 1296 *in
720 1257 984 1308 perpetuum

150 1312 308 1362 vivent,
329 1317 374 1354 et
392 1311 511 1365 apud
530 1312 768 1353 Dominum
789 1317 856 1354 est
874 1326 983 1354 mer-

150 1380 224 1409 ces
244 1371 408 1410 eorum.

412 1427 622 1468 ‘Psalmus
643 1429 706 1468 32.

155 1507 164 1548 ζ
190 1497 459 1554 ςχΧειιΙῒέῑῒθ
495 1497 596 1549 justi
631 1497 675 1537 in
713 1497 924 1538 Domino:
960 1498 984 1522 *

154 1561 165 1613 33}
189 1555 261 1611 ,ζμ
293 1559 440 1595 rectos
470 1553 599 1595 decet
627 1553 905 1595 collaudatio.

154 1608 261 1641 *L*-
322 1609 600 1651 Confitemini
626 1609 817 1651 Domino
851 1610 895 1649 in
928 1611 983 1650 ci-

148 1666 291 1708 thara:
314 1666 338 1692 *
364 1666 409 1706 in
435 1665 646 1718 psalterio
676 1665 831 1707 decem
859 1665 982 1706 chor-

151 1721 308 1764 darum
334 1721 509 1774 psallite
536 1721 609 1762 illi.

205 1779 388 1820 Cantate
426 1778 466 1819 ei
500 1778 718 1819 canticum
753 1790 932 1819 novum:
960 1778 983 1803 *

150 1834 264 1876 bene
282 1834 457 1887 psallite
477 1834 517 1875 ei
534 1834 579 1874 in
597 1834 922 1875 vociferatione.

205 1891 316 1941 Quia
331 1895 501 1932 rectum
516 1895 583 1931 est
597 1890 781 1931 verbum
795 1890 983 1939 Domini,

151 1947 175 1973 *
196 1952 240 1988 et
260 1947 405 1988 omnia
425 1949 561 1999 opera
582 1947 671 1998 ejus
691 1946 736 1987 in
755 1945 854 1987 fide.

202 2002 356 2054 Diligit
399 2002 747 2044 misericordiam
794 2007 838 2043 et
878 2002 983 2054 judi-

152 2059 285 2101 cium:
304 2060 328 2086 *
346 2058 647 2100 misericordia
660 2058 838 2100 Domini
853 2057 984 2110 plena

154 2120 220 2156 est
239 2120 367 2156 terra.

204 2171 357 2213 Verbo
376 2171 554 2212 Domini
574 2171 676 2212 coeli
692 2171 854 2212 firmati
868 2176 983 2212 sunt:

152 2227 176 2253 *
204 2232 248 2268 et
275 2228 431 2280 spiritu
460 2227 548 2268 oris
573 2228 663 2279 ejus
686 2227 826 2268 omnis
845 2228 983 2269 virtus

153 2285 316 2325 eorum.
766 2286 769 2289 ⁴

207 2340 488 2390 Congregans
517 2340 629 2381 sicut
654 2340 699 2380 in
726 2344 823 2381 utre
847 2353 983 2392 aquas

152 2396 303 2436 maris:
322 2396 346 2422 *
364 2409 534 2448 ponens
558 2396 602 2436 in
622 2395 838 2437 thesauris
859 2396 983 2448 abvs-

155 2463 239 2491 sos.
851 2456 853 2462 ⁴

205 2507 378 2549 Timeat
391 2508 629 2549 Dominum
646 2508 786 2549 omnis
806 2512 941 2549 terra:
961 2508 983 2533 *

154 2562 209 2604 ab
226 2575 279 2603 eo
295 2568 442 2604 autem
457 2566 816 2605 commoveantur
832 2576 983 2605 omnes

153 2617 445 2661 inhabitantes
466 2620 630 2661 orbem.

208 2674 423 2723 Quoniam
437 2676 532 2727 ipse
548 2676 667 2726 dixit,
685 2681 728 2717 et
738 2676 854 2717 facta
870 2680 984 2717 sunt:

154 2730 177 2754 *
195 2730 290 2781 ipse
309 2730 543 2781 mandavit,
564 2736 608 2773 et
627 2734 775 2773 creata
795 2737 906 2773 sunt.
961 2779 963 2782 .

1089 313 1304 355 Dominus
1333 313 1519 366 dissipat
1549 313 1729 354 consilia
1758 313 1870 354 Gen-

1037 370 1160 411 tium:
1171 370 1194 394 *
1205 370 1415 422 reprobat
1426 375 1572 411 autem
1581 369 1870 420 cogitationes

1037 426 1322 478 populorum,
1364 431 1408 468 et
1444 426 1654 479 roprobat
1691 425 1872 467 consilia
1916 435 1918 437 ·

1037 483 1295 535 principum.

1093 538 1331 580 Consilium
1343 543 1488 580 autem
1498 539 1676 580 Domini
1690 539 1732 579 in
1747 535 1870 580 aete'r-

1038 609 1142 636 num
1169 600 1334 636 manet:
1362 596 1386 621 *
1415 596 1704 646 cogitationes
1725 594 1870 636 cordis

1040 652 1130 703 ejus
1157 652 1201 691 in
1233 652 1515 702 generatione
1550 657 1594 693 et
1630 651 1871 702 generatio-

1038 721 1148 749 nem.

1090 765 1230 805 Beata
1257 777 1380 815 gens,
1410 765 1529 816 cujus
1555 769 1622 805 est
1645 764 1871 814 Dominus,

1038 821 1159 862 Deus
1180 821 1289 872 ejus:
1315 821 1338 846 *
1362 820 1565 873 populus,
1592 833 1722 872 quem
1742 820 1872 871 ele'git

1040 877 1082 917 in
1102 877 1407 918 haereditatem
1428 876 1521 918 sibi.

1091 933 1159 975 De
1180 933 1295 975 coelo
1315 933 1509 986 respexit
1525 933 1760 974 Dominus:
1775 934 1797 959 *
1813 934 1871 975 vi-

1040 990 1103 1031 dit
1123 1003 1275 1031 omnes
1294 989 1408 1030 filios
1429 989 1664 1030 hominum.

1092 1047 1159 1087 De
1187 1048 1439 1098 praeparato
1467 1045 1717 1087 habitaculo
1744 1059 1823 1087 suo
1849 1047 1872 1071 *

1039 1103 1233 1155 respoxit
1249 1115 1381 1155 super
1402 1115 1564 1152 omnes,
1586 1102 1659 1154 qui
1675 1102 1873 1143 habitant

1039 1164 1213 1200 terram.

1091 1216 1175 1265 Qui
1186 1215 1311 1256 finxit
1323 1215 1543 1265 sigillatim
1555 1214 1691 1255 corda
1704 1217 1871 1256 eorum:

1038 1272 1061 1297 *
1084 1272 1156 1324 qui
1175 1271 1378 1321 intelligit
1395 1271 1540 1312 omnia
1556 1273 1692 1323 opera
1708 1273 1871 1312 eorum.

1090 1329 1193 1369 Non
1231 1327 1425 1369 salvatur
1463 1340 1542 1368 rex
1578 1340 1658 1380 per
1690 1327 1872 1368 multam

1038 1385 1264 1426 virtutem:
1284 1385 1307 1410 *
1328 1389 1372 1425 et
1388 1384 1510 1434 gigas
1528 1397 1616 1425 non
1632 1383 1872 1425 salvabitur

1038 1442 1081 1481 in
1099 1440 1378 1482 multitadine
1399 1441 1571 1481 virtutis
1592 1453 1694 1481 suae.

1090 1497 1242 1538 Fallax
1275 1510 1413 1549 equus
1445 1496 1502 1538 ad
1536 1497 1741 1538 salntem:
1774 1496 1796 1521 *
1828 1496 1871 1536 in

1037 1553 1306 1595 abundantia
1321 1558 1468 1595 autem
1482 1554 1655 1595 virtatis
1675 1565 1767 1594 suae
1782 1565 1870 1593 non

1039 1609 1289 1651 salvabitur.

1089 1667 1205 1707 Ecce
1222 1666 1336 1707 oculi
1346 1666 1525 1707 Domini
1535 1679 1667 1718 super
1677 1667 1869 1706 metuen—

1036 1726 1103 1763 tes
1133 1735 1249 1763 eum:
1282 1722 1305 1747 *
1335 1727 1379 1763 et
1405 1722 1450 1762 in
1476 1722 1553 1772 eis,
1589 1722 1663 1773 qui
1690 1726 1870 1773 sperant

1038 1791 1170 1830 super
1189 1777 1491 1819 misericordia
1511 1779 1621 1829 ejus:

1088 1834 1148 1875 Ut
1168 1836 1292 1875 oruat
1311 1847 1336 1874 a
1351 1839 1493 1875 morte
1515 1834 1681 1875 animas
1701 1836 1869 1875 eorum:

1037 1891 1060 1915 *
1081 1895 1125 1931 et
1145 1890 1233 1931 alat
1253 1903 1328 1931 eos
1347 1891 1391 1930 in
1410 1890 1535 1931 fame.

1089 1946 1250 1986 Anima
1296 1951 1447 1987 nostra
1494 1947 1680 1988 sustinet
1720 1947 1869 1987 Domi-

1037 2016 1156 2043 num:
1184 2002 1208 2028 *
1238 2003 1443 2054 quoniam
1481 2003 1654 2055 adintor
1691 2008 1735 2044 et
1770 2015 1868 2055 pro-

1036 2060 1179 2099 tector
1198 2063 1348 2100 noster
1367 2063 1444 2100 est.

1091 2115 1202 2165 Quia
1211 2115 1255 2155 in
1266 2128 1319 2156 eo
1330 2114 1551 2156 laetabitur
1568 2128 1644 2155 cor
1655 2119 1870 2156 nostrum:

1036 2171 1060 2197 *
1081 2176 1125 2212 et
1151 2172 1195 2211 in
1223 2171 1398 2212 nomine
1426 2175 1580 2212 sancto
1607 2171 1696 2222 ejus
1723 2173 1869 2223 spera-

1038 2228 1191 2268 vimus.

1090 2284 1188 2325 Fiat
1227 2283 1530 2325 misericordia
1570 2287 1646 2324 tua
1681 2283 1870 2324 Domine

1038 2352 1171 2391 super
1185 2352 1286 2380 nos:
1299 2340 1323 2365 *
1339 2338 1711 2391 quemadmodum
1724 2341 1869 2391 spera-

1037 2395 1179 2436 vimus
1197 2395 1242 2435 in
1262 2400 1317 2436 te.

1089 2452 1188 2491 Ant.
1217 2451 1329 2493 Justi
1358 2455 1504 2492 autem
1531 2452 1575 2492 in
1606 2454 1870 2504 perpetuum

1039 2507 1196 2557 vivent,
1222 2512 1266 2548 et
1285 2507 1403 2559 apud
1418 2508 1656 2549 Dominum
1676 2514 1742 2550 est
1761 2521 1870 2549 mer-

1039 2576 1112 2604 ces
1136 2566 1299 2605 eorum.

1090 2618 1188 2658 Ant.
1219 2620 1517 2662 Tradiderunt
1536 2621 1559 2646 *
1580 2621 1769 2673 corpora
1792 2632 1870 2660 sua

1038 2677 1081 2717 in
1096 2682 1295 2726 mortem,
1310 2690 1364 2718 ne
1381 2679 1595 2718 servirent
1608 2677 1752 2718 idolis:
1768 2676 1868 2717 ideo

1038 2734 1238 2775 coronati
1260 2732 1490 2785 possident
1509 2734 1712 2786 palmam.
