2040 2944
605 176 781 209 Ot‘ticium
806 176 981 209 votivum
1006 175 1052 209 dc
1078 176 1229 209 sanetis
1255 175 1468 218 Apostolis.

308 300 310 302 -
484 272 633 311 Lectio
656 271 708 310 vi.

183 325 292 429 Isti
309 337 415 376 ergo
430 324 656 377 Principes
671 322 822 372 nostri,
840 322 885 363 in
900 324 1015 363 amo-

249 395 296 424 re
310 382 394 423 Dei
412 380 731 435 perfectissimi,
747 384 791 422 et
808 379 852 420 in
870 380 1015 432 proxi-

186 441 357 480 morum
372 438 607 481 dilectione
621 436 801 490 impleti,
819 436 920 477 hinc
939 449 1016 489 po-

186 497 363 537 tuerunt
401 495 552 537 mundi
583 496 798 547 impetum
828 495 1016 543 vincere,

188 556 230 593 et
281 554 508 594 cruentum
557 550 768 593 saeculum
823 549 1015 600 domare,

189 609 288 661 quia
322 608 427 649 nihil
455 610 711 650 amaverunt
738 608 783 648 in
811 606 930 648 omni
955 619 1014 656 re,

186 665 268 706 nisi
299 665 383 707 Dei
414 665 697 707 voluntatem.
750 665 818 705 Ita
848 668 892 705 et
923 676 1016 713 nos,

186 722 361 772 fratreS,
390 722 622 774 diligamus
649 722 693 762 in
721 720 924 763 omnibus
952 733 1015 762 re-

185 778 268 820 bus
279 779 363 821 Dei
376 779 522 821 facere
536 779 818 828 voluntatem,
835 782 878 819 et
890 777 1015 818 Crea-

185 837 329 878 torem
353 841 553 878 nostrum
579 837 774 877 amemus
797 835 842 875 in
861 839 1016 876 semet-

186 894 300 945 ipso,
325 896 571 935 creaturam
589 905 695 934 vero
719 892 764 932 in
788 890 1016 932 conditore

186 961 284 999 suo,
311 955 354 991 et
378 950 441 991 sic
463 949 722 991 habebimus
747 947 1014 990 ordinatissi-

186 1018 303 1047 mam
324 1007 566 1048 caritatem:
592 1006 695 1058 quia
711 1005 832 1047 Deus
857 1004 1016 1046 caritas

188 1067 264 1112 est,
285 1068 328 1104 et
347 1064 422 1115 qui
442 1063 580 1115 diligit
598 1062 711 1104 hanc
726 1061 1017 1109 dilectionem,

187 1118 328 1171 diligit
343 1120 496 1162 Deum.
517 1120 575 1162 Et
594 1120 631 1161 si
648 1120 709 1160 ita
725 1117 1018 1168 dilexerimus,

187 1175 329 1228 diligit
347 1190 429 1219 nos
452 1178 549 1230 ipse
568 1177 705 1226 Deus,
732 1175 917 1226 diligunt
935 1187 1018 1216 nos

187 1237 231 1274 et
265 1234 405 1276 sancti
432 1233 639 1287 Apostoli
669 1232 836 1286 judices
868 1231 1019 1281 nostri,

188 1294 231 1331 et
250 1292 435 1332 exorant
452 1303 534 1344 pro
555 1290 699 1340 nobis,
718 1294 767 1330 ut
786 1289 831 1329 in
848 1288 1018 1329 univer-

187 1346 268 1387 sali
303 1346 463 1399 judicio
501 1347 662 1389 Christi
698 1359 797 1388 cum
831 1345 939 1397 ipsis
975 1345 1019 1385 in

187 1406 448 1456 perpetuum
468 1406 738 1446 coronemur.

239 1472 286 1523 Rg.
318 1470 399 1511 Isti
418 1475 529 1511 sunt.
548 1470 631 1523 [10]

410 1546 458 1585 In
478 1547 548 1585 III.
568 1547 791 1588 Nocturno.

189 1610 341 1651 Lectio
368 1610 506 1652 sancti
525 1608 751 1661 Evangelii
777 1608 1020 1651 secundum

463 1666 732 1709 Matthaeum.

679 1734 855 1786 Cap 19.
872 1733 911 1775 d.

238 1804 265 1830 n
290 1790 365 1832 illo
391 1792 605 1843 tempore:
634 1789 757 1832 Dixit
778 1790 937 1832 Petrus
962 1790 1019 1833 ad

269 1847 294 1887 J
297 1859 438 1889 esum:
482 1847 598 1889 Ecce
642 1860 723 1888 nos
764 1846 1018 1900 reliquimus

191 1904 356 1953 omnia,
391 1908 434 1946 et
467 1904 606 1945 secuti
634 1917 783 1945 sumus
816 1909 880 1946 te:
913 1903 1020 1957 quid

191 1971 295 2011 ergo
314 1961 396 2002 erit
417 1958 568 2002 nobis?
596 1960 654 2003 Et
672 1960 851 2014 reliqua.

219 2029 408 2071 llomilia
433 2030 572 2072 sancti
591 2030 750 2072 Hilarii
770 2031 992 2084 Episcopi.

289 1735 439 1776 Lectio
462 1734 529 1775 vii.

312 2093 455 2127 Comm.
483 2094 517 2126 in
544 2094 674 2127 Matth.
723 2094 814 2128 Can.
838 2096 897 2127 20.

206 2157 238 2181 σ7
282 2154 329 2191 ‘’J.
348 2143 511 2195 postoli
547 2142 675 2185 dictis
710 2144 889 2185 Domini
923 2143 1020 2186 haec

207 2194 333 2260 ’[5]
364 2198 568 2250 reddunt,
613 2199 842 2253 reliquisse
887 2214 934 2242 se
976 2203 1019 2242 ό-

364 2256 496 2307 mnia,
543 2261 587 2298 et
631 2269 730 2298 cum
773 2257 871 2310 ipso
911 2270 1020 2300 esse.

195 2310 361 2359 Quibus
390 2312 622 2363 Dominus,
658 2327 758 2355 cum
785 2314 950 2356 sederit
977 2315 1020 2355 in

195 2367 432 2418 majestatis
459 2382 550 2411 suae
579 2370 695 2420 sede,
724 2375 925 2413 sessuros
953 2385 1021 2413 su-

194 2434 274 2474 per
306 2423 434 2465 sedes
468 2425 717 2477 duodecim,
754 2441 805 2469 ac
835 2428 1022 2470 totidem

195 2477 334 2543 tribus
361 2480 499 2522 Israel
529 2482 797 2533 judicaturos
830 2487 1021 2538 spopon-

196 2533 274 2586 d1t;
299 2536 587 2600 omnibusque
612 2540 687 2591 qui
704 2541 907 2582 universa
926 2541 1020 2583 reli-

197 2597 370 2644 quermt
399 2599 579 2646 propter
606 2609 766 2638 nomen
794 2598 902 2649 ejus,
938 2598 1021 2639 fru-

197 2654 316 2690 ctum
334 2649 527 2702 centupli
547 2653 717 2702 praemii
736 2655 1023 2695 reservatum:

198 2705 359 2747 multos
392 2711 538 2747 autem
573 2719 626 2748 ex
659 2710 907 2751 novissimis
938 2711 1022 2763 pri-

1068 282 1183 319 mos,
1209 274 1253 311 et
1277 281 1331 310 ex
1354 269 1506 322 primis
1525 268 1698 311 futuros
1715 268 1897 311 novissi-

1068 339 1177 367 mos.
1217 325 1356 367 Multa
1384 330 1484 367 sunt
1513 338 1612 378 quae
1638 339 1727 368 non
1754 326 1900 368 sinunt

1068 396 1150 425 nos
1170 382 1357 435 simplici
1375 381 1599 424 intellectu
1622 382 1741 425 dicta
1758 384 1898 426 Evan-

1068 439 1207 492 gelica
1227 442 1461 492 suscipere.

1119 496 1168 546 Ru
1189 497 1268 538 Isti
1283 501 1383 538 sunt
1399 496 1473 548 qui
1486 496 1683 538 viventes
1697 496 1742 537 in
1757 509 1898 547 carne,

1068 553 1375 607 plantaverunt
1409 552 1653 595 Ecclesiam
1690 553 1899 604 sanguine

1070 623 1168 652 suo:
1198 610 1218 631 *
1257 610 1448 652 Calicem
1476 610 1655 651 Domini
1685 609 1900 660 biberunt,

1071 672 1115 709 et
1158 667 1286 708 amici
1321 667 1405 708 Dei
1446 667 1549 709 facti
1592 671 1702 709 sunt.
1755 660 1804 712 Υ.
1849 667 1901 708 In

1071 735 1246 765 omnem
1259 728 1423 765 terram
1440 723 1574 765 exivit
1588 735 1722 764 sonus
1738 724 1901 772 eorum,

1071 786 1114 822 et
1140 780 1184 821 in
1214 780 1323 822 fines
1356 780 1475 823 orbis
1506 785 1639 823 terrae
1665 779 1802 823 verba
1824 782 1899 821 ‘eo-

1071 850 1178 878 rum.
1207 837 1409 879 Calicem.

1354 900 1506 941 Lectio
1528 900 1611 940 viii.

1067 952 1373 1058 Interpositis
1391 955 1610 998 nonnullis
1629 955 1776 1007 rebus,
1801 968 1901 1009 quae

1141 1026 1195 1055 ex
1235 1016 1391 1055 natura
1421 1012 1599 1054 humani
1632 1025 1787 1055 sensus
1818 1012 1901 1054 sibi

1072 1070 1303 1112 contrariae
1322 1074 1438 1120 sunt,
1463 1070 1679 1112 rationem
1703 1071 1901 1122 quaerere

1072 1126 1265 1168 coelestis
1283 1126 1583 1178 intelligentiae
1606 1126 1901 1168 admonemur.

1072 1183 1280 1236 Apostoli
1299 1183 1466 1233 dicunt,
1495 1188 1539 1225 et
1564 1183 1691 1236 sequi
1715 1196 1763 1225 se
1783 1182 1901 1224 Chri-

1073 1245 1204 1290 stum,
1225 1245 1268 1282 et
1287 1253 1335 1282 se
1354 1239 1500 1282 omnia
1517 1240 1759 1292 reliquisse.
1786 1240 1900 1291 Quo-

1071 1296 1206 1339 modo
1233 1296 1365 1348 igitur
1392 1296 1502 1339 fiunt
1527 1297 1696 1347 tristeS,
1725 1300 1769 1339 et
1797 1298 1902 1350 quo-

1071 1353 1206 1396 modo
1244 1355 1443 1396 metuunt
1479 1353 1696 1404 dicentes,
1733 1353 1903 1396 salvum

1073 1423 1170 1452 esse
1195 1410 1411 1452 neminem
1434 1408 1592 1463 posse?
1627 1410 1831 1462 Namque
1859 1415 1904 1452 et

1073 1467 1128 1509 ab
1149 1467 1245 1508 aliis
1264 1467 1362 1509 fieri
1379 1469 1571 1521 poterat,
1597 1467 1636 1508 si
1655 1466 1762 1519 quid
1779 1466 1902 1509 fecis—

1072 1529 1170 1566 sent
1204 1524 1301 1577 ipsi.
1354 1523 1525 1566 Deinde
1563 1537 1663 1565 cum
1697 1523 1904 1566 fecissent

1072 1581 1171 1634 ipsi;
1199 1594 1335 1634 quare
1353 1586 1514 1632 metuS,
1533 1580 1605 1622 vel
1622 1580 1739 1623 unde
1759 1581 1903 1622 susce-

1072 1642 1175 1691 ptus
1195 1636 1284 1680 est?
1306 1637 1499 1680 Additur
1518 1637 1651 1679 etiam
1666 1637 1711 1678 in
1725 1649 1903 1690 respon-

1073 1695 1195 1736 sione
1214 1694 1410 1745 Domini,
1435 1694 1533 1736 haec
1561 1692 1680 1747 apud
1705 1693 1903 1735 homines

1073 1750 1381 1804 impossibilia,
1411 1750 1642 1804 possibilia
1675 1749 1794 1803 apud
1820 1750 1904 1792 De-

1075 1822 1159 1850 um.
1194 1808 1422 1861 Numquid
1445 1807 1566 1861 apud
1588 1807 1811 1849 hominem
1828 1807 1902 1848 im-

1074 1864 1302 1918 possibilia
1327 1870 1468 1915 erant,
1503 1877 1603 1918 quae
1629 1869 1674 1906 et
1698 1862 1906 1917 Apostoli

1074 1922 1231 1964 fecisse
1250 1935 1297 1964 se
1317 1922 1570 1974 gloriantur,
1589 1926 1634 1963 et
1651 1920 1808 1963 fecisse
1827 1932 1904 1963 eos

1073 1979 1289 2020 Dominus
1309 1977 1528 2031 agnoscit?
1894 1976 1896 1978 ’

1124 2038 1175 2077 Η.
1193 2035 1283 2088 [Isti
1302 2040 1403 2078 sunt
1421 2036 1504 2077 viri
1521 2035 1670 2085 sancti,
1690 2047 1802 2088 quos
1821 2033 1904 2076 ele-

1074 2092 1137 2144 git
1159 2092 1375 2134 Dominus
1398 2093 1442 2133 in
1468 2092 1652 2134 caritate
1675 2104 1766 2133 non
1790 2090 1904 2141 ficta,

1075 2153 1119 2190 et
1138 2148 1261 2191 dedit
1278 2149 1364 2191 illis
1378 2149 1563 2201 gloriam
1578 2148 1905 2202 sempiternam:

1072 2209 1094 2230 *
1126 2205 1325 2255 Quorum
1359 2206 1559 2248 doctrina
1590 2205 1728 2257 fulget
1754 2204 1903 2246 Eccle-

1075 2263 1156 2312 sia,
1192 2268 1242 2304 ut
1273 2262 1367 2304 sole
1398 2263 1510 2305 luna.
1553 2255 1603 2308 V.
1642 2261 1790 2304 Sancti
1825 2272 1906 2313 per

1075 2319 1209 2361 fidem
1227 2319 1424 2361 vicerunt
1442 2333 1592 2372 regna,
1615 2317 1787 2372 opereti
1805 2322 1906 2359 sunt

1075 2376 1293 2428 justitiam.
1335 2377 1543 2427 Quorum.
1586 2374 1742 2416 Gloria
1772 2373 1905 2415 Patri.

1075 2433 1283 2483 Quorum.
1483 2481 1490 2487 ‚
1547 2481 1554 2487 ,

1372 2482 1523 2522 Lectio
1544 2494 1597 2519 ix.

1157 2541 1269 2582 mnis
1294 2543 1443 2593 itaque
1468 2539 1539 2582 hic
1563 2552 1709 2582 sermo
1733 2545 1801 2582 est
1818 2539 1904 2592 spi·

1171 2598 1320 2640 ritalis.
1348 2596 1465 2647 Quid
1486 2601 1634 2639 autem
1651 2596 1736 2639 Dei
1754 2596 1904 2638 virtuti

1074 2659 1166 2696 tam
1183 2653 1393 2708 possibile
1414 2658 1495 2703 est,
1526 2666 1657 2706 quam
1681 2658 1729 2695 ut
1753 2665 1834 2706 per
1857 2653 1904 2694 fi-

1076 2711 1177 2753 dem
1195 2709 1355 2753 salvet?
1379 2715 1428 2752 ut
1451 2722 1531 2763 per
1550 2723 1709 2762 aquam
1727 2711 1902 2761 regene-
