2040 2944
214 237 283 272 198

215 330 558 372 summationem.
597 328 646 379 Υ.
675 327 862 369 Damine
889 328 1036 369 Dami-

213 401 295 428 nus
322 391 489 434 noster,
525 397 655 436 quam
686 383 944 426 admirabile
971 388 1039 426 est

212 455 371 485 nomen
390 447 523 483 tuum.
551 440 638 482 Sed
656 441 875 483 miserere.

519 519 670 558 Lectio
693 518 729 557 ii.

213 579 363 684 Non
387 578 502 620 enim
525 577 581 619 ad
600 578 813 631 populum
833 579 1038 632 profundi

319 635 547 683 sermonis,
572 640 615 676 et
633 635 794 686 ignotae
814 635 973 687 linguae
992 641 1039 677 tu

211 692 396 734 mitteris
424 691 481 732 ad
510 690 689 732 domum
717 692 870 733 Israel:
896 705 1039 744 neque

213 748 268 790 ad
300 747 493 801 populos
524 747 686 789 multos
718 747 925 800 profundi
954 762 1039 790 ser-

211 805 372 854 monis,
402 809 445 846 et
468 804 631 855 ignatae
650 804 826 856 linguae,
854 817 1039 857 quorum

211 874 299 903 non
322 861 468 914 possis
494 860 646 902 audire
674 863 915 903 sermones:
942 867 986 903 et
1005 862 1040 903 si

212 917 269 959 ad
287 917 386 959 illos
406 917 651 967 mittereris,
670 917 754 969 ipsi
772 917 971 960 audirent
986 923 1040 960 te.

212 975 382 1015 Domus
401 979 547 1015 autem
560 973 699 1014 Israel
718 973 871 1015 nolunt
889 974 1040 1016 audire

211 1035 271 1072 te:
296 1031 398 1082 quia
421 1030 575 1071 nolunt
598 1029 750 1071 audire
769 1043 850 1072 me.
889 1031 1039 1072 Omnis

213 1087 378 1140 quippe
397 1086 554 1128 domus
573 1086 710 1127 Israel
730 1089 879 1128 attrita
898 1087 1039 1129 fronte

212 1147 295 1193 est,
325 1148 368 1184 et
394 1141 504 1184 duro
531 1142 677 1184 corde.
714 1142 829 1184 Ecce
855 1142 957 1184 dedi
981 1144 1039 1184 fa-

212 1199 323 1241 ciem
362 1204 483 1241 tuam
522 1198 809 1240 valentiorem
845 1199 1039 1241 faciebus

212 1258 381 1306 eorum,
409 1261 452 1297 et
471 1255 660 1297 frontem
678 1260 799 1296 tuam
819 1255 1039 1297 duriorem

212 1311 427 1354 frontibus
456 1314 618 1353 eorum.
659 1311 718 1353 Ut
745 1311 1039 1362 adamantem,

212 1374 256 1410 et
274 1374 322 1410 ut
342 1368 508 1410 silicem
529 1367 631 1409 dedi
651 1368 807 1410 faciem
827 1374 960 1410 tuam:
985 1382 1039 1410 ne

211 1427 367 1466 timeas
392 1437 487 1474 eos,
514 1437 658 1476 neque
682 1426 852 1466 metuas
878 1438 903 1466 a
928 1426 1039 1467 facie

213 1483 378 1523 eorum:
395 1482 495 1534 quia
511 1480 667 1522 domus
685 1483 951 1534 exasperans
963 1488 1038 1524 est.

264 1550 314 1601 R.
342 1546 573 1588 Civitatem
596 1546 725 1587 istam
748 1551 796 1588 tu
816 1547 1039 1589 circumda

212 1603 415 1644 D6mine:
445 1608 488 1644 et
515 1603 672 1654 Angeli
700 1603 762 1644 tui
790 1603 1039 1646 cust6diant

211 1672 360 1700 muros
387 1660 489 1711 ejus.
507 1666 530 1690 *
550 1658 722 1701 Exaudi
747 1660 935 1702 D6mine
962 1663 1038 1713 po-

214 1715 366 1768 pulum
414 1721 538 1757 tuum
587 1729 686 1757 cum
729 1716 1039 1759 misericordia.

212 1772 261 1824 Y.
295 1773 534 1814 Avertatur
566 1773 686 1814 furor
719 1777 819 1814 tuus
851 1774 1038 1816 Domine

213 1841 238 1869 a
257 1829 424 1881 pepulo
443 1834 538 1879 tuo,
567 1835 610 1871 et
637 1843 661 1870 a
690 1829 866 1871 civitate
889 1835 1039 1872 sancta

214 1890 299 1926 tua.
327 1885 509 1927 Exaudi.

516 1959 663 2000 Lectio
684 1959 737 1999 iii.

295 2024 313 2061 t
340 2019 449 2062 dixit
476 2019 532 2061 ad
559 2033 645 2062 me:
672 2020 753 2061 Fili
779 2020 965 2062 hominis
994 2034 1037 2062 o-

309 2089 431 2118 mnes
447 2079 670 2118 sermones
685 2089 818 2127 meos,
831 2090 942 2129 quos
956 2090 1038 2128 ego

214 2132 370 2184 loquor
389 2133 445 2174 ad
466 2138 521 2183 te,
541 2136 715 2175 assume
734 2134 777 2173 in
797 2135 931 2175 corde
950 2139 1053 2184 tuo‚·

214 2194 257 2230 et
285 2189 464 2231 auribus
491 2190 578 2231 tuis
603 2188 721 2231 audi:
749 2189 805 2231 Et
828 2189 951 2240 vade,
979 2191 1038 2231 in-

213 2245 397 2295 gredere
425 2245 481 2287 ad
508 2246 952 2297 transmigrationem,
982 2246 1039 2289 ad

214 2300 329 2342 filios
343 2302 497 2355 populi
511 2302 585 2352 tui,
605 2307 649 2344 et
667 2302 860 2354 loqueris
879 2302 935 2344 ad
951 2316 1038 2353 eos,

215 2363 259 2399 et
291 2357 411 2399 dices
441 2359 517 2400 eis:
550 2360 660 2400 Haec
692 2359 798 2401 dicit
824 2360 1038 2401 Dominus

214 2414 350 2455 Deus:
365 2415 399 2456 si
415 2416 528 2457 forte
541 2415 730 2466 audiant,
746 2421 790 2457 et
801 2417 1039 2468 quiescant.

215 2471 272 2512 Et
299 2472 535 2524 assumpsit
562 2485 632 2514 me
660 2473 856 2525 spiritus,
896 2478 939 2515 et
966 2487 1037 2515 au-

215 2526 303 2569 divi
332 2533 436 2580 post
459 2541 528 2570 me
553 2541 708 2570 vocem
732 2530 1038 2572 commotionis

214 2596 398 2634 magnae:
426 2584 666 2627 Benedicta
695 2586 834 2636 glOria
861 2586 1038 2627 Domini

215 2639 271 2682 de
290 2640 390 2682 loco
411 2654 506 2690 suo,
531 2646 574 2683 et
594 2655 747 2683 vocem
767 2642 933 2684 alarum
953 2643 1037 2683 ani-

215 2697 393 2738 malium
416 2698 750 2749 percutientium
774 2698 956 2740 alteram
982 2699 1039 2741 ad

214 2753 407 2803 alteram,
423 2758 466 2795 et
482 2766 635 2794 vocem
652 2757 847 2795 rotarum
865 2757 1039 2806 seque'n-

705 236 804 269 lnfra
830 235 1123 269 Hebdomadam
1150 234 1170 267 i.
1195 233 1435 267 Novembris

1089 327 1197 368 tium
1223 326 1442 377 animalia,
1471 331 1515 369 et
1542 338 1699 368 vocem
1726 338 1914 368 commo-

1089 383 1221 425 tic'mis
1240 395 1422 434 magnae.

1144 448 1193 499 R5.
1220 443 1351 485 Genti
1369 442 1620 497 peccatrici,
1639 442 1807 496 papulo
1826 442 1915 496 ple-

1090 513 1147 542 no
1183 503 1370 553 peccato
1406 500 1631 549 miserere,
1667 505 1689 529 *
1730 499 1918 542 Domine

1090 557 1222 598 Deus.
1252 554 1302 605 V.
1319 557 1428 598 Esto
1448 555 1676 609 placabilis
1695 568 1827 609 super
1845 568 1916 598 ne-

1092 614 1273 665 quitiam
1297 613 1452 666 p6puli
1472 613 1546 654 tui.
1579 613 1766 654 Domine
1785 613 1918 654 Deus.

1093 670 1243 712 Gloria
1259 670 1389 712 Patri.
1418 669 1605 711 D6mine
1624 669 1757 711 Deus.

1144 732 1409 776 Responsoria
1436 734 1548 773 huius
1574 732 1637 766 III.
1662 732 1787 767 Feriae
1810 742 1917 776 repe-

1091 786 1222 815 tuntur
1259 782 1297 815 in
1333 782 1421 815 aliis
1452 782 1517 815 ΙΙΙ.
1547 781 1671 815 Feriis
1707 791 1830 825 usque
1867 781 1917 816 ad

1092 830 1321 864 Adventum.

1325 931 1470 967 Feria
1495 930 1690 977 Quarta.

1212 986 1281 1025 De
1309 982 1540 1025 Ezechiele
1567 982 1802 1036 Propheta.

1170 1046 1322 1087 Lectio
1346 1045 1370 1085 i.
1681 1044 1784 1096 Cap.
1804 1044 1839 1085 7.

1152 1109 1194 1146 t
1222 1104 1364 1146 factus
1392 1108 1459 1146 est
1486 1116 1631 1145 sermo
1656 1103 1836 1146 Damini
1863 1103 1920 1145 ad

1193 1173 1280 1210 me,
1307 1160 1474 1202 dicens:
1498 1160 1555 1201 Et
1573 1165 1622 1202 tu
1639 1160 1702 1201 fili
1719 1159 1920 1210 h6minis,

1092 1216 1188 1258 haec
1212 1216 1318 1259 dicit
1335 1216 1551 1258 Daminus
1569 1216 1691 1258 Deus
1709 1221 1841 1258 terrae
1858 1216 1919 1257 Is·
1991 1237 1995 1241 ι

1091 1273 1197 1314 rael:
1226 1273 1346 1314 Finis
1365 1273 1500 1323 venit,
1527 1273 1647 1315 venit
1670 1272 1768 1313 finis
1788 1285 1920 1325 super

1093 1331 1281 1382 quatuor
1308 1329 1462 1382 plagas
1489 1334 1630 1371 terrae.
1666 1329 1794 1371 Nunc
1821 1329 1920 1370 finis

1091 1399 1224 1439 super
1238 1391 1293 1437 te,
1314 1391 1357 1428 et
1376 1386 1607 1428 immittam
1625 1386 1817 1427 furerem
1833 1398 1919 1427 me-

1090 1456 1164 1484 um
1182 1443 1227 1483 in
1245 1448 1304 1484 te:
1332 1447 1376 1484 et
1397 1441 1602 1495 judicabo
1626 1447 1670 1484 te
1689 1443 1808 1494 juxta
1826 1441 1919 1483 vias

1090 1504 1206 1540 tuas:
1238 1504 1282 1541 et
1312 1511 1477 1552 ponam
1510 1503 1662 1540 contra
1692 1503 1737 1540 te
1766 1510 1918 1540 omnes

1091 1556 1441 1597 abominationes
1455 1559 1565 1596 tuas.
1591 1555 1649 1598 Et
1666 1567 1753 1596 non
1767 1559 1919 1607 parcet

1091 1612 1244 1654 oculus
1262 1625 1385 1654 meus
1405 1624 1538 1664 super
1556 1617 1611 1663 te,
1631 1617 1676 1654 et
1689 1624 1778 1653 non
1794 1611 1919 1653 mise·

1091 1668 1233 1711 rebor:
1263 1668 1342 1710 sed
1364 1669 1457 1710 vias
1482 1673 1580 1710 tuas
1601 1681 1764 1722 ponam
1788 1680 1920 1722 super

1090 1730 1149 1775 te,
1169 1731 1213 1767 et
1233 1725 1582 1767 abominationes
1601 1730 1690 1766 tuae
1709 1725 1753 1765 in
1771 1723 1918 1766 medio

1090 1782 1154 1824 tui
1178 1787 1320 1824 erunt:
1353 1787 1396 1824 et
1421 1781 1568 1823 scietis
1594 1782 1696 1834 quia
1721 1794 1805 1833 ego
1830 1781 1918 1823 Do-

1090 1839 1243 1880 minus.

1143 1906 1194 1957 R,
1223 1898 1435 1940 Indicabo
1458 1898 1538 1941 tibi
1561 1899 1709 1949 homo,
1734 1898 1839 1952 quid
1862 1899 1919 1941 sit

1091 1955 1270 1997 bonum:
1298 1961 1372 1998 aut
1401 1955 1507 2008 quid
1534 1956 1749 1997 Dominus
1776 1958 1916 2008 requi-

1091 2017 1159 2054 rat
1184 2025 1209 2054 a
1232 2018 1291 2055 te:
1313 2018 1335 2041 *
1360 2013 1526 2054 Facere
1554 2011 1761 2064 judicium
1789 2018 1832 2055 et
1859 2013 1916 2064 ju-

1091 2069 1265 2119 stitiam,
1280 2074 1324 2111 et
1338 2069 1573 2110 sollicitum
1584 2068 1807 2111 ambulare
1819 2082 1917 2111 cum

1091 2126 1188 2167 Deo
1207 2131 1296 2167 tuo.
1333 2124 1383 2176 W.
1411 2126 1548 2178 Spera
1570 2126 1614 2166 in
1639 2126 1846 2176 Domino,
1874 2131 1918 2167 et

1091 2182 1159 2223 fac
1181 2182 1438 2232 bonitatem,
1466 2187 1510 2224 et
1532 2181 1726 2224 inhabita
1744 2187 1917 2224 terram.

1091 2239 1266 2281 Facere.

1398 2301 1550 2342 Lectio
1571 2301 1610 2341 ii.

1187 2373 1252 2402 aec
1276 2361 1383 2402 dicit
1401 2362 1615 2402 Dominus
1634 2361 1770 2403 Deus:
1796 2361 1916 2402 Affli-

1204 2418 1291 2459 ctio
1319 2430 1421 2467 una,
1448 2417 1628 2459 afflictio
1657 2430 1760 2459 ecce
1787 2418 1916 2460 venit.

1092 2474 1210 2515 Finis
1238 2474 1371 2524 venit,
1404 2474 1523 2516 venit
1551 2474 1666 2523 finis,
1694 2474 1917 2525 evigilavit

1092 2531 1325 2572 adversum
1359 2537 1418 2574 te:
1455 2543 1558 2573 ecce
1594 2531 1722 2572 venit.
1784 2531 1917 2574 Venit

1092 2588 1297 2629 contritio
1325 2600 1458 2640 super
1484 2592 1544 2637 te,
1574 2587 1648 2640 qui
1676 2587 1847 2630 habitas
1871 2588 1915 2629 in

1091 2649 1222 2685 terra:
1241 2644 1360 2686 venit
1374 2650 1559 2696 tempus,
1578 2657 1718 2696 prope
1735 2649 1802 2686 est
1821 2643 1915 2686 dies

1091 2700 1334 2750 occisionis,
1355 2705 1398 2742 et
1416 2713 1503 2741 non
1523 2700 1674 2750 gloriae
1691 2701 1914 2742 mantium.

1091 2756 1219 2798 Nunc
1233 2755 1288 2798 de
1303 2759 1554 2809 propinquo
1571 2756 1792 2799 effundam
1805 2758 1914 2798 iram
