2040 2944
692 191 801 225 Feria
828 193 996 227 secunda
1022 194 1069 227 ad
1094 194 1328 229 Matutinum.
1814 191 1858 226 47

211 286 441 328 Praetende
480 286 825 328 misericerdiam
864 291 984 328 tuam

161 342 396 385 scientibus
423 348 486 393 te,
513 344 536 369 *
566 348 608 385 et
634 343 841 395 justitiam
865 348 985 384 tuam

160 399 238 450 his,
259 400 334 452 qui
353 404 474 441 recto
494 405 594 441 sunt
613 398 756 440 corde.

210 456 313 498 Non
319 456 463 498 veniat
470 455 575 497 mihi
583 468 663 508 pes
673 454 889 508 superbiae
896 471 903 494 :
910 456 933 480 *
942 459 985 496 et

160 525 314 553 manus
337 513 584 565 peccateris
606 524 694 553 non
711 513 887 553 meveat
904 524 984 552 me.

212 568 280 610 Ibi
296 568 548 611 ceciderunt
569 568 642 621 qui
656 570 894 621 operantur
909 568 983 608 ini-

163 626 392 678 quitatem:
410 626 434 651 *
454 625 626 678 expelsi
642 629 751 675 sunt,
766 637 847 666 nec
860 629 983 677 potu-

162 684 286 724 erunt
305 687 431 724 stare.

206 748 303 789 Ant.
337 748 553 800 Expugna
576 747 878 799 impugnantes
903 759 984 787 1110.

208 813 307 854 Ant.
342 811 515 853 Revela.

424 880 621 936 Psalmus
642 898 705 936 36.

152 958 307 1065 Noli
326 964 522 1006 aemulari
539 965 582 1005 in
596 964 945 1016 malignantibus:
960 967 983 993 *

256 1034 398 1074 neque
431 1020 640 1063 zelaveris
676 1022 882 1064 facientes
910 1023 983 1064 ini-

161 1078 382 1130 quitatem.

212 1135 426 1184 Queniam
444 1139 667 1187 tamquam
686 1136 850 1178 foenum
868 1137 983 1179 vele-

159 1191 267 1232 citer
286 1193 502 1233 arescent:
517 1192 540 1217 *
555 1196 599 1233 et
615 1193 983 1244 quemadmodum

160 1247 279 1289 elera
298 1246 533 1289 herbarum
552 1248 639 1289 cito
660 1248 871 1292 decident,

211 1304 348 1357 Spera
366 1304 410 1345 in
427 1304 637 1355 Demino,
662 1310 706 1347 et
731 1306 798 1348 fac
817 1306 982 1349 bonita-

158 1366 265 1403 tem:
279 1361 302 1386 *
319 1365 362 1402 et
375 1360 569 1402 inhabita
584 1366 755 1413 terram,
776 1368 819 1405 et
835 1366 982 1416 pasce-

159 1417 217 1458 ris
234 1417 278 1458 in
297 1416 457 1458 divitiis
477 1418 577 1469 ejus.

210 1472 443 1515 Delectare
467 1473 511 1514 in
529 1474 737 1515 Demin0:
756 1476 779 1501 *
800 1481 843 1518 et
862 1475 982 1519 dabit

158 1529 238 1572 tibi
255 1530 488 1582 petitienes
508 1530 652 1572 cordis
671 1531 744 1573 tui.

210 1585 377 1628 Revela
404 1586 594 1628 Demino
627 1587 742 1629 viam
768 1593 902 1639 tuam,
940 1594 983 1631 et

159 1655 288 1696 spera
306 1643 350 1683 in
369 1655 441 1684 eo:
460 1643 484 1668 *
504 1648 547 1685 et
565 1644 660 1696 ipse
679 1644 819 1686 faciet.

209 1699 266 1741 Et
289 1698 447 1741 educet
473 1700 595 1752 quasi
613 1699 759 1742 lumen
777 1702 982 1753 justitiam

156 1760 294 1797 tuam:
322 1760 365 1797 et
390 1755 596 1808 judicium
613 1761 736 1799 tuum
759 1762 982 1810 tamquam

155 1811 399 1853 meridiem:
413 1812 436 1838 *
452 1812 651 1855 subditus
671 1818 765 1855 esto
780 1814 979 1865 Demino,

157 1873 200 1910 et
219 1881 297 1910 ora
316 1881 425 1910 eum.

205 1924 309 1966 Noli
328 1924 554 1966 aemulari
542 1939 586 1966 1n
609 1938 678 1976 eo,
705 1926 778 1978 qui
801 1939 979 1979 prospe-

155 1981 308 2023 ratur
296 1995 340 2022 1n
356 1981 426 2022 via
449 1994 545 2023 sua:
569 1982 592 2007 *
615 1982 658 2022 in
682 1981 856 2024 hemine
880 1983 979 2024 faci-

155 2038 253 2079 ente
271 2037 510 2090 injustitias.

205 2093 367 2135 Desine
383 2093 437 2135 ab
453 2094 527 2144 ira,
544 2099 588 2136 et
598 2093 850 2147 derelinque
865 2095 977 2136 fure-

153 2163 264 2192 rem:
283 2151 307 2176 *
325 2150 414 2192 11011
441 2150 636 2192 aemulari
655 2156 702 2192 ut
719 2150 977 2203 maligneris.

205 2207 419 2257 Queniam
436 2207 509 2259 qui
522 2206 822 2258 malignantur,
838 2213 976 2249 exter-

152 2262 448 2305 minabuntur:
481 2263 504 2289 *
539 2263 799 2305 sustinentes
832 2269 977 2306 autem

152 2318 402 2370 Deminum,
434 2319 518 2372 ipsi
547 2318 869 2362 haereditabunt
893 2325 975 2362 ter-

152 2388 255 2416 ram.

203 2432 260 2473 Et
287 2431 430 2473 adhuc
455 2431 676 2484 pusillum,
711 2437 755 2473 et
779 2445 867 2473 non
895 2433 975 2474 erit

151 2490 377 2540 peccator:
401 2489 424 2514 *
451 2493 494 2530 et
513 2501 682 2540 quaeres
700 2487 852 2530 10011111,
874 2489 973 2540 ejus,

153 2549 195 2585 et
213 2557 300 2586 non
318 2545 521 2586 invenies.

203 2600 418 2642 Mansueti
462 2605 606 2642 autem
653 2599 973 2641 haereditabunt

150 2661 330 2698 terram:
349 2658 372 2683 *
391 2662 434 2699 et
454 2656 784 2699 delectabuntur
804 2656 847 2696 in
866 2655 972 2696 mul-

150 2712 334 2754 titudine
352 2713 483 2766 pacis.

1091 286 1352 330 Observabit
1366 291 1573 340 peccator
1588 289 1763 339 justum:
1778 290 1801 314 *
1817 294 1859 331 et

1037 343 1237 385 stridebit
1261 357 1392 396 super
1417 357 1514 385 eum
1540 344 1740 386 dentibus
1760 346 1858 386 suis.

1088 399 1299 440 Deminus
1319 406 1463 442 autem
1482 400 1678 442 irridebit
1698 414 1810 442 eum:
1834 402 1857 426 *

1039 456 1241 508 queniam
1251 457 1462 509 prespicit
1478 456 1596 509 quod
1606 458 1750 499 veniet
1766 457 1858 499 dies

1038 525 1137 564 ejus.

1090 572 1294 614 Gladium
1337 574 1672 624 evaginaverunt
1707 587 1858 626 pecca-

1036 631 1173 671 teres:
1191 630 1215 654 *
1234 628 1509 671 intenderunt
1527 644 1674 672 arcum
1694 644 1828 680 suum,

1089 686 1147 727 Ut
1158 685 1358 737 dejiciant
1367 690 1605 739 paeperem
1617 692 1658 728 et
1669 690 1858 739 inopem:

1037 743 1060 768 *
1080 747 1127 783 ut
1145 741 1363 783 trucident
1382 748 1525 784 rectos
1546 743 1688 784 corde.

1090 797 1271 839 Gladius
1307 801 1457 839 eerum
1490 799 1620 840 intret
1653 799 1696 839 in
1725 799 1859 841 corda

1036 855 1249 908 ipserum:
1269 855 1291 880 *
1307 860 1350 896 et
1367 868 1492 896 arcus
1510 858 1659 896 eerum
1675 855 1857 896 confrin-

1036 914 1174 962 gatur.

1088 967 1242 1008 Melius
1255 972 1320 1009 est
1330 967 1549 1009 medicum
1559 969 1682 1019 justo,
1693 969 1715 993 *
1727 981 1856 1020 super

1038 1024 1208 1066 divitias
1228 1026 1509 1076 peccaterum
1527 1024 1695 1066 multas.

1089 1081 1302 1131 Queniam
1354 1080 1531 1122 brachia
1578 1083 1858 1133 peccaterum

1037 1139 1333 1178 conterentur:
1377 1138 1400 1162 ²⁸¹
1446 1137 1673 1178 confirmat
1714 1142 1858 1179 autem

1036 1195 1171 1246 justos
1190 1193 1413 1234 Deminus.

1087 1250 1221 1291 Novit
1246 1249 1457 1290 Deminus
1497 1249 1588 1290 dies
1616 1249 1859 1290 immacula-

1035 1308 1196 1348 terum:
1228 1306 1251 1331 *
1284 1311 1327 1347 et
1365 1305 1597 1347 haereditas
1633 1308 1783 1347 eerum
1814 1306 1857 1346 in

1037 1364 1247 1404 aeternum
1267 1363 1358 1403 erit.

1087 1419 1188 1460 Non
1230 1417 1546 1460 confundentur
1582 1418 1625 1458 in
1660 1420 1857 1470 tempore

1034 1474 1161 1525 malo,
1182 1480 1225 1517 et
1239 1475 1282 1515 in
1298 1474 1450 1516 diebus
1467 1474 1588 1515 famis
1604 1474 1855 1515 saturabun-

1035 1537 1123 1573 tur:
1142 1532 1165 1557 *
1186 1531 1285 1583 quia
1303 1533 1557 1583 peccateres
1577 1530 1789 1583 peribunt.

1087 1588 1254 1628 Inimici
1273 1600 1378 1628 vero
1397 1587 1573 1627 Demini
1595 1599 1698 1628 mox
1717 1592 1764 1628 ut
1783 1586 1855 1628 ho-

1034 1644 1250 1685 norificati
1264 1644 1422 1684 fuerint
1438 1648 1481 1684 et
1497 1643 1691 1684 exaltati:
1710 1644 1733 1668 *
1754 1642 1854 1684 defi-

1035 1700 1207 1750 cientes,
1229 1698 1595 1752 quemadmodum
1620 1699 1760 1739 fumus
1784 1699 1854 1740 de-

1034 1756 1190 1797 sicient.

1085 1811 1353 1853 Mutuabitur
1367 1813 1584 1863 peccator,
1605 1815 1648 1852 et
1666 1823 1751 1851 non
1771 1810 1853 1851 sol-

1033 1873 1125 1910 vet:
1157 1868 1180 1893 *
1211 1869 1347 1920 justus
1379 1872 1523 1909 autem
1555 1867 1783 1908 miseretur
1812 1871 1854 1908 et

1031 1924 1204 1967 tribuet

1085 1981 1195 2031 Quia
1225 1979 1532 2022 benedicentes
1561 1979 1600 2020 ei
1627 1978 1851 2020 haeredita-

1030 2037 1139 2079 bunt
1153 2042 1333 2079 terram:
1347 2037 1371 2062 *
1385 2035 1692 2077 maledicentes
1708 2040 1851 2077 autem

1031 2094 1070 2135 ei
1090 2093 1372 2146 disperibunt.

1081 2149 1215 2202 Apud
1228 2149 1462 2190 Deminum
1477 2160 1650 2198 gressus
1665 2146 1849 2187 heminis

1030 2204 1286 2257 dirigentur:
1305 2206 1327 2231 *
1347 2210 1391 2246 et
1408 2205 1522 2246 viam
1542 2205 1630 2255 ejus
1650 2202 1778 2244 volet.

1081 2262 1189 2303 Cum
1208 2261 1427 2310 ceciderit,
1452 2273 1539 2301 non
1563 2258 1805 2301 collidetur:
1825 2259 1848 2284 *

1030 2319 1130 2371 quia
1169 2318 1380 2359 Deminus
1426 2316 1630 2369 suppenit
1674 2328 1848 2356 manum

1028 2387 1159 2415 suam.

1077 2431 1102 2471 J
1104 2430 1230 2471 1111101·
1244 2429 1314 2479 fui,
1330 2429 1487 2470 etenim
1503 2428 1641 2469 senui:
1659 2428 1682 2453 *
1702 2432 1745 2468 et
1760 2439 1845 2467 non

1026 2485 1114 2528 vidi
1133 2487 1290 2537 justum
1309 2484 1579 2534 derelictum,
1598 2496 1678 2525 nec
1698 2495 1843 2524 semen

1027 2543 1115 2594 ejus
1136 2554 1334 2594 quaerens
1353 2553 1520 2593 panem.

1076 2599 1190 2639 Tota
1222 2597 1291 2638 die
1323 2597 1552 2638 miseretur
1584 2600 1627 2637 et
1655 2597 1840 2636 cemme—

1025 2654 1117 2696 dat:
1150 2655 1172 2679 *
1206 2658 1249 2694 et
1281 2666 1427 2694 semen
1458 2652 1571 2692 illius
1599 2652 1641 2691 in
1668 2648 1838 2692 benedi-

1025 2711 1166 2752 ctiene
1186 2709 1276 2751 erit.
