2040 2944
752 214 795 246 In
820 214 1071 249 Dedicatione
1097 216 1291 250 Ecclesiae.

164 307 224 348 tio
243 306 573 359 perambulante
597 307 640 347 in
664 306 871 348 tenebris:
890 307 913 332 *
933 306 987 347 ab

163 364 348 413 incursu,
369 368 411 404 et
431 363 649 404 daemonio
669 363 919 404 meridiano.

216 419 383 461 Cadent
403 433 428 460 a
447 420 584 461 latere
602 424 679 461 tuo
698 419 833 468 mille,
853 424 897 461 et
917 419 987 461 de-

164 489 258 518 cem
284 476 418 517 millia
445 489 470 517 a
498 475 662 517 dextris
689 476 789 517 tuis:
813 476 836 501 *
861 475 918 517 ad
944 481 988 517 te

163 538 309 574 autem
327 545 415 574 non
435 532 816 585 appropinquabit.

214 590 529 631 Verumtamen
562 589 700 630 oculis
730 589 816 630 tuis
851 589 986 629 consi-

165 646 355 688 derabis:
373 648 397 673 *
417 651 460 687 et
481 645 811 687 retributionem
835 658 987 697 pecca-

163 705 308 744 torum
327 702 507 744 videbis.

216 759 431 810 Quoniam
445 764 555 801 tu‘es
565 759 752 800 Domine
764 771 866 811 spes
877 771 988 799 mea:

164 817 187 842 *
227 816 501 857 Altissimum
547 815 734 868 posuisti
775 814 988 865 refugium

163 875 296 914 tuum.

214 929 314 970 Non
342 929 524 971 accedet
551 928 607 970 ad
635 934 678 970 te
707 929 882 970 malum:
901 929 924 954 *
945 933 988 970 et

163 985 383 1036 flagellum
409 998 498 1027 non
529 985 901 1038 appropinquabit
928 990 988 1026 ta—

162 1042 400 1084 bernaculo
419 1048 508 1084 tuo.

215 1099 429 1149 Quoniam
449 1099 629 1150 Angelis
654 1100 742 1140 suis
765 1099 989 1140 mandavit

163 1155 218 1197 de
237 1161 297 1197 te:
316 1156 339 1182 *
359 1161 407 1197 ut
435 1155 684 1197 custodiant
710 1161 753 1197 te
781 1157 824 1196 in
854 1156 986 1196 omni-

162 1211 244 1253 bus
263 1212 345 1253 viis
364 1213 460 1254 tuis.

213 1270 263 1309 In
295 1269 493 1311 manibus
525 1269 766 1323 portabunt
797 1274 855 1310 te:
882 1270 905 1294 *
933 1282 986 1310 ne

162 1326 275 1367 forte
302 1326 498 1368 offendas
526 1326 582 1368 ad
610 1325 801 1379 lapidem
828 1325 987 1378 pedem

162 1387 296 1424 tuum.

213 1440 353 1491 Super
390 1439 604 1492 aspidem,
655 1444 698 1481 et
734 1439 987 1480 basiliscum

162 1495 418 1537 ambulabis:
429 1497 452 1522 *
465 1501 507 1537 et
521 1495 799 1537 conculcabis
815 1495 987 1537 leonem

162 1557 206 1594 et
224 1552 470 1594 draconem.

215 1609 430 1659 Quoniam
448 1610 492 1649 in
511 1622 581 1651 me
601 1609 808 1662 speravit,
830 1608 984 1650 libera-

161 1666 219 1708 bo
240 1678 352 1707 eum:
367 1668 390 1693 *
405 1667 636 1718 protegam
652 1679 761 1715 eum,
782 1665 986 1718 quoniam

162 1722 370 1773 cognovit
388 1735 547 1763 nomen
565 1735 720 1763 meum.

214 1778 429 1820 Clamabit
460 1778 516 1820 ad
547 1791 631 1829 me,
669 1783 712 1820 et
743 1791 823 1830 ego
858 1782 985 1820 exau—

162 1835 278 1876 diam
303 1848 416 1876 eum:
435 1836 458 1862 *
480 1848 579 1876 cum
602 1835 698 1888 ipso
725 1848 821 1876 sum
845 1836 891 1876 in
914 1836 985 1876 tri-

159 1891 398 1933 bulatione:
427 1891 607 1944 eripiam
633 1904 732 1932 eum
758 1897 801 1933 et
825 1892 984 1943 glorifi-

161 1947 272 1990 cabo
294 1961 402 1989 eum.
509 1947 511 1949 ’

211 2008 502 2065 Longitudine
569 2009 736 2051 dierum
803 2009 984 2062 replebo

161 2079 273 2107 eum:
304 2068 327 2093 *
360 2070 403 2107 et
441 2065 670 2107 ostendam
701 2066 763 2107 illi
794 2066 983 2108 salutare

159 2135 314 2164 meum.

212 2185 309 2225 Ant.
331 2184 414 2235 Qui
433 2183 600 2225 habitat
617 2183 661 2224 in
681 2182 895 2235 adjutorio
911 2183 983 2224 Al-

159 2240 330 2289 tissimi,
371 2240 415 2280 in
453 2240 726 2292 protectione
764 2240 847 2289 Dei
884 2239 983 2281 coeli

161 2297 512 2338 commorabitur.

210 2362 309 2403 Ant.
353 2361 586 2414 Templum
619 2361 796 2402 Domini
827 2361 850 2387 *
889 2373 982 2401 san-

161 2421 277 2458 ctum
309 2423 390 2468 est,
421 2418 504 2459 Dei
536 2421 753 2459 structura
786 2422 867 2466 est,
898 2417 982 2457 Dei

161 2473 392 2516 aedificatio
413 2479 488 2516 est.

432 2554 629 2594 Psalmus
649 2555 713 2594 95.

163 2615 382 2723 Cantate
420 2629 609 2670 Domino
653 2629 869 2671 canticum
907 2641 981 2669 no-

249 2698 365 2726 vum:
383 2687 407 2712 *
427 2688 597 2728 cantate
622 2686 812 2728 Domino
839 2685 980 2726 omnis

159 2746 285 2783 terra.

1771 212 1862 257 [119]

1093 306 1274 348 Cantate
1303 308 1510 357 Domino,
1547 313 1590 349 et
1619 308 1863 351 benedicite

1040 363 1204 403 nomini
1224 365 1328 415 ejus:
1347 365 1370 390 *
1390 365 1640 406 annuntiate
1660 365 1714 407 de
1735 365 1805 407 die
1821 366 1863 406 in

1041 419 1157 460 diem
1177 420 1365 462 salutare
1386 422 1486 473 ejus.

1092 480 1359 522 Annuntiate
1373 482 1485 523 inter
1501 482 1667 523 Gentes
1681 483 1864 534 gloriam

1041 537 1145 587 erS,
1165 538 1188 562 *
1207 538 1250 578 in
1274 537 1474 579 omnibus
1498 538 1674 591 populis
1693 539 1863 581 mirabi-

1040 593 1096 634 lia
1116 595 1216 645 ejus.

1093 655 1307 704 Quoniam
1338 668 1521 707 magnus
1548 657 1778 707 DominuS,
1821 662 1864 698 et

1040 710 1270 752 laudabilis
1290 712 1430 752 nimis:
1449 712 1472 738 *
1491 713 1695 755 terribilis
1716 719 1782 755 est
1799 727 1864 754 su-

1039 780 1118 820 per
1138 781 1290 809 omnes
1310 768 1428 810 deos.

1090 830 1305 879 Quoniam
1321 843 1472 871 omnes
1488 830 1547 872 dii
1559 831 1764 871 Gentium
1780 830 1864 872 dae-

1040 886 1200 926 monia:
1236 886 1258 911 *
1296 887 1509 928 Dominus
1547 892 1691 928 autem
1728 887 1864 928 coelos

1040 941 1152 983 fecit.

1094 1003 1331 1054 Confessio,
1351 1009 1394 1045 et
1412 1004 1690 1057 pulchritudo
1706 1005 1749 1044 in
1765 1017 1863 1045 con-

1042 1061 1196 1112 spectu
1225 1061 1331 1112 ejus:
1350 1061 1373 1086 *
1394 1061 1678 1102 sanctimonia
1707 1066 1749 1102 et
1776 1074 1862 1102 ma-

1039 1116 1288 1166 gnificentia
1307 1117 1710 1159 in'sanctifieatione
1731 1118 1831 1169 ejus.

1094 1176 1260 1218 Afferte
1274 1178 1463 1219 Domino
1482 1178 1635 1231 patriae
1648 1178 1864 1228 Gentium,

1041 1233 1191 1275 afferte
1218 1234 1408 1275 Domino
1439 1235 1622 1285 gloriam
1655 1239 1698 1276 et
1729 1234 1863 1275 hono-

1041 1303 1146 1332 rem:
1166 1292 1189 1316 *
1209 1291 1359 1332 afferte
1378 1291 1567 1332 Domino
1589 1292 1772 1343 gloriam
1789 1294 1862 1333 no-

1039 1361 1142 1387 m1n1
1163 1360 1264 1399 ejus.

1091 1408 1252 1450 Tollite
1262 1409 1438 1458 hostias,
1459 1414 1501 1450 et
1514 1409 1690 1450 introite
1701 1410 1744 1449 in
1755 1409 1864 1450 atria

1040 1466 1144 1517 ejus:
1164 1466 1187 1490 *
1212 1465 1392 1507 adorate
1419 1466 1656 1506 Dominum
1680 1466 1723 1506 in
1752 1466 1862 1507 atrio

1041 1527 1192 1564 sancto
1213 1523 1314 1574 ejus.

1093 1584 1430 1625 Commoveatur
1463 1597 1488 1625 a
1520 1583 1628 1624 facie
1657 1584 1746 1635 ejus
1775 1583 1862 1624 uni-

1039 1642 1166 1681 versa
1196 1645 1332 1681 terra:
1359 1641 1382 1665 *
1410 1640 1540 1682 dicite
1572 1640 1616 1680 in
1650 1639 1862 1680 Gentibus

1041 1697 1141 1749 quia
1159 1697 1374 1738 Dominus
1393 1696 1599 1747 regnavit.

1090 1757 1263 1798 Etenim
1306 1757 1494 1798 correxit
1539 1756 1691 1798 orbem
1732 1761 1861 1797 terrae

1040 1814 1113 1866 qui
1131 1827 1218 1855 non
1234 1813 1592 1855 commovebitur:
1611 1813 1634 1838 *
1655 1811 1861 1864 judicabit

1037 1870 1227 1923 populos
1246 1871 1290 1911 in
1309 1870 1527 1923 aequitate.

1088 1932 1312 1973 Laetentur
1332 1931 1447 1980 coeli,
1467 1935 1509 1972 et
1528 1930 1715 1972 exsultet
1733 1934 1859 1979 terra,

1038 1990 1366 2031 commoveatur
1392 2000 1528 2037 mare,
1561 1991 1604 2029 et
1631 1985 1858 2039 plenitudo

1039 2046 1142 2097 ejus:
1161 2046 1184 2071 *
1204 2044 1454 2096 gaudebunt
1474 2043 1630 2096 campi,
1651 2047 1695 2084 et
1714 2042 1858 2084 omnia

1039 2115 1136 2154 quae
1155 2102 1199 2143 in
1219 2102 1280 2143 eis
1299 2106 1409 2142 sunt.

1088 2163 1212 2204 Tunc
1248 2161 1527 2204 exsultabunt
1564 2161 1708 2203 omnia
1743 2159 1858 2210 ligna

1038 2219 1242 2260 silvarum
1268 2231 1292 2260 a
1318 2218 1428 2259 facie
1447 2218 1639 2266 Domini,
1664 2216 1764 2268 quia
1787 2228 1856 2257 ve-

1035 2276 1111 2317 nit:
1130 2277 1153 2301 *
1179 2275 1383 2328 quoniam
1411 2274 1531 2315 venit
1557 2273 1747 2326 judicare
1774 2276 1856 2313 ter-

1035 2345 1138 2373 ram.

1086 2393 1110 2433 J
1113 2391 1308 2434 udicabit
1335 2391 1486 2433 orbem
1509 2395 1638 2432 terrae
1662 2391 1706 2431 in
1726 2390 1855 2443 aequi-

1034 2451 1134 2498 tate,
1153 2449 1177 2474 *
1196 2453 1239 2489 et
1255 2447 1444 2500 populos
1463 2447 1507 2488 in
1525 2447 1708 2489 veritate
1727 2459 1814 2488 sua.

1086 2511 1185 2550 Ant.
1218 2508 1444 2561 Templum
1461 2508 1638 2549 Domini
1658 2512 1854 2549 sanctum

1034 2571 1110 2615 est,
1128 2565 1212 2607 Dei
1231 2567 1448 2606 structura
1467 2569 1543 2614 est,
1567 2564 1651 2605 Dei
1669 2563 1853 2605 aedifica-

1033 2623 1095 2663 tio
1117 2626 1192 2663 est.
1604 2659 1606 2663 ,

1086 2684 1183 2724 Ant.
1212 2681 1451 2723 Benedicta
1468 2681 1492 2707 *
1510 2681 1648 2732 gloria
1665 2677 1850 2727 Domini,

982 2778 984 2781 .
1033 2739 1088 2782 de
1106 2739 1205 2781 loco
1225 2743 1375 2780 sancto
1395 2751 1485 2788 suo,
1505 2737 1683 2789 alleluja.
