<?xml version="1.0" encoding="UTF-8"?>
<!DOCTYPE html PUBLIC "-//W3C//DTD XHTML 1.0 Transitional//EN"
    "http://www.w3.org/TR/xhtml1/DTD/xhtml1-transitional.dtd">
<html xmlns="http://www.w3.org/1999/xhtml" xml:lang="en" lang="en">
 <head>
  <title>
</title>
<meta http-equiv="Content-Type" content="text/html;charset=utf-8" />
  <meta name='ocr-system' content='tesseract 3.04.00' />
  <meta name='ocr-capabilities' content='ocr_page ocr_carea ocr_par ocr_line ocrx_word'/>
</head>
<body>
  <div class='ocr_page' id='page_1' title='image "./p4breviariumroma00cathuoft_0476.png"; bbox 0 0 2040 2944; ppageno 0'>
   <div class='ocr_carea' id='block_1_1' title="bbox 594 171 1466 213">
    <p class='ocr_par' dir='ltr' id='par_1_1' title="bbox 594 171 1466 213">
     <span class='ocr_line' id='line_1_1' title="bbox 594 171 1466 213; baseline -0.002 -7"><span class='ocrx_word' id='word_1_1' title='bbox 594 174 665 206; x_wconf 86' lang='lat' dir='ltr'>Die</span> <span class='ocrx_word' id='word_1_2' title='bbox 690 173 742 206; x_wconf 75' lang='lat'>22.</span> <span class='ocrx_word' id='word_1_3' title='bbox 768 173 865 206; x_wconf 70' lang='lat' dir='ltr'>Nov.</span> <span class='ocrx_word' id='word_1_4' title='bbox 913 172 947 206; x_wconf 74' lang='lat' dir='ltr'>S.</span> <span class='ocrx_word' id='word_1_5' title='bbox 975 172 1145 206; x_wconf 57' lang='lat' dir='ltr'>Caeciliae</span> <span class='ocrx_word' id='word_1_6' title='bbox 1171 171 1273 213; x_wconf 67' lang='lat' dir='ltr'>Yirg.</span> <span class='ocrx_word' id='word_1_7' title='bbox 1297 177 1333 205; x_wconf 75' lang='lat' dir='ltr'>ct</span> <span class='ocrx_word' id='word_1_8' title='bbox 1358 171 1466 205; x_wconf 78' lang='lat' dir='ltr'>Mart.</span> 
     </span>
    </p>
   </div>
   <div class='ocr_carea' id='block_1_2' title="bbox 261 272 908 464">
    <p class='ocr_par' dir='ltr' id='par_1_2' title="bbox 261 272 908 464">
     <span class='ocr_line' id='line_1_2' title="bbox 351 272 816 316; baseline -0.006 0"><span class='ocrx_word' id='word_1_9' title='bbox 351 274 435 316; x_wconf 92' lang='lat' dir='ltr'>Die</span> <span class='ocrx_word' id='word_1_10' title='bbox 454 275 519 315; x_wconf 87' lang='grc'>22.</span> <span class='ocrx_word' id='word_1_11' title='bbox 537 272 816 315; x_wconf 87' lang='lat' dir='ltr'>Novembris.</span> 
     </span>
     <span class='ocr_line' id='line_1_3' title="bbox 261 346 908 394; baseline -0.008 -4"><span class='ocrx_word' id='word_1_12' title='bbox 261 349 304 390; x_wconf 88' lang='lat' dir='ltr'>S.</span> <span class='ocrx_word' id='word_1_13' title='bbox 330 346 542 389; x_wconf 86' lang='lat' dir='ltr'>Gaeciliae</span> <span class='ocrx_word' id='word_1_14' title='bbox 568 347 687 394; x_wconf 66' lang='lat' dir='ltr'>virg.</span> <span class='ocrx_word' id='word_1_15' title='bbox 715 353 758 387; x_wconf 79' lang='lat' dir='ltr'>et</span> <span class='ocrx_word' id='word_1_16' title='bbox 784 347 908 386; x_wconf 79' lang='lat' dir='ltr'>Mart.</span> 
     </span>
     <span class='ocr_line' id='line_1_4' title="bbox 500 421 664 464; baseline 0 -10"><span class='ocrx_word' id='word_1_17' title='bbox 500 421 664 464; x_wconf 79' lang='lat' dir='ltr'>Duplex.</span> 
     </span>
    </p>
   </div>
   <div class='ocr_carea' id='block_1_3' title="bbox 168 493 1004 1044">
    <p class='ocr_par' dir='ltr' id='par_1_3' title="bbox 387 493 778 544">
     <span class='ocr_line' id='line_1_5' title="bbox 387 493 778 544; baseline -0.003 -9"><span class='ocrx_word' id='word_1_18' title='bbox 387 495 448 535; x_wconf 90' lang='lat' dir='ltr'>In</span> <span class='ocrx_word' id='word_1_19' title='bbox 468 495 504 536; x_wconf 91' lang='grc' dir='ltr'>Ι.</span> <span class='ocrx_word' id='word_1_20' title='bbox 525 493 778 544; x_wconf 79' lang='lat' dir='ltr'><strong>vesperis.</strong></span> 
     </span>
    </p>

    <p class='ocr_par' dir='ltr' id='par_1_4' title="bbox 168 568 999 757">
     <span class='ocr_line' id='line_1_6' title="bbox 218 568 998 612; baseline -0.003 -9"><span class='ocrx_word' id='word_1_21' title='bbox 218 571 257 603; x_wconf 65' lang='lat' dir='ltr'>si</span> <span class='ocrx_word' id='word_1_22' title='bbox 276 570 301 603; x_wconf 92' lang='lat' dir='ltr'>I.</span> <span class='ocrx_word' id='word_1_23' title='bbox 320 570 506 612; x_wconf 59' lang='lat' dir='ltr'>Vesperae</span> <span class='ocrx_word' id='word_1_24' title='bbox 531 569 707 601; x_wconf 71' lang='lat' dir='ltr'>dicendae</span> <span class='ocrx_word' id='word_1_25' title='bbox 730 568 805 601; x_wconf 74' lang='lat' dir='ltr'>sint</span> <span class='ocrx_word' id='word_1_26' title='bbox 828 568 998 609; x_wconf 63' lang='lat' dir='ltr'>integrae,</span> 
     </span>
     <span class='ocr_line' id='line_1_7' title="bbox 168 617 998 660; baseline -0.002 -8"><span class='ocrx_word' id='word_1_27' title='bbox 168 622 269 653; x_wconf 63' lang='lat' dir='ltr'>Ant..</span> <span class='ocrx_word' id='word_1_28' title='bbox 304 618 396 660; x_wconf 75' lang='lat' dir='ltr'>Cup.</span> <span class='ocrx_word' id='word_1_29' title='bbox 428 622 463 651; x_wconf 82' lang='lat' dir='ltr'>ct</span> <span class='ocrx_word' id='word_1_30' title='bbox 493 617 631 660; x_wconf 72' lang='lat' dir='ltr'>llymn.</span> <span class='ocrx_word' id='word_1_31' title='bbox 664 623 773 651; x_wconf 75' lang='lat' dir='ltr'>crunt</span> <span class='ocrx_word' id='word_1_32' title='bbox 804 618 850 651; x_wconf 84' lang='lat' dir='ltr'>de</span> <span class='ocrx_word' id='word_1_33' title='bbox 882 618 998 651; x_wconf 74' lang='lat' dir='ltr'>Laud.</span> 
     </span>
     <span class='ocr_line' id='line_1_8' title="bbox 168 665 999 709; baseline -0.004 -8"><span class='ocrx_word' id='word_1_34' title='bbox 168 666 246 709; x_wconf 79' lang='lat'>452;</span> <span class='ocrx_word' id='word_1_35' title='bbox 278 666 338 699; x_wconf 66' lang='lat' dir='ltr'>Ps.</span> <span class='ocrx_word' id='word_1_36' title='bbox 370 671 410 699; x_wconf 85' lang='lat' dir='ltr'>ut</span> <span class='ocrx_word' id='word_1_37' title='bbox 440 666 477 698; x_wconf 89' lang='lat' dir='ltr'>in</span> <span class='ocrx_word' id='word_1_38' title='bbox 508 665 533 698; x_wconf 84' lang='grc' dir='ltr'>Ι,</span> <span class='ocrx_word' id='word_1_39' title='bbox 571 665 686 707; x_wconf 71' lang='lat' dir='ltr'>Yesp.</span> <span class='ocrx_word' id='word_1_40' title='bbox 718 665 763 699; x_wconf 82' lang='lat' dir='ltr'>de</span> <span class='ocrx_word' id='word_1_41' title='bbox 794 666 999 699; x_wconf 86' lang='lat' dir='ltr'>Communi</span> 
     </span>
     <span class='ocr_line' id='line_1_9' title="bbox 168 712 371 757; baseline 0 -10"><span class='ocrx_word' id='word_1_42' title='bbox 168 715 270 757; x_wconf 67' lang='lat' dir='ltr'>Virg.</span> <span class='ocrx_word' id='word_1_43' title='bbox 298 712 371 756; x_wconf 85' lang='lat'><strong>[83]</strong></span> 
     </span>
    </p>

    <p class='ocr_par' dir='ltr' id='par_1_5' title="bbox 168 776 1004 1044">
     <span class='ocr_line' id='line_1_10' title="bbox 220 776 1003 825; baseline -0.001 -8"><span class='ocrx_word' id='word_1_44' title='bbox 220 776 291 818; x_wconf 73' lang='lat' dir='ltr'>Ad</span> <span class='ocrx_word' id='word_1_45' title='bbox 320 777 494 825; x_wconf 68' lang='lat' dir='ltr'>Magnis.</span> <span class='ocrx_word' id='word_1_46' title='bbox 532 776 632 816; x_wconf 79' lang='lat' dir='ltr'>Ant.</span> <span class='ocrx_word' id='word_1_47' title='bbox 674 776 755 816; x_wconf 86' lang='lat' dir='ltr'>Est</span> <span class='ocrx_word' id='word_1_48' title='bbox 784 776 1003 816; x_wconf 83' lang='lat' dir='ltr'>secretum</span> 
     </span>
     <span class='ocr_line' id='line_1_11' title="bbox 168 831 1003 885; baseline -0.004 -10"><span class='ocrx_word' id='word_1_49' title='bbox 168 833 422 883; x_wconf 66' lang='lat' dir='ltr'>Valeriane,</span> <span class='ocrx_word' id='word_1_50' title='bbox 460 832 581 885; x_wconf 91' lang='lat' dir='ltr'>quod</span> <span class='ocrx_word' id='word_1_51' title='bbox 604 832 685 875; x_wconf 88' lang='lat' dir='ltr'>tibi</span> <span class='ocrx_word' id='word_1_52' title='bbox 709 832 813 874; x_wconf 91' lang='lat' dir='ltr'>volo</span> <span class='ocrx_word' id='word_1_53' title='bbox 840 831 1003 874; x_wconf 83' lang='lat' dir='ltr'>dicere:</span> 
     </span>
     <span class='ocr_line' id='line_1_12' title="bbox 168 889 1003 941; baseline -0.002 -10"><span class='ocrx_word' id='word_1_54' title='bbox 168 890 389 941; x_wconf 86' lang='lat' dir='ltr'>Angelum</span> <span class='ocrx_word' id='word_1_55' title='bbox 429 890 513 931; x_wconf 94' lang='lat' dir='ltr'>Dei</span> <span class='ocrx_word' id='word_1_56' title='bbox 554 889 699 931; x_wconf 63' lang='lat' dir='ltr'>habeo</span> <span class='ocrx_word' id='word_1_57' title='bbox 743 891 1003 939; x_wconf 69' lang='lat' dir='ltr'>amatorem,</span> 
     </span>
     <span class='ocr_line' id='line_1_13' title="bbox 171 944 1004 999; baseline -0.002 -11"><span class='ocrx_word' id='word_1_58' title='bbox 171 947 245 999; x_wconf 94' lang='lat' dir='ltr'>qui</span> <span class='ocrx_word' id='word_1_59' title='bbox 288 946 423 988; x_wconf 88' lang='lat' dir='ltr'>nimio</span> <span class='ocrx_word' id='word_1_60' title='bbox 469 946 565 988; x_wconf 91' lang='lat' dir='ltr'>zelo</span> <span class='ocrx_word' id='word_1_61' title='bbox 607 944 804 988; x_wconf 83' lang='lat' dir='ltr'>custodit</span> <span class='ocrx_word' id='word_1_62' title='bbox 841 958 1004 998; x_wconf 90' lang='lat' dir='ltr'>corpus</span> 
     </span>
     <span class='ocr_line' id='line_1_14' title="bbox 170 1016 327 1044; baseline -0.006 0"><span class='ocrx_word' id='word_1_63' title='bbox 170 1016 327 1044; x_wconf 75' lang='lat' dir='ltr'>meum.</span> 
     </span>
    </p>
   </div>
   <div class='ocr_carea' id='block_1_4' title="bbox 168 1071 1008 1642">
    <p class='ocr_par' dir='ltr' id='par_1_6' title="bbox 169 1071 1005 1238">
     <span class='ocr_line' id='line_1_15' title="bbox 220 1071 1005 1126; baseline -0.003 -11"><span class='ocrx_word' id='word_1_64' title='bbox 220 1073 268 1122; x_wconf 67' lang='lat' dir='ltr'>,Y</span> <span class='ocrx_word' id='word_1_65' title='bbox 305 1073 462 1126; x_wconf 82' lang='lat' dir='ltr'>Specie</span> <span class='ocrx_word' id='word_1_66' title='bbox 493 1077 568 1114; x_wconf 85' lang='lat' dir='ltr'>tua</span> <span class='ocrx_word' id='word_1_67' title='bbox 602 1077 646 1114; x_wconf 92' lang='lat' dir='ltr'>et</span> <span class='ocrx_word' id='word_1_68' title='bbox 675 1071 1005 1124; x_wconf 81' lang='lat' dir='ltr'>pulchritudine</span> 
     </span>
     <span class='ocr_line' id='line_1_16' title="bbox 169 1127 1005 1184; baseline -0.002 -13"><span class='ocrx_word' id='word_1_69' title='bbox 169 1134 256 1171; x_wconf 84' lang='lat' dir='ltr'>tua.</span> <span class='ocrx_word' id='word_1_70' title='bbox 282 1132 333 1184; x_wconf 68' lang='lat' dir='ltr'>R».</span> <span class='ocrx_word' id='word_1_71' title='bbox 350 1128 549 1178; x_wconf 68' lang='lat' dir='ltr'>Intende,</span> <span class='ocrx_word' id='word_1_72' title='bbox 568 1131 783 1181; x_wconf 83' lang='lat' dir='ltr'>prospere</span> <span class='ocrx_word' id='word_1_73' title='bbox 798 1127 1005 1181; x_wconf 82' lang='lat' dir='ltr'>procede,</span> 
     </span>
     <span class='ocr_line' id='line_1_17' title="bbox 170 1191 379 1238; baseline 0 -11"><span class='ocrx_word' id='word_1_74' title='bbox 170 1191 214 1227; x_wconf 93' lang='lat' dir='ltr'>et</span> <span class='ocrx_word' id='word_1_75' title='bbox 233 1199 379 1238; x_wconf 87' lang='lat' dir='ltr'>regna.</span> 
     </span>
    </p>

    <p class='ocr_par' dir='ltr' id='par_1_7' title="bbox 168 1252 1008 1642">
     <span class='ocr_line' id='line_1_18' title="bbox 506 1252 670 1293; baseline -0.006 -1"><span class='ocrx_word' id='word_1_76' title='bbox 506 1252 670 1293; x_wconf 82' lang='lat' dir='ltr'>Oratio.</span> 
     </span>
     <span class='ocr_line' id='line_1_19' title="bbox 168 1313 1006 1419; baseline -0.002 -60"><span class='ocrx_word' id='word_1_77' title='bbox 168 1313 351 1419; x_wconf 83' lang='lat' dir='ltr'>Deus,</span> <span class='ocrx_word' id='word_1_78' title='bbox 380 1318 454 1370; x_wconf 93' lang='lat' dir='ltr'>qui</span> <span class='ocrx_word' id='word_1_79' title='bbox 478 1331 561 1359; x_wconf 92' lang='lat' dir='ltr'>nos</span> <span class='ocrx_word' id='word_1_80' title='bbox 587 1319 730 1358; x_wconf 66' lang='lat' dir='ltr'>annua</span> <span class='ocrx_word' id='word_1_81' title='bbox 747 1316 893 1358; x_wconf 65' lang='lat' dir='ltr'>beatae</span> <span class='ocrx_word' id='word_1_82' title='bbox 915 1316 1006 1357; x_wconf 85' lang='lat' dir='ltr'>Cae-</span> 
     </span>
     <span class='ocr_line' id='line_1_20' title="bbox 271 1373 1007 1426; baseline -0.004 -10"><span class='ocrx_word' id='word_1_83' title='bbox 271 1374 382 1416; x_wconf 84' lang='lat' dir='ltr'>ciliae</span> <span class='ocrx_word' id='word_1_84' title='bbox 402 1374 597 1426; x_wconf 84' lang='lat' dir='ltr'>Virginis</span> <span class='ocrx_word' id='word_1_85' title='bbox 622 1379 666 1415; x_wconf 91' lang='lat' dir='ltr'>et</span> <span class='ocrx_word' id='word_1_86' title='bbox 688 1373 896 1425; x_wconf 66' lang='lat' dir='ltr'>Martyris</span> <span class='ocrx_word' id='word_1_87' title='bbox 918 1378 1007 1414; x_wconf 84' lang='lat' dir='ltr'>tuae</span> 
     </span>
     <span class='ocr_line' id='line_1_21' title="bbox 171 1429 1008 1481; baseline -0.005 -9"><span class='ocrx_word' id='word_1_88' title='bbox 171 1431 451 1473; x_wconf 64' lang='lat' dir='ltr'>solemnitate</span> <span class='ocrx_word' id='word_1_89' title='bbox 469 1431 687 1473; x_wconf 80' lang='lat' dir='ltr'>laetificas:</span> <span class='ocrx_word' id='word_1_90' title='bbox 712 1429 783 1479; x_wconf 86' lang='lat' dir='ltr'>da,</span> <span class='ocrx_word' id='word_1_91' title='bbox 807 1434 856 1470; x_wconf 93' lang='lat' dir='ltr'>ut</span> <span class='ocrx_word' id='word_1_92' title='bbox 876 1441 1008 1481; x_wconf 87' lang='lat' dir='ltr'>quam</span> 
     </span>
     <span class='ocr_line' id='line_1_22' title="bbox 171 1486 1007 1539; baseline -0.005 -10"><span class='ocrx_word' id='word_1_93' title='bbox 171 1490 434 1529; x_wconf 67' lang='lat' dir='ltr'>veneramur</span> <span class='ocrx_word' id='word_1_94' title='bbox 455 1487 618 1536; x_wconf 88' lang='lat' dir='ltr'>officio,</span> <span class='ocrx_word' id='word_1_95' title='bbox 644 1487 776 1528; x_wconf 84' lang='lat' dir='ltr'>etiam</span> <span class='ocrx_word' id='word_1_96' title='bbox 799 1486 886 1539; x_wconf 87' lang='lat' dir='ltr'>piae</span> <span class='ocrx_word' id='word_1_97' title='bbox 906 1498 1007 1526; x_wconf 93' lang='lat' dir='ltr'>con—</span> 
     </span>
     <span class='ocr_line' id='line_1_23' title="bbox 171 1542 1008 1595; baseline -0.004 -10"><span class='ocrx_word' id='word_1_98' title='bbox 171 1544 436 1586; x_wconf 68' lang='lat' dir='ltr'>versationis</span> <span class='ocrx_word' id='word_1_99' title='bbox 496 1546 735 1595; x_wconf 64' lang='lat' dir='ltr'>sequamur</span> <span class='ocrx_word' id='word_1_100' title='bbox 792 1542 1008 1594; x_wconf 81' lang='lat' dir='ltr'>exemplo.</span> 
     </span>
     <span class='ocr_line' id='line_1_24' title="bbox 171 1601 531 1642; baseline 0.003 -1"><span class='ocrx_word' id='word_1_101' title='bbox 171 1601 256 1642; x_wconf 91' lang='lat' dir='ltr'>Per</span> <span class='ocrx_word' id='word_1_102' title='bbox 280 1601 531 1642; x_wconf 81' lang='lat' dir='ltr'>D6minum.</span> 
     </span>
    </p>
   </div>
   <div class='ocr_carea' id='block_1_5' title="bbox 351 1694 829 1736">
    <p class='ocr_par' dir='ltr' id='par_1_8' title="bbox 351 1694 829 1736">
     <span class='ocr_line' id='line_1_25' title="bbox 351 1694 829 1736; baseline 0.002 -1"><span class='ocrx_word' id='word_1_103' title='bbox 351 1694 437 1735; x_wconf 84' lang='lat' dir='ltr'>Ad</span> <span class='ocrx_word' id='word_1_104' title='bbox 463 1694 829 1736; x_wconf 82' lang='lat' dir='ltr'>Matutinum.</span> 
     </span>
    </p>
   </div>
   <div class='ocr_carea' id='block_1_6' title="bbox 172 1766 1008 1871">
    <p class='ocr_par' dir='ltr' id='par_1_9' title="bbox 172 1766 1008 1871">
     <span class='ocr_line' id='line_1_26' title="bbox 220 1766 1008 1817; baseline 0.003 -11"><span class='ocrx_word' id='word_1_105' title='bbox 220 1766 391 1807; x_wconf 80' lang='lat' dir='ltr'>Invitat.</span> <span class='ocrx_word' id='word_1_106' title='bbox 430 1767 594 1816; x_wconf 85' lang='lat' dir='ltr'><strong>Regem</strong></span> <span class='ocrx_word' id='word_1_107' title='bbox 608 1766 841 1817; x_wconf 89' lang='lat' dir='ltr'>Virginum</span> <span class='ocrx_word' id='word_1_108' title='bbox 859 1766 1008 1808; x_wconf 66' lang='lat' dir='ltr'>Demi-</span> 
     </span>
     <span class='ocr_line' id='line_1_27' title="bbox 172 1820 782 1871; baseline 0.002 -9"><span class='ocrx_word' id='word_1_109' title='bbox 172 1835 286 1871; x_wconf 87' lang='lat' dir='ltr'>num,</span> <span class='ocrx_word' id='word_1_110' title='bbox 304 1824 326 1846; x_wconf 89' lang='lat'>*</span> <span class='ocrx_word' id='word_1_111' title='bbox 350 1822 512 1863; x_wconf 90' lang='lat' dir='ltr'>Venite</span> <span class='ocrx_word' id='word_1_112' title='bbox 534 1820 782 1863; x_wconf 74' lang='lat' dir='ltr'>adoremus.</span> 
     </span>
    </p>
   </div>
   <div class='ocr_carea' id='block_1_7' title="bbox 221 1891 852 1941">
    <p class='ocr_par' dir='ltr' id='par_1_10' title="bbox 221 1891 852 1941">
     <span class='ocr_line' id='line_1_28' title="bbox 221 1891 852 1941; baseline -0.002 -8"><span class='ocrx_word' id='word_1_113' title='bbox 221 1894 288 1933; x_wconf 84' lang='lat' dir='ltr'>Ps.</span> <span class='ocrx_word' id='word_1_114' title='bbox 327 1894 492 1941; x_wconf 88' lang='lat' dir='ltr'>Venite,</span> <span class='ocrx_word' id='word_1_115' title='bbox 514 1891 795 1934; x_wconf 80' lang='lat' dir='ltr'>exsultemus.</span> <span class='ocrx_word' id='word_1_116' title='bbox 815 1893 852 1933; x_wconf 89' lang='grc'>2.</span> 
     </span>
    </p>
   </div>
   <div class='ocr_carea' id='block_1_8' title="bbox 483 1979 694 2029">
    <p class='ocr_par' dir='ltr' id='par_1_11' title="bbox 483 1979 694 2029">
     <span class='ocr_line' id='line_1_29' title="bbox 483 1979 694 2029; baseline -0.005 -11"><span class='ocrx_word' id='word_1_117' title='bbox 483 1979 694 2029; x_wconf 73' lang='lat' dir='ltr'>Hymnus.</span> 
     </span>
    </p>
   </div>
   <div class='ocr_carea' id='block_1_9' title="bbox 173 2042 1008 2154">
    <p class='ocr_par' dir='ltr' id='par_1_12' title="bbox 173 2042 1008 2154">
     <span class='ocr_line' id='line_1_30' title="bbox 173 2042 1008 2149; baseline 0.005 -62"><span class='ocrx_word' id='word_1_118' title='bbox 173 2042 418 2149; x_wconf 83' lang='lat' dir='ltr'>Virginis</span> <span class='ocrx_word' id='word_1_119' title='bbox 442 2047 615 2146; x_wconf 37' lang='lat' dir='ltr'>Pro-les,</span> <span class='ocrx_word' id='word_1_120' title='bbox 645 2048 896 2101; x_wconf 79' lang='lat' dir='ltr'>Opifexque</span> <span class='ocrx_word' id='word_1_121' title='bbox 918 2049 1008 2091; x_wconf 87' lang='lat' dir='ltr'>Ma·</span> 
     </span>
     <span class='ocr_line' id='line_1_31' title="bbox 506 2118 575 2154; baseline 0.014 -9"><span class='ocrx_word' id='word_1_122' title='bbox 506 2118 575 2154; x_wconf 83' lang='lat' dir='ltr'>ris,</span> 
     </span>
    </p>
   </div>
   <div class='ocr_carea' id='block_1_10' title="bbox 226 2162 1178 2215">
    <p class='ocr_par' dir='ltr' id='par_1_13' title="bbox 226 2162 1178 2215">
     <span class='ocr_line' id='line_1_32' title="bbox 226 2162 1178 2215; baseline -0.03 6"><span class='ocrx_word' id='word_1_123' title='bbox 226 2163 365 2213; x_wconf 71' lang='lat' dir='ltr'>Virgo</span> <span class='ocrx_word' id='word_1_124' title='bbox 396 2175 528 2215; x_wconf 64' lang='lat' dir='ltr'>quem</span> <span class='ocrx_word' id='word_1_125' title='bbox 559 2162 713 2212; x_wconf 74' lang='lat' dir='ltr'>gessit,</span> <span class='ocrx_word' id='word_1_126' title='bbox 743 2164 1008 2214; x_wconf 79' lang='lat' dir='ltr'>peperitque</span> <span class='ocrx_word' id='word_1_127' title='bbox 1074 2168 1127 2201; x_wconf 28' lang='lat' dir='ltr'>*ff-2</span> <span class='ocrx_word' id='word_1_128' title='bbox 1159 2174 1178 2209; x_wconf 46' lang='lat'>3.</span> 
     </span>
    </p>
   </div>
   <div class='ocr_carea' id='block_1_11' title="bbox 226 2218 1009 2384">
    <p class='ocr_par' dir='ltr' id='par_1_14' title="bbox 226 2218 1009 2384">
     <span class='ocr_line' id='line_1_33' title="bbox 486 2218 644 2260; baseline -0.006 0"><span class='ocrx_word' id='word_1_129' title='bbox 486 2218 567 2260; x_wconf 90' lang='lat' dir='ltr'>Vir</span> <span class='ocrx_word' id='word_1_130' title='bbox 599 2231 644 2259; x_wconf 94' lang='lat' dir='ltr'>o·</span> 
     </span>
     <span class='ocr_line' id='line_1_34' title="bbox 226 2231 1009 2329; baseline 0.001 -13"><span class='ocrx_word' id='word_1_131' title='bbox 226 2276 420 2327; x_wconf 81' lang='lat' dir='ltr'>Virginis</span> <span class='ocrx_word' id='word_1_132' title='bbox 444 2231 598 2329; x_wconf 48' lang='lat' dir='ltr'>parmi</span> <span class='ocrx_word' id='word_1_133' title='bbox 624 2250 821 2317; x_wconf 62' lang='lat' dir='ltr'>canimus</span> <span class='ocrx_word' id='word_1_134' title='bbox 846 2275 1009 2318; x_wconf 82' lang='lat' dir='ltr'>decora</span> 
     </span>
     <span class='ocr_line' id='line_1_35' title="bbox 332 2331 754 2384; baseline -0.005 -10"><span class='ocrx_word' id='word_1_135' title='bbox 332 2333 476 2374; x_wconf 91' lang='lat' dir='ltr'>Morte</span> <span class='ocrx_word' id='word_1_136' title='bbox 496 2331 754 2384; x_wconf 79' lang='lat' dir='ltr'>triumphos.</span> 
     </span>
    </p>
   </div>
   <div class='ocr_carea' id='block_1_12' title="bbox 178 2418 1010 2752">
    <p class='ocr_par' dir='ltr' id='par_1_15' title="bbox 178 2418 1010 2640">
     <span class='ocr_line' id='line_1_36' title="bbox 178 2418 964 2471; baseline 0 -10"><span class='ocrx_word' id='word_1_137' title='bbox 178 2421 289 2461; x_wconf 88' lang='lat' dir='ltr'>Haec</span> <span class='ocrx_word' id='word_1_138' title='bbox 308 2419 423 2460; x_wconf 90' lang='lat' dir='ltr'>enim</span> <span class='ocrx_word' id='word_1_139' title='bbox 443 2419 604 2471; x_wconf 86' lang='lat' dir='ltr'>palmae</span> <span class='ocrx_word' id='word_1_140' title='bbox 623 2418 813 2471; x_wconf 74' lang='lat' dir='ltr'>dliplicis</span> <span class='ocrx_word' id='word_1_141' title='bbox 832 2419 964 2461; x_wconf 69' lang='lat' dir='ltr'>beeita</span> 
     </span>
     <span class='ocr_line' id='line_1_37' title="bbox 226 2474 1010 2543; baseline 0.001 -26"><span class='ocrx_word' id='word_1_142' title='bbox 226 2476 375 2524; x_wconf 89' lang='lat' dir='ltr'>Sorte,</span> <span class='ocrx_word' id='word_1_143' title='bbox 413 2474 516 2516; x_wconf 92' lang='lat' dir='ltr'>dum</span> <span class='ocrx_word' id='word_1_144' title='bbox 544 2476 676 2543; x_wconf 77' lang='lat' dir='ltr'>gestit</span> <span class='ocrx_word' id='word_1_145' title='bbox 704 2476 905 2526; x_wconf 63' lang='lat' dir='ltr'>fragilem</span> <span class='ocrx_word' id='word_1_146' title='bbox 934 2475 1010 2518; x_wconf 92' lang='lat' dir='ltr'>do-</span> 
     </span>
     <span class='ocr_line' id='line_1_38' title="bbox 230 2544 1010 2640; baseline 0.001 -11"><span class='ocrx_word' id='word_1_147' title='bbox 230 2587 443 2640; x_wconf 83' lang='lat' dir='ltr'>C6rporis</span> <span class='ocrx_word' id='word_1_148' title='bbox 468 2544 640 2637; x_wconf 45' lang='lat' dir='ltr'>sglxalirz,</span> <span class='ocrx_word' id='word_1_149' title='bbox 671 2588 841 2630; x_wconf 69' lang='lat' dir='ltr'>domuit</span> <span class='ocrx_word' id='word_1_150' title='bbox 861 2590 1010 2630; x_wconf 84' lang='lat' dir='ltr'>cruen-</span> 
     </span>
    </p>

    <p class='ocr_par' dir='ltr' id='par_1_16' title="bbox 335 2649 734 2752">
     <span class='ocr_line' id='line_1_39' title="bbox 335 2649 734 2752; baseline -0.005 -10"><span class='ocrx_word' id='word_1_151' title='bbox 335 2700 468 2742; x_wconf 89' lang='lat' dir='ltr'>Caede</span> <span class='ocrx_word' id='word_1_152' title='bbox 489 2649 734 2752; x_wconf 46' lang='grc' dir='ltr'>ἔξιᾞὶηηιιω.</span> 
     </span>
    </p>
   </div>
   <div class='ocr_carea' id='block_1_13' title="bbox 1056 269 1886 437">
    <p class='ocr_par' dir='ltr' id='par_1_17' title="bbox 1056 269 1886 437">
     <span class='ocr_line' id='line_1_40' title="bbox 1056 269 1885 334; baseline 0 -23"><span class='ocrx_word' id='word_1_153' title='bbox 1056 269 1181 312; x_wconf 86' lang='lat' dir='ltr'>Unde</span> <span class='ocrx_word' id='word_1_154' title='bbox 1200 283 1283 312; x_wconf 92' lang='lat' dir='ltr'>nec</span> <span class='ocrx_word' id='word_1_155' title='bbox 1300 275 1500 334; x_wconf 71' lang='lat' dir='ltr'>mortem,</span> <span class='ocrx_word' id='word_1_156' title='bbox 1518 283 1601 313; x_wconf 90' lang='lat' dir='ltr'>nec</span> <span class='ocrx_word' id='word_1_157' title='bbox 1619 273 1759 313; x_wconf 84' lang='lat' dir='ltr'>amica</span> <span class='ocrx_word' id='word_1_158' title='bbox 1770 283 1885 312; x_wconf 89' lang='lat' dir='ltr'>mor-</span> 
     </span>
     <span class='ocr_line' id='line_1_41' title="bbox 1364 331 1421 368; baseline -0.018 0"><span class='ocrx_word' id='word_1_159' title='bbox 1364 331 1421 368; x_wconf 81' lang='lat' dir='ltr'>tls</span> 
     </span>
     <span class='ocr_line' id='line_1_42' title="bbox 1106 382 1886 437; baseline 0.001 -14"><span class='ocrx_word' id='word_1_160' title='bbox 1106 382 1225 424; x_wconf 92' lang='lat' dir='ltr'>Mille</span> <span class='ocrx_word' id='word_1_161' title='bbox 1252 385 1486 436; x_wconf 65' lang='lat' dir='ltr'>poenarum</span> <span class='ocrx_word' id='word_1_162' title='bbox 1513 385 1675 434; x_wconf 84' lang='lat' dir='ltr'>genera</span> <span class='ocrx_word' id='word_1_163' title='bbox 1699 385 1886 437; x_wconf 80' lang='lat' dir='ltr'>expave-</span> 
     </span>
    </p>
   </div>
   <div class='ocr_carea' id='block_1_14' title="bbox 1107 451 1888 595">
    <p class='ocr_par' dir='ltr' id='par_1_18' title="bbox 1107 451 1888 595">
     <span class='ocr_line' id='line_1_43' title="bbox 1107 451 1888 548; baseline -0.001 -9"><span class='ocrx_word' id='word_1_164' title='bbox 1107 496 1326 548; x_wconf 69' lang='lat' dir='ltr'>Sanguine</span> <span class='ocrx_word' id='word_1_165' title='bbox 1347 451 1667 538; x_wconf 41' lang='lat' dir='ltr'>effgglg’mgmst</span> <span class='ocrx_word' id='word_1_166' title='bbox 1686 498 1888 538; x_wconf 82' lang='lat' dir='ltr'>serenum</span> 
     </span>
     <span class='ocr_line' id='line_1_44' title="bbox 1211 551 1629 595; baseline -0.005 0"><span class='ocrx_word' id='word_1_167' title='bbox 1211 551 1434 595; x_wconf 63' lang='lat' dir='ltr'>Scandere</span> <span class='ocrx_word' id='word_1_168' title='bbox 1457 552 1629 594; x_wconf 90' lang='lat' dir='ltr'>coelum.</span> 
     </span>
    </p>
   </div>
   <div class='ocr_carea' id='block_1_15' title="bbox 1058 617 1890 830">
    <p class='ocr_par' dir='ltr' id='par_1_19' title="bbox 1058 617 1890 784">
     <span class='ocr_line' id='line_1_45' title="bbox 1058 617 1770 670; baseline -0.001 -11"><span class='ocrx_word' id='word_1_169' title='bbox 1058 619 1195 670; x_wconf 86' lang='lat' dir='ltr'>Hujus</span> <span class='ocrx_word' id='word_1_170' title='bbox 1216 620 1344 659; x_wconf 61' lang='lat' dir='ltr'>oratu</span> <span class='ocrx_word' id='word_1_171' title='bbox 1363 617 1486 659; x_wconf 91' lang='lat' dir='ltr'>Deus</span> <span class='ocrx_word' id='word_1_172' title='bbox 1506 617 1620 659; x_wconf 84' lang='lat' dir='ltr'>alme</span> <span class='ocrx_word' id='word_1_173' title='bbox 1638 617 1770 660; x_wconf 90' lang='lat' dir='ltr'>nobis</span> 
     </span>
     <span class='ocr_line' id='line_1_46' title="bbox 1108 674 1890 727; baseline 0 -11"><span class='ocrx_word' id='word_1_174' title='bbox 1108 674 1295 716; x_wconf 80' lang='lat' dir='ltr'>Debitas</span> <span class='ocrx_word' id='word_1_175' title='bbox 1305 687 1462 727; x_wconf 85' lang='lat' dir='ltr'>poenas</span> <span class='ocrx_word' id='word_1_176' title='bbox 1474 674 1690 716; x_wconf 81' lang='lat' dir='ltr'>scelerum</span> <span class='ocrx_word' id='word_1_177' title='bbox 1701 676 1890 724; x_wconf 87' lang='lat' dir='ltr'>remitte;</span> 
     </span>
     <span class='ocr_line' id='line_1_47' title="bbox 1108 731 1865 784; baseline -0.003 -10"><span class='ocrx_word' id='word_1_178' title='bbox 1108 732 1168 774; x_wconf 86' lang='lat' dir='ltr'>Ut</span> <span class='ocrx_word' id='word_1_179' title='bbox 1186 731 1267 774; x_wconf 90' lang='lat' dir='ltr'>tibi</span> <span class='ocrx_word' id='word_1_180' title='bbox 1286 744 1399 784; x_wconf 91' lang='lat' dir='ltr'>puro</span> <span class='ocrx_word' id='word_1_181' title='bbox 1421 732 1681 772; x_wconf 85' lang='lat' dir='ltr'>resonemus</span> <span class='ocrx_word' id='word_1_182' title='bbox 1701 731 1865 773; x_wconf 89' lang='lat' dir='ltr'>almum</span> 
     </span>
    </p>

    <p class='ocr_par' dir='ltr' id='par_1_20' title="bbox 1212 788 1596 830">
     <span class='ocr_line' id='line_1_48' title="bbox 1212 788 1596 830; baseline -0.003 -1"><span class='ocrx_word' id='word_1_183' title='bbox 1212 788 1400 830; x_wconf 80' lang='lat' dir='ltr'>Pectore</span> <span class='ocrx_word' id='word_1_184' title='bbox 1421 800 1596 829; x_wconf 83' lang='lat' dir='ltr'>carmen</span> 
     </span>
    </p>
   </div>
   <div class='ocr_carea' id='block_1_16' title="bbox 1057 852 1892 1133">
    <p class='ocr_par' dir='ltr' id='par_1_21' title="bbox 1057 852 1892 1031">
     <span class='ocr_line' id='line_1_49' title="bbox 1057 852 1840 905; baseline -0.003 -9"><span class='ocrx_word' id='word_1_185' title='bbox 1057 854 1124 896; x_wconf 87' lang='lat' dir='ltr'>Sit</span> <span class='ocrx_word' id='word_1_186' title='bbox 1143 853 1280 895; x_wconf 92' lang='lat' dir='ltr'>decus</span> <span class='ocrx_word' id='word_1_187' title='bbox 1298 853 1430 903; x_wconf 85' lang='lat' dir='ltr'>Patri,</span> <span class='ocrx_word' id='word_1_188' title='bbox 1450 853 1699 905; x_wconf 74' lang='lat' dir='ltr'>genitaeque</span> <span class='ocrx_word' id='word_1_189' title='bbox 1718 852 1840 894; x_wconf 91' lang='lat' dir='ltr'>Proli</span> 
     </span>
     <span class='ocr_line' id='line_1_50' title="bbox 1109 909 1892 962; baseline -0.003 -10"><span class='ocrx_word' id='word_1_190' title='bbox 1109 911 1167 952; x_wconf 90' lang='lat' dir='ltr'>Et</span> <span class='ocrx_word' id='word_1_191' title='bbox 1193 909 1275 952; x_wconf 88' lang='lat' dir='ltr'>tibi</span> <span class='ocrx_word' id='word_1_192' title='bbox 1303 922 1485 962; x_wconf 86' lang='lat' dir='ltr'>compar</span> <span class='ocrx_word' id='word_1_193' title='bbox 1504 910 1733 962; x_wconf 82' lang='lat' dir='ltr'>utriusque</span> <span class='ocrx_word' id='word_1_194' title='bbox 1754 910 1892 951; x_wconf 90' lang='lat' dir='ltr'>virtus</span> 
     </span>
     <span class='ocr_line' id='line_1_51' title="bbox 1110 966 1892 1031; baseline -0.003 -23"><span class='ocrx_word' id='word_1_195' title='bbox 1110 967 1298 1020; x_wconf 84' lang='lat' dir='ltr'>Spiritus</span> <span class='ocrx_word' id='word_1_196' title='bbox 1328 978 1521 1031; x_wconf 76' lang='lat' dir='ltr'>semper,</span> <span class='ocrx_word' id='word_1_197' title='bbox 1555 966 1678 1008; x_wconf 93' lang='lat' dir='ltr'>Deus</span> <span class='ocrx_word' id='word_1_198' title='bbox 1706 979 1818 1008; x_wconf 91' lang='lat' dir='ltr'>unus</span> <span class='ocrx_word' id='word_1_199' title='bbox 1849 978 1892 1006; x_wconf 95' lang='lat' dir='ltr'>o-</span> 
     </span>
    </p>

    <p class='ocr_par' dir='ltr' id='par_1_22' title="bbox 1215 1035 1790 1133">
     <span class='ocr_line' id='line_1_52' title="bbox 1215 1035 1790 1133; baseline 0 -13"><span class='ocrx_word' id='word_1_200' title='bbox 1215 1035 1581 1133; x_wconf 43' lang='lat' dir='ltr'>Tempgsssslaevo.</span> <span class='ocrx_word' id='word_1_201' title='bbox 1635 1079 1790 1122; x_wconf 89' lang='lat' dir='ltr'>Amen.</span> 
     </span>
    </p>
   </div>
   <div class='ocr_carea' id='block_1_17' title="bbox 1301 1159 1647 1199">
    <p class='ocr_par' dir='ltr' id='par_1_23' title="bbox 1301 1159 1647 1199">
     <span class='ocr_line' id='line_1_53' title="bbox 1301 1159 1647 1199; baseline -0.003 0"><span class='ocrx_word' id='word_1_202' title='bbox 1301 1161 1351 1199; x_wconf 90' lang='lat' dir='ltr'>In</span> <span class='ocrx_word' id='word_1_203' title='bbox 1371 1160 1401 1199; x_wconf 93' lang='lat'>1.</span> <span class='ocrx_word' id='word_1_204' title='bbox 1424 1159 1647 1199; x_wconf 79' lang='lat' dir='ltr'>Nocturno.</span> 
     </span>
    </p>
   </div>
   <div class='ocr_carea' id='block_1_18' title="bbox 1060 1223 1895 1446">
    <p class='ocr_par' dir='ltr' id='par_1_24' title="bbox 1060 1223 1895 1380">
     <span class='ocr_line' id='line_1_54' title="bbox 1113 1223 1895 1275; baseline 0 -10"><span class='ocrx_word' id='word_1_205' title='bbox 1113 1227 1211 1266; x_wconf 88' lang='lat' dir='ltr'>Ant.</span> <span class='ocrx_word' id='word_1_206' title='bbox 1250 1223 1429 1265; x_wconf 85' lang='lat' dir='ltr'>Caecssia</span> <span class='ocrx_word' id='word_1_207' title='bbox 1460 1224 1585 1275; x_wconf 83' lang='lat' dir='ltr'>virgo</span> <span class='ocrx_word' id='word_1_208' title='bbox 1616 1223 1895 1266; x_wconf 60' lang='lat' dir='ltr'>AlmAchium</span> 
     </span>
     <span class='ocr_line' id='line_1_55' title="bbox 1061 1279 1894 1333; baseline -0.001 -11"><span class='ocrx_word' id='word_1_209' title='bbox 1061 1280 1314 1333; x_wconf 67' lang='lat' dir='ltr'>superabat:</span> <span class='ocrx_word' id='word_1_210' title='bbox 1349 1279 1600 1322; x_wconf 79' lang='lat' dir='ltr'>Tiburtium</span> <span class='ocrx_word' id='word_1_211' title='bbox 1628 1286 1671 1323; x_wconf 95' lang='lat' dir='ltr'>et</span> <span class='ocrx_word' id='word_1_212' title='bbox 1699 1280 1894 1323; x_wconf 70' lang='lat' dir='ltr'>Valeria-</span> 
     </span>
     <span class='ocr_line' id='line_1_56' title="bbox 1060 1337 1672 1380; baseline 0 -2"><span class='ocrx_word' id='word_1_213' title='bbox 1060 1351 1165 1379; x_wconf 89' lang='lat' dir='ltr'>num</span> <span class='ocrx_word' id='word_1_214' title='bbox 1184 1337 1242 1379; x_wconf 83' lang='lat' dir='ltr'>ad</span> <span class='ocrx_word' id='word_1_215' title='bbox 1262 1339 1451 1379; x_wconf 80' lang='lat' dir='ltr'>coronas</span> <span class='ocrx_word' id='word_1_216' title='bbox 1471 1337 1672 1380; x_wconf 68' lang='lat' dir='ltr'>vocabat.</span> 
     </span>
    </p>

    <p class='ocr_par' dir='ltr' id='par_1_25' title="bbox 1112 1399 1894 1446">
     <span class='ocr_line' id='line_1_57' title="bbox 1112 1399 1894 1446; baseline -0.001 -11"><span class='ocrx_word' id='word_1_217' title='bbox 1112 1401 1173 1436; x_wconf 89' lang='lat' dir='ltr'>Ps.</span> <span class='ocrx_word' id='word_1_218' title='bbox 1195 1402 1309 1436; x_wconf 86' lang='lat' dir='ltr'>trium</span> <span class='ocrx_word' id='word_1_219' title='bbox 1326 1400 1436 1435; x_wconf 75' lang='lat' dir='ltr'>Noet.</span> <span class='ocrx_word' id='word_1_220' title='bbox 1458 1400 1504 1435; x_wconf 87' lang='lat' dir='ltr'>de</span> <span class='ocrx_word' id='word_1_221' title='bbox 1527 1399 1672 1435; x_wconf 90' lang='lat' dir='ltr'>Comm.</span> <span class='ocrx_word' id='word_1_222' title='bbox 1690 1400 1795 1444; x_wconf 88' lang='lat' dir='ltr'>Virg.</span> <span class='ocrx_word' id='word_1_223' title='bbox 1822 1402 1894 1446; x_wconf 84' lang='lat'>[86]</span> 
     </span>
    </p>
   </div>
   <div class='ocr_carea' id='block_1_19' title="bbox 1061 1458 1896 1568">
    <p class='ocr_par' dir='ltr' id='par_1_26' title="bbox 1061 1458 1896 1568">
     <span class='ocr_line' id='line_1_58' title="bbox 1102 1458 1896 1511; baseline 0.003 -12"><span class='ocrx_word' id='word_1_224' title='bbox 1102 1460 1201 1499; x_wconf 83' lang='lat' dir='ltr'>Ant.</span> <span class='ocrx_word' id='word_1_225' title='bbox 1216 1458 1442 1511; x_wconf 66' lang='lat' dir='ltr'>Expansis</span> <span class='ocrx_word' id='word_1_226' title='bbox 1454 1458 1657 1500; x_wconf 68' lang='lat' dir='ltr'>manibus</span> <span class='ocrx_word' id='word_1_227' title='bbox 1669 1458 1828 1502; x_wconf 69' lang='lat' dir='ltr'>orabat</span> <span class='ocrx_word' id='word_1_228' title='bbox 1838 1459 1896 1501; x_wconf 85' lang='lat' dir='ltr'>ad</span> 
     </span>
     <span class='ocr_line' id='line_1_59' title="bbox 1061 1514 1878 1568; baseline 0 -12"><span class='ocrx_word' id='word_1_229' title='bbox 1061 1515 1189 1564; x_wconf 80' lang='lat' dir='ltr'>Dfim‚</span> <span class='ocrx_word' id='word_1_230' title='bbox 1208 1520 1256 1557; x_wconf 93' lang='lat' dir='ltr'>ut</span> <span class='ocrx_word' id='word_1_231' title='bbox 1277 1528 1373 1556; x_wconf 87' lang='lat' dir='ltr'>eam</span> <span class='ocrx_word' id='word_1_232' title='bbox 1394 1517 1585 1568; x_wconf 88' lang='lat' dir='ltr'>eriperet</span> <span class='ocrx_word' id='word_1_233' title='bbox 1604 1514 1660 1557; x_wconf 94' lang='lat' dir='ltr'>de</span> <span class='ocrx_word' id='word_1_234' title='bbox 1678 1515 1878 1557; x_wconf 86' lang='lat' dir='ltr'>inimicis.</span> 
     </span>
    </p>
   </div>
   <div class='ocr_carea' id='block_1_20' title="bbox 1060 1580 1897 1867">
    <p class='ocr_par' dir='ltr' id='par_1_27' title="bbox 1061 1580 1897 1689">
     <span class='ocr_line' id='line_1_60' title="bbox 1110 1580 1894 1623; baseline 0.001 -1"><span class='ocrx_word' id='word_1_235' title='bbox 1110 1582 1211 1622; x_wconf 88' lang='lat' dir='ltr'>Ant.</span> <span class='ocrx_word' id='word_1_236' title='bbox 1232 1580 1388 1622; x_wconf 88' lang='lat' dir='ltr'>Cilicio</span> <span class='ocrx_word' id='word_1_237' title='bbox 1406 1580 1584 1622; x_wconf 86' lang='lat' dir='ltr'>Caecilia</span> <span class='ocrx_word' id='word_1_238' title='bbox 1602 1581 1799 1623; x_wconf 88' lang='lat' dir='ltr'>membra</span> <span class='ocrx_word' id='word_1_239' title='bbox 1818 1581 1894 1623; x_wconf 90' lang='lat' dir='ltr'>do-</span> 
     </span>
     <span class='ocr_line' id='line_1_61' title="bbox 1061 1636 1897 1689; baseline 0 -11"><span class='ocrx_word' id='word_1_240' title='bbox 1061 1636 1227 1686; x_wconf 63' lang='lat' dir='ltr'>mabat,</span> <span class='ocrx_word' id='word_1_241' title='bbox 1251 1638 1396 1679; x_wconf 91' lang='lat' dir='ltr'>Deum</span> <span class='ocrx_word' id='word_1_242' title='bbox 1415 1637 1652 1689; x_wconf 85' lang='lat' dir='ltr'>gemitibus</span> <span class='ocrx_word' id='word_1_243' title='bbox 1671 1637 1897 1680; x_wconf 64' lang='lat' dir='ltr'>exorabat.</span> 
     </span>
    </p>

    <p class='ocr_par' dir='ltr' id='par_1_28' title="bbox 1060 1700 1895 1867">
     <span class='ocr_line' id='line_1_62' title="bbox 1111 1700 1895 1756; baseline 0.003 -14"><span class='ocrx_word' id='word_1_244' title='bbox 1111 1700 1162 1750; x_wconf 68' lang='lat' dir='ltr'>V.</span> <span class='ocrx_word' id='word_1_245' title='bbox 1196 1703 1353 1754; x_wconf 84' lang='lat' dir='ltr'>Spe&#39;cie</span> <span class='ocrx_word' id='word_1_246' title='bbox 1387 1707 1464 1744; x_wconf 88' lang='lat' dir='ltr'>tua</span> <span class='ocrx_word' id='word_1_247' title='bbox 1496 1708 1540 1744; x_wconf 95' lang='lat' dir='ltr'>et</span> <span class='ocrx_word' id='word_1_248' title='bbox 1565 1702 1895 1756; x_wconf 80' lang='lat' dir='ltr'>pulchritudine</span> 
     </span>
     <span class='ocr_line' id='line_1_63' title="bbox 1060 1757 1895 1812; baseline 0 -11"><span class='ocrx_word' id='word_1_249' title='bbox 1060 1764 1147 1801; x_wconf 81' lang='lat' dir='ltr'>tua.</span> <span class='ocrx_word' id='word_1_250' title='bbox 1173 1760 1223 1811; x_wconf 68' lang='lat' dir='ltr'>Rt·</span> <span class='ocrx_word' id='word_1_251' title='bbox 1242 1757 1439 1810; x_wconf 85' lang='lat' dir='ltr'>Intende,</span> <span class='ocrx_word' id='word_1_252' title='bbox 1458 1761 1675 1812; x_wconf 80' lang='lat' dir='ltr'>prospere</span> <span class='ocrx_word' id='word_1_253' title='bbox 1689 1759 1895 1812; x_wconf 80' lang='lat' dir='ltr'>procede,</span> 
     </span>
     <span class='ocr_line' id='line_1_64' title="bbox 1062 1820 1270 1867; baseline -0.005 -10"><span class='ocrx_word' id='word_1_254' title='bbox 1062 1820 1106 1857; x_wconf 91' lang='lat' dir='ltr'>et</span> <span class='ocrx_word' id='word_1_255' title='bbox 1124 1828 1270 1867; x_wconf 85' lang='lat' dir='ltr'>regna.</span> 
     </span>
    </p>
   </div>
   <div class='ocr_carea' id='block_1_21' title="bbox 1110 1892 1853 2003">
    <p class='ocr_par' dir='ltr' id='par_1_29' title="bbox 1110 1892 1853 2003">
     <span class='ocr_line' id='line_1_65' title="bbox 1110 1892 1853 1946; baseline 0 -12"><span class='ocrx_word' id='word_1_256' title='bbox 1110 1895 1175 1934; x_wconf 90' lang='lat' dir='ltr'>De</span> <span class='ocrx_word' id='word_1_257' title='bbox 1195 1893 1398 1946; x_wconf 86' lang='lat' dir='ltr'>Epistola</span> <span class='ocrx_word' id='word_1_258' title='bbox 1422 1893 1566 1946; x_wconf 85' lang='lat' dir='ltr'>prima</span> <span class='ocrx_word' id='word_1_259' title='bbox 1589 1892 1709 1935; x_wconf 64' lang='lat' dir='ltr'>beati</span> <span class='ocrx_word' id='word_1_260' title='bbox 1726 1893 1853 1935; x_wconf 86' lang='lat' dir='ltr'>Pauli</span> 
     </span>
     <span class='ocr_line' id='line_1_66' title="bbox 1194 1949 1764 2003; baseline -0.002 -11"><span class='ocrx_word' id='word_1_261' title='bbox 1194 1949 1402 2003; x_wconf 82' lang='lat' dir='ltr'>Apostoli</span> <span class='ocrx_word' id='word_1_262' title='bbox 1421 1949 1479 1991; x_wconf 86' lang='lat' dir='ltr'>ad</span> <span class='ocrx_word' id='word_1_263' title='bbox 1499 1949 1764 1991; x_wconf 90' lang='lat' dir='ltr'>Corinthios.</span> 
     </span>
    </p>
   </div>
   <div class='ocr_carea' id='block_1_22' title="bbox 1062 2012 1896 2752">
    <p class='ocr_par' dir='ltr' id='par_1_30' title="bbox 1062 2012 1896 2752">
     <span class='ocr_line' id='line_1_67' title="bbox 1139 2012 1814 2063; baseline -0.006 -8"><span class='ocrx_word' id='word_1_264' title='bbox 1139 2014 1292 2055; x_wconf 88' lang='lat' dir='ltr'>Lectio</span> <span class='ocrx_word' id='word_1_265' title='bbox 1314 2013 1336 2052; x_wconf 91' lang='lat' dir='ltr'>i.</span> <span class='ocrx_word' id='word_1_266' title='bbox 1601 2012 1704 2063; x_wconf 79' lang='lat' dir='ltr'>Cap.</span> <span class='ocrx_word' id='word_1_267' title='bbox 1724 2012 1759 2052; x_wconf 90' lang='lat'>7.</span> <span class='ocrx_word' id='word_1_268' title='bbox 1780 2024 1814 2053; x_wconf 85' lang='lat' dir='ltr'>e.</span> 
     </span>
     <span class='ocr_line' id='line_1_68' title="bbox 1073 2075 1894 2145; baseline 0 -26"><span class='ocrx_word' id='word_1_269' title='bbox 1073 2095 1075 2097; x_wconf 48' lang='lat'>&gt;</span> <span class='ocrx_word' id='word_1_270' title='bbox 1098 2078 1219 2145; x_wconf 37' lang='lat' dir='ltr'>‘N</span> <span class='ocrx_word' id='word_1_271' title='bbox 1243 2075 1484 2128; x_wconf 87' lang='lat' dir='ltr'>virginibus</span> <span class='ocrx_word' id='word_1_272' title='bbox 1507 2080 1783 2130; x_wconf 75' lang='lat' dir='ltr'>praeceptum</span> <span class='ocrx_word' id='word_1_273' title='bbox 1806 2078 1894 2119; x_wconf 76' lang='lat' dir='ltr'>Do-</span> 
     </span>
     <span class='ocr_line' id='line_1_69' title="bbox 1072 2132 1895 2180; baseline 0.002 -7"><span class='ocrx_word' id='word_1_274' title='bbox 1072 2134 1076 2157; x_wconf 56' lang='grc' dir='ltr'>ῑ</span> <span class='ocrx_word' id='word_1_275' title='bbox 1098 2132 1187 2180; x_wconf 46' lang='lat' dir='ltr'>*147¹ssss</span> <span class='ocrx_word' id='word_1_276' title='bbox 1212 2134 1316 2174; x_wconf 91' lang='lat' dir='ltr'>mini</span> <span class='ocrx_word' id='word_1_277' title='bbox 1348 2146 1437 2175; x_wconf 91' lang='lat' dir='ltr'>non</span> <span class='ocrx_word' id='word_1_278' title='bbox 1470 2133 1631 2175; x_wconf 70' lang='lat' dir='ltr'>habeo:</span> <span class='ocrx_word' id='word_1_279' title='bbox 1664 2133 1895 2175; x_wconf 89' lang='lat' dir='ltr'>consilium</span> 
     </span>
     <span class='ocr_line' id='line_1_70' title="bbox 1135 2189 1896 2242; baseline -0.001 -10"><span class='ocrx_word' id='word_1_280' title='bbox 1135 2194 1181 2214; x_wconf 32' lang='grc' dir='ltr'><em>Α</em></span> <span class='ocrx_word' id='word_1_281' title='bbox 1212 2195 1358 2232; x_wconf 85' lang='lat' dir='ltr'>autem</span> <span class='ocrx_word' id='word_1_282' title='bbox 1383 2189 1458 2240; x_wconf 89' lang='lat' dir='ltr'>do,</span> <span class='ocrx_word' id='word_1_283' title='bbox 1488 2195 1713 2242; x_wconf 87' lang='lat' dir='ltr'>tamquam</span> <span class='ocrx_word' id='word_1_284' title='bbox 1730 2190 1896 2232; x_wconf 90' lang='lat' dir='ltr'>miseri-</span> 
     </span>
     <span class='ocr_line' id='line_1_71' title="bbox 1063 2247 1896 2290; baseline -0.001 0"><span class='ocrx_word' id='word_1_285' title='bbox 1063 2247 1262 2290; x_wconf 67' lang='lat' dir='ltr'>cerdiam</span> <span class='ocrx_word' id='word_1_286' title='bbox 1287 2251 1552 2289; x_wconf 80' lang='lat' dir='ltr'>consecutus</span> <span class='ocrx_word' id='word_1_287' title='bbox 1579 2259 1604 2288; x_wconf 86' lang='lat' dir='ltr'>a</span> <span class='ocrx_word' id='word_1_288' title='bbox 1629 2247 1821 2288; x_wconf 82' lang='lat' dir='ltr'>Domino</span> <span class='ocrx_word' id='word_1_289' title='bbox 1848 2252 1896 2289; x_wconf 93' lang='lat' dir='ltr'>ut</span> 
     </span>
     <span class='ocr_line' id='line_1_72' title="bbox 1062 2302 1893 2354; baseline -0.001 -8"><span class='ocrx_word' id='word_1_290' title='bbox 1062 2305 1145 2346; x_wconf 93' lang='lat' dir='ltr'>sim</span> <span class='ocrx_word' id='word_1_291' title='bbox 1164 2304 1318 2346; x_wconf 83' lang='lat' dir='ltr'>fidelis.</span> <span class='ocrx_word' id='word_1_292' title='bbox 1351 2304 1566 2346; x_wconf 85' lang='lat' dir='ltr'>Existimo</span> <span class='ocrx_word' id='word_1_293' title='bbox 1586 2315 1692 2354; x_wconf 87' lang='lat' dir='ltr'>ergo</span> <span class='ocrx_word' id='word_1_294' title='bbox 1714 2302 1799 2345; x_wconf 92' lang='lat' dir='ltr'>hoc</span> <span class='ocrx_word' id='word_1_295' title='bbox 1819 2303 1893 2345; x_wconf 92' lang='lat' dir='ltr'>bo-</span> 
     </span>
     <span class='ocr_line' id='line_1_73' title="bbox 1062 2360 1894 2413; baseline 0 -11"><span class='ocrx_word' id='word_1_296' title='bbox 1062 2375 1166 2403; x_wconf 92' lang='lat' dir='ltr'>num</span> <span class='ocrx_word' id='word_1_297' title='bbox 1202 2374 1299 2402; x_wconf 92' lang='lat' dir='ltr'>esse</span> <span class='ocrx_word' id='word_1_298' title='bbox 1336 2366 1521 2413; x_wconf 89' lang='lat' dir='ltr'>propter</span> <span class='ocrx_word' id='word_1_299' title='bbox 1555 2360 1791 2402; x_wconf 63' lang='lat' dir='ltr'>instantem</span> <span class='ocrx_word' id='word_1_300' title='bbox 1822 2373 1894 2402; x_wconf 92' lang='lat' dir='ltr'>ne-</span> 
     </span>
     <span class='ocr_line' id='line_1_74' title="bbox 1063 2416 1895 2469; baseline -0.002 -9"><span class='ocrx_word' id='word_1_301' title='bbox 1063 2419 1334 2467; x_wconf 68' lang='lat' dir='ltr'>cessitatem,</span> <span class='ocrx_word' id='word_1_302' title='bbox 1382 2416 1590 2469; x_wconf 81' lang='lat' dir='ltr'>quoniam</span> <span class='ocrx_word' id='word_1_303' title='bbox 1626 2416 1790 2458; x_wconf 91' lang='lat' dir='ltr'>bonum</span> <span class='ocrx_word' id='word_1_304' title='bbox 1827 2422 1895 2458; x_wconf 88' lang='lat' dir='ltr'>est</span> 
     </span>
     <span class='ocr_line' id='line_1_75' title="bbox 1062 2472 1894 2523; baseline -0.004 -7"><span class='ocrx_word' id='word_1_305' title='bbox 1062 2475 1230 2516; x_wconf 80' lang='lat' dir='ltr'>h6mini</span> <span class='ocrx_word' id='word_1_306' title='bbox 1283 2475 1347 2515; x_wconf 93' lang='lat' dir='ltr'>sic</span> <span class='ocrx_word' id='word_1_307' title='bbox 1401 2485 1509 2515; x_wconf 89' lang='lat' dir='ltr'>esse.</span> <span class='ocrx_word' id='word_1_308' title='bbox 1573 2472 1792 2523; x_wconf 70' lang='lat' dir='ltr'>Alligatus</span> <span class='ocrx_word' id='word_1_309' title='bbox 1847 2486 1894 2514; x_wconf 88' lang='lat' dir='ltr'>es</span> 
     </span>
     <span class='ocr_line' id='line_1_76' title="bbox 1063 2529 1895 2582; baseline -0.002 -10"><span class='ocrx_word' id='word_1_310' title='bbox 1063 2532 1204 2572; x_wconf 82' lang='lat' dir='ltr'>uxori:</span> <span class='ocrx_word' id='word_1_311' title='bbox 1246 2530 1337 2572; x_wconf 91' lang='lat' dir='ltr'>noli</span> <span class='ocrx_word' id='word_1_312' title='bbox 1379 2531 1578 2582; x_wconf 75' lang='lat' dir='ltr'>quaerere</span> <span class='ocrx_word' id='word_1_313' title='bbox 1620 2529 1895 2571; x_wconf 81' lang='lat' dir='ltr'>solutionem.</span> 
     </span>
     <span class='ocr_line' id='line_1_77' title="bbox 1063 2585 1895 2639; baseline -0.002 -10"><span class='ocrx_word' id='word_1_314' title='bbox 1063 2588 1242 2629; x_wconf 80' lang='lat' dir='ltr'>Solutus</span> <span class='ocrx_word' id='word_1_315' title='bbox 1265 2599 1312 2629; x_wconf 90' lang='lat' dir='ltr'>es</span> <span class='ocrx_word' id='word_1_316' title='bbox 1331 2586 1386 2628; x_wconf 84' lang='lat' dir='ltr'>ab</span> <span class='ocrx_word' id='word_1_317' title='bbox 1406 2585 1567 2627; x_wconf 80' lang='lat' dir='ltr'>uxore?</span> <span class='ocrx_word' id='word_1_318' title='bbox 1587 2586 1677 2627; x_wconf 93' lang='lat' dir='ltr'>noli</span> <span class='ocrx_word' id='word_1_319' title='bbox 1698 2589 1895 2639; x_wconf 75' lang='lat' dir='ltr'>quaerere</span> 
     </span>
     <span class='ocr_line' id='line_1_78' title="bbox 1063 2643 1895 2695; baseline -0.002 -9"><span class='ocrx_word' id='word_1_320' title='bbox 1063 2647 1259 2686; x_wconf 81' lang='lat' dir='ltr'>uxorem.</span> <span class='ocrx_word' id='word_1_321' title='bbox 1295 2643 1341 2684; x_wconf 91' lang='lat' dir='ltr'>Si</span> <span class='ocrx_word' id='word_1_322' title='bbox 1365 2648 1513 2684; x_wconf 88' lang='lat' dir='ltr'>autem</span> <span class='ocrx_word' id='word_1_323' title='bbox 1539 2643 1765 2695; x_wconf 84' lang='lat' dir='ltr'>acceperis</span> <span class='ocrx_word' id='word_1_324' title='bbox 1789 2645 1895 2684; x_wconf 75' lang='lat' dir='ltr'>uxo-</span> 
     </span>
     <span class='ocr_line' id='line_1_79' title="bbox 1063 2699 1896 2752; baseline -0.001 -11"><span class='ocrx_word' id='word_1_325' title='bbox 1063 2714 1173 2751; x_wconf 89' lang='lat' dir='ltr'>rem,</span> <span class='ocrx_word' id='word_1_326' title='bbox 1198 2712 1287 2741; x_wconf 90' lang='lat' dir='ltr'>non</span> <span class='ocrx_word' id='word_1_327' title='bbox 1311 2699 1517 2752; x_wconf 69' lang='lat' dir='ltr'>peccasti.</span> <span class='ocrx_word' id='word_1_328' title='bbox 1553 2699 1611 2741; x_wconf 91' lang='lat' dir='ltr'>Et</span> <span class='ocrx_word' id='word_1_329' title='bbox 1635 2700 1673 2741; x_wconf 93' lang='lat' dir='ltr'>si</span> <span class='ocrx_word' id='word_1_330' title='bbox 1695 2699 1896 2752; x_wconf 78' lang='lat' dir='ltr'>nupserit</span> 
     </span>
    </p>
   </div>
   <div class='ocr_carea' id='block_1_23' title="bbox 101 111 1957 2802">
    <p class='ocr_par' dir='ltr' id='par_1_31' title="bbox 101 111 1957 2802">
     <span class='ocr_line' id='line_1_80' title="bbox 101 111 1957 2802; baseline 0 0"><span class='ocrx_word' id='word_1_331' title='bbox 101 111 1957 2802; x_wconf 95' lang='lat' dir='ltr'> </span> 
     </span>
    </p>
   </div>
  </div>
 </body>
</html>
