2040 2944
767 228 967 262 Dominica
992 227 1056 260 III.
1082 224 1324 260 Novembris.

199 331 242 367 et
270 325 325 367 de
352 325 453 366 vino
483 322 599 364 unde
626 321 807 363 bibebat
835 321 946 373 ipse,
977 326 1024 362 ut

200 381 376 423 enutriti
407 379 547 422 tribus
580 378 718 426 annis,
751 380 908 430 postea
939 382 1023 419 sta-

200 443 297 479 rent
323 438 365 478 in
395 437 636 488 conspectu
664 434 791 485 regis.
831 434 1025 475 Fuerunt

200 506 303 544 ergo
332 494 444 534 inter
472 504 549 533 eos
578 490 633 532 de
659 491 759 531 filiis
778 489 906 539 Juda,
939 490 1024 531 Da-

198 550 298 598 niel,
328 550 536 596 Ananias,
565 547 733 596 Misael,
762 551 806 588 et
831 547 1025 588 Azarias.

199 607 254 647 Et
278 605 487 657 imposuit
514 604 575 645 eis
600 603 869 656 praepositus
896 615 1024 644 eunu-

198 662 393 709 chorum,
422 660 612 702 nomina:
640 659 828 709 Danieli,
856 659 1025 700 Baltas-

198 731 284 759 sar:
312 718 506 766 Ananiae,
530 715 728 758 Sidrach:
751 715 931 764 Misaeli,
949 715 1025 755 Mi-

198 774 319 816 sach:
348 779 392 815 et
414 775 603 822 Azariae,
630 771 885 822 Abdenago.
922 772 1026 812 Pro-

197 831 346 884 posuit
371 835 517 871 autem
537 828 693 870 Daniel
718 829 762 868 in
788 827 922 870 corde
946 840 1026 869 suo

197 900 251 928 ne
269 887 540 940 pollueretur
561 884 616 927 de
635 897 784 926 mensa
806 884 935 935 regis,
955 896 1025 925 ne-

200 956 285 995 que
305 941 360 984 de
379 942 482 983 vino
502 947 636 995 potus
657 942 762 993 ejus:
789 946 832 982 et
857 940 1028 992 rogavit

199 999 499 1041 eunuchorum
527 997 818 1051 praepositum
845 1009 898 1038 ne
928 1009 1027 1038 con-

198 1056 492 1098 taminaretur.
551 1053 687 1095 Dedit
723 1058 869 1094 autem
906 1053 1027 1094 Deus

198 1111 371 1153 Danieli
398 1111 584 1161 gratiam
612 1115 656 1151 et
682 1107 1029 1151 misericordiam

199 1168 243 1208 in
281 1169 523 1219 conspectu
559 1166 772 1219 principis
811 1164 1028 1206 eunucho-

199 1237 306 1265 rum.

252 1285 300 1335 lx'g.
332 1280 497 1332 Aspice
516 1279 704 1320 Domine
730 1277 785 1319 de
809 1278 914 1319 sede
935 1291 1028 1319 san-

201 1342 271 1378 cta
289 1341 380 1386 tua,
401 1342 444 1377 et
463 1336 608 1386 cogita
629 1334 684 1376 de
703 1334 845 1376 nobis:
871 1335 1030 1376 inclina

200 1393 321 1434 Deus
340 1405 462 1433 meus
483 1405 633 1433 aurem
653 1397 788 1440 tuam,
809 1396 852 1432 et
871 1390 990 1432 audi:
1003 1394 1024 1416 *

201 1449 338 1502 Aperi
359 1449 512 1490 oculos
531 1453 648 1498 tuos,
669 1453 712 1490 et
731 1446 831 1489 vide
851 1447 1028 1489 tribula-

201 1506 366 1546 tionem
393 1510 601 1546 nostram.
636 1502 685 1553 V.
718 1504 802 1554 Qui
829 1504 945 1554 regis
969 1505 1029 1544 Is-

202 1562 310 1611 rael,
349 1561 542 1611 intende,
582 1561 656 1614 qui
694 1560 877 1602 deducis
909 1560 1029 1602 velut

202 1631 330 1660 ovem
349 1618 373 1659 J
376 1617 525 1670 oseph.
553 1617 702 1670 Aperi.

503 1678 656 1718 Lectio
676 1678 730 1717 iii.

282 1736 300 1772 t
328 1730 387 1773 ait
413 1731 619 1783 princeps
647 1730 947 1772 eunuchorum
974 1728 1031 1771 ad

296 1787 542 1829 Danielem:
585 1787 741 1828 Timeo
777 1799 859 1838 ego
894 1785 1030 1827 domi—

202 1858 305 1885 num
332 1857 478 1885 meum
505 1856 670 1895 regem,
702 1843 776 1895 qui
805 1842 1032 1884 constituit

202 1900 330 1942 vobis
358 1900 504 1942 cibum
533 1906 577 1942 et
602 1906 775 1953 potum:
809 1899 883 1951 qui
911 1899 949 1939 si
973 1900 1031 1939 vi·

203 1957 316 1999 derit
342 1957 488 1998 vultus
512 1962 684 1998 vestros
709 1955 1033 1997 macilentiores

203 2026 297 2066 prae
317 2013 475 2054 ceteris
495 2012 849 2054 adolescentibus
869 2011 1032 2053 coaevis

203 2069 371 2119 vestris,
386 2069 735 2111 condemnabitis
747 2073 879 2121 caput
888 2080 1033 2109 meum

204 2126 306 2177 regi.
343 2126 400 2167 Et
429 2125 539 2167 dixit
564 2125 722 2166 Daniel
747 2124 803 2166 ad
828 2124 1033 2173 Malasar,

205 2195 335 2234 quem
359 2182 648 2224 constituerat
674 2182 882 2234 princeps
902 2193 1032 2222 eunu-

205 2238 385 2280 chorum
401 2251 533 2291 super
547 2238 787 2288 Danielem,
807 2238 1033 2286 Ananiam,

204 2295 447 2343 Misaelem,
477 2301 520 2337 et
538 2294 758 2337 Azariam:
787 2295 930 2336 Tenta
953 2306 1033 2334 nos

206 2351 392 2392 obsecro
413 2364 565 2393 servos
579 2357 681 2394 tuos
697 2350 852 2393 diebus
869 2349 1034 2400 decem,

207 2412 250 2448 et
282 2406 438 2449 dentur
473 2408 600 2450 nobis
632 2408 850 2459 legumina
879 2407 937 2449 ad
963 2419 1033 2448 ve-

206 2463 427 2513 scendum,
447 2470 490 2506 et
510 2477 623 2517 aqua
643 2464 700 2506 ad
718 2462 972 2506 bibendum:
991 2468 1035 2505 et

207 2521 507 2572 contemplare
522 2521 667 2562 vultus
682 2527 871 2570 nostros,
888 2525 931 2562 et
945 2520 1034 2562 vul-

207 2582 278 2618 tus
302 2579 554 2629 puerorum,
582 2578 655 2629 qui
674 2581 911 2619 vescuntur
935 2576 1035 2618 cibo

207 2634 345 2684 regio:
374 2639 417 2674 et
442 2634 552 2674 sicut
572 2634 751 2683 videris,
780 2634 914 2675 facies
937 2646 1036 2675 cum

209 2690 346 2732 servis
377 2690 475 2731 tuis.
520 2690 618 2739 Qui,
651 2690 800 2731 audito
833 2691 1036 2731 sermone

209 2745 526 2803 hujuscemodi,
561 2747 747 2788 tentavit
775 2759 852 2788 eos
882 2745 1036 2788 diebus

1078 321 1242 362 decem.
1294 320 1404 361 Post
1440 318 1533 360 dies
1571 323 1717 360 autem
1752 317 1907 360 decem

1077 378 1376 429 apparuerunt
1404 375 1550 417 vultus
1577 376 1731 416 eorum
1757 373 1906 416 melio-

1078 446 1166 483 res,
1201 438 1245 475 et
1273 432 1622 485 corpulentiores
1649 443 1744 484 prae
1772 431 1906 472 omni-

1077 490 1159 532 bus
1184 490 1351 542 pueris,
1389 489 1462 541 qui
1487 487 1781 530 vescebamur
1806 486 1906 530 cibo

1077 547 1208 599 regio.

1130 611 1179 663 Ην.
1217 607 1380 659 Aspice
1414 605 1619 653 Domine,
1656 604 1758 657 quia
1791 603 1906 646 facta

1079 669 1146 706 est
1171 663 1370 706 desolata
1397 663 1550 704 civitas
1574 661 1705 714 plena
1730 660 1908 709 divitiis,

1079 721 1205 763 sedet
1228 721 1272 760 in
1291 719 1468 761 tristitia
1488 718 1666 760 domina
1685 717 1907 759 Gentium:

1078 780 1101 804 ¹⁸¹
1120 777 1223 818 Non
1242 781 1309 818 est
1329 775 1403 828 qui
1422 774 1675 816 consoletur
1694 786 1806 822 eam,
1825 773 1907 814 nisi

1078 839 1126 876 tu
1145 834 1267 874 Deus
1285 836 1447 873 noster.
1482 827 1532 878 V.
1556 830 1742 872 Plorans
1763 829 1907 882 plora-

1078 890 1141 931 vit
1159 890 1205 930 in
1223 893 1364 937 nocte,
1385 893 1429 929 et
1445 887 1639 928 lacrimae
1656 887 1748 938 ejus
1762 886 1805 927 in
1820 898 1907 927 ma-

1079 946 1194 988 xillis
1214 946 1315 997 ejus.
1337 945 1451 986 Non.
1476 942 1626 986 Gloria
1641 943 1774 984 Patri.
1794 942 1908 984 Non.

1304 1024 1353 1062 In
1380 1023 1430 1062 ΙΙ.
1459 1023 1683 1062 Nocturno.

1081 1085 1148 1124 Ex
1165 1083 1278 1125 libro
1299 1083 1439 1125 sancti
1456 1081 1684 1123 Athanasii
1698 1079 1911 1133 Episcopi

1353 1138 1410 1181 ad
1426 1138 1644 1189 Virgines.

1132 1207 1249 1241 Liber
1266 1207 1312 1241 de
1330 1206 1573 1250 Virginitate,
1591 1210 1681 1250 post
1698 1205 1858 1239 initium.
1897 1248 1905 1255 ἱ

1384 1263 1535 1304 Lectio
1556 1264 1607 1303 iv.

1104 1322 1198 1403 ι
1234 1319 1447 1362 accedant
1483 1318 1634 1370 aliqui,
1679 1322 1723 1360 et
1764 1316 1912 1359 dicant

1087 1377 1179 1433 3:5⁷³.
1201 1377 1292 1427 tibi,
1317 1389 1371 1418 ne
1391 1377 1643 1428 frequenter
1662 1375 1836 1426 jejunes,
1857 1386 1912 1415 ne

1201 1433 1462 1476 imbecillior
1485 1432 1581 1482 fias;
1607 1444 1662 1472 ne
1687 1429 1842 1472 credas
1865 1429 1912 1471 il-

1081 1492 1146 1542 lis,
1164 1503 1308 1543 neque
1325 1489 1560 1531 auscultes:
1578 1501 1659 1542 per
1673 1488 1782 1529 istos
1798 1486 1912 1528 enim

1081 1549 1280 1590 inimicus
1315 1546 1414 1589 haec
1449 1545 1656 1597 suggerit.
1722 1543 1912 1585 Remini·

1082 1617 1206 1647 scere
1257 1605 1348 1656 ejus
1398 1602 1520 1655 quod
1570 1601 1783 1654 scriptum
1829 1604 1912 1649 est,

1084 1661 1220 1714 quod,
1259 1674 1359 1702 cum
1386 1665 1478 1702 tres
1501 1658 1647 1712 pueri,
1675 1662 1719 1699 et
1744 1655 1914 1706 Daniel,

1083 1723 1127 1761 et
1146 1719 1219 1760 alii
1243 1715 1577 1765 adolescentuli,
1604 1713 1769 1767 captivi
1793 1711 1914 1755 ducti

1084 1780 1231 1817 essent
1276 1787 1301 1815 a
1345 1771 1764 1815 Nabuchodonosor
1809 1781 1914 1820 rege
1987 1786 1990 1789 *

1083 1831 1339 1884 Babylonis,
1368 1831 1622 1882 jussumque
1646 1831 1764 1869 esset
1785 1830 1834 1867 ut
1859 1824 1914 1867 de

1083 1889 1221 1941 ipsius
1241 1899 1393 1929 mensa
1411 1885 1531 1937 regia
1551 1883 1846 1932 comederent,
1871 1886 1915 1924 et

1085 1945 1141 1986 de
1172 1945 1276 1986 vino
1307 1943 1528 1992 biberent3
1559 1939 1718 1982 Daniel
1749 1944 1794 1981 et
1823 1943 1914 1980 tres

1083 2002 1211 2055 pueri
1228 2001 1291 2042 illi
1310 2000 1543 2042 noluerunt
1562 1996 1702 2050 poHui
1723 2008 1778 2037 ex
1796 2007 1914 2036 men-

1084 2071 1132 2100 sa
1151 2058 1277 2109 regis,
1296 2056 1376 2099 sed
1396 2056 1599 2098 dixerunt
1619 2051 1820 2095 eunucho
1840 2051 1915 2104 qui

1085 2128 1162 2156 eos
1191 2112 1411 2156 curandos
1440 2112 1710 2164 susceperat:
1742 2109 1813 2150 Da
1839 2121 1913 2149 no-

1085 2171 1152 2213 bis
1178 2170 1234 2213 de
1261 2168 1500 2212 seminibus
1525 2172 1672 2216 terrae,
1701 2171 1745 2208 et
1768 2166 1914 2207 vesce-

1085 2241 1192 2269 mur.
1225 2226 1394 2278 Quibus
1414 2226 1476 2266 ait
1495 2224 1735 2266 eunuchus:
1758 2222 1914 2264 Timeo

1086 2297 1168 2336 ego
1206 2296 1371 2334 regem,
1416 2282 1491 2334 qui
1527 2279 1754 2323 constituit
1787 2277 1915 2320 vobis

1086 2341 1232 2384 cibum
1262 2345 1306 2381 et
1338 2344 1509 2392 potum,
1546 2350 1601 2379 ne
1633 2336 1748 2377 forte
1780 2334 1914 2376 facies

1086 2403 1245 2440 vestrae
1261 2398 1504 2449 appareant
1517 2393 1610 2445 regi
1624 2390 1915 2444 squalidiores

1086 2467 1179 2508 prae
1199 2453 1356 2496 ceteris
1375 2451 1524 2506 pueris
1542 2450 1616 2503 qui
1630 2448 1751 2499 regia
1765 2459 1915 2489 mensa

1087 2511 1274 2560 aluntur,
1295 2514 1338 2551 et
1357 2508 1511 2562 puniat
1528 2519 1608 2548 me.
1653 2532 1658 2537 -

1140 2580 1192 2630 R.
1217 2576 1358 2628 Super
1380 2585 1531 2615 muros
1553 2576 1654 2613 tuos
1673 2569 1916 2624 Jerusalem

1088 2632 1298 2674 constitui
1326 2628 1551 2672 custodes:
1576 2632 1599 2656 *
1630 2627 1746 2667 Tota
1774 2625 1844 2667 die
1873 2630 1916 2667 et

1088 2694 1217 2730 nocte
1236 2701 1324 2730 non
1338 2686 1546 2729 tacebunt
1560 2683 1741 2725 laudare
1756 2695 1916 2724 nomen

1088 2745 1275 2787 Domini.
1316 2739 1366 2791 y&
1399 2740 1708 2783 Praedicabunt
1739 2738 1916 2792 populis
