2040 2944
590 168 700 203 Dom.
724 169 751 203 Ι.
776 168 855 203 Oct.
894 168 951 203 Ss.
975 166 1133 202 Rosarii
1155 165 1197 200 B.
1222 164 1356 199 Mariae
1380 164 1424 198 V.

148 259 223 311 qui
235 258 280 300 in
298 258 398 301 altis
416 258 598 309 habitat,
618 259 643 285 *
658 263 703 301 et
715 258 894 312 humilia
912 259 976 299 re-

151 315 281 369 spicit
299 314 343 355 in
362 315 478 357 coelo
493 320 538 358 et
554 315 599 356 in
618 313 763 358 terra?

200 370 426 413 suscitans
461 385 488 413 a
513 376 632 414 terra
658 373 854 424 inopem,
882 371 906 398 *
934 375 978 411 et

148 428 204 470 de
223 428 419 470 stercore
438 428 610 479 erigens
628 430 891 481 pauperem:

198 484 258 527 Ut
292 484 484 527 collocet
517 498 618 527 eum
645 497 745 526 cum
771 483 976 536 principi-

147 541 240 591 bus,
259 541 284 567 *
303 553 403 582 cum
429 540 701 594 principibus
725 539 881 592 populi
900 539 977 580 sui.

199 597 284 648 Qui
298 597 497 640 habitare
515 597 620 639 tacit
635 596 829 639 sterilem
841 595 886 636 in
901 594 976 637 do-

146 667 231 704 mo,
250 655 274 680 *
294 658 479 695 matrem
498 653 690 695 filiorum
707 653 942 694 laetantem.

202 723 302 764 Ant.
331 719 466 770 Virgo
494 722 673 770 potens,
706 717 819 759 sicut
846 717 978 758 turris

147 774 309 826 David3
328 774 446 816 mille
466 774 610 826 clypei
628 773 823 827 pendent
842 786 897 815 ex
917 786 978 823 ea,

147 831 289 872 omnis
308 833 531 872 armatura
549 830 739 872 fortium.

199 898 301 938 Ant.
342 897 432 937 Ave
468 895 623 944 Maria,
660 895 801 945 gratia
838 894 978 946 plena,

147 951 363 993 Dominus
393 957 557 1002 tecum,
589 950 823 993 benedicta
855 955 903 992 tu
935 951 978 991 in

146 1007 411 1050 mulieribus.

413 1082 614 1123 Psalmus
635 1083 712 1122 121.

218 1146 378 1187 aetatus
406 1157 503 1186 sum
540 1144 584 1185 in
615 1144 702 1195 his,
733 1156 832 1196 quae
861 1143 980 1185 dicta

245 1205 346 1242 sunt
371 1200 493 1242 mihi:
507 1202 531 1227 *
545 1201 590 1241 in
606 1200 787 1242 domum
801 1200 980 1242 Domini

148 1256 321 1299 ibimus.

198 1313 374 1356 Stantes
395 1318 519 1355 erant
537 1312 676 1366 pedes
703 1313 863 1363 nostri,
887 1313 910 1338 *
935 1312 980 1353 in

148 1369 270 1412 atriis
288 1370 374 1412 tuis
394 1369 649 1411 Jerusalem.

200 1426 453 1476 Jerusalem,
474 1438 573 1478 quae
594 1425 838 1468 aedificatur
856 1430 905 1467 ut
924 1428 979 1467 ci-

149 1483 278 1524 vitas:
305 1484 329 1509 *
359 1483 480 1534 cujus
507 1482 790 1535 participatio
819 1483 909 1534 ejus
937 1482 980 1522 in

148 1538 351 1591 idipsum.

200 1597 312 1638 Illuc
348 1596 464 1637 enim
501 1594 793 1637 ascenderunt
827 1596 980 1645 tribus,

148 1653 289 1695 tribus
321 1653 427 1693 Dni:
458 1652 481 1677 *
515 1651 817 1697 testimonium
844 1652 981 1693 Israel

151 1709 207 1751 ad
233 1708 531 1750 confitendum
550 1707 715 1749 nomini
733 1707 922 1749 Domini.

203 1765 315 1815 Quia
342 1764 431 1806 illic
457 1763 666 1806 sederunt
694 1763 823 1806 sedes
852 1765 895 1805 in
922 1765 980 1816 ju-

151 1821 278 1870 dicio,
292 1821 316 1847 *
331 1820 461 1862 sedes
482 1832 615 1872 super
630 1819 811 1861 domum
824 1820 980 1862 David.

201 1878 375 1928 Rogate
404 1889 504 1929 quae
536 1875 593 1918 ad
620 1888 776 1928 pacem
796 1881 897 1919 sunt
913 1877 939 1918 J
941 1890 980 1918 e-

149 1933 357 2032 {usalem:
373 1934 397 1960 *
417 1937 461 1975 et
481 1931 751 1975 abundantia
769 1932 981 1984 diligenti-

181 2003 232 2031 us
250 1995 313 2032 te:

202 2047 300 2088 Fiat
326 2059 416 2098 pax
442 2046 487 2086 in
505 2046 667 2087 virtute
692 2050 784 2086 tua:
803 2046 827 2073 *
847 2050 891 2088 et
910 2045 981 2087 ab·

150 2103 361 2145 undantia
379 2103 423 2143 in
442 2102 636 2145 turribus
655 2101 753 2144 tuis.

201 2159 392 2212 Propter
416 2159 573 2200 fratres
598 2171 740 2208 meOS‚
767 2165 812 2200 et
837 2160 982 2211 proxi-

150 2227 248 2256 mos
261 2228 395 2266 meos,
411 2216 435 2242 *
449 2214 665 2268 loquebar
679 2227 836 2268 pacem
855 2215 910 2257 de
924 2220 983 2256 te:

202 2272 393 2325 Propter
413 2273 594 2314 domum
608 2271 786 2312 Domini
805 2271 890 2313 Dei
908 2284 982 2313 no-

153 2328 242 2375 stri,
260 2329 284 2355 *
305 2329 490 2379 quaesivi
507 2327 625 2370 bona
642 2327 734 2369 tibi.

205 2393 305 2435 Ant.
342 2395 438 2434 Ave
465 2393 619 2443 Maria,
668 2392 810 2443 gratia
842 2392 983 2444 plena,

152 2450 369 2490 Dominus
396 2454 564 2498 tecum,
597 2448 832 2491 benedicta
865 2453 914 2490 tu
940 2448 984 2488 in

152 2505 416 2548 mulieribus.

211 2569 311 2611 Ant.
339 2569 573 2612 Benedixit
606 2574 652 2610 te
687 2569 902 2610 Dominus
939 2569 984 2608 in

156 2626 317 2668 virtute
338 2639 427 2676 sua,
448 2627 548 2678 quia
567 2638 649 2679 per
669 2631 714 2667 te
732 2625 789 2667 ad
803 2625 984 2666 nihilum

153 2681 323 2733 redegit
346 2682 544 2724 inimicos
561 2686 752 2724 nostros.

1800 156 1864 191 341

1292 251 1491 292 Psalmus
1516 252 1601 291 126.

1119 312 1180 353 isi
1212 311 1430 352 Dominus
1468 310 1758 352 aedificaverit
1789 309 1864 351 do-

1147 380 1285 417 mum,
1319 367 1342 393 *
1377 367 1420 407 in
1449 366 1863 409 vanumlaborave-

1030 429 1132 466 runt
1153 424 1228 476 qui
1247 423 1469 465 aedificant
1489 436 1596 465 eam.

1081 481 1179 522 Nisi
1192 480 1410 522 Dominus
1434 479 1695 521 custodierit
1714 479 1864 520 civita-

1030 543 1140 586 tem,
1170 537 1194 563 *
1222 537 1383 578 frustra
1401 536 1552 587 vigilat
1577 535 1652 587 qui
1673 535 1866 578 custodit

1031 606 1139 637 eam.

1082 650 1258 692 Vanum
1300 653 1367 691 est
1407 648 1534 690 vobis
1580 653 1681 689 ante
1722 648 1865 690 lucem

1032 710 1231 757 surgere:
1254 706 1278 732 *
1301 705 1466 756 surgite
1485 710 1723 757 postquam
1743 704 1864 746 sede-

1031 764 1139 813 ritis,
1178 763 1254 815 qui
1284 761 1560 804 manducatis
1597 774 1758 814 panem
1790 761 1865 803 do-

1030 820 1149 861 loris.

1086 876 1196 917 Cum
1238 875 1410 918 dederit
1452 874 1624 916 dilectis
1667 874 1757 915 suis
1799 887 1866 915 so-

1031 945 1197 973 mnum:
1231 933 1255 958 *
1293 944 1397 973 ecce
1422 931 1659 972 haereditas
1688 931 1867 972 Domini

1033 988 1127 1029 filii:
1149 1000 1331 1038 merces,
1352 988 1521 1029 fructus
1541 987 1718 1029 ventris.

1085 1045 1207 1086 Sicut
1231 1046 1406 1094 sagittae
1433 1044 1477 1084 in
1500 1056 1632 1084 manu
1651 1044 1867 1095 potentis:

1032 1101 1056 1127 *
1076 1101 1138 1143 ita
1157 1100 1235 1141 filii
1255 1103 1554 1143 excussorum.

1084 1158 1250 1199 Beatus
1275 1157 1341 1198 vir
1366 1157 1440 1209 qui
1472 1156 1671 1209 implevit
1698 1155 1866 1198 deside-

1032 1214 1146 1255 rium
1167 1227 1295 1255 suum
1315 1226 1370 1255 ex
1387 1213 1515 1265 ipsis:
1535 1214 1559 1240 *
1579 1225 1669 1253 non
1688 1212 1867 1254 confun-

1034 1270 1162 1312 detur
1190 1282 1290 1312 cum
1315 1270 1523 1322 loquetur
1556 1269 1742 1310 inimicis
1778 1268 1868 1309 suis

1033 1327 1077 1367 in
1096 1332 1237 1380 porta.

1086 1385 1185 1425 Ant.
1223 1382 1458 1424 Benedixit
1491 1386 1536 1424 te
1570 1382 1787 1423 Dominus
1825 1381 1868 1421 in

1033 1441 1195 1482 virtute
1215 1453 1305 1490 sua,
1326 1439 1429 1491 quia
1448 1451 1528 1492 per
1548 1444 1592 1481 te
1611 1438 1668 1480 ad
1686 1438 1868 1479 nihilum

1034 1496 1206 1548 redegit
1224 1496 1425 1538 inimicos
1444 1500 1634 1537 nostros.

1086 1553 1187 1593 Ant.
1230 1552 1448 1594 Viderunt
1494 1564 1590 1593 eam
1628 1552 1731 1592 fssiae
1764 1551 1867 1592 Sion

1033 1612 1291 1652 vernantem
1313 1609 1357 1649 in
1382 1608 1566 1659 fioribus
1585 1610 1802 1657 rosarum,
1823 1612 1867 1648 ct

1034 1666 1334 1708 beatissimam
1355 1664 1720 1717 praedicaverunt.

1297 1722 1498 1762 Psalmus
1523 1722 1608 1761 147.

1103 1778 1218 1820 auda
1264 1777 1510 1819 Jerusalem
1545 1777 1803 1818 Dominum:
1843 1776 1866 1801 *

1148 1835 1279 1876 lauda
1298 1834 1442 1875 Deum
1459 1839 1585 1875 tuum
1603 1833 1718 1875 Sion.

1089 1891 1306 1941 Quoniam
1332 1889 1601 1932 confortavit
1623 1901 1745 1931 seras
1767 1900 1865 1941 por-

1033 1949 1179 1988 tarum
1214 1949 1407 1988 tuarum:
1444 1946 1468 1971 *
1504 1945 1731 1988 benedixit
1767 1944 1868 1985 filiis

1034 2003 1120 2045 tuis
1138 2003 1183 2044 in
1201 2008 1257 2045 te.

1087 2059 1172 2110 Qui
1199 2059 1349 2112 posuit
1375 2059 1486 2100 fines
1513 2063 1616 2099 tuos
1643 2069 1816 2109 pacem:
1844 2058 1868 2083 *

1036 2120 1080 2157 et
1100 2115 1233 2168 adipe
1253 2115 1460 2156 frumenti
1478 2114 1611 2156 satiat
1628 2118 1684 2155 te.

1088 2172 1173 2222 Qui
1197 2172 1356 2214 emittit
1382 2171 1607 2222 eloquium
1631 2182 1759 2210 suum
1784 2174 1867 2210 ter-

1035 2228 1121 2270 rae?
1150 2229 1174 2254 *
1193 2228 1406 2270 velociter
1431 2227 1567 2268 currit
1593 2238 1738 2268 sermo
1765 2226 1868 2277 ejus.

1088 2284 1173 2335 Qui
1213 2283 1289 2326 dat
1324 2284 1471 2325 nivem
1502 2284 1617 2324 sicut
1648 2282 1812 2323 lanam:
1844 2282 1868 2307 *

1035 2340 1240 2383 nebulam
1259 2340 1372 2382 sicut
1393 2342 1586 2382 cinerem
1604 2339 1785 2392 spargit.

1086 2397 1222 2439 Mittit
1233 2395 1490 2448 crystallum
1500 2409 1623 2437 suam
1639 2395 1752 2437 sicut
1765 2395 1867 2436 buc-

1037 2453 1184 2496 cellas:
1211 2453 1235 2479 *
1263 2458 1365 2494 ante
1392 2452 1551 2494 faciem
1575 2451 1748 2503 frigoris
1777 2452 1868 2502 ejus

1037 2510 1135 2562 quis
1153 2507 1411 2551 sustinebit?

1087 2566 1271 2607 Emittet
1290 2565 1475 2606 verbum
1494 2578 1639 2614 suum,
1665 2569 1709 2606 et
1733 2563 1867 2615 lique-

1037 2623 1168 2664 faciet
1192 2635 1262 2663 ea:
1286 2622 1310 2647 *
1336 2621 1458 2663 flabit
1484 2621 1665 2673 spiritus
1691 2620 1797 2669 ejus⁷
1825 2622 1869 2659 et

1037 2679 1173 2720 fiuent
1193 2690 1332 2730 aquae.
