2040 2944
589 180 659 213 Die
684 180 735 211 22.
764 178 858 211 Nov.
911 178 944 210 S.
972 176 1142 209 ‹baccilia›
1165 175 1269 215 Yirg.
1297 181 1331 207 ct
1359 174 1463 207 Mart.

165 193 231 227 452

167 288 359 330 lerianus
392 284 604 338 perrexit,
640 288 684 323 et
718 281 844 332 signo
880 279 1001 332 quod

168 346 418 396 acceperat,
446 340 612 381 invenit
637 342 837 379 sanctum
862 335 1000 378 Urba-

168 414 284 442 num.
313 399 434 449 Quia.
464 396 617 438 Gloria
635 394 767 436 Patri.
795 394 919 444 Quia.

475 463 628 504 Lectio
648 462 703 501 ix.

168 518 462 622 Lampades
489 527 636 564 autem
662 522 748 563 hoc
774 521 875 561 loco
895 518 1003 560 illud

279 582 425 634 ipsum
450 579 714 630 virginitatis
740 577 905 619 donum
930 588 1003 628 ap-

169 638 321 692 pellat,
351 643 395 679 et
422 635 725 678 sanctimoniae
749 632 1004 687 puritatem:

171 696 318 737 oleum
336 707 442 736 vero
462 692 797 744 benignitatem,
818 690 1003 731 eleemo-

170 766 334 805 synam,
355 752 604 804 impensum
620 746 917 798 indigentibus
933 758 1004 786 au-

171 809 334 850 xilium.
381 807 607 849 Tardante
641 810 788 846 autem
820 814 1004 855 sponso,

171 866 522 908 dormitaverunt
555 875 726 910 omnes,
769 865 811 901 et
845 858 1005 901 dormi-

171 925 310 964 erunt.
345 921 448 963 Non
472 932 660 973 parvum
681 916 895 970 temporis
914 928 1004 956 rur-

171 993 245 1021 sus
275 978 469 1031 spatium
496 977 771 1027 interjectum
800 971 1006 1021 ostendit,

171 1042 219 1079 ut
248 1034 491 1087 discipulos
519 1046 702 1084 regnum
735 1032 874 1084 ipsius
901 1041 1006 1070 mox

172 1094 367 1135 futurum
394 1092 723 1144 exspectantes,
753 1087 808 1129 ab
835 1099 888 1128 ea
915 1086 1006 1138 opi—

172 1151 303 1191 nione
329 1148 586 1197 deduceret3
614 1145 660 1188 id
685 1145 800 1187 enim
824 1143 886 1184 illi
911 1156 1006 1195 spe-

173 1207 346 1249 rabant:
373 1207 646 1258 quapropter
670 1201 827 1244 crebro
851 1199 906 1242 ab
930 1199 1006 1241 hu-

175 1262 364 1315 jusmodi
390 1275 468 1303 eos
493 1273 572 1313 spe
592 1262 783 1301 revocat.
820 1257 892 1298 Ad
911 1256 1008 1306 hoc,

174 1321 283 1362 illud
339 1331 516 1372 quoque
571 1316 752 1365 indicat,
807 1326 1009 1355 somnum

178 1377 413 1430 quemdam
446 1388 543 1417 esse
576 1379 779 1415 mortem:
810 1370 1009 1412 Dormie-

176 1439 292 1484 runt,
325 1433 481 1485 inquit3
520 1429 665 1473 media
698 1433 846 1471 autem
878 1430 1009 1468 nocte

177 1491 343 1532 clamor
363 1490 504 1531 factus
524 1493 605 1529 est:
624 1486 705 1536 vel,
725 1491 774 1527 ut
791 1485 835 1525 in
855 1482 1011 1525 eadem

176 1547 391 1601 parabola
415 1549 642 1600 persistat,
670 1544 741 1585 vel
766 1554 918 1583 rursus
943 1553 1010 1582 os-

176 1604 317 1647 tendit
350 1604 393 1645 in
424 1608 555 1645 nocte
589 1602 781 1643 futuram
815 1611 912 1640 esse
945 1610 1008 1638 re-

178 1662 509 1704 surrectionem.
577 1659 827 1701 Clamorem
879 1655 1010 1696 etiam

176 1719 340 1761 Paulus
377 1718 712 1764 commemorat,
754 1713 920 1755 dicens:
960 1711 1011 1751 In

177 1778 313 1827 jussu,
346 1775 390 1816 in
418 1786 528 1816 voce
554 1770 833 1821 Archangeli,
863 1768 908 1809 in
936 1780 1011 1808 no-

178 1833 356 1874 vissima
374 1831 482 1874 tuba
502 1828 745 1872 descendet
765 1827 820 1868 de
841 1825 968 1867 coelo.

230 1897 292 1935 Te
311 1893 455 1934 Deum
474 1890 715 1932 laudamus.
735 1889 795 1929 14.

445 1977 525 2019 Ad
546 1975 745 2018 Laudes

399 2046 444 2075 et
479 2050 574 2083 per
610 2038 794 2072 Horas.

233 2102 330 2141 Ant.
370 2102 397 2139 l.
449 2095 739 2139 Cantantibus
777 2091 954 2143 organis
989 2091 1012 2115 *

180 2155 357 2198 Caecilia
393 2154 585 2195 Domino
623 2149 906 2198 decantabat,
952 2146 1013 2188 di-

181 2226 298 2255 cens:
336 2212 434 2253 Fiat
473 2223 550 2253 cor
586 2221 733 2250 meum
764 2203 1013 2247 immacula-

180 2275 284 2318 tum,
304 2273 353 2310 ut
370 2281 459 2309 non
479 2265 736 2309 confundar.

236 2328 301 2368 Ps.
324 2325 538 2368 Dominus
557 2321 767 2374 regnavit.
786 2320 846 2360 15.

234 2390 269 2428 2.
290 2386 551 2428 Valerianus
565 2386 588 2411 *
604 2384 648 2424 in
664 2381 866 2424 cubiculo
879 2381 1013 2422 Caeci-

181 2443 284 2484 liam
304 2455 403 2483 cum
423 2442 596 2492 Angelo
617 2441 819 2482 orantem
838 2436 1015 2478 invenit.

236 2503 272 2540 .‘3.
294 2497 473 2541 Caecilia
491 2497 652 2538 famula
671 2501 758 2544 tua,
773 2495 797 2520 *
815 2493 1015 2542 Domine,

183 2555 309 2609 quasi
347 2554 442 2607 apis
479 2553 561 2595 tibi
597 2552 910 2604 argumentosa
943 2549 1014 2590 de-

183 2613 331 2655 servit.

239 2674 275 2711 4.
310 2667 532 2711 Benedieo
559 2671 604 2708 te
629 2667 653 2693 *
677 2667 809 2707 Pater
837 2662 1017 2704 Domini

183 2726 270 2767 mei
289 2725 314 2766 J
317 2738 395 2766 esu
416 2723 594 2772 Christi,
624 2722 726 2774 quia
751 2732 831 2774 per
855 2718 1017 2761 Filium

1054 282 1178 319 tuum
1203 277 1316 328 ignis
1342 277 1583 317 exstinctus
1608 279 1675 315 est
1700 287 1725 315 a
1749 273 1886 315 latere

1054 347 1166 376 meo.

1109 393 1146 430 Γ).
1175 389 1424 430 Triduanas
1449 401 1474 429 a
1494 386 1685 428 Domino
1705 387 1728 412 *
1746 387 1887 439 popo-

1055 447 1117 488 sci
1137 446 1353 495 inducias,
1379 449 1427 486 ut
1454 443 1635 485 domum
1657 455 1801 485 meam
1820 454 1887 483 ec-

1056 503 1235 545 clesiam
1254 503 1572 544 consecrarem.

1112 562 1372 615 Capitulum.
1549 560 1584 598 2.
1602 557 1699 597 Cor.
1717 558 1780 596 10.
1798 555 1836 596 d.

1056 621 1292 727 Fratres:
1320 624 1404 675 Qui
1423 623 1653 674 gloriatur,
1677 620 1722 661 in
1740 618 1890 660 Domi·

1163 695 1220 723 no
1254 681 1478 733 glorietur.
1530 678 1634 720 Non
1666 676 1783 719 enim
1816 675 1891 727 qui

1058 741 1254 791 seipsum
1274 735 1566 785 commendat,
1585 734 1658 776 ille
1676 731 1892 786 probatus

1059 800 1140 836 est:
1160 795 1239 837 sed
1259 807 1391 847 quem
1410 794 1531 834 Deus
1551 788 1841 833 commendat.

1322 892 1327 898 -
1375 863 1585 913 Hymnus.

1159 934 1237 962 esu
1257 922 1422 962 corona
1440 919 1684 969 Virginum,

1183 979 1325 1028 Quem
1343 981 1484 1018 mater
1504 975 1579 1016 illa
1599 974 1803 1026 concipit,

1139 1035 1248 1084 Quae
1270 1034 1365 1075 sola
1383 1033 1524 1083 Virgo
1545 1030 1745 1084 parturit,

1139 1091 1250 1132 Haec
1269 1095 1375 1132 vota
1396 1089 1589 1131 clemens
1609 1087 1774 1139 accipe.

1090 1157 1176 1208 Qui
1194 1156 1343 1209 pergis
1362 1156 1474 1196 inter
1494 1154 1595 1204 lilia,

1143 1215 1304 1266 Septus
1324 1211 1498 1254 choreis
1517 1209 1761 1261 Virginum,

1141 1271 1340 1322 Sponsus
1361 1268 1550 1310 decorus
1570 1265 1721 1317 gloria,

1141 1328 1414 1380 Sponsisque
1434 1322 1626 1366 reddens
1645 1321 1839 1375 praemia.

1091 1395 1382 1444 Quocumque
1401 1388 1557 1438 tendis,
1577 1387 1782 1438 Virgines

1140 1450 1402 1501 Sequuntur,
1422 1451 1555 1498 atque
1574 1443 1780 1485 laudibus

1141 1506 1251 1547 Post
1271 1509 1316 1546 te
1337 1504 1545 1545 canentes
1567 1500 1793 1548 cursitant,

1140 1563 1432 1614 Hymnosque
1452 1558 1604 1600 dulces
1621 1558 1874 1610 personant.

1092 1629 1155 1669 Te
1175 1626 1466 1679 deprecamur
1485 1623 1721 1677 suppliceS,

1143 1683 1318 1725 Nostris
1338 1688 1386 1724 ut
1406 1680 1546 1723 addas
1567 1678 1780 1727 sensibus,

1139 1741 1323 1782 Nescire
1342 1750 1526 1792 prorsus
1547 1735 1693 1778 omnia

1145 1796 1452 1849 Corruptionis
1470 1794 1664 1836 vulnera.

1096 1863 1258 1912 Virtus,
1278 1863 1431 1911 honor,
1451 1861 1557 1908 laus,
1577 1857 1718 1910 gloria

1144 1921 1242 1961 Deo
1262 1919 1383 1961 Patri
1403 1930 1502 1960 cum
1520 1915 1645 1964 Filio,

1145 1978 1307 2018 Sancto
1329 1974 1458 2016 simul
1476 1970 1709 2020 Paraclito,

1144 2034 1195 2075 In
1215 2032 1480 2075 saeculorum
1499 2027 1673 2070 saecula.
1702 2026 1856 2068 Amen.

1122 2091 1171 2142 V.
1211 2093 1384 2135 Diffusa
1421 2096 1489 2133 est
1520 2089 1663 2141 gratia
1694 2088 1739 2129 in
1770 2085 1899 2128 labiis

1066 2151 1164 2193 tuis.
1224 2151 1275 2201 Ru
1312 2150 1557 2201 Propterea
1592 2142 1820 2188 benedixit
1854 2146 1900 2184 te

1067 2208 1190 2249 Deus
1208 2206 1252 2247 in
1274 2207 1498 2247 aeternum.

1122 2268 1192 2308 Ad
1222 2266 1385 2307 Bened.
1442 2267 1541 2305 Ant.
1594 2264 1712 2304 Dum
1742 2261 1902 2300 aurora

1067 2325 1201 2366 finem
1237 2323 1381 2371 daret,
1419 2319 1596 2362 Caecilia
1628 2314 1901 2364 exclamavit,

1069 2380 1236 2423 dicens:
1255 2379 1335 2431 Eia
1353 2377 1515 2419 milites
1536 2373 1709 2422 Christi,
1730 2371 1902 2423 abjicite

1070 2440 1207 2490 opera
1247 2434 1548 2482 tenebrarum,
1590 2435 1634 2472 et
1673 2427 1902 2470 induimini

1069 2507 1190 2536 arma
1209 2492 1331 2534 lucis.

1406 2538 1570 2579 Oratio.

1073 2595 1157 2699 D
1171 2614 1265 2651 eus,
1286 2599 1360 2652 qui
1378 2610 1460 2639 nos
1480 2598 1624 2637 annua
1642 2594 1787 2635 beatae
1810 2591 1901 2633 Cae-

1173 2657 1285 2700 ciliae
1304 2653 1500 2705 Virginis
1521 2657 1565 2693 et
1583 2649 1791 2702 Martyris
1813 2652 1902 2689 tuae

1071 2713 1351 2757 solemnitate
1369 2709 1586 2752 laetificas:
1611 2707 1683 2757 da,
1702 2710 1751 2747 ut
1771 2715 1903 2757 quam
