2040 2944
215 226 266 262 30

691 225 728 258 111
757 222 878 256 Festis
905 230 971 263 per
996 220 1148 252 Χ111111111
1174 216 1221 250 ad
1246 214 1422 248 Primam.

214 267 1918 294 -—-——---————————————-—-———-—

270 315 316 365 Y.
352 319 406 359 Et
434 331 486 358 ne
514 328 592 356 nos
620 312 799 354 inducas
826 311 868 350 in
897 314 1032 350 tenta-

215 376 387 417 tionem.
427 378 470 415 R.
497 370 581 412 Sed
604 369 739 410 libera
763 379 843 407 nos
863 379 887 406 a
906 364 1033 405 malo.

269 434 301 471 C
304 429 439 471 redo'
429 442 469 468 m
489 429 639 467 Deum.
663 438 757 465 secr
762 431 843 464 cto.

273 483 305 532 Χ
312 519 318 526 .
339 485 487 527 Carnis
502 480 875 523 resurrectienem.
903 476 1033 529 lit-,Vi-

216 549 304 584 tam
324 543 539 582 aeternam.
567 539 719 578 Amen.

211 631 213 634 .
272 594 316 643 ,Χ
336 598 389 637 Et
408 608 488 646 ego
508 594 564 635 ad
578 599 622 635 te
637 592 824 633 D('›mine
840 588 1034 631 clamavi

222 656 265 693 lx’·.
276 654 311 693 E
313 659 330 694 t
341 664 465 692 mane
477 650 618 691 oratio
629 661 725 689 mea
733 660 855 700 praev
858 646 972 687 eniet
980 649 1034 685 te.

269 704 314 754 Χ.
351 707 591 760 Repleatur
628 718 678 745 os
714 716 858 744 meum
895 699 1034 741 laude.

221 767 264 816 R.
293 765 349 805 Ut
373 768 542 804 cantem
569 761 751 811 gloriam
775 764 913 806 tuam,
941 761 1032 797 tota

216 820 284 862 dic
303 817 642 869 magnitudinem
662 822 791 857 tuam.

271 871 316 921 Y.
343 875 529 916 Domine
557 886 611 914 av
614 875 704 914 erte
733 870 888 911 faciem
915 874 1034 910 tuam

217 946 241 974 a
261 931 452 985 peccatis
471 930 589 971 meis.
629 929 675 978 Ιζ·1
705 928 760 968 Et
787 938 936 967 omnes
960 924 1034 964 ini-

218 989 405 1047 quitates
424 999 542 1027 meas
562 972 669 1026 dele.

272 1039 317 1089 Y.
334 1044 419 1084 Cor
433 1041 641 1083 mundum
653 1052 753 1081 crea
771 1040 814 1079 in
825 1051 894 1078 me
905 1038 1035 1078 Deus.

218 1102 266 1151 R·.
295 1101 350 1140 Et
382 1098 579 1151 spiritum
611 1101 778 1137 rectum
810 1097 968 1134 innova
993 1093 1035 1132 in

219 1154 456 1197 visceribus
475 1153 594 1194 meis.

268 1207 316 1258 Y'.
346 1211 413 1251 Ne
440 1209 643 1262 projicias
670 1221 740 1249 me
765 1220 789 1247 a
818 1206 925 1247 facie
951 1210 1036 1246 tua.

220 1270 265 1319 R.
295 1268 350 1308 Et
378 1266 584 1318 Spiritum
613 1268 809 1305 sanctum
836 1267 958 1303 tuum
983 1273 1036 1302 ne

220 1323 390 1364 auferas
410 1335 435 1362 a
453 1334 533 1362 me.

268 1374 316 1424 Y'.
346 1377 500 1418 Redde
528 1376 634 1417 mihi
662 1374 857 1416 laetitiam
882 1373 1036 1414 saluta-

219 1435 278 1476 ris
291 1435 365 1475 tui.
385 1436 433 1486 R:-
456 1434 511 1474 Et
526 1433 679 1485 spiritu
694 1430 922 1483 principali
938 1442 1036 1470 con-

219 1491 344 1531 firma
362 1502 442 1530 me.

269 1551 428 1590 Quando
463 1550 510 1583 ad
543 1549 659 1582 Laud.
690 1558 765 1581 non
798 1552 883 1581 sunt
921 1547 1033 1580 dictae

220 1599 355 1632 Preces
398 1598 564 1632 feriales.
606 1596 730 1630 statim
767 1596 836 1628 die.
884 1595 1038 1638 Adiuto-

219 1646 318 1681 rium
344 1649 516 1680 nostrum
547 1651 582 1677 ct
611 1643 808 1678 Confiteor
834 1642 934 1684 Deo,
967 1646 1035 1677 etc.

217 1699 255 1727 ut
282 1703 395 1735 supra
421 1693 472 1726 23.

269 1740 429 1780 Quando
456 1747 578 1773 autem
606 1740 654 1773 ad
672 1739 789 1773 Laud.
813 1739 925 1772 dictae
949 1744 1035 1772 sunt

218 1788 352 1821 Preces
388 1787 539 1821 feriales
578 1787 736 1821 inferius
776 1787 914 1829 positae
946 1792 1035 1829 post

219 1836 366 1869 Laudes
405 1835 526 1868 Feria:
564 1835 621 1869 ΙΙ..
661 1840 748 1868 tunc
786 1835 834 1868 ad
870 1835 1035 1868 Primam

218 1884 412 1926 praedictus
443 1882 579 1915 Preces
609 1888 643 1916 ct
674 1888 876 1925 sequentes
907 1883 1036 1916 dicun-

218 1938 277 1964 tur
302 1931 410 1964 flexis
435 1930 606 1971 genibus.

273 1983 320 2034 Y'.
350 1988 479 2040 Eripe
498 2000 567 2028 me
587 1987 772 2028 Domine
793 1987 846 2028 ab
866 1987 1041 2028 homine

222 2044 347 2084 malo.
376 2046 421 2095 R·.
444 2044 484 2084 A
503 2044 596 2084 viro
615 2043 764 2095 iniquo
785 2043 903 2095 eripe
922 2056 1002 2084 me.

272 2096 319 2146 Y'.
357 2100 487 2152 Eripe
520 2112 590 2140 me
623 2098 678 2140 de
708 2098 891 2140 inimicis
922 2099 1041 2148 meis,

224 2156 342 2197 Deus
370 2168 502 2197 meus.
544 2159 591 2209 Ra
623 2156 679 2196 Et
707 2154 760 2196 ab
788 2155 1042 2205 insurgenti-

224 2210 306 2252 bus
324 2211 365 2251 in
385 2224 454 2252 me
473 2210 610 2252 libera
627 2223 707 2252 me.

275 2263 322 2314 Y.
348 2267 478 2319 Eripe
503 2280 572 2309 me
592 2266 646 2308 de
667 2266 949 2319 operantibus
968 2267 1042 2307 ini-

226 2323 443 2374 quitatem.
464 2325 513 2374 R·.
530 2324 585 2364 Et
600 2322 654 2364 de
668 2323 771 2364 viris
787 2323 1043 2373 sanguinum

225 2378 345 2418 salva
362 2391 441 2420 me.

279 2431 323 2480 Y'.
360 2434 430 2475 Sic
460 2435 675 2486 psalmum
707 2434 849 2476 dicam
881 2436 1042 2476 nemini

224 2494 300 2530 tuo
320 2490 361 2529 in
382 2490 588 2531 saeculum
608 2491 767 2532 saeculi.
803 2494 850 2543 R·.
875 2491 930 2533 Ut
948 2491 1042 2533 red-

226 2544 325 2608 dam
344 2550 447 2586 vota
465 2559 561 2587 mea
580 2545 634 2587 de
654 2546 723 2588 die
744 2547 785 2587 in
807 2547 931 2589 diem.

277 2602 325 2647 Y'.
363 2600 531 2642 Exaudi
568 2615 647 2642 nos
683 2603 802 2644 Deus
841 2603 1042 2644 salutaris

226 2663 385 2697 noster.
441 2658 486 2708 Rv.
523 2657 631 2709 Spes
667 2659 857 2700 omnium
894 2660 1043 2700 finium

224 2717 364 2762 terrae,
384 2717 427 2754 et
445 2713 487 2753 in
506 2714 612 2754 mari
632 2714 769 2764 longe.

1141 304 1190 355 Y'.
1205 306 1326 346 Deus
1345 304 1389 344 in
1408 301 1672 354 adjutorium
1690 312 1838 341 meum
1855 299 1916 340 in-

1086 362 1227 403 tende.
1268 363 1316 413 R·.
1338 359 1526 400 Demine
1545 356 1602 398 ad
1621 355 1917 407 adjuvandum

1086 431 1155 459 me
1175 418 1341 459 festina.

1145 471 1190 522 Y'.
1211 474 1398 514 Sanctus
1418 472 1555 519 Deus⁷
1582 473 1759 510 sanctus
1779 467 1917 517 fortis,

1087 535 1263 571 sanctus
1298 526 1568 569 immortalis.
1626 527 1672 577 Rv.
1708 524 1918 566 Miserere

1087 586 1224 627 nobis.

1145 639 1192 690 Y'.
1212 640 1405 683 Benedic
1430 639 1574 680 anima
1593 650 1692 679 mea
1711 637 1917 678 Demino.

1094 702 1139 751 Rv.
1169 699 1225 739 Et
1258 697 1402 738 emnia
1436 708 1534 748 quae
1563 695 1678 736 intra
1706 706 1777 735 me
1805 698 1918 743 sunt,

1087 755 1251 795 nomini
1271 758 1423 794 sancto
1444 753 1545 804 ejus.

1142 806 1191 858 Y'.
1214 809 1408 851 Benedic
1431 809 1575 849 anima
1594 819 1693 848 mea
1712 807 1918 848 Domino.

1092 870 1139 920 R
1156 868 1212 908 Et
1230 867 1319 908 noli
1339 864 1540 907 oblivisci
1561 876 1714 905 omnes
1734 862 1917 905 retribu-

1087 925 1230 965 tienes
1250 924 1351 975 ejus

1142 974 1190 1026 Y.
1214 980 1297 1029 Qui
1322 978 1587 1031 propitiatur
1614 975 1854 1018 Omnibus
1842 976 1918 1017 mi-

1090 1036 1330 1088 quitatibus
1345 1035 1442 1076 tuis.
1462 1035 1512 1074 R.
1528 1033 1612 1084 Qui
1627 1038 1753 1074 sanat
1766 1045 1919 1074 omnes

1087 1092 1363 1133 infirmitates
1382 1096 1492 1132 tuas.

1141 1144 1190 1194 Y'.
1214 1149 1297 1199 Qui
1317 1148 1492 1189 redimit
1511 1147 1567 1188 de
1585 1147 1765 1189 interitu
1783 1145 1920 1187 vitam

1088 1210 1220 1246 tuam.
1252 1206 1302 1257 Rg.
1323 1205 1407 1255 Qui
1427 1205 1611 1245 coronat
1629 1208 1674 1245 te
1692 1203 1738 1244 in
1756 1202 1920 1244 miseri-

1091 1261 1242 1303 cordia
1262 1266 1305 1303 et
1323 1260 1689 1302 miseratiOnibus.

1144 1313 1190 1364 Y'.
1224 1318 1309 1368 Qui
1342 1317 1484 1370 replet
1515 1317 1560 1357 in
1591 1316 1720 1358 bonis
1753 1315 1922 1358 deside·

1090 1376 1201 1416 rium
1245 1380 1380 1416 tuum.
1433 1374 1484 1424 R.
1527 1372 1833 1414 Renovabitur
1874 1377 1924 1414 ut

1091 1431 1249 1497 aquilae
1269 1432 1471 1483 juventus
1490 1434 1576 1471 tua.

1140 1482 1190 1534 Y.
1224 1487 1505 1540 Adjuterium
1537 1490 1738 1528 nostrum
1770 1486 1815 1527 in
1848 1487 1923 1527 ne-

1089 1544 1206 1585 mine
1225 1544 1414 1585 Demini.
1449 1547 1500 1597 R·
1525 1543 1610 1594 Qui
1633 1543 1737 1585 fecit
1761 1542 1925 1584 coelum

1092 1606 1135 1642 et
1154 1606 1326 1642 terram.

1143 1660 1292 1693 Deinde
1324 1659 1668 1694 Hebdomadarius
1700 1658 1792 1692 facit
1822 1657 1921 1692 Con-

1092 1708 1299 1741 fossionem
1324 1708 1473 1741 dicens:
1507 1707 1709 1744 Confiteor
1729 1707 1825 1743 Deo.
1852 1707 1922 1741 Re-

1089 1756 1194 1799 liqua
1221 1756 1349 1789 onmia
1373 1759 1414 1789 ut
1436 1766 1554 1799 supra
1572 1755 1611 1789 in
1627 1754 1843 1789 Dominica.
1869 1755 1925 1790 23.

1298 1823 1694 1846 μ«κφιωεὶροοι-ψ-Ϋῐ

1191 1877 1254 1926 In
1275 1878 1452 1928 Festis
1474 1894 1569 1943 per
1590 1877 1820 1928 Annum.

1111 2007 1118 2018 .
1149 1957 1275 1997 Pater
1294 1962 1454 1999 noster.
1480 1958 1573 1999 Ave
1588 1957 1736 1998 Maria.
1764 1954 1924 1998 Credo.

1094 2012 1143 2058 Χῖ
1171 2013 1299 2109 Deli}
1323 2013 1367 2053 in
1398 2013 1662 2066 adjutorium
1688 2025 1847 2054 meum.
1877 2018 1925 2054 ut

1095 2082 1223 2120 supra
1303 2101 1310 2109 .

1400 2132 1612 2183 Hymnus.

1191 2206 1262 2234 am
1279 2193 1388 2235 lucis
1409 2199 1507 2235 orto
1528 2193 1672 2235 sidere

1207 2250 1351 2291 Deum
1369 2252 1601 2303 precemur
1621 2249 1854 2303 supplices,

1171 2306 1231 2348 Ut
1250 2306 1293 2346 in
1314 2306 1479 2348 diurnis
1500 2306 1673 2349 actibus

1171 2362 1266 2404 Nos
1286 2368 1431 2405 servet
1450 2376 1476 2404 a
1497 2362 1770 2405 nocentibus.

1119 2427 1334 2478 Linguam
1354 2428 1593 2469 refraenans
1612 2429 1841 2480 temperet,

1170 2483 1238 2524 Ne
1257 2483 1343 2524 litis
1363 2484 1519 2525 horror
1539 2487 1729 2526 insonet:

1171 2540 1327 2580 Visum
1346 2539 1537 2582 fovendo
1558 2542 1777 2591 contegat,

1172 2595 1240 2637 Ne
1260 2597 1475 2638 vanitates
1494 2597 1677 2638 hauriat.

1118 2660 1215 2702 Sint
1233 2674 1345 2713 pura
1363 2661 1510 2703 cordis
1529 2661 1691 2711 intima,

1172 2716 1372 2758 Absistat
1391 2722 1435 2758 et
1453 2718 1676 2768 vecerdia3
