2040 2944
620 198 722 233 Infra
748 199 1040 234 Hebdomadam
1064 202 1090 236 1.
1115 203 1359 246 Septembris.

196 298 247 349 Rz.
271 294 414 336 Versa
446 299 512 336 est
538 295 581 335 in
611 294 776 337 luctum
803 295 969 338 cithara

143 362 256 400 mea,
285 355 328 392 θῖ
356 353 566 402 organum
585 364 733 393 meum
750 352 795 393 in
813 365 970 394 vocem

144 406 357 448 flentium:
393 412 415 436 *
453 408 590 449 Parce
625 407 732 449 mihi
766 409 968 450 Demine:

143 462 249 503 nihil
269 463 384 505 enim
403 469 503 506 sunt
523 464 616 506 dies
635 465 731 506 mei.
774 462 824 514 V.
848 465 969 506 Cutis

143 532 241 561 mea
274 519 501 571 denigrata
533 526 600 563 est
632 534 764 574 super
794 534 884 571 me,
926 526 969 563 et

143 588 245 617 ossa
263 589 361 619 mea
380 579 596 619 aruerunt.
623 578 772 619 Parce.

451 666 603 708 Lectio
625 667 663 707 ii.

214 733 269 775 ed
289 737 333 775 et
350 732 425 774 illo
446 733 589 775 adhuc
607 733 830 785 loquente,
850 734 968 775 venit

221 789 342 840 alius,
363 794 406 831 et
421 789 545 831 dixit:
564 789 758 831 Chaldaei
774 790 969 832 fecerunt

143 850 232 887 tres
251 850 427 896 turmas,
447 851 491 888 et
504 846 754 888 invaserunt
768 847 968 897 camelos,

144 907 187 945 θῖ
207 902 400 944 tulerunt
424 915 516 952 eos,
544 915 714 944 necnon
739 907 782 944 et
806 906 968 956 pueros

142 961 453 1012 percusserunt
480 959 648 1010 gladio,
687 964 730 1001 et
763 972 844 1011 ego
879 960 968 1011 fugi

143 1015 263 1056 solus
283 1020 332 1057 ut
350 1016 596 1057 nuntiarem
614 1015 704 1057 tibi.
731 1015 891 1058 Adhuc
907 1017 967 1058 lo-

143 1071 360 1124 quebatur
387 1071 474 1122 ille,
503 1077 547 1114 et
575 1085 677 1114 ecce
705 1072 816 1113 alius
838 1073 967 1114 intra-

142 1129 221 1179 vit,
250 1133 294 1170 et
314 1128 439 1170 dixit:
465 1129 588 1170 Filiis
615 1129 703 1170 tuis
728 1133 771 1170 et
794 1128 967 1171 filiabus

142 1185 422 1226 vescentibus
455 1190 499 1227 et
534 1185 786 1227 bibentibus
819 1186 968 1226 vinum

141 1241 186 1281 in
225 1241 356 1283 domo
390 1241 537 1283 fratris
571 1242 638 1283 sui
671 1242 967 1294 primogeniti,

141 1299 322 1350 repente
349 1302 506 1339 ventus
532 1298 766 1340 vehemens
794 1299 919 1339 irruit
943 1311 968 1340 a

142 1354 321 1405 regiene
349 1353 528 1405 deserti,
557 1359 600 1396 et
624 1355 847 1396 concussit
865 1357 967 1407 qua-

141 1414 242 1451 tuor
258 1410 442 1462 angulos
458 1411 626 1462 domus,
648 1424 746 1463 quae
759 1413 967 1453 corruens

143 1467 365 1520 oppressit
392 1467 557 1509 liberos
581 1473 698 1518 tuos,
736 1472 779 1510 et
805 1468 967 1510 mertui

142 1527 258 1574 sunt,
293 1527 337 1565 et
365 1523 497 1575 effugi
528 1537 610 1576 ego
640 1524 761 1566 solus
787 1529 836 1566 ut
862 1538 966 1566 nun-

140 1579 296 1622 tiarem
314 1580 406 1622 tibi.

191 1648 241 1700 R.
276 1645 455 1687 Utinam
487 1645 840 1698 appenderentur
868 1658 966 1698 pec-

141 1702 241 1743 cata
259 1715 371 1752 mea,
393 1701 551 1754 quibus
570 1702 680 1743 iram
696 1702 851 1743 merui:
867 1708 889 1732 *
909 1702 966 1743 Et

141 1757 366 1799 calamitas
387 1771 518 1810 quam
535 1759 697 1811 patior,
725 1758 769 1800 in
794 1760 966 1800 statera.

139 1811 190 1863 V.
219 1814 354 1864 Quasi
374 1816 506 1856 arena
522 1815 656 1857 maris
677 1815 773 1856 haec
791 1815 966 1866 gravior

140 1873 388 1924 appareret,
416 1871 532 1913 unde
557 1876 600 1914 et
620 1871 755 1914 verba
773 1884 871 1913 mea
891 1871 965 1913 do-

139 1927 233 1970 lere
255 1933 355 1970 sunt
373 1927 513 1980 plena.
537 1929 594 1970 Et
614 1928 850 1970 calamitas.

438 2015 591 2056 Lectio
612 2016 667 2055 iii.

138 2078 307 2186 Tunc
330 2084 520 2126 surrexit
536 2085 561 2126 J
564 2084 639 2135 ob,
668 2089 711 2126 et
738 2084 869 2127 scidit
895 2098 965 2127 ve-

235 2142 441 2183 stimenta
468 2154 563 2191 sua,
591 2146 636 2183 et
662 2145 793 2183 tonso
822 2142 965 2194 capite

141 2199 349 2240 cerruens
381 2198 424 2238 in
452 2202 631 2248 terram,
668 2197 887 2248 adoravit,
923 2203 966 2240 et

142 2253 270 2296 dixit:
318 2253 475 2296 Nudus
527 2255 729 2305 egressus
775 2267 871 2295 sum
911 2254 966 2296 de

139 2313 267 2352 utero
290 2310 443 2352 matris
461 2322 583 2360 meae,
609 2314 652 2351 et
666 2309 809 2352 nudus
824 2312 965 2352 rever-

139 2371 207 2408 tar
227 2366 344 2408 illuc:
363 2366 577 2407 Dominus
598 2365 731 2416 dedit,
750 2367 965 2408 Deminus

139 2422 336 2464 abstulit:
366 2423 479 2464 sicut
497 2422 689 2464 Demino
709 2422 885 2474 placuit,
904 2423 965 2464 ita

140 2479 304 2521 factum
325 2484 407 2521 est:
433 2479 491 2520 sit
515 2486 674 2520 nomen
692 2478 871 2520 Demini
893 2478 965 2520 be-

139 2535 373 2577 nedictum.
398 2536 449 2576 In
465 2535 667 2577 emnibus
682 2534 749 2576 his
765 2547 853 2576 non
867 2547 965 2587 pec—

141 2591 256 2632 cavit
283 2592 308 2632 J
311 2591 367 2633 ob
394 2591 522 2634 labiis
551 2592 659 2642 suis,
691 2604 833 2643 neque
863 2591 965 2632 stul-

141 2651 234 2688 tum
254 2647 360 2699 quid
377 2653 531 2690 contra
540 2649 683 2690 Deum
699 2648 873 2689 locutus
889 2652 966 2689 est.

192 2714 243 2764 Ην.
264 2713 409 2762 Quare
427 2712 690 2755 detraxistis.
710 2713 788 2753 131.

1782 205 1845 240 133

1066 296 1328 339 Responsoria
1355 300 1466 342 hujus
1491 301 1535 335 [1.
1560 302 1682 335 Feriae
1714 302 1842 337 dicun-

1022 348 1082 378 tur
1106 346 1219 379 etiam
1245 347 1283 380 in
1303 347 1348 382 Il.
1365 348 1477 382 Feria
1498 350 1762 384 Hebdomada:
1788 363 1843 385 se-

1024 394 1185 436 quentis.

1227 490 1396 526 Feria
1426 490 1636 528 Tertia.

1281 550 1345 589 De
1364 546 1477 589 libro
1494 548 1519 588 J
1521 548 1588 589 ob.

1151 608 1302 650 Lectio
1322 611 1345 649 i.
1558 613 1659 663 Cap.
1678 614 1713 652 2.

1034 714 1035 720 ¹
1055 694 1059 697 -
1078 671 1254 713 actum
1278 671 1345 708 est
1368 671 1514 709 autem
1533 681 1631 710 cum
1653 670 1840 721 quadam

1027 730 1103 769 ,fij
1127 723 1197 765 die
1219 725 1441 765 venissent
1469 724 1546 765 filii
1567 726 1665 776 Dei,
1692 731 1734 768 et
1759 732 1841 768 sta-

1021 785 1118 821 rent
1138 793 1286 821 coram
1304 780 1506 831 Demino,
1528 784 1718 824 venisset
1739 796 1841 835 quo-

1023 849 1106 888 que
1134 837 1266 878 Satan
1293 837 1406 878 inter
1435 850 1528 886 eos,
1565 842 1609 879 et
1636 843 1771 880 staret
1798 840 1841 880 in

1022 895 1261 946 conspectu
1289 894 1394 945 ejus,
1427 898 1476 935 ut
1503 893 1668 936 diceret
1695 895 1841 936 Demi-

1020 963 1101 990 nus
1132 949 1187 991 ad
1214 949 1362 991 Satan:
1409 949 1534 992 Unde
1568 950 1712 992 venis?
1758 952 1840 1002 Qui

1020 1005 1292 1058 respendens
1328 1007 1403 1047 ait:
1448 1006 1636 1048 Circuivi
1670 1011 1841 1058 terram,

1021 1067 1064 1104 et
1082 1062 1383 1116 perambulavi
1408 1075 1512 1104 eam.
1547 1064 1604 1104 Et
1628 1063 1738 1105 dixit
1755 1064 1840 1105 Do-

1019 1119 1161 1160 minus
1190 1119 1246 1160 ad
1273 1119 1418 1160 Satan:
1448 1119 1673 1171 Numquid
1704 1121 1841 1162 consi-

1021 1175 1185 1217 derasti
1214 1188 1389 1217 servum
1415 1188 1561 1217 meum
1587 1176 1611 1216 J
1614 1176 1687 1226 ob,
1723 1177 1842 1228 quod

1019 1288 1122 1341 plex
1152 1293 1195 1330 et
1223 1293 1384 1338 rectus,
1422 1301 1472 1329 ac
1505 1288 1662 1330 timens
1689 1289 1841 1339 Deum,

1021 1349 1064 1386 et
1091 1345 1302 1397 recedens
1322 1358 1347 1386 a
1365 1345 1492 1395 malo,
1522 1349 1564 1386 et
1584 1345 1725 1387 adhuc
1744 1346 1841 1387 reti-

1019 1414 1127 1443 nens
1143 1400 1463 1443 innocentiam?
1483 1401 1552 1442 Tu
1567 1406 1713 1443 autem
1728 1415 1841 1443 com-

1019 1458 1196 1499 movisti
1214 1471 1284 1499 me
1303 1458 1513 1499 adversus
1535 1470 1643 1508 eum,
1670 1463 1719 1500 ut
1737 1458 1840 1499 affli-

1019 1527 1167 1566 gerem
1201 1527 1299 1556 eum
1331 1514 1503 1556 frustra.
1557 1514 1636 1555 Cui
1663 1516 1841 1567 respen-

1020 1571 1128 1613 dens
1151 1571 1301 1621 Satan,
1324 1571 1399 1612 ait:
1430 1570 1596 1612 Pellem
1614 1583 1696 1623 pro
1716 1571 1841 1623 pelle,

1020 1632 1064 1669 et
1088 1632 1244 1669 cuncta
1264 1640 1362 1680 quae
1386 1627 1519 1669 habet
1544 1627 1695 1677 homo,
1720 1627 1841 1668 dabit

1018 1696 1100 1736 pro
1120 1684 1263 1725 anima
1281 1697 1373 1725 sua:
1396 1684 1590 1737 alidquin
1612 1684 1736 1725 mitte
1754 1696 1840 1724 ma-

1018 1754 1121 1782 num
1140 1745 1274 1790 tuam,
1297 1745 1340 1782 et
1359 1745 1489 1792 tange
1509 1753 1559 1782 οε
1580 1741 1670 1792 ejus
1690 1744 1733 1781 et
1751 1753 1839 1781 car-

1018 1810 1132 1847 nem,
1162 1801 1206 1838 et
1233 1801 1336 1838 tunc
1364 1796 1534 1838 videbis
1563 1796 1683 1849 quod
1710 1797 1754 1837 in
1782 1796 1840 1837 fa-

1019 1853 1129 1895 ciem
1148 1852 1381 1895 benedicat
1403 1852 1495 1894 tibi.

1070 1915 1119 1965 R.
1147 1909 1308 1951 Induta
1328 1914 1404 1952 est.
1428 1911 1506 1951 131.

1326 1978 1478 2018 Lectio
1500 1978 1539 2017 ii.

1108 2036 1188 2078 ixit
1223 2048 1327 2088 ergo
1361 2035 1574 2077 Deminus
1607 2035 1663 2076 ad
1691 2035 1839 2076 Satan:

1026 2121 1028 2123 ψ
1119 2093 1236 2135 Εθθθ
1259 2093 1302 2133 in
1320 2105 1451 2133 manu
1470 2096 1545 2133 tua
1564 2096 1645 2141 est,
1673 2094 1839 2133 verum-

1017 2153 1164 2190 tamen
1183 2149 1370 2190 animam
1385 2148 1500 2189 illius
1520 2160 1657 2189 serva.
1683 2147 1837 2197 Egres-

1018 2219 1092 2247 sus
1127 2206 1258 2257 igitur
1290 2206 1422 2247 Satan
1455 2217 1480 2245 a
1512 2204 1623 2253 facie
1649 2203 1838 2252 Domini,

1017 2261 1236 2314 percussit
1267 2261 1352 2302 Job
1384 2260 1531 2302 ulcere
1567 2259 1776 2312 pessimo,
1814 2272 1838 2300 a

1017 2317 1166 2370 planta
1202 2317 1329 2370 pedis
1365 2329 1504 2368 usque
1540 2315 1597 2357 ad
1633 2316 1838 2357 verticem

1018 2375 1125 2425 ejus:
1152 2374 1226 2425 qui
1245 2378 1360 2414 testa
1379 2372 1545 2414 saniem
1562 2371 1756 2422 radebat,
1775 2384 1838 2412 εθ-

1018 2429 1125 2471 dens
1153 2429 1197 2470 in
1225 2428 1510 2480 sterquilinio.
1550 2428 1674 2470 Dixit
1692 2432 1837 2470 autem

1017 2486 1081 2527 illi
1107 2498 1218 2527 uxor
1246 2498 1338 2526 sua:
1366 2484 1524 2527 Adhuc
1542 2489 1591 2526 tu
1609 2486 1837 2537 permanes

1018 2543 1062 2583 in
1091 2542 1371 2595 simplicitate
1398 2540 1494 2583 tua?
1529 2540 1714 2583 benedic
1740 2541 1835 2581 Deo

1019 2604 1062 2641 et
1080 2601 1262 2640 morere.
1290 2598 1375 2648 Qui
1393 2598 1453 2639 ait
1473 2597 1530 2639 ad
1547 2597 1681 2639 illam:
1703 2595 1835 2646 Quasi

1018 2668 1103 2697 una
1121 2655 1175 2696 de
1191 2654 1336 2696 stultis
1350 2653 1605 2695 mulieribus
1619 2654 1764 2694 locuta
1779 2663 1836 2691 es.

1017 2712 1062 2754 Si
1085 2712 1201 2754 bona
1224 2711 1496 2764 suscepimus
1521 2710 1576 2752 de
1594 2720 1723 2750 manu
1742 2706 1836 2756 Dei,
