2040 2944
597 184 773 219 Officium
796 186 971 221 votivum
996 187 1042 220 de
1067 187 1218 221 Sanctis
1242 188 1414 229 Angelis.

1758 187 1856 231 [205]

148 282 280 324 animi
294 282 535 335 cupiditate
545 282 783 325 ascendere
794 283 974 325 studeas

148 339 206 381 ad
227 351 441 380 summam
463 344 507 381 et
525 342 785 393 perpetuam
803 340 973 382 Verita-

147 401 247 438 tem.
286 395 402 437 Hinc
429 396 543 437 enim
570 399 798 438 monemur
825 396 973 438 levare

148 451 285 494 corda
314 456 464 494 nostra
495 465 595 494 cum
626 453 841 504 manibus3
872 452 974 494 hinc

147 507 348 552 audimus
376 508 586 561 quotidie:
617 510 799 551 Sursum
827 509 973 551 corda.

147 566 263 608 Hinc
306 578 482 619 quoque
522 566 791 618 negligentes
835 567 974 617 argui-

147 635 259 673 mur,
291 627 336 664 et
359 622 517 664 dicitur
539 622 684 665 nobis:
715 622 815 664 Filii
838 622 973 664 homi-

147 692 266 730 num,
303 682 533 732 usquequo
570 680 693 732 gravi
728 678 885 722 corde?
927 685 975 721 ut

149 734 255 788 quid
274 735 452 788 diligitis
467 737 704 779 vanitatem
718 741 762 778 et
778 736 975 789 quaeritis

146 791 447 834 mendacium?
462 793 761 836 Exoneratum
773 793 887 835 enim
898 806 975 835 cor

148 854 191 890 et
209 848 306 891 leve
324 849 494 891 levatur
512 850 661 901 magis,
681 855 729 892 ut
748 855 917 902 quaerat
932 854 975 891 et

147 904 300 957 diligat
318 906 559 951 veritatem.

201 967 264 1008 Te
281 967 426 1009 Deum
443 967 683 1010 laudamus.
703 969 760 1009 13.

412 1048 491 1090 Ad
513 1049 709 1091 Laudes

352 1111 404 1142 et
439 1119 539 1152 per
574 1110 770 1144 Horas.

199 1163 300 1206 Ant.
326 1164 353 1203 1.
389 1163 543 1215 Angeli
569 1163 747 1206 Domini
773 1165 797 1191 *
824 1165 972 1207 Domi-

146 1231 250 1261 num
266 1219 513 1262 benedicite
532 1221 576 1262 in
595 1222 818 1263 aetemum.

196 1276 264 1315 Ps.
294 1276 507 1318 Dominus
526 1278 735 1329 regnavit.
754 1279 814 1319 14.

198 1333 235 1372 2.
261 1333 440 1384 Angelis
461 1333 550 1375 suis
567 1334 592 1359 *
610 1334 731 1376 Deus
750 1334 974 1378 mandavit

147 1388 202 1430 de
220 1394 280 1440 te,
304 1394 353 1432 ut
375 1389 631 1432 custodiant¹
645 1396 690 1433 te
708 1391 751 1432 in
772 1392 972 1434 omnibus

145 1445 226 1487 viis
244 1446 342 1488 tuis.

197 1505 234 1544 3.
254 1503 410 1554 Angeli
425 1506 577 1546 eorum
591 1504 616 1530 *
630 1517 804 1558 semper
821 1505 973 1548 vident

144 1557 301 1601 faciem
317 1560 459 1611 Patris
478 1561 574 1612 mei,
597 1561 671 1614 qui
691 1566 758 1603 est
774 1562 818 1603 in
838 1562 971 1604 coelis.

195 1617 234 1656 4.
260 1615 458 1659 Laudate
485 1617 629 1659 Deum
652 1618 676 1644 *
707 1630 859 1660 omnes
884 1619 971 1660 An-

143 1670 230 1722 geli
254 1672 360 1724 ejus,
387 1672 564 1716 laudate
588 1687 688 1716 eum
713 1687 864 1717 omnes
889 1676 970 1717 vir-

143 1730 261 1770 tutes
281 1728 381 1781 ejus.

197 1786 233 1826 5.
263 1785 432 1837 Angeli‚
457 1787 737 1840 Archangeli,
756 1788 780 1815 *
803 1788 971 1831 Throni

144 1846 188 1882 et
222 1840 570 1894 Dominationes,
611 1844 888 1898 Principatus
927 1850 971 1888 et

142 1896 402 1949 PotestateS,
420 1899 619 1942 Virtutes
639 1901 862 1952 coe16mm,
880 1902 968 1944 lau-

142 1952 244 1996 date
262 1954 500 1998 Dominum
519 1955 574 1999 de
594 1957 729 2008 coelis,
748 1958 930 2011 alleluja.

224 2024 483 2078 Capitulum.
620 2027 759 2069 Exod.
773 2029 837 2068 23.
855 2027 893 2069 d.

221 2093 298 2122 cce
326 2094 407 2133 ego
435 2083 605 2126 mittam
633 2084 851 2136 Angelum
881 2100 991 2128 me·-

237 2151 326 2188 um,
347 2139 421 2191 qui
438 2140 663 2192 praecedat
681 2146 740 2191 te,
761 2146 805 2183 et
824 2145 966 2185 custo-

142 2192 233 2235 diat
249 2194 294 2235 in
311 2195 397 2244 via,
424 2201 468 2238 et
491 2196 742 2239 introducat
759 2198 967 2241 inlocum

142 2262 272 2302 quem
289 2252 454 2304 paravi.
482 2252 681 2296 Observa
701 2267 811 2305 eum,
832 2260 875 2297 et
895 2268 966 2296 au-

141 2304 186 2347 di
203 2319 360 2349 vocem
380 2308 481 2360 ejus.

452 2370 663 2421 Hymnus.

219 2431 371 2484 hriste,
395 2438 646 2477 sanctorum
670 2436 804 2479 decus
824 2438 966 2488 Ange-

449 2491 604 2542 lorum,

194 2544 346 2588 Gentis
369 2547 571 2590 humanae
596 2553 717 2591 sator
737 2554 781 2591 et
798 2548 965 2591 redem-
1001 2559 1004 2563 ·

195 2659 400 2702 Co'elitum
417 2610 729 2704 ngltaffitribuas
747 2661 900 2704 beatas

347 2717 566 2759 Scandere
585 2717 726 2760 sedes.

1033 283 1224 335 Angelus
1243 283 1366 336 pacis
1384 283 1573 325 Michael
1590 283 1634 324 in
1653 282 1773 325 aedes

1079 340 1262 382 Co'elitus
1282 345 1455 382 nostras
1474 340 1630 390 veniat,
1651 342 1817 382 serenae

1079 396 1248 438 Auctor
1266 401 1315 438 ut
1332 396 1454 449 pacis
1475 396 1708 438 lacrimosa
1726 397 1770 439 in
1789 411 1855 439 or-

1340 466 1439 494 cum

1234 513 1359 555 Bella
1378 513 1554 565 releget.

1032 580 1224 631 Angelus
1243 579 1367 621 fortis
1388 579 1579 629 Gabriel,
1598 584 1646 621 ut
1664 579 1816 622 hostes

1078 636 1220 678 Pellat
1239 638 1454 687 antiquos,
1475 641 1518 677 et
1536 638 1676 677 amica
1696 637 1822 687 coelo,

1080 694 1189 743 Quae
1207 691 1501 745 triumphator
1520 693 1673 734 statuit
1691 706 1771 746 per
1788 707 1854 735 or-

1234 748 1613 858 Temlpelglrevisat.

1032 872 1223 923 Angelus
1242 875 1406 912 nostrae
1426 870 1622 911 medicus
1642 871 1805 922 salutis,

1079 928 1210 970 Adsit
1229 941 1252 970 e
1273 927 1387 969 coelo
1406 926 1616 979 Raphael,
1636 932 1683 969 ut
1703 941 1854 971 omnes

1079 986 1211 1027 Sanet
1229 987 1435 1036 aegrotOS,
1455 983 1700 1036 dubiosque
1720 985 1822 1027 vitae

1232 1041 1404 1092 Dirigat
1423 1045 1558 1082 actus.

1030 1106 1166 1158 Virgo
1181 1107 1270 1148 dux
1282 1107 1416 1159 pacis,
1431 1105 1719 1158 Genitrixque
1734 1107 1854 1158 lucis,

1078 1164 1136 1206 Et
1163 1176 1286 1205 sacer
1317 1163 1446 1204 nobis
1477 1162 1636 1204 chorus
1664 1162 1853 1214 Angelo-

1337 1233 1433 1261 rum

1077 1277 1260 1329 Semper
1279 1279 1465 1326 assistat,
1485 1275 1612 1316 simul
1633 1280 1676 1317 et
1694 1277 1853 1318 mican-

1335 1333 1392 1374 tis

1234 1390 1373 1441 Regia
1392 1389 1503 1431 coeli.

1027 1456 1215 1499 Praestet
1232 1456 1319 1498 hoc
1337 1457 1464 1499 nobis
1484 1458 1636 1500 Deitas
1654 1458 1784 1501 beata

1075 1514 1228 1565 Patris,
1249 1527 1300 1556 ac
1313 1514 1429 1564 Nati,
1447 1515 1697 1568 pariterque
1715 1516 1853 1558 sancti

1078 1570 1280 1623 SpirituS‚
1322 1571 1444 1623 cujus
1479 1573 1656 1613 resonat
1692 1585 1772 1625 per
1809 1585 1852 1614 o-

1334 1639 1480 1668 mnem

1233 1682 1385 1724 Gloria
1403 1683 1626 1725 mundum.
1672 1684 1825 1726 Amen.

1080 1735 1131 1788 V.
1139 1744 1191 1785 In
1205 1745 1446 1796 conspectu
1460 1745 1731 1796 Angelorum
1744 1745 1852 1798 psal-

1023 1801 1110 1843 lam
1135 1800 1215 1843 tibi
1239 1801 1360 1842 Deus
1385 1814 1519 1843 meus.
1565 1798 1617 1849 Rv-
1637 1800 1849 1844 Adorabo

1023 1856 1081 1900 ad
1094 1857 1306 1910 templum
1322 1862 1523 1899 sanctum
1536 1862 1670 1908 tuum,
1689 1862 1734 1900 et
1748 1871 1848 1900 con-

1022 1913 1182 1956 fitebor
1200 1913 1365 1956 nomini
1383 1919 1471 1956 tuo.

1078 1973 1150 2013 Ad
1183 1970 1343 2013 Bened.
1388 1974 1488 2014 Ant.
1536 1974 1741 2026 Angelus,
1775 1976 1849 2028 qui

1021 2030 1286 2084 loquebatur
1302 2031 1327 2057 *
1345 2031 1389 2072 in
1408 2044 1494 2081 me,
1518 2031 1747 2074 suscitavit
1767 2044 1848 2081 me,

1024 2087 1149 2140 quasi
1180 2088 1322 2129 virum
1355 2088 1429 2140 qui
1461 2087 1696 2129 suscitatur
1728 2101 1754 2129 a
1781 2101 1848 2130 so-

1022 2157 1125 2186 mno
1145 2156 1236 2185 suo.

1370 2194 1531 2235 Oratio.

1025 2249 1204 2354 Deus,
1239 2256 1313 2309 qui
1340 2256 1450 2298 miro
1479 2257 1632 2300 ordine
1659 2258 1848 2311 Angelo-

1120 2326 1217 2354 rum
1245 2313 1500 2363 ministeria,
1533 2313 1847 2368 hominumque

1020 2370 1264 2422 dispensas:
1285 2369 1480 2411 concede
1497 2372 1730 2424 propitius3
1754 2378 1802 2414 ut
1821 2387 1847 2414 a

1021 2425 1178 2479 quibus
1200 2425 1280 2467 tibi
1301 2425 1648 2470 ministrantibus
1666 2428 1711 2470 in
1730 2429 1845 2471 coelo

1019 2494 1194 2535 semper
1219 2481 1454 2531 assistitur,
1486 2482 1541 2525 ab
1566 2483 1636 2525 his
1661 2485 1706 2525 in
1730 2490 1845 2527 terra

1018 2539 1108 2580 vita
1125 2542 1276 2579 nostra
1294 2538 1523 2580 muniatur.
1551 2540 1636 2583 Per
1652 2541 1780 2582 Dfim.

1288 2606 1356 2643 Ad
1379 2606 1581 2645 Tertiam.

1072 2659 1170 2698 Ant.
1206 2658 1383 2710 Angelis
1408 2660 1514 2702 suis..

1072 2713 1211 2765 Capit.
1236 2715 1355 2757 Ecce
1374 2728 1468 2766 ego.
1496 2720 1543 2755 ut
1561 2727 1703 2766 supra.
1769 2763 1771 2765 V
