2040 2944
341 166 412 200 Die
437 167 466 199 ὃ.
494 166 572 200 Oct.
619 165 674 199 Ss.
700 164 851 199 Placidi
876 169 911 198 ct
936 164 1020 198 Soc.
1046 164 1153 198 Mart.
1179 182 1191 187 -
1215 166 1244 197 (3.
1271 166 1305 198 S.
1331 164 1524 198 Brunonis
1551 164 1658 198 Conf.

194 261 238 295 In
252 261 318 295 111.
334 260 444 294 Noct.
464 259 633 293 Homilia
652 258 689 291 in
708 258 853 299 Evang.
872 257 968 294 Con-

137 308 251 343 fiteor
265 307 347 343 tibi.
372 308 418 342 dc
438 307 601 342 Coriiuni
619 307 719 341 Abb.
739 308 769 340 2.
784 305 967 350 loco.[81]

191 365 235 399 In
259 365 305 399 Π.
329 365 447 407 Vesp.
474 365 513 398 fit
538 373 734 398 commem.
760 373 867 406 sequ.

361 455 445 497 Die
463 456 501 496 5.
522 454 740 497 Octobris.

138 524 206 565 SS.
225 523 416 565 Placidi
444 529 487 564 et
508 522 690 564 Socior.
715 522 968 575 Martyrum.

182 586 262 640 ,Ad
281 589 414 639 Yesp.
435 589 534 628 Ant.
555 587 746 627 Istorum
765 590 832 626 est
852 585 967 626 enim

137 655 318 694 regnum
342 643 564 693 coelorum,
591 642 666 695 qui
693 645 966 695 contempse-

137 705 237 741 runt
260 700 395 741 vitam
415 699 577 749 mundi,
605 704 648 741 et
674 700 968 751 pervenerunt

136 756 194 797 ad
216 756 398 809 praemia
419 756 559 808 regni,
588 760 631 797 et
655 755 856 798 laverunt
880 762 966 798 sto·

135 812 200 854 las
219 826 319 855 suas
338 813 382 853 in
401 813 611 864 sanguine
631 813 759 864 Agni.

191 872 242 924 V.
260 874 491 916 Laetamim'
516 874 561 915 in
586 874 796 923 Domino,
826 878 869 915 et
895 886 965 915 ex-

135 930 294 973 sultate
321 931 432 983 justi.
483 934 533 985 R.
564 931 621 972 Et
649 930 895 982 gloriamini
923 943 966 971 o-

135 1000 258 1029 mnes
287 988 397 1029 recti
425 987 571 1030 corde.

471 1051 635 1092 Oratio.

139 1101 319 1208 Deus,
348 1107 423 1159 qui
449 1119 531 1147 nos
559 1106 766 1148 concedis
795 1110 967 1149 sancto-

253 1175 350 1204 rum
368 1163 624 1214 ‘Martyrum
660 1165 838 1204 tuorum
868 1163 964 1205 Pla-

138 1219 226 1261 cidi
249 1224 292 1261 et
311 1219 541 1262 Sociorum
565 1220 655 1271 ejus
679 1220 876 1262 natalitia
895 1223 966 1262 co-

137 1275 243 1317 lere:
274 1275 331 1318 da
361 1275 489 1318 nobis
516 1276 559 1316 in
590 1278 754 1317 aeterna
781 1276 966 1319 beatitu-

138 1331 238 1374 dine
258 1331 314 1374 de
333 1335 484 1374 eorum
504 1332 715 1375 societate
733 1333 936 1385 gaudere.

136 1389 221 1430 Per
239 1389 477 1431 Dominum
494 1394 706 1431 nostrum.

435 1454 589 1495 Lectio
611 1454 666 1493 iii.

146 1511 488 1621 ¹³}1‘iissffsimliss'
491 1513 813 1611 ffiffssiff‘fflflss
838 1519 967 1622 ἳξὶἷὲῗ

137 1625 235 1667 Deo
261 1625 447 1675 oblatus,
476 1631 519 1668 et
543 1630 696 1667 sancto
721 1627 965 1669 Benedicto

137 1682 336 1732 traditus,
361 1687 529 1724 tantum
555 1684 646 1734 ejus
672 1682 904 1736 disciplina
924 1690 967 1727 et

137 1739 394 1780 monasticae
418 1739 522 1780 vitae
540 1738 749 1781 institutis
768 1741 966 1792 profecit,

137 1800 186 1836 ut
215 1795 328 1837 inter
354 1797 605 1848 praecipuos
633 1795 748 1837 illius
777 1796 966 1850 discipu—

137 1851 206 1893 los
231 1853 494 1893 numeretur.
531 1851 601 1894 Ab
629 1865 681 1894 eo
705 1852 749 1893 in
774 1853 967 1895 Siciliam

137 1908 307 1958 missus,
330 1909 646 1950 monasterium
671 1914 715 1951 et
735 1910 967 1951 ecclesiam

136 1965 181 2006 in
207 1964 422 2006 honorem
447 1965 586 2007 sancti
611 1965 791 2007 Joannis
815 1966 966 2021 Bapti-
1029 1987 1040 2016 ,ξ
1056 1976 1105 2017 3344

138 2026 218 2064 stae
245 2034 388 2075 prope
413 2022 631 2063 Messanae
659 2028 842 2076 portum
867 2037 965 2065 con·
1024 2017 1040 2040 ‘¹

138 2078 308 2129 struxit,
326 2078 402 2120 ubi
422 2091 521 2120 cum
534 2079 761 2121 monachis
781 2080 966 2122 admira-

137 2134 215 2177 bili
243 2135 476 2177 sanctitate
502 2136 622 2177 vixit.
663 2137 768 2189 Ejus
795 2136 968 2179 visendi

139 2204 271 2233 causa
289 2205 388 2233 cum
408 2204 461 2233 eo
482 2194 706 2234 venissent
723 2193 967 2246 Eutychius

138 2252 181 2290 et
198 2248 454 2290 Victorinus
478 2248 594 2290 illius
613 2249 783 2300 fratres,
808 2255 852 2292 et
869 2250 966 2291 Fla-

137 2304 207 2346 via
237 2304 362 2356 virgo
396 2317 540 2355 soror,
578 2305 736 2348 eodem
765 2308 967 2359 tempore

136 2360 239 2402 illuc
267 2361 439 2414 appulit
465 2361 666 2403 immanis
697 2362 875 2415 quidam
903 2363 966 2415 pi-

138 2419 244 2467 rata,
269 2417 488 2460 Manucha
515 2419 705 2460 nomine:
734 2419 807 2471 qui
835 2424 966 2472 capto

137 2474 420 2525 monasterio,
449 2487 548 2516 cum
572 2474 802 2517 Placidum
830 2480 873 2516 et
901 2477 967 2517 ce-

137 2533 258 2571 teros
277 2530 397 2572 nullo
411 2531 547 2572 modo
565 2530 786 2574 adducere
800 2534 966 2584 potuis-

139 2590 221 2636 set,
249 2590 297 2628 ut
323 2586 542 2629 Christum
568 2591 794 2639 negarent,
822 2588 967 2641 ipsum

138 2641 383 2694 fratresque
412 2643 528 2685 illius
561 2657 612 2685 ac
640 2647 840 2686 sororem
873 2657 965 2686 cru-

140 2697 294 2740 deliter
321 2700 469 2741 necari
494 2701 629 2752 jussit.
668 2701 778 2742 Cum
808 2700 967 2753 quibus

293 2841 357 2866 Pars
372 2842 542 2867 Autumnalis.

1787 158 1855 193 365

1021 257 1153 299 etiam
1189 258 1409 306 Donatus,
1449 257 1669 297 Firmatus
1707 254 1852 296 diaco-

1020 327 1114 363 nus,
1139 314 1338 363 Faustus,
1368 313 1529 365 aliique
1556 312 1734 363 triginta
1762 313 1852 352 mo-

1020 369 1164 420 nachi,
1208 370 1405 423 martyrii
1446 372 1634 421 agonem
1668 368 1853 410 feliciter

1021 429 1391 475 consummarunt,
1406 427 1537 468 tertio
1552 426 1705 467 Nonas
1722 425 1853 466 Octo-

1019 483 1126 533 bris,
1163 495 1278 524 anno
1315 482 1469 524 salutis
1503 482 1853 535 quingentesimo

1019 540 1244 591 trigesimo
1263 553 1394 581 nono.

1077 599 1137 638 Te
1156 597 1300 638 Deum
1319 595 1561 638 laudamus.
1580 597 1639 636 14.

1078 655 1149 695 Ad
1168 654 1303 695 Laud.
1326 655 1424 695 Ant.
1453 653 1600 694 Vestri
1619 652 1767 705 capilli
1784 654 1851 694 ca-

1019 711 1123 764 pitis
1152 723 1303 752 omnes
1331 710 1547 751 numerati
1576 715 1690 751 sunt:
1718 709 1854 751 nolite

1019 769 1190 810 timere:
1212 767 1360 809 multis
1378 766 1631 819 passeribus
1649 766 1854 808 meliores

1021 825 1127 867 estis
1147 837 1238 866 vos.

1076 877 1127 929 V.
1147 880 1443 922 Exsultabunt
1470 880 1610 921 sancti
1633 880 1677 920 in
1704 879 1854 930 gloria.

1024 939 1075 990 Ra.
1088 938 1379 980 Laetabuntur
1398 937 1441 978 in
1462 936 1678 978 cubilibus
1699 936 1800 977 suis.

1244 1035 1328 1076 Die
1349 1037 1386 1076 6.
1407 1034 1629 1076 Octobris.

1123 1099 1167 1140 S.
1187 1099 1440 1141 Brunonis
1466 1102 1752 1144 Confessoris.

1358 1160 1522 1203 Duplex.

1076 1214 1212 1248 Omnia
1244 1214 1290 1247 dc
1321 1213 1465 1247 Comm.
1497 1212 1605 1248 Cons.
1637 1222 1714 1246 non
1744 1211 1855 1243 I’ont.

1021 1262 1090 1306 [67]
1119 1268 1261 1305 praeter
1286 1272 1391 1305 sequ.

1358 1314 1521 1355 Oratio.

1023 1368 1209 1476 Sancti
1232 1372 1454 1413 Brunonis
1479 1371 1755 1414 Confessoris
1780 1372 1854 1421 tui,

1118 1431 1371 1481 quaesumus
1403 1428 1609 1479 Domine,
1646 1429 1852 1470 interces-

1019 1485 1218 1527 sionibus
1243 1485 1513 1538 adjuvemur:
1539 1490 1598 1535 ut,
1626 1486 1701 1538 qui
1725 1486 1853 1537 maJe-

1020 1545 1182 1584 statem
1200 1548 1323 1584 tuam
1341 1542 1535 1593 graviter
1555 1541 1852 1594 delinquendo

1021 1598 1300 1648 offendimus,
1330 1599 1421 1650 ejus
1449 1599 1615 1640 meritis
1645 1604 1687 1640 et
1715 1599 1852 1651 preci-

1019 1656 1102 1697 bus
1121 1658 1375 1697 nostrorum
1399 1654 1662 1697 delictorum
1680 1655 1854 1697 Veniam

1021 1714 1356 1764 consequamur.
1383 1711 1468 1753 Per
1487 1712 1735 1753 Dominum.

1074 1779 1117 1813 In
1141 1779 1168 1813 I.
1192 1778 1303 1812 Noct.
1326 1777 1427 1811 Lect.
1454 1777 1500 1811 de
1526 1777 1662 1820 Script.
1689 1787 1833 1810 oceurr.

1247 1850 1297 1888 In
1324 1850 1374 1888 II.
1404 1847 1631 1887 Nocturno.

1326 1914 1479 1956 Lectio
1499 1914 1552 1954 iv.

1056 2014 1058 2018 f
1134 1981 1244 2010 runo
1283 1967 1586 2010 Carthusianae
1629 1968 1853 2018 religionis

1035 2063 1106 2087 *j
1149 2025 1389 2082 institutor,
1419 2024 1616 2067 Coloniae
1646 2025 1851 2078 Agrippi-

1026 2079 1121 2105 Jss‘-
1150 2095 1219 2123 nae
1242 2086 1370 2123 natus
1396 2086 1474 2123 est.
1509 2082 1580 2123 Ab
1604 2082 1712 2134 ipsis
1735 2081 1852 2123 incu-

1019 2137 1190 2179 nabulis
1233 2139 1457 2191 specimen
1497 2139 1657 2180 futurae
1695 2139 1851 2180 sancti-

1019 2195 1123 2237 tatis
1150 2195 1407 2247 pre'eferens‚
1434 2207 1606 2236 morum
1634 2195 1851 2246 gravitate

1018 2251 1206 2303 puerilia
1223 2250 1339 2292 illius
1360 2251 1515 2300 aetatis,
1541 2250 1689 2293 divina
1707 2251 1851 2293 faven-

1018 2312 1062 2349 te
1082 2307 1234 2358 gratia,
1260 2306 1484 2349 declinans
1503 2307 1616 2349 adeo
1636 2308 1852 2358 excelluit,

1019 2368 1067 2405 ut
1103 2364 1188 2415 jam
1221 2363 1324 2405 inde
1369 2363 1687 2405 monachorum
1724 2369 1853 2417 pater

1019 2419 1211 2471 vitaeque
1240 2419 1562 2462 anachoreticae
1590 2420 1763 2462 futurus
1790 2421 1851 2461 in-

1020 2478 1242 2517 staurator
1271 2478 1597 2527 agnosceretur.
1632 2477 1674 2517 A
1697 2479 1850 2530 paren-

1018 2531 1136 2574 tibus
1160 2534 1321 2583 genere
1346 2545 1398 2574 ac
1420 2533 1583 2575 virtute
1609 2533 1749 2583 claris,
1768 2534 1850 2574 Lu-

1019 2589 1171 2630 tetiam
1193 2589 1463 2630 Parisiorum
1486 2589 1657 2639 missus,
1682 2594 1851 2631 tantum

1019 2644 1080 2686 ibi
1112 2645 1157 2685 in
1191 2644 1487 2698 philosophiae
1524 2659 1576 2687 ac
1612 2645 1849 2695 theologiae

1019 2700 1176 2743 studiis
1195 2701 1393 2754 profecit,
1412 2706 1461 2744 ut
1479 2701 1675 2744 doctoris
1694 2714 1746 2742 ac
1763 2713 1849 2741 ma-

1576 2831 1643 2865 24*
