2040 2944
181 182 251 226 [74]

452 285 647 323 l’salmus
676 284 738 322 23.

269 337 403 378 omini
435 341 503 377 est
534 341 669 386 terra,
710 341 753 377 et
784 335 1013 388 plenitudo

180 340 263 444 D
286 394 391 444 ejus:
411 395 435 420 *
455 392 576 433 orbis
596 394 829 442 terrarum,
860 398 904 433 et
923 393 1013 433 uni-

182 450 298 491 versi
319 449 394 501 qui
412 448 613 490 habitant
631 449 675 489 in
696 461 761 490 eo.

235 510 346 560 Quia
371 510 467 562 ipse
493 522 626 562 super
651 509 790 550 maria
815 508 1016 550 fundavit

182 579 295 608 eum:
327 567 350 593 *
384 571 428 607 et
463 578 597 618 super
634 565 813 606 flumina
846 578 1015 618 praepa-

182 622 294 663 ravit
323 635 433 663 eum.

234 678 342 728 Quis
377 677 586 719 ascendet
622 678 666 718 in
700 682 895 719 montem
929 677 1016 718 Do-

181 733 309 775 mini?
345 736 369 761 *
404 739 479 776 aut
521 735 618 786 quis
659 734 792 775 stabit
832 734 876 774 in
916 733 1017 775 loco

183 796 336 832 sancto
367 789 482 842 ejus?

233 849 450 889 Innocens
469 846 671 888 manibus
691 851 735 888 et
753 845 918 888 mundo
933 859 1020 888 cor-

183 904 250 954 de,
270 906 293 931 *
315 904 389 956 qui
416 917 505 945 non
533 903 703 956 accepit
727 903 771 943 in
791 916 905 944 vano
930 904 1016 943 ani·
1071 941 1072 944 ,

182 974 298 1001 mam
335 973 479 1009 suam,
520 973 602 1001 nec
640 959 797 1011 juravit
833 960 877 1000 in
912 959 1017 1001 dolo

182 1017 385 1070 preximo
414 1030 506 1058 suo.

234 1074 320 1114 Hic
365 1073 552 1126 accipiet
591 1072 947 1114 benedictiunem
992 1087 1017 1114 a

182 1130 388 1171 Domino:
404 1132 428 1157 *
448 1134 492 1171 et
511 1129 858 1171 misericerdiam
878 1143 903 1170 a
919 1130 1016 1171 Deo

182 1186 361 1228 salutari
391 1200 482 1228 suo.

233 1244 343 1284 Haec
377 1248 443 1284 est
471 1243 696 1294 generatio
728 1243 1017 1295 quaerentium

183 1313 298 1350 eum,
340 1301 363 1325 *
407 1300 697 1352 quaerentium
738 1299 896 1340 faciem
932 1300 1017 1342 Dei

181 1356 331 1398 Jacob.

234 1412 438 1454 Attollite
483 1417 636 1465 portas
679 1412 902 1464 principes
944 1425 1015 1453 ve-

183 1474 310 1518 stras,
339 1474 383 1510 et
411 1469 643 1510 elevamini
670 1472 813 1520 portae
834 1471 1015 1510 aeterna-

181 1526 263 1567 les:
292 1527 316 1552 *
345 1530 388 1567 et
415 1524 613 1566 introibit
641 1525 739 1566 Rex
766 1524 930 1575 gloriae.

235 1586 342 1636 Quis
371 1591 438 1628 est
464 1586 547 1628 iste
568 1587 667 1627 Rex
687 1584 863 1636 gleriae?
884 1587 907 1612 *
926 1586 1015 1627 Do-

181 1643 323 1684 minus
357 1643 482 1684 fortis
520 1647 563 1684 et
591 1646 765 1695 potens:
800 1642 1016 1683 Dominus

181 1704 341 1751 potens
368 1699 412 1740 in
439 1698 606 1751 praelio.

234 1760 437 1802 Attullite
486 1765 639 1812 portas
682 1759 903 1812 principes
945 1773 1015 1802 ve-

181 1822 312 1865 stras,
342 1822 385 1858 et
414 1816 645 1858 elevamini
668 1821 810 1869 portae
834 1819 1015 1858 aeterna-

181 1872 261 1913 les:
289 1875 312 1899 *
342 1878 385 1915 et
413 1872 611 1914 introibit
638 1873 737 1914 Rex
764 1872 929 1924 gloriae.

235 1933 342 1982 Quis
371 1938 438 1975 est
465 1933 548 1975 iste
568 1934 666 1975 Rex
690 1932 865 1984 gleriae?
886 1934 910 1961 *
927 1934 1015 1975 Do-

181 1989 323 2030 minus
351 1990 562 2032 virtutum
589 1990 685 2042 ipse
714 1994 781 2031 est
801 1990 899 2032 Rex
926 1991 1016 2042 glo-

183 2059 269 2086 nae.

237 2116 336 2155 Ant.
384 2112 467 2154 Hic
516 2112 705 2165 accipiet
746 2111 1016 2154 benedictio-

184 2180 284 2209 nem
312 2181 337 2209 a
356 2168 565 2219 Demino,
595 2174 638 2210 et
666 2168 1017 2210 misericerdiam

184 2237 209 2264 a
234 2224 331 2266 Deo
358 2225 541 2267 salutari
570 2237 667 2266 suo:
695 2225 798 2276 quia
826 2224 922 2266 haec
950 2230 1017 2266 est

183 2281 409 2330 generatio
431 2281 722 2333 quaerentium
740 2281 991 2322 Deminum.

238 2344 287 2394 ΥΤ.
310 2345 403 2387 Lex
421 2347 505 2388 Dei
529 2347 619 2398 ejus
643 2346 687 2386 in
710 2346 847 2388 corde
867 2346 1017 2399 ipsius.

186 2406 235 2456 R.
267 2402 323 2442 Et
351 2415 439 2442 non
469 2402 871 2455 supplantabuntur
900 2415 1016 2454 gres-

185 2470 259 2498 sus
282 2470 383 2509 ejus.

245 2521 371 2559 Pater
391 2523 550 2560 noster.

237 2583 484 2623 Absolutio.
514 2585 550 2623 A
571 2580 769 2621 vinculis.

240 2638 287 2687 δ”.
315 2639 339 2680 J
342 2639 427 2680 ube
448 2638 620 2680 domne.

243 2702 400 2742 Bened.
428 2698 695 2749 Evangelica
717 2699 860 2740 lectio.

630 183 840 215 Commune
866 182 1114 215 Confessoris
1140 192 1215 216 non
1243 182 1452 216 Pontificis.

1070 276 1222 317 Lectio
1243 275 1632 372 sanctilldivangelii
1655 276 1901 318 secundum

1433 344 1572 373 ucam.

1173 398 1324 439 Lectio
1347 398 1413 438 vii.
1566 397 1667 449 Cap.
1686 399 1742 438 12.
1762 410 1796 438 e.

1067 456 1144 562 In
1173 457 1249 525 illo
1278 457 1656 522 temp-oreffiDixit
1682 457 1810 522 Jesus
1840 458 1899 523 di3

1139 513 1319 566 scipuhs
1343 526 1448 554 suis:
1475 513 1572 554 Sint
1600 513 1739 555 lumbi
1766 519 1902 556 vestri

1068 570 1315 622 praecincti,
1344 574 1388 611 et
1415 570 1608 611 lucernae
1630 569 1837 612 ardentes
1859 571 1903 611 in

1069 626 1272 667 manibus
1295 626 1466 667 vestris.
1498 626 1556 668 Et
1580 626 1762 678 reliqua.

1115 704 1308 748 Homilia
1327 704 1468 745 sancti
1489 703 1695 756 Gregorii
1713 704 1860 757 Papae.

1257 772 1428 807 Homilia
1450 774 1497 807 13.
1517 773 1554 806 in
1572 773 1717 816 Evang.

1172 829 1290 870 ancti
1311 829 1558 880 Evangelii,
1587 829 1745 871 fratres
1774 831 1905 871 caris-

1070 831 1168 971 Ξ
1188 885 1302 934 simi,
1336 887 1491 938 aperta
1519 885 1646 926 vobis
1676 890 1744 927 est
1770 885 1904 927 lectio

1070 945 1072 951 ⁴
1188 941 1385 983 recitata.
1403 941 1492 983 Sed
1506 954 1561 983 ne
1576 941 1797 994 aliquibus
1809 942 1905 994 ipsa

1071 999 1163 1050 ejus
1191 997 1398 1050 planities
1427 997 1516 1039 alta
1543 997 1733 1040 fortasse
1758 997 1905 1040 videa-

1070 1059 1158 1104 tur,
1187 1067 1284 1096 eam
1304 1053 1386 1095 sub
1405 1053 1626 1096 brevitate
1646 1055 1904 1096 transcurri-

1069 1124 1184 1161 mus,
1222 1113 1439 1162 quatenus
1473 1112 1564 1163 ejus
1594 1111 1815 1163 expositio
1843 1111 1905 1152 ita

1070 1166 1370 1208 nescientibus
1389 1167 1466 1208 fiat
1484 1167 1672 1218 cognita,
1690 1171 1739 1208 ut
1757 1171 1905 1209 tamen

1070 1223 1312 1264 scientibus
1335 1235 1424 1264 non
1444 1223 1503 1265 sit
1521 1225 1722 1266 onerosa.
1755 1224 1903 1265 Dumi-

1070 1293 1152 1320 nus
1180 1279 1303 1321 dicit:
1338 1280 1435 1321 Sint
1462 1279 1602 1321 lumbi
1629 1280 1767 1322 vestri
1794 1293 1905 1333 prae-

1070 1337 1215 1378 cincti.
1235 1335 1434 1377 Lumbos
1450 1336 1566 1377 enim
1580 1337 1904 1389 praecingimus,

1070 1405 1170 1434 cum
1190 1393 1335 1434 carnis
1351 1392 1572 1434 luxuriam
1585 1406 1666 1446 per
1681 1393 1905 1434 continen-

1069 1450 1177 1490 tiam
1197 1451 1488 1490 coarctamus.
1521 1449 1610 1491 Sed
1634 1450 1738 1502 quia
1759 1450 1905 1491 minus

1070 1511 1149 1555 est,
1163 1505 1279 1546 mala
1291 1518 1379 1546 non
1391 1508 1534 1557 agere,
1548 1506 1633 1547 nisi
1644 1506 1778 1548 etiam
1789 1506 1904 1558 quis-

1070 1575 1156 1614 que
1175 1562 1369 1611 studeat,
1395 1567 1439 1604 et
1462 1561 1591 1603 bonis
1612 1562 1824 1615 operibus
1843 1562 1904 1603 in-

1070 1618 1242 1668 sudare,
1261 1619 1466 1671 protinus
1481 1617 1674 1660 additur:
1692 1618 1751 1660 Et
1767 1618 1905 1660 lucer-

1070 1688 1138 1717 nae
1173 1675 1381 1716 ardentes
1411 1675 1457 1715 in
1495 1674 1699 1716 manibus
1733 1674 1893 1716 vestris

1069 1732 1293 1773 Lucernas
1321 1731 1487 1784 quippe
1513 1730 1720 1772 ardentes
1745 1731 1790 1771 in
1815 1732 1888 1772 ma

1070 1787 1199 1829 nibus
1211 1789 1424 1837 tenemus,
1439 1800 1539 1828 cum
1549 1800 1630 1840 per
1640 1786 1759 1828 bona
1769 1789 1905 1840 opera

1069 1845 1285 1897 preximis
1330 1843 1496 1885 nostris
1545 1843 1656 1884 lucis
1701 1843 1904 1896 exempla

1069 1903 1379 1942 monstramus.
1414 1901 1483 1942 De
1511 1899 1672 1952 quibus
1699 1899 1903 1952 profecto

1071 1957 1282 2010 operibus
1290 1956 1508 1998 Dominus
1517 1955 1640 1998 dicit:
1649 1956 1818 1998 Luceat
1828 1955 1904 1997 lux

1070 2019 1218 2056 vestra
1233 2026 1385 2055 coram
1394 2012 1659 2063 hominibus,
1667 2017 1717 2054 ut
1724 2011 1904 2054 videant

1072 2073 1208 2123 opera
1236 2075 1386 2112 vestra
1412 2069 1547 2119 bona,
1581 2074 1625 2110 et
1656 2068 1904 2120 glorificent

1070 2127 1248 2168 Patrem
1269 2130 1467 2167 vestrum
1488 2125 1563 2177 qui
1581 2125 1625 2166 in
1645 2124 1772 2166 coelis
1793 2129 1871 2166 est.

1126 2192 1175 2232 R».
1205 2189 1297 2229 Iste
1324 2192 1392 2228 est
1423 2186 1499 2238 qui
1521 2190 1623 2228 ante
1646 2186 1790 2227 Deum
1814 2197 1902 2226 ma-

1070 2257 1178 2295 gnas
1204 2245 1391 2285 virtutes
1420 2244 1631 2295 operatus
1660 2246 1744 2291 est,
1778 2246 1823 2282 et
1847 2241 1903 2283 de

1071 2301 1191 2342 omni
1230 2299 1366 2342 corde
1405 2311 1486 2340 suo
1524 2297 1721 2340 laudavit
1753 2297 1902 2338 Dumi-

1070 2370 1191 2398 num:
1212 2359 1231 2381 ¹·
1252 2357 1357 2409 Ipse
1379 2353 1626 2397 intercedat
1644 2365 1726 2406 pro
1747 2354 1902 2406 pecca-

1070 2414 1127 2454 tis
1158 2413 1354 2454 emnium
1381 2410 1659 2464 populorum.
1706 2406 1755 2458 V.
1785 2410 1902 2451 Ecce

1069 2469 1204 2510 homo
1226 2469 1320 2510 sine
1344 2467 1537 2520 querela,
1561 2478 1691 2507 verus
1710 2466 1795 2508 Dei
1815 2466 1902 2507 cul-

1069 2530 1156 2575 tor,
1188 2525 1415 2567 abstinens
1447 2535 1496 2564 se
1528 2521 1584 2563 ab
1615 2522 1734 2563 omni
1766 2524 1902 2575 opere

1069 2582 1202 2631 malo,
1229 2586 1273 2622 et
1298 2582 1562 2632 permanens
1586 2578 1631 2618 in
1651 2578 1902 2620 innocentia

1069 2651 1158 2679 sua.
1194 2639 1307 2690 Ipse.

1128 2699 1284 2741 Bened.
1315 2697 1445 2748 Cujus
1465 2696 1627 2737 festum
1646 2695 1844 2737 culimus.
