2040 2944
545 194 616 228 Die
640 195 693 229 29.
718 194 817 229 Nov.
862 194 897 229 S.
924 194 1071 229 Gelasii
1095 195 1122 229 Ι.
1146 196 1265 239 Papa:
1290 200 1326 231 et
1351 197 1458 231 Conf.

202 289 253 342 R.
269 285 404 326 Posui
413 285 676 337 adjutorium
686 300 818 339 super
828 290 980 340 poten-

152 346 256 389 tem,
281 346 325 383 et
348 342 538 384 exaltavi
562 342 750 385 electum
773 343 828 385 de
851 344 980 397 plebe

151 401 295 440 meaz*
308 398 464 439 Manus
477 399 591 440 enim
597 412 695 441 mea
704 400 981 443 auxiliabitur

153 455 204 496 ei.
228 453 279 504 V.
298 455 452 496 Inveni
466 456 612 498 David
632 469 807 499 servum
824 470 980 508 meum,

152 511 252 553 oleo
268 517 421 555 sancto
436 525 536 554 meo
551 513 657 554 unxi
673 526 782 555 eum.
813 514 980 556 Μ311118.

452 569 605 611 Lectio
626 570 678 609 vi.

254 624 347 667 ulta
358 637 536 677 quoque
547 638 572 667 a
582 625 856 679 Luitprando
866 627 979 669 Lon—

267 681 568 746 gobardorum
590 695 694 734 rege
716 683 864 735 inique
882 697 979 736 pas-

152 751 227 781 sus
246 743 330 789 est,
360 738 435 790 qui
458 743 503 780 et
521 738 687 781 Urbem
710 739 840 791 longa
866 740 979 782 obsi-

152 794 283 838 dione
303 795 453 845 cinxit,
480 800 524 837 et
543 796 682 838 sancti
699 796 819 838 Petri
836 796 979 838 basili-

151 865 249 894 cam
281 851 494 903 sacrilega
525 865 658 894 manu
686 852 875 906 diripuit.
929 854 980 894 In

150 909 219 950 his
237 909 449 961 angustiis
464 909 764 951 sanctissimus
778 910 980 952 Pontifex

152 965 210 1008 ad
228 966 435 1008 Carolum
453 966 712 1017 Martellum,
732 970 978 1009 antecesso-

1790 200 1855 235 31*

1210 292 1293 334 Die
1311 293 1377 334 29.
1396 293 1674 336 Novembris.

1115 358 1157 399 S.
1177 359 1360 401 Gelasii
1377 361 1413 402 Ι.
1432 362 1564 414 Papae
1586 369 1628 405 et
1649 364 1767 405 Conf.

1358 428 1521 472 Duplex.

1084 483 1220 518 Omnia
1262 485 1308 519 de
1345 485 1547 520 Communi
1583 487 1690 522 Conf.
1727 488 1850 527 Pont.

1030 535 1171 573 praeter
1194 534 1404 576 sequentia.
1429 529 1488 570 (m.
1512 533 1536 565 t·
1559 531 1608 574 V.)

1084 578 1245 620 Oratio.
1274 581 1343 620 Da
1364 593 1624 632 quaesumus.

1081 640 1128 674 Et
1156 641 1197 675 fit
1227 650 1422 677 commem.
1455 644 1489 678 S.
1515 643 1710 678 Saturnini
1742 649 1782 679 ut
1811 645 1850 678 in

1029 687 1241 724 Breviario.

1080 744 1124 778 In
1154 745 1180 779 I.
1210 731 1408 781 Nocturno
1439 747 1642 783 Lectiones
1674 749 1721 783 de
1753 749 1850 783 Scri-

1028 796 1141 835 ptura
1166 800 1396 829 occurrente.

1254 863 1302 901 In
1329 864 1380 903 II.
1408 864 1629 903 Nocturno.

1326 927 1509 969 Lectio
1498 943 1550 969 11.

1039 996 1087 1051 J]
1083 994 1143 1019 Ὗ
1164 990 1337 1041 elasiuS,
1361 997 1491 1043 gente
1510 993 1754 1045 Africanus,
1777 1007 1850 1047 pa-

151 1022 211 1064 ris
243 1022 464 1075 exemplo,
500 1023 672 1074 legatos
709 1037 808 1065 cum
844 1024 979 1066 sacris
1036 1028 1121 1075 -είῗΐηΝ
1097 1032 1137 1066 Μ

150 1079 406 1122 muneribus
425 1079 673 1122 destinavit.
700 1080 884 1122 Munivit
900 1081 978 1122 Ur-

150 1135 220 1178 bis
238 1137 417 1187 mo'enia,
443 1136 588 1188 largas
613 1137 656 1177 in
680 1139 844 1188 egenos
869 1137 978 1179 elee-

150 1195 357 1246 mosynas
377 1194 591 1245 erogavit,
616 1207 756 1235 novas
775 1193 979 1235 basilicas

151 1262 178 1291 a
201 1250 495 1292 fundamentis
520 1251 752 1300 exstruxit,
778 1253 979 1303 antiquas

151 1307 334 1357 ornavit,
354 1320 406 1349 30
423 1308 699 1358 restauravit,
717 1307 979 1361 Vaticanam

150 1363 413 1416 praesertim,
439 1364 554 1406 intra
582 1377 713 1416 quam
741 1364 979 1406 oratorium

150 1432 274 1470 auro,
307 1422 506 1472 argento,
537 1421 736 1472 gemmis,
773 1423 978 1472 omnique

149 1477 335 1530 pretiosi
385 1478 532 1531 operis
583 1479 743 1529 genere
793 1476 979 1519 ditatum

151 1534 305 1584 erexit,
333 1534 378 1574 in
403 1547 491 1587 quo
515 1537 767 1576 sanctorum
785 1535 977 1587 Aposto-

149 1588 303 1639 lorum,
322 1595 366 1632 et
378 1590 621 1644 Martyrum
635 1590 851 1643 reliquias,
866 1604 978 1631 sum-

150 1658 222 1687 ma
238 1658 341 1688 cura
356 1651 401 1689 et
415 1646 637 1699 diligentia
647 1653 742 1690 toto
754 1646 978 1688 christiani

151 1701 271 1744 orbis
291 1703 458 1745 ambitu
480 1705 749 1757 conquisitas
769 1703 978 1756 reposuit,

151 1763 195 1800 et
222 1758 431 1801 colendas
460 1761 681 1813 exposuit,
713 1773 766 1802 eo
791 1759 978 1800 maxime

149 1817 366 1868 tempore,
388 1829 475 1869 quo
494 1817 592 1858 illas
610 1815 872 1868 Agiomachi
891 1815 978 1857 dia-

149 1870 296 1914 bolico
315 1872 464 1915 furore
482 1873 810 1926 proculcabant.
841 1871 979 1913 Multa

150 1929 418 1971 monasteria
436 1930 645 1980 restituit,
671 1935 714 1972 et
738 1929 902 1970 sanctis
921 1928 978 1969 le-

149 1984 278 2036 gibus
292 1985 507 2036 instruxit,
527 1989 779 2038 statuitque,
794 1989 843 2026 ut
857 1997 976 2037 pres-

149 2040 293 2093 byteri
325 2046 369 2084 et
398 2042 603 2084 monachi
635 2042 813 2084 alternis
844 2045 978 2082 noctu

151 2096 315 2149 diuque
334 2097 504 2140 divinas
522 2098 676 2141 laudes
695 2098 978 2140 celebrarent.

150 2152 334 2195 Fractus
354 2154 530 2196 demum
548 2155 789 2204 laboribus,
811 2153 978 2194 meritis

149 2209 254 2251 licet
273 2215 405 2262 atque
424 2211 659 2254 virtutibus
677 2211 879 2263 inclytus,
906 2222 975 2250 an-

149 2278 207 2307 no
228 2266 295 2307 sui
313 2267 597 2318 pontificatus
620 2267 852 2309 undecimo
872 2278 976 2306 non-

151 2321 255 2363 dum
269 2325 464 2375 peracto,
481 2329 639 2376 quarto
654 2322 879 2365 Kalendas
894 2321 977 2362 De-

150 2378 339 2420 cembris
358 2380 431 2432 pie
452 2380 560 2422 obiit
580 2380 624 2421 in
642 2379 847 2428 Domino,
872 2382 915 2418 et
934 2378 977 2417 in

149 2434 364 2486 praedicto
384 2437 579 2478 oratorio
597 2435 814 2477 Vaticano
834 2433 975 2486 sepul-

149 2495 222 2531 tus
242 2495 320 2532 est.
367 2495 418 2546 Ει.
441 2493 532 2534 Iste
554 2497 621 2534 est
641 2491 727 2543 qui.

202 2551 246 2586 In
266 2552 329 2587 m.
350 2554 386 2588 N
390 2559 550 2589 octurno
572 2553 743 2588 Homilia
768 2551 807 2585 in
830 2549 974 2591 Evang.

151 2599 277 2634 Homo
301 2601 472 2644 peregre.
498 2603 545 2636 de
570 2602 714 2637 Comm.
740 2599 767 2633 1.
790 2598 888 2632 1000.

203 2647 319 2693 Vesp.
341 2660 363 2683 a
385 2649 477 2693 Cap.
503 2650 549 2684 de
575 2660 680 2693 sequ.
705 2656 838 2682 comm.
860 2653 974 2687 praec.

153 2695 295 2731 Oratio.
319 2695 474 2731 Exaudi
497 2696 728 2743 quaesumus.
753 2695 783 2727 2.
806 2694 902 2727 1000.

1036 1045 1158 1127 &W
1179 1052 1245 1145 itre
1263 1048 1460 1147 Valerig,
1488 1049 1710 1156 111άῒῈο11018
1734 1052 1852 1148 1όὲἓί

1155 1123 1157 1126 ·
1196 1117 1324 1146 0011111
1360 1118 1411 1146 811
1444 1118 1523 1156 rog
1572 1119 1623 1147 us
1680 1119 1769 1159 pon

1031 1162 1179 1202 catum
1198 1161 1333 1212 gessit
1354 1174 1492 1203 annos
1514 1164 1713 1214 quatuor,
1736 1176 1851 1204 men-

1031 1230 1102 1258 ses
1122 1222 1239 1268 octo,
1264 1217 1565 1269 duodeviginti
1585 1218 1688 1260 dies.
1724 1219 1850 1260 Crea-

1030 1274 1093 1315 vit
1110 1274 1153 1314 in
1173 1273 1337 1326 duplici
1356 1274 1627 1317 ordinatione
1643 1275 1852 1317 diaconos

1032 1329 1155 1380 duos,
1171 1330 1454 1383 presbyteros
1473 1332 1649 1383 triginta
1667 1337 1711 1374 et
1730 1331 1852 1382 duos,

1031 1389 1257 1438 sexaginta
1277 1392 1446 1440 septem
1464 1400 1544 1440 per
1565 1387 1736 1429 diversa
1754 1388 1853 1429 loca

1031 1446 1278 1495 episcopos.
1304 1443 1383 1486 Vir
1402 1456 1506 1485 sane
1525 1443 1730 1495 singulari
1749 1444 1853 1485 fidei

1030 1499 1332 1553 propagandae
1352 1513 1403 1542 30
1424 1499 1652 1542 servandae
1672 1500 1768 1542 zelo
1789 1513 1852 1541 ar-

1032 1556 1322 1607 dentissimus,
1342 1557 1459 1598 omni
1472 1557 1728 1606 litteratura,
1742 1569 1850 1609 prae-

1031 1613 1181 1654 sertim
1218 1626 1360 1663 83013,
1394 1613 1770 1663 instructissimus,
1808 1618 1851 1654 et

1030 1668 1236 1722 intrepidi
1258 1670 1450 1722 pectoris
1476 1669 1654 1719 robore,
1680 1674 1772 1710 tum
1795 1668 1852 1709 ad

1030 1725 1292 1767 vindicanda
1307 1725 1528 1776 Ecclesiae,
1547 1730 1590 1767 et
1604 1724 1729 1766 Sedis
1748 1737 1850 1777 apo—

1031 1781 1198 1824 stolicae
1217 1782 1324 1833 jura,
1349 1786 1442 1823 tum
1460 1781 1517 1823 ad
1535 1780 1851 1823 retundendam

1029 1838 1336 1880 haereticorum
1388 1843 1431 1880 et
1474 1837 1851 1879 schismaticorum

1029 1894 1298 1947 proterviam
1316 1896 1520 1936 armatus.

1082 1962 1132 2012 R.
1158 1959 1310 2000 Inveni
1327 1959 1482 2000 David.
1500 1959 1586 2000 30*

1334 2035 1487 2075 Lectio
1507 2049 1542 2074 V.

1113 2098 1178 2149 jus
1210 2109 1313 2138 cura
1344 2101 1388 2138 et
1418 2095 1564 2138 studio
1595 2108 1683 2137 non
1710 2095 1851 2137 clerus

1127 2152 1261 2194 modo
1305 2153 1540 2205 plurimum
1585 2157 1736 2193 auctus
1773 2155 1850 2200 est,

1030 2222 1181 2252 verum
1230 2209 1361 2250 etiam
1410 2208 1611 2250 universa
1653 2206 1850 2249 Ecclesia

1029 2266 1196 2317 magnis
1231 2264 1508 2306 incrementis
1541 2262 1743 2305 adolevit.
1799 2263 1850 2303 In

1031 2334 1117 2374 quo
1144 2326 1261 2363 certe
1286 2320 1401 2362 illius
1424 2319 1656 2372 prudentia
1679 2318 1850 2360 mirabi-

1028 2378 1081 2419 lis
1107 2377 1204 2427 fuit,
1238 2390 1337 2418 cum
1365 2389 1418 2418 00
1444 2377 1643 2428 tempore
1667 2376 1849 2416 Anasta-

1029 2434 1118 2475 sius
1136 2434 1374 2499 imperator
1389 2431 1632 2482 haereticus,
1649 2435 1693 2472 et
1707 2431 1847 2471 Theo-

1030 2489 1204 2531 doricus
1236 2489 1410 2529 arianus
1446 2500 1591 2528 rerum
1622 2488 1847 2537 utriusque
1894 2501 1896 2505 ’

1028 2545 1198 2598 imperii
1221 2544 1478 2597 potirentur.
1510 2544 1766 2584 Imminente
1788 2541 1896 2582 13-Δ

1028 2602 1111 2642 11118
1125 2601 1332 2653 periculo,
1351 2599 1486 2641 ubere
1503 2601 1671 2640 annona
1685 2596 1847 2639 Urbem

1027 2657 1254 2699 recreavit.
1272 2655 1541 2708 Lupercalia,
1552 2654 1722 2705 aliaque
1733 2652 1844 2692 Gen-

1028 2713 1168 2754 tilium
1187 2711 1453 2764 spectacula,
1474 2722 1572 2762 quae
1591 2709 1647 2750 ad
1665 2708 1760 2749 haec
1778 2719 1846 2747 118-
