2040 2944
204 178 274 215 28*

590 177 661 211 Die
689 177 737 211 14.
762 176 859 211 Nov.
907 176 942 210 S.
968 175 1184 210 Deusdedit
1207 176 1326 219 Papae
1351 180 1387 210 et
1411 176 1520 210 Conf.

508 272 659 313 Lectio
680 272 731 312 vi.

210 324 358 431 Cum
380 330 495 372 illius
521 330 640 372 zelus
664 331 779 373 intra
800 336 905 373 tunc
923 345 1032 385 prae-

301 389 491 439 scriptos
519 387 732 428 Ecclesiae
760 387 870 429 fines
899 388 1032 430 conti-

204 444 298 484 neri
315 456 403 485 non
421 448 593 496 posset,
618 443 675 485 ad
699 445 1032 486 conversionem

182 551 186 554 ι
204 499 444 541 infidelium
463 499 675 552 applicuit
695 500 896 550 animum,
915 501 1033 543 fecit-

206 568 290 608 que
335 561 384 598 ut
428 556 697 609 amplissima
741 556 1035 607 Bulgarorum

204 625 327 664 genS,
354 626 441 654 una
465 626 563 655 cum
583 626 703 664 rege,
731 613 789 654 ad
809 613 969 655 Christi
987 613 1033 654 fi-

206 669 308 711 dem
327 672 553 721 conversa,
577 670 789 711 Ecclesiae
808 670 1034 720 Romanae,

205 726 432 768 frendente
473 726 576 768 licet
620 727 888 779 imperatore
924 725 1033 767 schi-

206 783 403 832 smatico,
429 783 678 824 accesserit.
713 783 906 836 Operam
928 795 1033 834 quo-

207 852 292 891 que
318 852 442 880 suam
466 839 651 892 privatis
674 839 851 892 pietatis
878 838 1034 880 officiis

206 894 360 937 sedulo
384 896 572 937 navavit.
608 896 724 937 Hinc
748 896 970 947 descripta
990 897 1033 936 o-

204 952 369 992 mnium
397 951 685 1003 indigentium
711 952 888 993 nomina
915 951 1034 1004 apud

206 1021 253 1050 se
272 1007 436 1050 habere
454 1009 610 1059 voluit,
637 1014 686 1050 ut
709 1009 890 1060 singulis
909 1021 1032 1050 accu-

206 1065 345 1106 ratius
397 1069 684 1107 succurreret.
755 1064 1034 1117 Reparandis

206 1121 337 1163 etiam
359 1122 656 1174 ornandisque
679 1121 871 1164 basilicis
890 1121 1034 1172 Urbis,

204 1181 429 1230 praecipue
458 1179 742 1220 Lateranensi
768 1177 1035 1231 patriarchio

205 1234 431 1276 liberalem
450 1248 626 1276 manum
646 1235 864 1288 apposuit,
884 1239 927 1276 et
945 1234 1035 1275 nul-

206 1291 260 1331 lis
287 1292 536 1344 sumptibus
563 1291 775 1345 pepercit.
818 1291 933 1333 Inito
963 1290 1035 1332 de-

206 1360 325 1388 mum
344 1347 516 1389 decimo
535 1348 822 1401 pontificatus
841 1360 969 1397 anno,
992 1347 1036 1388 in

208 1403 369 1444 coelum
405 1405 625 1456 migravit,
667 1409 710 1446 et
741 1404 785 1444 in
817 1404 1035 1446 Vaticano

208 1459 408 1512 sepultus
429 1467 506 1503 est.

261 1519 310 1570 R.
337 1517 427 1559 Iste
447 1523 514 1559 est
534 1518 618 1570 qui.

260 1578 303 1612 In
325 1579 389 1612 111.
411 1579 610 1613 Nocturno
636 1581 808 1616 Homilia
830 1583 868 1616 in
890 1583 1035 1626 Evang.

212 1626 336 1708 flolmo
371 1627 541 1670 peregre.
578 1628 624 1663 de
661 1631 797 1664 codem
833 1631 1036 1666 Communi

231 1702 236 1708 .
278 1685 359 1709 oco.

392 1748 476 1789 Die
497 1749 556 1788 14.
574 1747 851 1789 Novembris.

277 1812 320 1853 S.
338 1812 613 1853 Deusdedit
631 1812 764 1864 Papae
786 1821 829 1855 et
849 1816 969 1856 Conf.

540 1869 703 1912 Duplex.

265 1919 400 1953 Omnia
441 1920 487 1954 de
523 1921 726 1957 Communi
766 1925 874 1959 Conf.
911 1926 1035 1962 Pont..

210 1972 350 2009 praeter
374 1970 584 2010 sequentia.
607 1970 666 2010 (m.
691 1973 715 2004 t.
736 1970 786 2010 v.)

262 2022 424 2062 Oratio.
454 2024 522 2062 Da
543 2024 805 2073 quaesumus.

262 2083 305 2117 In
332 2083 358 2117 Ι.
390 2083 589 2119 Nocturno
621 2086 825 2122 Lectiones
860 2089 906 2122 de
938 2089 1035 2123 Scri-

210 2135 322 2173 ptura
346 2138 579 2167 oecurrente,

442 2189 491 2228 In
508 2190 558 2229 II.
579 2191 802 2233 Nocturno.

511 2250 663 2294 Lectio
683 2255 734 2295 iv.

220 2329 227 2363 v}
251 2311 510 2359 5‘1onifacio
530 2311 655 2363 hujus
673 2311 859 2352 nominis
880 2316 1037 2363 quarto

223 2373 227 2412 ἰ
340 2379 363 2407 e
383 2367 493 2407 vivis
509 2367 695 2416 sublato,
714 2372 951 2419 postquam
965 2368 1037 2409 Se-

223 2421 227 2430 '
250 2418 260 2429 “
339 2421 417 2463 des
429 2424 673 2475 apostolica
682 2423 906 2465 mensibus
918 2423 1037 2475 quin-

212 2491 297 2530 que
321 2483 365 2519 et
390 2478 623 2520 duodecim
648 2480 801 2521 diebus
825 2482 1037 2529 vacasset,

211 2533 366 2575 beatus
390 2534 636 2576 Deusdedit
661 2536 846 2587 egregiis
871 2536 1036 2577 virtuti-

211 2590 293 2631 bus
332 2595 375 2631 et
406 2591 565 2631 eximia
601 2593 832 2633 sanctitate
867 2594 1037 2644 conspi-

212 2659 330 2695 cuus,
349 2646 525 2687 natione
545 2647 780 2697 Romanus,
801 2653 927 2700 patre
947 2648 1038 2689 Ste-

210 2702 374 2754 phano,
407 2703 599 2743 unanimi
631 2704 825 2744 omnium
859 2716 1036 2745 consen-

1086 275 1224 327 sione,
1270 289 1324 318 ex
1366 276 1640 319 subdiacono
1684 278 1911 319 Romanus

1084 332 1289 374 Pontifex
1325 335 1500 375 creatus
1535 339 1614 375 est.
1669 334 1730 376 Ut
1765 339 1911 376 autem

1085 388 1382 431 subdiaconus
1428 390 1631 432 Pontifex
1676 392 1912 441 crearetur,

1084 450 1189 487 tunc
1217 446 1407 498 primum
1439 446 1601 489 accidit
1631 447 1798 499 absque
1824 459 1912 488 ma—

1085 502 1225 553 jorum
1244 502 1464 555 exemplo;
1492 503 1572 545 sed
1595 508 1657 554 ut,
1687 503 1783 545 aliis
1801 516 1911 557 prae-

1084 559 1310 627 termissis,
1329 558 1577 602 Deusdedit
1597 559 1906 611 eligeretur,in
1906 583 1915 589 -

1086 616 1220 666 signis
1256 615 1451 667 ejusdem
1485 617 1774 658 sanctimonia
1803 629 1913 669 prae-

1086 672 1213 723 stitit,
1248 685 1335 724 qua
1359 673 1543 715 mirifice
1565 674 1678 715 inter
1703 668 1771 715 tot
1796 674 1913 714 tene-

1085 727 1188 769 bras
1206 728 1449 771 illustratus
1469 730 1655 771 emicuit.

1140 790 1191 841 R.
1215 786 1367 826 Inveni
1390 786 1536 828 David
1560 799 1735 828 servum
1758 797 1914 836 meum,

1088 841 1186 883 oleo
1215 847 1369 883 sancto
1397 855 1496 884 meo
1522 843 1627 884 unxi
1651 855 1764 884 eum:
1787 846 1810 871 *
1825 841 1914 882 Ma-

1087 911 1168 939 nus
1184 899 1298 940 enim
1313 911 1410 940 mea
1424 899 1703 941 auxiliabitur
1717 899 1768 940 ei.
1787 896 1838 949 V.
1848 897 1916 939 Ni·

1086 954 1147 995 hil
1161 955 1365 1008 proficiet
1378 955 1578 998 inimicus
1598 956 1643 997 in
1657 968 1722 1006 eo,
1741 959 1785 997 et
1799 955 1914 996 filius

1085 1011 1328 1064 iniquitatis
1350 1024 1439 1053 non
1461 1012 1639 1054 nocebit
1661 1013 1712 1054 ei.
1747 1012 1914 1054 Manus.

1398 1069 1548 1110 Lectio
1569 1083 1606 1110 v.

1179 1123 1221 1165 ic
1253 1137 1278 1165 a
1311 1124 1444 1166 domo
1472 1124 1557 1166 Dei
1588 1125 1810 1177 regiminis
1838 1125 1914 1166 ini-

1193 1180 1300 1222 tium
1333 1181 1446 1223 fecit.
1487 1182 1603 1224 Cleri
1635 1182 1750 1224 enim
1781 1182 1914 1223 maxi-

1086 1248 1203 1277 mam
1223 1250 1372 1279 curam
1391 1238 1543 1290 gessit,
1571 1251 1702 1292 quem
1721 1251 1821 1280 cum
1838 1239 1913 1280 im-

1086 1294 1303 1335 minutum
1335 1301 1379 1338 et
1406 1295 1535 1338 valde
1568 1295 1828 1337 distractum
1854 1295 1914 1336 in-

1088 1353 1291 1401 venisset,
1311 1352 1515 1393 eumdem
1532 1352 1769 1405 plurimum
1784 1351 1916 1401 auxit,

1087 1407 1131 1448 in
1149 1408 1357 1460 pristinas
1377 1408 1506 1450 sedes
1524 1408 1726 1458 restituit,
1747 1413 1790 1450 et
1807 1408 1913 1450 mul-

1087 1464 1143 1506 tis
1163 1464 1389 1506 beneficiis
1409 1465 1659 1506 cumulavit.
1683 1464 1773 1507 Sed
1785 1464 1915 1518 plane

1089 1520 1327 1563 dolendum
1355 1526 1437 1571 est,
1465 1522 1575 1563 tanti
1601 1521 1829 1563 Pontificis
1856 1522 1915 1563 fa-

1089 1582 1174 1628 cta,
1206 1578 1472 1631 scriptorum
1496 1578 1660 1631 inopia,
1693 1583 1768 1620 aut
1797 1582 1916 1620 certe

1088 1635 1301 1687 temporis
1325 1634 1496 1687 injuria,
1523 1634 1714 1677 obscura
1735 1637 1915 1676 mansis-

1089 1704 1150 1732 se:
1195 1703 1295 1743 quae
1338 1690 1516 1744 quidem
1556 1691 1742 1743 insignia
1780 1691 1916 1733 fuisse

1089 1748 1302 1800 oportuit,
1331 1760 1430 1789 cum
1454 1760 1554 1789 eum
1577 1748 1816 1800 antiquitus
1834 1748 1915 1789 Ec-

1089 1804 1223 1846 clesia
1254 1804 1368 1846 inter
1401 1809 1577 1846 sanctos
1609 1804 1841 1858 receperit,
1873 1809 1917 1846 et

1089 1863 1231 1902 annua
1273 1861 1692 1903 commemoratione
1732 1866 1781 1903 ut
1821 1873 1915 1902 san-

1089 1922 1208 1959 ctum
1227 1917 1357 1959 fuerit
1376 1920 1594 1960 venerata.

1144 1977 1194 2027 R.
1226 1974 1361 2015 Posui
1388 1973 1650 2026 adjutorium
1681 1986 1813 2027 super
1839 1987 1916 2027 po-

1089 2032 1269 2080 tentem,
1316 2035 1360 2072 et
1401 2030 1591 2072 exaltavi
1633 2030 1819 2072 electum
1861 2030 1916 2073 de

1089 2086 1219 2139 plebe
1259 2099 1373 2128 mea:
1415 2090 1438 2112 *
1468 2087 1624 2128 Manus
1665 2087 1779 2128 enim
1818 2100 1917 2129 mea

1089 2142 1368 2184 auxiliabitur
1406 2143 1456 2184 ei.
1508 2140 1556 2191 V.
1588 2144 1739 2184 Inveni
1771 2143 1917 2185 David

1090 2212 1266 2241 servum
1295 2212 1457 2249 meum,
1499 2199 1599 2241 oleo
1632 2204 1784 2241 sancto
1816 2212 1916 2242 meo

1090 2256 1194 2296 unxi
1213 2268 1322 2297 eum.
1350 2255 1517 2296 Manus.

1395 2313 1547 2353 Lectio
1568 2312 1620 2350 vi.

1137 2366 1230 2409 llud
1267 2373 1413 2409 tamen
1449 2381 1583 2409 unum
1614 2381 1666 2410 ac
1698 2368 1915 2419 singulare

1150 2437 1239 2465 non
1263 2424 1436 2466 excidit.
1475 2425 1585 2466 Cum
1611 2425 1725 2466 enim
1750 2424 1807 2466 ob
1832 2430 1915 2467 ter·

1090 2482 1299 2522 raemotus
1351 2480 1777 2530 vehementissimos,
1832 2481 1916 2522 ele·

1089 2536 1283 2588 phantiae
1304 2537 1398 2578 lues
1419 2542 1516 2578 orta
1536 2541 1667 2586 esset,
1688 2536 1792 2578 dum
1811 2537 1916 2578 affli-

1091 2598 1174 2633 ctae
1216 2593 1326 2634 Urbi
1371 2592 1672 2634 sanctissimus
1715 2593 1917 2635 Pontifex

1091 2651 1376 2701 prospiceret,
1404 2650 1689 2701 praesensque
1715 2662 1816 2691 raro
1846 2662 1916 2691 ex-

1092 2705 1237 2757 emplo
1270 2717 1414 2756 aegros
1444 2705 1667 2756 inviseret,
1701 2719 1835 2747 unum
1862 2718 1917 2747 ex
