2040 2944
791 194 965 228 Officium
989 194 1271 229 Defunctorum.

226 289 421 331 Deduxit
442 302 512 331 me
537 303 670 343 super
689 290 866 331 semitas
883 289 997 341 justi-

174 346 259 395 tiae‚
278 346 302 371 *
319 350 503 398 propter
520 359 680 388 nomen
699 359 835 387 suum.

225 402 349 452 Nam,
371 407 415 444 et
434 402 471 443 si
488 402 770 444 ambulavero
789 403 833 443 in
851 402 996 443 medio

173 458 343 500 umbrae
361 459 526 509 mortis,
544 472 632 500 non
650 459 814 501 timebo
833 459 962 500 mala:
973 460 996 485 *

176 515 381 567 quoniam
399 520 447 557 tu
464 528 637 557 mecum
656 528 714 557 es.

226 572 362 624 Virga
375 576 461 622 tua,
480 577 524 614 et'
537 571 722 614 baculus
736 576 850 614 tuus:
864 571 888 597 *
902 570 998 623 ipsa

173 640 244 669 me
264 628 489 670 consolata
507 633 618 670 sunt.

226 684 396 726 Parasti
421 685 465 726 in
492 686 732 737 conspectu
754 697 854 725 meo
880 696 997 725 men-

175 753 283 791 sam,
302 741 326 767 *
345 740 554 783 adversus
575 754 667 791 eos,
693 741 766 793 qui
789 739 999 782 tribulant

173 810 255 839 me.

225 848 514 907 Impinguasti
528 854 572 894 in
587 853 685 895 oleo
697 858 829 906 caput
838 866 999 895 meum:

174 910 198 936 *
231 915 274 952 et
307 910 419 952 calix
454 923 577 952 meus
611 910 831 952 inebrians
869 923 999 963 quam

174 966 414 1020 praeclarus
434 967 514 1009 est!

226 1024 282 1065 Et
299 1022 600 1065 misericordia
618 1027 694 1064 tua
708 1022 998 1075 subsequetur
1022 1005 1027 1054 i

173 1092 244 1122 me
263 1081 287 1107 *
307 1079 507 1122 omnibus
527 1079 681 1121 diebus
700 1079 803 1120 vitae
821 1092 947 1120 meae:

225 1136 283 1178 Et
296 1141 345 1178 ut
358 1136 596 1178 inhabitem
610 1136 653 1176 in
669 1135 800 1177 domo
811 1136 998 1186 Domini,

175 1193 199 1219 *
216 1192 262 1233 in
279 1192 595 1244 longitudinem
614 1192 793 1234 dierum.

226 1254 444 1306 Requiem
462 1255 681 1295 aeternam.

228 1317 326 1359 Ant.
355 1319 404 1360 Iu
428 1319 528 1361 loco
547 1321 725 1372 pascuae
743 1318 805 1361 ibi
822 1331 892 1360 me
913 1318 998 1360 col-

174 1375 345 1418 locavit.

228 1441 327 1481 Ant.
363 1440 533 1482 Delicta
558 1440 583 1466 *
610 1440 845 1492 juventutis
872 1453 998 1489 meae,

175 1497 510 1595 &dignorantias
533 1509 653 1539 meas
676 1510 731 1539 ne
749 1496 999 1538 memineris

248 1567 375 1595 mine.

446 1629 643 1671 Psalmus
662 1630 727 1669 24.

255 1701 285 1744 d
323 1706 367 1743 te
401 1702 590 1744 Domine
631 1702 775 1743 levavi
811 1701 999 1743 animam

279 1771 436 1800 meam:
449 1759 474 1785 *
487 1759 610 1801 Deus
629 1771 753 1800 meus
772 1758 816 1799 in
834 1763 878 1800 te
899 1771 998 1800 con-

177 1814 279 1864 fido,
297 1827 386 1856 non
405 1815 670 1857 erubescam.

227 1870 383 1924 Neque
401 1871 611 1913 irrideant
631 1884 702 1913 me
719 1871 883 1913 inimici
899 1871 999 1914 mei:

177 1926 202 1953 *
221 1928 380 1969 etenim
397 1929 598 1979 universi,
618 1929 693 1980 qui
711 1928 926 1970 sastinent
944 1933 999 1978 te,

177 1996 266 2025 non
285 1984 614 2027 confundentur.

230 2040 559 2083 Confundantur
594 2054 744 2083 omnes
777 2041 925 2094 iniqua
956 2054 996 2082 a-

177 2098 330 2149 gentes
348 2098 372 2123 *
391 2100 671 2150 supervacue.

228 2153 336 2195 Vias
375 2158 473 2194 tuas
515 2154 701 2196 Domine
748 2154 999 2196 demonstra

177 2209 297 2250 mihi:
315 2211 339 2237 *
358 2214 402 2251 et
420 2210 595 2252 semitas
613 2216 711 2252 tuas
731 2211 868 2253 edoce
887 2223 967 2252 me.

229 2266 380 2317 Dirige
397 2279 468 2308 me
485 2267 530 2307 in
547 2268 731 2309 veritate
748 2272 838 2317 tua,
863 2273 906 2309 et
925 2267 999 2308 do-

179 2335 229 2363 ce
251 2335 336 2364 me:
355 2324 379 2350 *
400 2323 501 2375 quia
524 2328 572 2364 tu
597 2336 644 2365 es
662 2324 782 2365 Deus
807 2324 1000 2365 salvator

178 2391 311 2428 meus,
331 2383 374 2420 et
391 2384 436 2421 te
455 2381 641 2421 sustinui
659 2385 754 2422 tota
774 2380 854 2422 die.

230 2435 527 2478 Reminiscere
556 2437 885 2478 miserationum
907 2437 999 2477 tua-

178 2503 275 2532 rum
293 2491 490 2543 Domine‚
505 2494 529 2519 *
545 2498 587 2535 et
605 2492 1000 2534 misericordiarum

178 2549 362 2598 tuarum,
382 2561 480 2600 quae
499 2562 524 2590 a
544 2549 706 2590 saeculo
726 2552 835 2590 sunt.

229 2604 401 2646 Delicta
444 2606 679 2657 juventutis
722 2617 848 2655 meae,
890 2604 914 2629 *
957 2609 1000 2645 et

141 2678 152 2688 ·
179 2659 446 2711 ignorantias
464 2674 583 2703 meas
602 2675 656 2703 ne
674 2660 939 2703 memineris}

231 2716 478 2758 Secundum
508 2716 852 2759 misericordiam
880 2721 1000 2758 tuam

336 2858 400 2883 Pars
415 2858 584 2884 Autumnalis.

1049 291 1266 332 memento
1293 291 1379 332 mei
1406 296 1467 332 tu:
1490 292 1514 318 *
1539 296 1724 344 propter
1750 291 1869 333 boni-

1049 347 1185 387 tatem
1203 352 1323 389 tuam
1341 347 1539 389 Domine.

1100 402 1252 444 Dulcis
1273 408 1316 445 et
1334 408 1478 445 rectus
1491 404 1720 446 Dominus:
1733 406 1758 432 *
1771 418 1869 458 pro-

1049 463 1149 510 pter
1171 459 1256 501 hoc
1279 460 1420 512 legem
1445 460 1566 502 dabit
1586 461 1870 514 delinquenti-

1049 514 1131 556 bus
1149 516 1193 556 in
1211 517 1290 558 via.

1101 572 1272 624 Diriget
1298 575 1549 615 mansuetos
1576 574 1619 614 in
1647 574 1821 627 judicio:
1846 575 1870 601 *

1052 627 1228 670 docebit
1245 630 1372 671 mites
1390 630 1482 671 vias
1501 643 1612 672 suas.

1097 685 1323 727 Universae
1338 687 1420 728 viae
1427 687 1615 737 Domini,
1629 688 1870 730 misericor-

1051 741 1123 783 dia
1138 747 1181 784 et
1195 743 1394 793 veritas‚*
1409 743 1726 795 requirentibus
1742 749 1870 786 testa-

1050 800 1243 840 mentum
1262 800 1352 852 ejus
1373 804 1416 841 et
1433 800 1682 841 testimonia
1701 802 1802 853 ejus.

1101 856 1288 908 Propter
1327 868 1486 897 nomen
1524 861 1647 898 tuum
1684 857 1871 900 Domine

1051 912 1362 964 propitiaberis
1384 914 1568 965 peccato
1591 926 1706 955 meo:
1724 914 1748 940 *
1766 914 1871 955 mul-

1052 974 1145 1010 tum
1164 973 1230 1010 est
1251 969 1376 1010 enim.

1103 1026 1209 1076 Quis
1235 1030 1301 1067 est
1324 1026 1456 1067 homo
1482 1026 1556 1078 qui
1579 1026 1702 1068 timet
1724 1027 1871 1068 Domi-

1051 1082 1174 1123 num?
1210 1082 1234 1108 *
1270 1082 1411 1134 legem
1447 1083 1598 1124 statuit
1635 1083 1674 1124 ei
1708 1084 1752 1124 in
1787 1085 1871 1134 via,

1052 1151 1182 1191 quam
1201 1139 1341 1190 elegit.

1101 1195 1260 1236 Anima
1288 1197 1378 1248 ejus
1405 1196 1449 1236 in
1475 1195 1602 1237 bonis
1629 1195 1869 1238 demorabi-

1050 1256 1136 1293 tur:
1163 1253 1187 1279 *
1216 1256 1259 1294 et
1291 1265 1439 1295 semen
1472 1254 1562 1305 ejus
1594 1251 1871 1294 haereditabit

1051 1313 1222 1350 terram.

1102 1365 1442 1406 Firmamentum
1474 1370 1541 1407 est
1571 1366 1785 1407 Dominus
1822 1366 1870 1407 ti-

1050 1421 1268 1464 mentibus
1301 1435 1413 1464 eum:
1439 1423 1463 1449 *
1490 1427 1534 1463 et
1564 1424 1872 1464 testamentum

1051 1478 1188 1531 ipsius
1206 1483 1254 1520 ut
1271 1478 1570 1520 manifestetur
1587 1478 1682 1520 illis.

1104 1534 1231 1576 Oculi
1249 1535 1335 1576 mei
1354 1547 1528 1587 semper
1547 1535 1603 1576 ad
1621 1535 1872 1576 Dominum:

1051 1591 1074 1617 *
1100 1591 1306 1643 quoniam
1330 1591 1424 1643 ipse
1451 1591 1608 1633 eveHet
1631 1591 1686 1633 de
1711 1591 1870 1644 laqueo

1051 1647 1188 1700 pedes
1206 1660 1341 1689 meos.

1102 1704 1292 1756 Respice
1311 1704 1355 1744 in
1372 1716 1457 1753 me,
1483 1708 1526 1745 et
1545 1703 1751 1745 miserere
1770 1704 1871 1745 mei:

1051 1760 1074 1786 *
1099 1761 1200 1812 quia
1223 1760 1376 1802 unicus
1401 1765 1445 1802 et
1466 1773 1635 1813 pauper
1659 1773 1754 1801 sum
1777 1773 1870 1811 ego.

1102 1816 1426 1858 Tribulationes
1455 1816 1599 1858 cordis
1623 1817 1709 1858 mei
1732 1817 1870 1858 multi-

1051 1874 1225 1927 plicatae
1256 1878 1368 1915 sunt:
1395 1873 1419 1899 *
1451 1873 1506 1915 de
1539 1872 1871 1915 necessitatibus

1052 1931 1160 1972 meis
1182 1932 1284 1971 erue
1303 1942 1384 1971 me.

1102 1986 1217 2028 Vide
1243 1986 1531 2027 humilitatem
1558 1998 1716 2035 meam,
1744 1990 1788 2027 et
1813 1985 1870 2026 la-

1051 2043 1203 2085 borem
1216 2055 1374 2084 meum:
1387 2042 1412 2068 *
1427 2047 1470 2084 et
1486 2042 1655 2083 dimitte
1669 2042 1871 2082 universa

1053 2099 1212 2140 delicta
1230 2111 1338 2139 mea.
1399 2118 1402 2119 ⁷

1102 2155 1290 2208 Respice
1309 2154 1507 2195 inimicos
1524 2166 1647 2195 meos
1668 2153 1870 2205 quoniam

1052 2211 1328 2264 multiplicati
1351 2215 1465 2261 sunt,
1485 2212 1509 2238 *
1527 2215 1571 2251 et
1595 2209 1697 2251 odio
1721 2210 1869 2262 iniquo

1053 2268 1239 2309 oderunt
1257 2279 1337 2308 me.

1105 2322 1286 2365 Custodi
1311 2323 1498 2364 animam
1521 2334 1678 2373 meam,
1707 2326 1750 2363 et
1769 2323 1870 2363 erue

1052 2393 1136 2421 me:
1172 2381 1196 2407 *
1231 2391 1319 2420 non
1355 2378 1624 2428 erubescam,
1666 2378 1870 2430 quoniam

1053 2436 1226 2488 speravi
1243 2436 1286 2476 in
1304 2440 1359 2476 te.

1102 2493 1362 2533 Innocentes
1391 2495 1434 2532 et
1461 2491 1568 2533 recti
1593 2490 1869 2532 adhaeserunt

1051 2548 1171 2589 mihi:
1190 2549 1213 2574 *
1233 2548 1333 2600 quia
1352 2548 1536 2588 sustinui
1553 2552 1608 2589 te.

1103 2605 1260 2646 Libera
1285 2604 1405 2645 Deus
1433 2603 1582 2653 Israel,
1607 2605 1631 2631 *
1655 2616 1708 2645 ex
1736 2602 1866 2643 omni-

1046 2660 1134 2702 bus
1152 2659 1501 2701 tribulationibus
1522 2660 1620 2700 suis.

1102 2716 1316 2768 Requiem
1335 2717 1549 2758 aeternam.

1611 2843 1661 2875 L*
