2040 2944
207 182 305 226 [204]

652 180 826 212 Officium
852 178 1022 210 votivum
1050 176 1094 209 dc
1120 176 1270 208 Sanctis
1296 175 1466 215 Angelis.

217 279 361 320 Lectio
384 277 522 318 sancti
543 275 768 327 Evangelii
790 274 1030 316 secundum

506 333 530 373 J
533 334 729 374 oannem.

268 394 413 433 Lectio
435 391 500 431 vii.
834 389 982 439 Cap.1.

254 461 281 487 n
305 446 380 487 illo
405 448 620 498 tempore:
647 444 771 486 Vidit
794 445 818 485 J
821 457 922 485 esus
944 444 1029 485 Na-

271 502 446 544 thana'el
470 502 717 544 venientem
736 501 793 542 ad
812 514 876 551 se,
902 506 946 542 et
970 500 1030 542 di-

207 560 265 601 cit
293 559 348 601 de
374 572 442 600 eo:
473 559 589 600 Ecce
616 571 718 599 vere
746 557 960 607 Israelita,
987 557 1031 597 in

209 628 295 669 quo
315 616 444 657 dolus
462 629 550 657 non
570 620 646 656 est.
665 616 720 656 Et
739 614 917 667 reliqua.

215 693 398 736 Homilia
426 693 566 735 sancti
592 691 805 733 Bernardi
832 690 1031 733 Abbatis.

305 760 344 793 In
370 759 429 793 Ps,
456 759 526 798 Oui
548 758 707 793 habitat.
736 756 868 790 Sermo
896 757 942 789 11

214 821 277 862 fr*
240 821 400 876 ,Ναθῶ
425 828 530 857 vero
551 820 651 856 sunt
675 816 927 856 sanctorum
945 814 1031 855 An-

215 913 217 917 ,
239 839 328 931 ζέ“·ῖὶ,λ
349 872 546 923 gelorum
569 870 676 913 viae?
704 871 909 912 Profecto
934 870 1031 920 illae,

210 923 277 953 “³³4²
302 911 328 953 '³⁴⁴1
351 942 459 982 quas
503 929 761 980 Unigenitus
814 927 1033 969 enarravit

209 986 372 1027 dicens:
409 985 628 1027 Videbitis
656 984 852 1036 Angelos
885 997 1031 1026 ascen-

207 1041 360 1084 dentes
390 1047 434 1084 et
462 1041 778 1084 descendentes
806 1054 938 1094 super
965 1041 1031 1081 Fi-

206 1099 311 1140 lium
337 1099 535 1140 hominis.
588 1098 801 1140 Ascensio
829 1098 961 1149 igitur
990 1102 1033 1139 et

207 1156 435 1198 descensio
475 1156 559 1197 viae
599 1155 787 1206 illorum3
834 1154 1032 1196 ascensio

206 1218 389 1266 propter
421 1225 483 1263 se,
521 1212 749 1255 descensio
781 1212 852 1254 vel
883 1211 1032 1264 potius

207 1268 519 1311 condescensio
544 1274 729 1322 propter
746 1281 838 1310 nos.
871 1269 942 1310 Sic
959 1267 1032 1309 be-

207 1326 267 1367 ati
291 1326 352 1367 illi
375 1326 553 1379 spiritus
573 1324 814 1367 ascendunt
832 1338 912 1378 per
932 1337 1031 1366 con-

206 1383 535 1435 templationem
549 1383 644 1431 Dei,
665 1381 935 1423 descendunt
953 1393 1032 1434 per

207 1440 557 1492 compassionem
591 1439 671 1489 tui,
703 1443 752 1480 ut
784 1437 1034 1480 custodiant

206 1501 250 1538 te
269 1497 312 1537 in
332 1496 532 1538 omnibus
551 1496 632 1537 viis
651 1495 748 1537 tuis.
777 1494 1033 1536 Ascendunt

208 1551 264 1594 ad
283 1554 449 1595 vultum
469 1553 570 1605 ejus,
592 1551 864 1594 descendunt
884 1550 941 1592 ad
959 1564 1032 1592 nu-

207 1615 298 1650 tum
331 1610 437 1661 ejus:
483 1609 698 1660 Quoniam
728 1608 909 1659 Angelis
941 1608 1032 1649 suis

207 1666 430 1708 mandavit
464 1666 519 1707 de
551 1672 606 1707 te.
658 1665 754 1707 Nec
786 1671 932 1707 tamen
963 1664 1034 1706 vel

209 1721 516 1764 descendendo
544 1722 712 1764 visione
742 1721 895 1773 gloriae
924 1721 1033 1763 frau-

209 1778 377 1828 dantur,
398 1779 498 1832 quia
517 1792 691 1832 semper
709 1777 858 1820 vident
876 1778 1034 1819 faciem

209 1835 364 1877 Patris.

271 1898 315 1947 lx{·.
354 1895 549 1946 Angelus
590 1895 767 1936 Domini
807 1894 1036 1938 descendit

211 1964 310 1992 cum
327 1952 487 1993 Azaria
507 1958 550 1994 et
569 1953 700 1994 sociis
722 1953 811 2004 ejus
830 1953 875 1993 in
893 1952 1034 1993 forna-

212 2020 317 2058 cem,
338 2014 380 2050 et
399 2009 591 2050 excossit
610 2010 829 2050 flammam
847 2009 959 2060 ignis
980 2008 1034 2050 de

212 2064 403 2106 fornace:
425 2070 445 2091 *
459 2066 515 2107 Et
534 2078 622 2107 non
641 2066 784 2116 tetigit
804 2079 881 2107 eos
901 2067 1035 2107 omni·

211 2133 268 2162 no
283 2121 405 2172 ignis,
424 2135 566 2175 neque
582 2123 868 2164 contristavit.
891 2119 940 2171 y.
953 2121 1033 2163 Be-

213 2177 410 2219 nedictus
442 2179 563 2220 Deus
601 2181 769 2228 eorum,
811 2179 885 2231 qui
920 2178 1037 2219 misit

213 2233 429 2283 Angelum
465 2248 607 2284 suum,
652 2240 696 2276 et
737 2235 848 2276 eruit
884 2247 1036 2276 servos

215 2301 328 2338 suos,
349 2291 421 2342 qui
441 2290 748 2333 crediderunt
736 2305 781 2332 1n
801 2305 910 2333 eum.
938 2292 1005 2332 Et.

504 2363 650 2403 Lectio
672 2378 694 2402 v
700 2364 752 2403 iii.

292 2438 363 2465 um
400 2426 638 2469 ascendunt
679 2427 735 2468 ad
771 2427 1036 2492 contempla-

300 2481 473 2530 tionem,
493 2483 712 2534 inquirunt
726 2484 967 2533 veritatem,
983 2483 1038 2524 de

218 2549 303 2589 qua
335 2542 378 2578 et
411 2537 700 2581 desiderando
734 2541 963 2589 satiantur,
995 2544 1039 2580 et

217 2593 415 2635 satiando
436 2593 693 2637 desiderant.
723 2597 831 2638 Cum
844 2609 951 2638 vero
967 2595 1038 2637 de-

218 2650 445 2699 scendunt,
472 2650 634 2692 faciunt
661 2652 889 2694 nobiscum
912 2652 1038 2693 mise-

216 2706 463 2756 ricordiam,
489 2712 536 2747 ut
561 2708 807 2750 custodiant
829 2721 908 2750 nos
931 2709 976 2749 in
996 2710 1038 2749 o-

1082 274 1255 315 mnibus
1288 273 1372 314 viis
1403 273 1577 314 nostris.
1620 272 1906 315 Administra-

1082 331 1184 372 torii
1212 330 1326 372 enim
1354 330 1533 383 spiritus
1561 334 1678 379 sunt,
1709 330 1831 371 missi
1862 330 1907 370 in

1082 387 1371 428 ministerium
1406 391 1589 439 propter
1623 398 1716 428 nos.
1771 385 1907 427 Plane

1083 444 1269 485 ministri
1288 443 1443 492 nostri,
1468 455 1557 484 non
1577 442 1741 484 domini
1758 443 1907 484 nostri.

1083 501 1139 541 Et
1170 501 1214 541 in
1245 500 1330 541 hoc
1355 499 1575 550 Unigeniti
1605 499 1907 540 formamimi-

1083 559 1247 605 tantur,
1287 556 1361 609 qui
1391 568 1479 597 non
1511 555 1631 597 venit
1661 555 1909 606 ministrari,

1084 612 1163 655 sed
1181 613 1443 663 ministrare,
1472 613 1546 665 qui
1570 613 1691 654 stetit
1712 612 1825 654 inter
1849 611 1909 654 di-

1085 670 1278 723 scipulos
1313 674 1539 722 tamquam
1577 669 1652 722 qui
1682 669 1910 710 ministrat,

1083 727 1270 768 Fructus
1286 726 1578 778 angelicarum
1592 726 1772 776 viarum,
1790 724 1911 778 quod

1085 782 1141 825 ad
1159 784 1280 836 ipsos
1300 788 1488 836 spectat,
1517 795 1596 824 sua
1617 783 1814 835 ipsorum
1837 781 1909 824 be-

1085 839 1265 890 atitudo,
1285 845 1328 881 et
1348 838 1598 882 obedientia
1617 844 1684 881 est
1701 839 1910 880 caritatis:

1087 896 1207 949 quod
1230 902 1375 939 autem
1398 896 1455 938 ad
1472 909 1553 938 nos
1576 896 1781 949 pertinet,
1809 895 1910 937 inde

1086 953 1263 1005 quidem
1300 953 1505 995 obtentus
1548 952 1707 994 divinae
1742 952 1910 1003 gratiae,

1085 1009 1185 1051 hinc
1203 1023 1309 1051 vero
1329 1009 1531 1051 custodia
1548 1009 1632 1050 viae
1655 1013 1834 1050 nostrae:
1857 1010 1910 1049 si-

1086 1065 1263 1119 quidem
1286 1065 1467 1118 Angelis
1493 1065 1583 1107 suis
1606 1064 1831 1107 mandavit
1855 1064 1911 1106 de

1084 1128 1143 1174 te,
1169 1128 1217 1165 ut
1236 1122 1486 1165 custodiant
1503 1127 1547 1165 te
1566 1123 1611 1163 in
1630 1121 1832 1164 omnibus
1849 1121 1911 1163 in-

1085 1179 1288 1231 digentiis
1306 1180 1405 1222 tuis.
1446 1205 1449 1208 -

1141 1242 1190 1293 Rz.
1213 1240 1282 1282 Tu
1307 1241 1511 1290 Domine,
1547 1240 1622 1293 qui
1645 1239 1801 1281 misisti
1823 1238 1910 1280 An-

1084 1297 1229 1349 gelum
1252 1302 1375 1339 tuum
1400 1297 1480 1339 sub
1500 1296 1691 1347 Ezechia
1714 1308 1817 1348 rege
1839 1296 1911 1337 Ju-

1086 1355 1159 1405 da,
1187 1360 1230 1396 et
1261 1346 1518 1396 interfecisti
1547 1353 1603 1395 de
1627 1354 1783 1395 castris
1808 1353 1910 1395 Sen-

1085 1411 1293 1453 nacherib
1327 1415 1502 1452 centum
1535 1412 1762 1462 octoginta
1791 1409 1911 1462 quin-

1088 1481 1173 1520 que
1200 1467 1350 1509 millia:
1378 1468 1400 1490 *
1426 1467 1483 1509 Et
1510 1479 1625 1508 nunc
1640 1466 1911 1508 -Dominator

1086 1525 1299 1566 coelorum
1317 1525 1442 1566 mitte
1457 1523 1676 1575 Angelum
1693 1527 1817 1564 tuum
1835 1522 1911 1564 bo-

1084 1595 1189 1622 num
1207 1586 1306 1623 ante
1322 1594 1414 1630 nos,
1433 1581 1478 1621 in
1492 1580 1650 1622 timore
1664 1584 1708 1621 et
1721 1580 1912 1620 tremore

1085 1637 1396 1688 magnitudinis
1430 1636 1598 1678 brachii
1633 1636 1708 1677 tui.
1768 1629 1818 1681 Ys-
1853 1634 1913 1677 Ut

1086 1696 1282 1736 metuant
1309 1694 1383 1746 qui
1416 1706 1516 1735 cum
1543 1691 1815 1746 blasphemia
1842 1693 1912 1733 ve-

1087 1751 1209 1793 niunt
1236 1750 1446 1792 adversus
1465 1754 1674 1792 ‘sanctum
1699 1748 1912 1802 populum

1085 1814 1219 1850 tuum.
1245 1809 1313 1849 Et.
1343 1806 1493 1848 Gloria
1509 1806 1640 1849 Patri.
1667 1806 1736 1847 Et.

1140 1867 1271 1901 Lectio
1296 1868 1345 1901 ix.
1377 1867 1423 1901 de
1449 1867 1547 1901 festo
1573 1865 1762 1909 Simplici,
1793 1864 1827 1898 si
1852 1874 1914 1898 oc-

1091 1920 1230 1954 currat:
1256 1916 1352 1949 alias

1392 1966 1543 2007 Lectio
1563 1966 1616 2006 ix.

1091 2024 1294 2129 Interim
1330 2023 1449 2080 ergo‘
1475 2026 1699 2068 mandavit
1733 2025 1913 2077 Angelis

1145 2099 1234 2127 suis
1252 2086 1390 2135 Deus,
1418 2098 1505 2126 non
1529 2083 1706 2148 quidem
1728 2088 1777 2124 ut
1796 2084 1912 2124 amo-

1088 2147 1218 2184 veant
1236 2147 1280 2184 te
1300 2155 1326 2183 a
1345 2142 1426 2183 viis
1444 2141 1545 2191 tuis,
1565 2140 1706 2182 sedin
1725 2139 1787 2181 eis
1806 2139 1913 2204 ipsis

1088 2204 1132 2241 te
1164 2198 1429 2248 custodiant,
1467 2202 1511 2239 et
1549 2197 1675 2250 quasi
1709 2209 1789 2249 per
1821 2195 1912 2236 vias

1090 2269 1207 2305 suas,
1233 2255 1326 2296 vias
1350 2260 1448 2296 tuas
1469 2253 1687 2305 dirigant
1675 2267 1719 2294 1n
1738 2253 1831 2294 vias
1850 2251 1912 2304 ip-

1089 2315 1189 2353 sius.
1218 2313 1418 2363 Quonam
1433 2310 1580 2360 modo,
1597 2307 1763 2361 inquis?
1783 2308 1911 2349 Nem-

1089 2382 1145 2421 pe
1170 2374 1218 2410 ut
1248 2367 1368 2420 quod
1391 2367 1587 2418 Angelus
1612 2378 1667 2408 ex
1690 2365 1784 2407 sola
1808 2365 1913 2406 cari-

1089 2428 1180 2467 tate
1199 2426 1351 2478 purius
1370 2425 1474 2476 agit,
1493 2429 1541 2466 ut
1559 2423 1740 2476 propria
1759 2422 1914 2463 saltem

1090 2483 1351 2524 necessitate
1376 2480 1627 2533 compulsus
1652 2483 1695 2520 et
1721 2478 1914 2520 admoni-

1090 2544 1178 2589 tus,
1210 2537 1467 2587 descendas,
1500 2541 1544 2578 et
1570 2534 1914 2584 condescendas3

1091 2595 1297 2637 exhibere
1325 2594 1492 2636 scilicet
1522 2592 1724 2645 proximo
1751 2591 1913 2632 miseri-

1091 2651 1314 2703 cordiam:>
1338 2655 1381 2692 et
1417 2663 1589 2691 rursum
1627 2661 1726 2690 cum
1759 2646 1915 2690 eodem

1091 2707 1262 2759 Angelo
1285 2707 1435 2748 levans
1465 2704 1682 2747 desideria
1703 2710 1794 2754 tua,
1821 2708 1917 2745 tota
