2040 2944
558 184 760 218 Dominica
786 184 932 218 XXIV.
959 190 995 219 ct
1019 185 1153 219 ultima
1179 189 1268 228 post
1293 184 1558 218 Pentecosten.

193 287 502 337 exsequentes,
521 283 701 336 pietatis
720 287 808 323 tuae
829 280 1023 323 remedia

192 343 356 393 majora
381 341 636 393 percipiant.
669 340 754 380 Per
776 338 1025 379 Dominum.

192 409 345 453 Lectio
371 409 511 451 sancti
529 407 758 459 Evangelii
782 405 1026 448 secundum

473 465 745 506 Matthaeum.

271 523 305 562 Ι
310 524 422 563 ectio
443 524 512 563 vii.
699 524 802 576 Cap.
823 525 888 564 24.
907 523 947 564 b

191 584 267 690 In
296 587 371 628 illo
399 588 618 638 tempore:
657 585 779 626 Dixit
806 585 934 626 Jesus
965 583 1025 625 di-

259 643 439 708 scipulis
465 643 569 684 suis:
596 643 705 684 Cum
731 641 928 683 videritis
953 640 1024 681 ab-

191 700 504 741 ominationem
525 698 825 747 desolationis,
846 710 946 750 quae
966 695 1026 738 di-

193 762 264 798 cta
291 762 358 798 est
383 769 409 797 a
434 755 619 797 Daniele
646 753 882 819 propheta,
911 758 1026 795 stan-

190 820 280 855 tem
299 813 342 854 in
361 813 462 854 1000
483 818 651 854 sancto:
674 812 749 863 qui
767 811 884 861 legit,
903 809 1026 851 intel-

190 870 308 921 ligat.
336 870 394 911 Et
413 869 591 921 reliqua.

287 936 482 980 Homilia
509 937 650 979 sancti
678 936 937 989 Hieronymi

478 994 741 1047 Prestteri.

251 1049 281 1082 L
285 1051 333 1085 ib.
356 1050 385 1084 4.
411 1050 556 1085 Comm.
584 1050 623 1084 in
650 1060 732 1094 cap.
757 1050 809 1085 24.
834 1050 967 1085 Matth.

203 1117 235 1158 ‘ss
284 1106 469 1148 Ἰ
496 1106 553 1148 ad
573 1106 907 1158 intelligentiam
927 1119 1026 1159 pro—

197 1210 199 1215 .
228 1160 285 1220 ’,φεῖ
308 1213 313 1221 .
340 1166 560 1214 vocamur,
576 1164 809 1216 mysticum
820 1165 1028 1204 monstra-

243 1221 317 1245 :si
340 1225 412 1261 tur
452 1233 549 1262 esse
589 1220 709 1272 quod
747 1218 913 1261 dictum
949 1225 1026 1261 est

190 1277 398 1329 Legimus
444 1282 591 1319 autem
636 1277 679 1317 in
714 1276 899 1318 Daniele
940 1275 1025 1318 hoc

190 1334 341 1375 modo:
370 1333 428 1375 Et
452 1333 495 1373 in
522 1333 705 1375 dimidio
731 1332 1025 1374 hebdomadis

191 1391 413 1432 auferetur
439 1390 704 1431 sacrificium
733 1395 777 1431 et
803 1389 1026 1431 libamina:

191 1452 235 1488 et
271 1447 315 1487 in
347 1446 516 1499 templo
549 1446 819 1488 abominatio
854 1446 1023 1488 desola-

189 1503 360 1545 tionum
382 1503 478 1553 erit,
503 1516 643 1555 usque
669 1502 727 1544 ad
753 1516 1024 1545 consumma-

189 1559 355 1601 tionem
373 1560 603 1612 temporis,
633 1565 677 1601 et
702 1561 1024 1602 consummatio

190 1615 367 1657 dabitur
386 1629 520 1668 super
536 1615 831 1658 solitudinem.
856 1617 924 1658 De
939 1616 1025 1659 hoc

190 1678 234 1714 et
254 1672 500 1725 Apostolus
518 1672 724 1725 loquitur,
749 1672 870 1725 quod
890 1672 1024 1715 homo

189 1729 449 1780 iniquitatiS,
479 1734 523 1770 et
547 1727 828 1771 adversarius
852 1729 1024 1771 elevan-

190 1785 272 1827 dus
297 1785 354 1827 sit
382 1790 537 1827 contra
562 1798 691 1828 omne
718 1785 841 1838 quod
865 1786 1025 1827 dicitur

188 1842 310 1883 Deus
327 1847 370 1883 et
388 1842 562 1884 colitur:
580 1843 641 1884 ita
660 1848 709 1884 ut
727 1841 889 1884 audeat
907 1847 1024 1884 stare

188 1898 231 1938 in
251 1898 418 1951 templo
439 1899 540 1949 Dei,
570 1904 614 1940 et
640 1899 876 1942 ostendere
903 1899 1024 1951 quod

188 1955 284 2007 ipse
313 1955 369 1996 sit
395 1955 533 1996 Deus:
563 1956 685 2007 cujus
714 1956 930 1998 adventus
959 1969 1022 1997 se-

189 2011 381 2052 cundum
413 2012 717 2063 operationem
750 2015 918 2054 satanae
951 2011 1022 2053 de-

188 2072 328 2109 struat
353 2080 450 2117 008,
479 2073 522 2109 et
549 2067 606 2110 ad
630 2067 714 2110 Dei
740 2067 1023 2110 solitudinem

187 2122 367 2174 redigat,
391 2124 464 2176 qui
484 2137 531 2165 se
553 2126 839 2178 susceperint.

481 2189 634 2230 Lectio
656 2190 739 2230 viii.

275 2257 391 2295 otest
415 2258 562 2296 autem
585 2255 844 2323 simpliciter
867 2261 942 2298 aut
966 2256 1022 2299 de

280 2309 554 2352 Antichristo
575 2312 728 2364 accipi,
747 2318 822 2354 aut
843 2311 928 2354 de
917 2316 1020 2355 lma-

188 2365 287 2429 gine
308 2365 511 2416 Caesaris,
539 2380 671 2419 quam
688 2369 855 2411 Pilatus
876 2370 1025 2422 posuit

188 2421 232 2462 in
250 2422 435 2474 templo,
455 2428 530 2464 aut
549 2423 604 2465 de
625 2424 809 2466 Adriani
830 2427 1025 2478 equestri

189 2479 350 2527 statua,
377 2491 476 2530 quae
496 2480 539 2519 in
558 2481 656 2532 ipso
676 2487 830 2523 sancto
853 2485 1023 2524 sancto-

190 2547 286 2574 rum
300 2534 401 2575 1000
417 2548 557 2586 usque
571 2536 614 2576 in
629 2539 896 2588 praesentem
907 2537 1023 2580 diem

189 2590 322 2631 stetit.
355 2590 640 2633 Abominatio
669 2605 846 2645 quoque
870 2597 1021 2635 secun-

1079 279 1184 321 dum
1215 281 1411 322 veterem
1449 280 1714 332 scripturam
1744 279 1914 322 idolum

1079 339 1371 389 nuncupatur:
1391 335 1615 378 etidcirco
1631 336 1819 386 additur,
1840 335 1912 378 de—

1080 393 1324 442 solationis,
1354 392 1474 445 quod
1503 393 1547 433 in
1576 392 1778 435 desolato
1806 397 1913 434 tem-

1080 450 1155 502 plo
1185 455 1318 502 atque
1346 448 1575 491 destructo
1601 449 1770 491 idolum
1795 449 1913 502 posi-

1079 511 1173 547 tum
1192 507 1259 549 sit.

1382 563 1535 604 Lectio
1555 563 1609 603 ix.

1158 637 1401 681 bominatio
1421 640 1708 682 desolationis
1730 641 1914 694 intelligi

1183 700 1335 747 potest
1354 701 1398 738 et
1418 709 1548 739 omne
1563 696 1725 748 dogma
1739 700 1913 750 perver-

1080 762 1191 791 sum:
1211 751 1333 803 quod
1353 765 1453 794 cum
1472 752 1712 795 viderimus
1732 758 1851 796 stare
1870 755 1913 795 in

1079 806 1180 848 loco
1202 814 1368 859 sancto,
1388 809 1474 851 hoc
1494 815 1561 852 est
1580 810 1623 851 in
1639 810 1850 861 Ecclesia,
1870 815 1915 852 et

1080 876 1127 905 se
1157 864 1391 908 ostendere
1418 866 1581 908 Deum:
1610 866 1823 909 debemus
1850 867 1913 909 fu-

1079 933 1183 971 gere
1203 920 1259 963 de
1274 922 1299 962 J
1300 921 1430 964 udaea
1449 921 1506 964 ad
1525 927 1710 973 montes,
1730 923 1816 965 hoc
1835 929 1914 974 est,

1081 976 1262 1019 dimissa
1298 978 1529 1021 occidente
1562 979 1726 1030 littera,
1769 985 1813 1022 et
1843 980 1915 1021 Ju-

1081 1033 1207 1075 daica
1260 1035 1498 1087 pravitate,
1553 1036 1914 1089 appropinquare

1079 1090 1303 1132 montibus
1330 1092 1522 1142 aeternis,
1551 1092 1607 1134 de
1635 1091 1794 1145 quibus
1819 1092 1914 1134 illu-

1079 1148 1215 1190 minat
1239 1148 1499 1191 mirabiliter
1518 1149 1656 1199 Deus;
1682 1154 1726 1191 et
1749 1162 1848 1191 esse
1870 1149 1915 1190 in

1080 1209 1215 1254 tecto,
1244 1206 1351 1247 etin
1371 1204 1566 1256 domate,
1595 1218 1684 1258 quo
1707 1218 1796 1247 non
1814 1218 1914 1274 pos-

1080 1261 1166 1302 sint
1183 1262 1319 1312 ignita
1334 1261 1500 1304 diaboli
1515 1237 1658 1315 jabula
1671 1264 1915 1315 pervenire,

1079 1330 1161 1358 nec
1189 1317 1460 1360 descendere
1489 1324 1534 1360 et
1561 1319 1718 1360 tollere
1747 1317 1915 1371 aliquid

1080 1373 1135 1416 de
1161 1373 1296 1416 domo
1324 1375 1675 1417 conversationis
1699 1375 1914 1428 pristinae,

1080 1444 1162 1472 nec
1187 1445 1386 1484 quaerere
1409 1445 1509 1484 quae
1532 1434 1776 1474 retrorsum
1799 1437 1915 1475 sunt:

1080 1487 1160 1530 sed
1189 1489 1328 1540 magis
1362 1490 1509 1530 serere
1531 1489 1576 1529 in
1603 1501 1710 1540 agro
1739 1488 1913 1542 spiritu-

1080 1545 1213 1586 alium
1234 1545 1568 1598 scripturarum,
1589 1551 1637 1588 ut
1655 1545 1825 1587 fructus
1845 1558 1913 1587 ca-

1078 1601 1253 1653 piamus
1273 1615 1329 1643 ex
1348 1614 1419 1644 eo:
1445 1614 1528 1644 nec
1551 1601 1710 1644 tollere
1730 1600 1914 1643 alteram

1079 1658 1288 1709 tunicam,
1336 1671 1466 1710 quam
1503 1657 1714 1711 Apostoli
1750 1656 1915 1700 habere

1079 1714 1378 1767 prohibentur.
1469 1714 1532 1757 Te
1550 1715 1705 1757 Deum.
1725 1715 1784 1756 14.

1132 1783 1203 1823 Ad
1224 1783 1386 1825 Bened.
1416 1784 1516 1824 Ant.
1545 1783 1655 1826 Cum
1673 1782 1870 1826 videritis
1889 1783 1913 1809 ¹⁸¹

1079 1841 1452 1883 abominationem
1478 1840 1784 1891 desolationis,
1814 1852 1913 1892 quae

1079 1896 1197 1939 dicta
1217 1903 1285 1939 est
1304 1911 1329 1939 a
1343 1897 1528 1939 Daniele
1543 1896 1779 1950 Propheta,
1799 1901 1913 1938 stan-

1077 1959 1168 1996 tem
1186 1954 1229 1994 in
1249 1953 1348 1996 1000
1370 1959 1538 1996 sancto:
1559 1953 1634 2006 qui
1651 1952 1772 2004 legit,
1791 1952 1913 1995 intel-

1077 2010 1194 2062 ligat.

1133 2063 1184 2115 V·
1213 2070 1430 2112 Dominus
1454 2070 1669 2121 regnavit,
1703 2070 1912 2113 decorem

1077 2127 1229 2170 induit.
1289 2126 1340 2177 R.
1371 2126 1521 2169 Induit
1548 2127 1765 2168 Dominus
1793 2126 1912 2169 forti-

1076 2184 1285 2234 tudinem,
1305 2189 1349 2226 et
1367 2184 1600 2237 praecinxit
1619 2196 1667 2225 se
1686 2183 1860 2225 virtute.

1131 2243 1203 2284 Ad
1221 2244 1394 2295 Magnis.
1423 2245 1522 2286 Ant.
1556 2246 1698 2289 Amen
1718 2246 1819 2289 dico
1838 2261 1912 2290 vo-

1076 2307 1155 2356 bis,
1176 2308 1199 2332 *
1221 2305 1326 2358 quia
1350 2317 1439 2346 non
1462 2303 1710 2358 praeteribit
1733 2307 1912 2355 genera-

1077 2364 1139 2406 tio
1159 2362 1266 2412 haec,
1287 2361 1431 2403 donec
1450 2361 1596 2402 omnia
1610 2360 1731 2402 fiant:
1751 2360 1913 2402 coelum

1079 2426 1123 2462 et
1154 2425 1273 2462 terra
1300 2417 1565 2467 transibunt,
1597 2416 1734 2458 verba
1765 2422 1912 2459 autem

1078 2489 1176 2518 mea
1208 2488 1296 2517 non
1327 2473 1589 2523 transibunt,
1627 2472 1736 2514 dicit
1762 2473 1868 2514 Dfis.

1133 2531 1184 2582 V.
1200 2537 1425 2587 Dirigatur
1439 2533 1630 2575 Domine
1646 2534 1788 2575 oratio
1803 2546 1912 2575 mea.

1083 2594 1133 2644 R.
1145 2594 1267 2635 Sicut
1278 2593 1502 2634 incensum
1512 2590 1556 2630 in
1567 2592 1811 2643 conspectu
1821 2595 1912 2632 tuo.

731 2683 1192 2737 QQQQQ..
