2040 2944
177 180 269 224 [264]

177 276 268 318 noli
287 288 384 318 esse
401 276 610 317 terrenus.
637 274 882 325 Propterea
897 271 1008 319 dico,

178 332 368 375 mundus
383 333 580 373 terrenus
596 329 851 372 scandalum
865 328 1008 378 habet,

178 396 295 432 terra
331 390 414 430 ista
449 389 631 429 necesse
669 391 737 428 est
767 390 817 428 ut
847 385 1010 427 habeat

180 445 450 488 scandalum:
469 444 561 486 noli
577 446 758 497 portare
777 444 1009 492 terrenum,

181 502 260 544 sed
288 502 532 550 coelestem,
566 506 609 542 et
637 499 895 541 scandalum
921 511 1010 539 non

179 559 374 601 habebis.
407 559 724 600 Verumtamen
748 569 816 597 vae
844 555 1011 597 homini

181 616 242 656 illi
261 629 342 668 per
362 627 493 667 quem
512 613 769 655 scandalum
789 612 918 654 venit.

236 677 297 718 Te
317 677 460 718 Deum
478 675 720 716 laudamus.
740 675 799 714 14.

260 768 387 810 Feria
407 768 573 817 Quarta
589 765 701 807 infra
721 766 934 807 Octavam

343 829 386 869 S.
405 827 586 877 Angeli
606 825 850 868 custodis.

232 894 274 927 In
304 893 329 926 l.
360 892 559 925 Nocturno
597 890 798 924 Lectiones
835 890 881 923 de
915 889 1012 923 Scri-

184 948 294 985 ptura
322 945 553 975 occurrente.

416 998 465 1035 In
486 997 535 1035 ΙΙ.
557 996 779 1035 Nocturno.

240 1061 392 1103 Sermo
413 1061 553 1102 sancti
572 1060 729 1101 Hilarii
746 1060 970 1112 Episcopi.

262 1120 413 1161 Lectio
435 1119 487 1159 iv.
695 1119 743 1157 In
763 1119 831 1158 Ps.
852 1119 935 1158 137.

206 1276 227 1293 1³
258 1268 300 1296 '‘0''

190 1286 239 1324 ‘s
256 1294 300 1324 ΤΞ]
322 1302 413 1338 mat
437 1297 659 1350 propheta
679 1310 787 1346 esse,
813 1301 861 1338 ut
879 1297 1015 1338 homi-

184 1353 312 1395 nibus
334 1359 503 1396 tantum
527 1354 821 1407 praesentibus
845 1353 1016 1406 psallat,

186 1411 287 1462 quia
311 1410 510 1452 homines
531 1410 828 1463 corporalium
846 1415 1017 1452 tantum

186 1467 463 1517 negotiorum
479 1467 623 1508 officia
638 1467 890 1519 inspiciunt:
905 1467 949 1507 in
964 1479 1016 1508 eo

188 1523 301 1566 enim
322 1523 441 1576 quod
460 1523 619 1576 psallit,
641 1529 808 1565 motum
828 1523 1017 1576 compla-

188 1580 286 1622 citae
302 1581 570 1633 operationis
586 1581 682 1622 Deo
700 1580 902 1622 ostendit.
917 1580 1018 1621 Non

188 1649 294 1687 ergo
342 1650 441 1690 quae
486 1636 690 1679 videntur
734 1637 777 1678 in
817 1639 1018 1690 corpore,

189 1694 307 1735 cerni
333 1693 570 1735 desiderat:
598 1693 677 1736 sed
703 1707 754 1735 ea
777 1707 876 1746 quae
896 1694 1018 1746 spiri-

188 1751 364 1792 tualiter
391 1754 560 1792 natarae
590 1751 840 1804 spirituales
870 1756 1018 1793 contu-

189 1809 332 1856 entur,
363 1809 516 1858 gerere
550 1808 737 1849 festinat.
782 1808 873 1850 Scit
906 1808 1020 1850 enim

189 1863 269 1905 sub
299 1864 479 1917 specula
504 1863 776 1915 Angelorum
808 1865 942 1906 vitam
976 1878 1019 1906 o-

188 1932 334 1962 mnem
359 1922 592 1973 moresque
619 1923 764 1972 agere,
790 1926 834 1963 et
858 1921 1020 1974 ubique

189 1977 285 2018 haec
310 1976 557 2019 divinorum
582 1978 924 2019 ministeriorum
949 1991 1019 2019 au-

189 2034 292 2074 xilia
316 2033 519 2075 fidelibus
539 2034 706 2076 cunctis
730 2037 948 2085 assistere,
972 2040 1021 2076 ut

191 2090 402 2143 scriptum
422 2095 505 2131 est:
531 2090 699 2132 Praeest
718 2091 914 2141 Angelus
933 2091 1020 2132 Do-

190 2146 295 2187 mini
314 2146 357 2187 in
379 2147 563 2188 circuitu
581 2147 827 2189 timentium
847 2160 956 2189 eum.

241 2206 291 2255 Rv.
311 2203 433 2245 Vivit
450 2204 546 2256 ipse
564 2204 791 2245 Dominus.
810 2204 914 2256 [261]

496 2263 647 2303 Lectio
668 2277 705 2302 v.

189 2314 387 2419 Legem
407 2321 537 2362 etiam
556 2321 699 2373 Moysi
719 2321 763 2361 in
780 2334 912 2363 manu
934 2335 1021 2364 me-

298 2376 480 2418 diatoris
522 2391 603 2430 per
645 2378 842 2429 Angelos
888 2379 1022 2420 fuisse

195 2433 457 2485 depositam,
482 2434 613 2476 docet
637 2435 893 2488 Apostolus.
928 2436 1022 2477 Nec

192 2503 281 2531 non
315 2495 357 2530 et
385 2490 554 2531 Eliseus
586 2491 911 2534 absolutissime
946 2491 1020 2534 do-

595 178 707 211 Fcria
732 176 794 210 IV.
821 176 918 209 infra
945 175 1024 209 Oct.
1050 174 1085 208 S.
1110 173 1252 216 Angeli
1279 172 1473 207 Custodis.

1542 269 1657 311 Nam
1690 282 1789 311 cum
1816 282 1895 312 rex

1061 327 1198 379 syriae
1225 330 1386 380 capere
1407 326 1525 368 Geth
1549 326 1715 377 urbem,
1739 327 1783 368 in
1808 339 1895 379 qua

1061 385 1178 427 idem
1197 384 1418 437 propheta
1433 383 1606 425 Eliseus
1624 389 1751 434 esset,
1769 386 1894 437 para-

1063 446 1142 491 ret,
1168 446 1211 483 et
1230 440 1457 482 nocturnis
1481 439 1709 482 itineribus
1733 440 1894 482 exerci-

1062 503 1157 540 tum
1180 510 1319 548 suum,
1346 497 1421 549 qui
1439 497 1724 539 antelucanus
1742 496 1897 538 urbem

1065 553 1299 603 obsideret,
1326 553 1601 604 destinasset,
1627 566 1737 605 puer
1762 552 1898 594 Elisei

1065 613 1306 664 conspecta
1333 610 1575 660 obsidione,
1600 609 1727 651 dixit:
1756 610 1794 652 Ο
1821 609 1896 651 do-

1064 669 1197 718 mine,
1242 667 1349 720 quid
1385 666 1620 709 faciemus?
1675 667 1732 709 Et
1769 666 1897 709 dixit:

1064 725 1169 766 Noli
1192 725 1363 775 timere,
1392 725 1495 777 quia
1523 724 1672 777 plures
1698 728 1800 766 sunt
1823 736 1897 765 no-

1066 782 1235 824 biscum
1267 795 1399 835 quam
1428 794 1527 823 cum
1554 781 1650 822 illis.

1122 841 1172 891 Rg.
1189 839 1386 890 Angelus
1404 838 1594 880 Domini.
1614 838 1718 890 [261]

1372 904 1523 944 Lectio
1545 903 1597 943 vi.

1153 971 1171 1008 t
1200 966 1342 1007 oravit
1369 965 1541 1007 Eliseus
1569 965 1626 1007 ad
1651 966 1900 1018 Dominum,

1171 1028 1215 1065 et
1231 1023 1354 1064 dixit:
1371 1022 1570 1076 Adaperi
1587 1023 1779 1065 Domine
1799 1025 1899 1065 ocu-

1066 1081 1133 1122 los
1159 1080 1286 1133 pueri
1311 1079 1450 1131 hujus,
1474 1084 1529 1121 ut‘
1541 1079 1704 1122 videat:
1731 1085 1776 1122 et
1801 1082 1899 1134 ape-

1067 1138 1154 1179 ruit
1179 1137 1396 1178 Dominus
1426 1136 1581 1179 oculos
1608 1137 1746 1191 pueri,
1776 1142 1820 1180 et
1841 1137 1901 1179 vi-

1068 1194 1143 1244 dit,
1164 1199 1208 1235 et
1228 1206 1331 1235 ecce
1350 1207 1479 1235 mons
1496 1199 1590 1236 erat
1604 1194 1761 1248 plenus
1777 1194 1902 1248 equis

1069 1256 1112 1293 et
1141 1250 1341 1292 curribus
1369 1251 1413 1291 in
1439 1264 1548 1303 gyro
1577 1251 1728 1301 Elisei,
1755 1257 1800 1293 et
1829 1250 1901 1293 de-

1069 1307 1335 1349 scenderunt
1359 1306 1415 1348 ad
1436 1320 1526 1349 eos.
1559 1307 1729 1350 Tantus
1749 1313 1793 1350 et
1811 1313 1903 1350 tam

1068 1363 1230 1405 nobilis
1250 1363 1471 1416 propheta
1493 1364 1614 1406 solus
1635 1364 1902 1418 contempla-

1069 1421 1197 1462 tione'
1221 1420 1483 1462 auxiliorum
1516 1421 1809 1474 spiritualium
1841 1421 1902 1463 di-

1069 1490 1181 1528 gnus
1201 1482 1280 1519 est.
1308 1477 1396 1519 Sed
1415 1478 1560 1519 oratio
1580 1479 1671 1530 ejus
1687 1477 1744 1520 ad
1758 1478 1903 1520 Deum

1069 1534 1212 1576 visum
1237 1535 1581 1587 incorporalium
1605 1535 1736 1577 etiam
1761 1538 1902 1588 puero

1071 1604 1155 1633 suo.
1176 1592 1345 1633 meruit.
1383 1592 1434 1632 In
1460 1591 1616 1633 horum
1641 1592 1774 1643 igitur
1799 1591 1903 1633 assi-

1070 1648 1277 1690 stentium
1299 1647 1502 1689 humanis
1522 1648 1694 1690 auxiliis
1714 1648 1903 1700 Angelo-

1070 1718 1167 1746 rum
1204 1706 1446 1757 conspectu
1482 1705 1643 1758 psallat
1674 1705 1904 1759 propheta,

1071 1761 1342 1814 simplicibus
1383 1761 1676 1817 spiritualium
1718 1764 1903 1815 operum

1071 1818 1444 1871 contemplatione
1472 1818 1725 1871 placiturus.

1124 1880 1175 1932 R.
1192 1879 1243 1919 In
1264 1879 1382 1920 omni
1400 1879 1695 1922 tribulatione.
1714 1879 1818 1933 [261]
1890 1897 1894 1899 “

1293 1953 1343 1992 In
1361 1951 1432 1990 111.
1453 1949 1677 1989 Nocturno.

1072 2015 1228 2057 Lectio
1251 2016 1391 2056 sancti
1408 2015 1636 2067 Evangelii
1658 2014 1902 2057 secundum

1352 2071 1623 2114 Matthaeum.

1150 2134 1303 2176 Lectio
1325 2134 1392 2173 vii.
1644 2130 1747 2182 Cap.
1768 2130 1826 2169 18.

1071 2190 1148 2298 In
1172 2195 1248 2236 illo
1274 2196 1490 2247 tempore:
1519 2195 1816 2237 Accesserunt
1843 2194 1903 2236 di-

1140 2251 1296 2305 scipuli
1311 2251 1367 2293 ad
1378 2252 1403 2292 J
1406 2264 1539 2301 esum,
1559 2252 1769 2294 dicentes:
1785 2251 1904 2301 Quis,

1072 2314 1221 2362 putas,
1255 2310 1394 2360 major
1428 2314 1495 2350 est
1525 2309 1568 2350 in
1598 2320 1735 2359 regno
1771 2307 1903 2349 coelo-

1073 2365 1191 2407 rum?
1229 2365 1287 2407 Et
1315 2365 1494 2417 reliqua.

1191 2434 1381 2476 Homilia
1410 2435 1550 2476 sancti
1577 2434 1792 2476 Bernardi

1388 2491 1588 2533 Abbatis.

1061 276 1154 312 tum
1187 270 1498 312 defensionem.

194 2547 299 2595 cuit,
332 2545 543 2587 humanas
576 2548 851 2590 infirmitates
879 2549 1021 2599 Ange-
1073 2552 1179 2586 Tom.
1198 2552 1235 2587 1..
1258 2552 1297 2585 in
1314 2550 1455 2584 Festiv.
1474 2549 1508 2582 S.
1523 2547 1724 2582 Michaelis
1743 2547 1860 2581 Sei-m.
1873 2547 1903 2582 2.

194 2603 335 2644 lorum
360 2602 530 2643 auxiliis
551 2603 735 2654 defendi,
762 2610 805 2646 et
824 2606 866 2645 in
888 2605 1021 2646 omni·
1081 2626 1142 2648 ιχ

192 2659 275 2701 bus
307 2658 530 2711 periculis,
563 2660 599 2700 si
631 2660 742 2702 fides
774 2663 949 2702 maneat
978 2661 1022 2701 in
1084 2656 1160 2731 [ss.

193 2715 338 2766 nobis,
375 2715 531 2756 adesse
564 2716 856 2768 spiritualium
889 2717 1021 2759 virta-

1145 2648 1148 2657 .
1170 2610 1211 2663 ζ
1226 2604 1393 2655 udistis,
1416 2605 1583 2654 fratres,
1610 2604 1905 2656 evangelicam

1107 2703 1111 2712 Ι
1132 2653 1213 2715 457³?
1242 2661 1478 2703 lectionem
1497 2660 1710 2702 adversus
1726 2673 1815 2711 eos,
1831 2661 1905 2713 qui

1086 2702 1207 2743 ·j;¹.!2÷‘-‘
1241 2717 1427 2771 pusillos
1454 2716 1769 2768 scandalizant,
1796 2717 1904 2759 satis
