2040 2944
736 209 844 243 Furia
872 206 1037 241 secunda

270 316 369 357 Vox
382 309 553 353 Domini
566 302 850 361 praeparantis
865 311 1028 348 cervos,

219 378 262 414 et
281 368 488 413 revelabit
506 363 740 407 condensa:
759 361 782 384 *
802 364 845 400 et
863 358 907 398 in
925 362 1028 398 tem-

219 428 293 481 plo
313 428 400 478 ejus
420 434 566 466 omnes
586 419 729 461 dicent
747 414 940 467 gloriam.

270 491 477 533 Dominus
497 485 703 528 diluvium
718 479 958 522 inhabitare
973 477 1029 517 fa-

219 549 294 591 cit:
321 549 343 573 *
371 551 413 588 et
446 542 614 585 sedebit
640 538 850 580 Dominus
884 547 961 576 rex
987 533 1030 574 in

218 607 433 647 aeternum.

267 663 475 705 Dominus
511 659 714 701 virtutem
749 652 913 707 populo
952 663 1031 692 suo

218 721 353 763 dabit:
369 720 391 745 *
407 716 618 759 Dominus
628 710 855 755 benedicet
867 707 1030 761 populo

217 790 295 819 suo
315 778 357 818 in
376 787 494 829 pace.

484 855 675 895 Psalmus
696 855 758 893 251.

216 923 473 1027 Exaltabo
525 938 569 973 te
604 927 788 970 Domine
831 921 1033 974 quoniam

321 989 549 1043 suscepisti
567 999 654 1028 me:
671 986 694 1011 *
714 993 794 1024 nec
808 976 1033 1019 delectasti

219 1049 412 1089 inimicos
430 1058 551 1087 meos
570 1054 699 1096 super
717 1053 797 1081 me.

271 1109 454 1150 Domine
478 1107 597 1147 Deus
621 1114 742 1144 meus
770 1095 952 1141 clamavi
979 1093 1034 1135 ad

219 1171 273 1215 te,
292 1166 315 1190 *
336 1171 379 1206 et
398 1162 557 1205 sanasti
576 1174 655 1202 me.

271 1225 454 1266 Domine
479 1221 664 1265 eduxisti
688 1218 742 1260 ab
763 1217 928 1258 inferno
949 1212 1034 1254 ani-

221 1295 334 1323 mam
344 1294 503 1323 meam:
516 1281 538 1304 *
554 1276 730 1319 salvasti
742 1286 811 1315 me
822 1286 847 1314 a
861 1271 1034 1313 descen-

223 1338 422 1379 dentibus
440 1337 483 1377 in
502 1336 652 1377 lacum.

274 1398 449 1439 Psallite
468 1395 654 1438 Domino
674 1390 810 1434 sancti
829 1389 932 1440 eius:
951 1387 974 1411 *
995 1390 1037 1450 et

223 1454 485 1496 confitemini
532 1450 752 1494 memoriae
796 1444 1037 1487 sanctitatis

226 1512 325 1562 ejus.

276 1567 486 1618 Quoniam
500 1566 563 1607 ira
576 1565 619 1606 in
632 1560 923 1614 indignatione
934 1557 1038 1608 ejus:

224 1624 247 1649 *
267 1629 309 1665 et
328 1624 415 1665 vita
433 1624 475 1664 in
493 1622 715 1664 voluntate
735 1620 834 1671 ejus.

277 1684 347 1726 Ad
355 1687 582 1737 vesperum
592 1680 886 1723 demorabitur
897 1678 1038 1719 fletus:

225 1743 247 1766 *
267 1747 310 1783 et
328 1740 383 1783 ad
402 1741 655 1782 matutinum
673 1737 833 1778 laetitia.

278 1803 369 1852 Ego
405 1806 548 1843 autem
584 1799 673 1841 dixi
703 1799 746 1838 in
778 1796 1040 1839 abundantia

226 1871 339 1899 mea:
363 1859 385 1883 *
409 1858 510 1899 Non
530 1854 739 1897 movebor
758 1854 801 1894 in
821 1855 1040 1895 aeternum.

277 1918 460 1959 Domine
485 1918 529 1958 in
547 1916 768 1958 voluntate
787 1919 871 1964 tua,
889 1915 912 1940 *
931 1927 1039 1967 prae-

227 1975 372 2016 stitisti
392 1973 538 2016 decori
556 1985 654 2014 meo
673 1972 888 2013 virtutem.

280 2035 486 2077 Avertisti
508 2034 661 2075 faciem
679 2038 798 2074 tuam
816 2045 841 2073 a
858 2044 938 2081 me,
956 2031 979 2056 *
999 2036 1043 2073 et

227 2092 363 2134 factus
383 2104 477 2133 sum
496 2089 788 2132 conturbatus.
953 2087 961 2093 ⁴

278 2152 349 2194 Ad
371 2157 414 2194 te
432 2151 617 2192 Domine
641 2148 855 2191 clamabo:
877 2149 900 2174 *
924 2153 967 2190 et
986 2148 1042 2190 ad

228 2209 368 2250 Deum
386 2221 529 2250 meum
548 2205 828 2260 deprecabor.

279 2269 385 2320 Quae
408 2268 568 2310 utilitas
591 2267 633 2307 in
656 2266 862 2316 sanguine
884 2278 994 2315 meo,
1019 2266 1042 2290 *

230 2324 331 2366 dum
350 2323 567 2366 descendo
586 2323 627 2364 in
648 2320 993 2375 corruptionem?

279 2384 499 2438 Numquid
514 2383 787 2426 confitebitur
801 2382 878 2424 tibi
891 2382 1043 2435 pulvis,

228 2442 251 2467 *
270 2447 344 2483 aut
369 2440 635 2483 annuntiabit
652 2440 877 2481 veritatem
900 2438 1042 2481 tuam?

280 2501 458 2543 Audivit
493 2501 721 2550 Dominus,
761 2505 804 2542 et
842 2500 1044 2541 misertus

230 2563 296 2600 est
317 2558 418 2600 mei:
440 2559 462 2583 *
486 2557 695 2598 Dominus
718 2557 855 2598 factus
882 2561 947 2597 est
972 2555 1043 2598 ad-

230 2615 343 2665 jutor
361 2627 492 2655 meus.

281 2674 541 2716 Convertisti
574 2673 792 2726 planetum
826 2685 969 2714 meum
1002 2673 1044 2713 in

229 2731 432 2782 gaudium
465 2730 586 2771 mihi:
619 2731 642 2755 ¹⁸¹
674 2729 922 2771 conscidisti
955 2742 1044 2771 sac-

1064 205 1111 238 ud
1137 202 1370 237 Matutinum.

1081 310 1178 393 {zum
1192 307 1370 360 officum,
1404 298 1447 334 et
1479 287 1803 333 circumdedisti
1832 299 1903 328 me

1098 357 1354 455 aeiiililzantet
1371 409 1451 451 tibi
1469 407 1608 459 gloria
1626 418 1733 455 mea,
1754 409 1798 447 et
1815 417 1903 446 non

1082 472 1365 522 compangar:
1383 467 1406 492 *
1425 464 1612 506 Domine
1637 463 1758 504 Deus
1782 473 1905 503 meus

1081 527 1124 567 in
1143 527 1353 568 aeternum
1372 520 1614 564 confitebor
1631 519 1720 562 tibi.

1135 594 1231 632 Ant.
1263 588 1456 654 adorate
1479 585 1715 627 Dominum
1738 583 1783 624 in
1808 582 1906 625 aula

1082 652 1231 689 sancta
1251 658 1350 697 ejus.

1136 716 1167 753 A
1176 718 1230 753 nt.
1264 714 1311 751 In
1330 715 1404 752 tua
1422 707 1593 761 justitia.

1348 800 1542 841 psalmus
1562 800 1633 839 30.

1133 891 1162 918 n
1188 882 1232 919 te
1259 875 1445 918 Domine
1473 873 1664 927 speravi,
1691 885 1779 914 non
1807 884 1906 914 con-

1152 933 1308 975 fundar
1325 933 1369 974 in
1389 933 1616 974 aeternum:
1634 930 1657 956 *
1680 929 1724 970 in
1747 928 1908 982 justitia

1084 996 1159 1032 tua
1175 990 1313 1032 libera
1331 1002 1413 1031 me.

1136 1051 1300 1092 Inclina
1318 1050 1374 1092 ad
1392 1061 1463 1091 me
1482 1059 1631 1090 aurem
1649 1051 1779 1097 tuam,
1797 1047 1821 1072 *
1841 1058 1908 1088 ac·

1087 1108 1227 1149 celera
1246 1112 1293 1149 ut
1313 1109 1439 1148 eruas
1457 1118 1539 1147 me.

1138 1170 1244 1211 Esto
1259 1167 1363 1209 mihi
1382 1167 1425 1208 in
1439 1167 1582 1208 Deum
1595 1165 1910 1219 protectorem:

1088 1230 1131 1268 et
1157 1226 1199 1266 in
1226 1225 1403 1267 domum
1430 1223 1600 1274 refugii,
1623 1222 1647 1248 *
1670 1227 1717 1264 ut
1743 1220 1911 1263 salvum

1086 1295 1156 1323 me
1175 1282 1318 1323 facias.

1140 1343 1353 1394 Quoniam
1372 1340 1583 1383 fortitudo
1602 1352 1710 1390 mea,
1735 1344 1778 1382 et
1799 1338 1910 1381 refu-

1088 1400 1204 1451 gium
1237 1412 1382 1440 meum
1417 1411 1464 1440 es
1497 1403 1563 1440 tu:
1595 1397 1619 1423 *
1653 1401 1698 1439 et
1729 1400 1912 1450 propter

1088 1469 1246 1498 nomen
1268 1461 1390 1498 tuum
1414 1454 1606 1496 deduces
1631 1466 1719 1503 me,
1745 1457 1790 1495 et
1812 1455 1912 1495 enu-

1089 1513 1193 1555 tries
1211 1525 1292 1554 me.

1140 1573 1313 1616 Educes
1332 1585 1402 1615 me
1422 1572 1477 1614 de
1495 1572 1655 1625 laqueo
1671 1570 1767 1621 hoc,
1785 1582 1914 1623 quem

1091 1630 1412 1672 absconderunt
1437 1628 1561 1670 mihi:
1585 1629 1609 1654 *
1636 1627 1840 1680 quoniam
1866 1631 1915 1669 tu

1091 1700 1137 1728 es
1155 1689 1380 1740 protector
1397 1698 1531 1727 meus.

1142 1749 1192 1789 In
1214 1760 1367 1790 manus
1389 1752 1486 1789 tuas
1511 1744 1770 1788 commendo
1793 1744 1914 1798 spiri-

1091 1810 1182 1847 tum
1196 1818 1355 1847 meum:
1369 1805 1392 1831 *
1407 1802 1631 1846 redemisti
1643 1815 1714 1844 me
1728 1801 1916 1844 Domine

1091 1862 1210 1903 Deus
1230 1861 1435 1903 veritatis.

1145 1922 1286 1964 Odisti
1321 1922 1605 1964 observantes
1632 1919 1864 1970 vanitate8‚
1890 1919 1914 1945 *

1093 1981 1372 2032 supervacue.

1144 2040 1238 2090 Ego
1258 2045 1403 2082 autem
1421 2039 1464 2080 in
1478 2038 1668 2081 Domino
1687 2036 1877 2091 speravi:
1890 2036 1915 2063 *

1094 2095 1333 2146 exsultabo,
1353 2101 1396 2138 et
1414 2095 1600 2138 laetabor
1613 2095 1658 2137 in
1674 2094 1914 2137 misericor-

1093 2152 1165 2194 dia
1183 2158 1268 2195 tua.

1145 2214 1358 2264 Quoniam
1380 2213 1612 2267 respexisti
1629 2211 1916 2255 humilitatem

1093 2283 1244 2335 meam,
1263 2271 1287 2296 *
1306 2270 1483 2313 salvasti
1505 2270 1561 2312 de
1583 2267 1916 2312 necessitatibus

1094 2340 1279 2368 ammam
1302 2340 1454 2368 meam.

1143 2387 1237 2429 Nec
1269 2387 1518 2430 conclusisti
1549 2400 1619 2429 me
1646 2387 1689 2428 in
1716 2385 1916 2428 manibus

1093 2443 1267 2485 inimici:
1285 2445 1309 2470 *
1328 2444 1515 2487 statuisti
1538 2444 1581 2485 in
1600 2443 1700 2486 loco
1719 2443 1915 2496 spatioso

1093 2500 1229 2553 pedes
1247 2514 1380 2543 meos.

1144 2561 1352 2603 Miserere
1385 2562 1470 2603 mei
1497 2561 1684 2605 Domine
1713 2559 1916 2613 quoniam

1093 2617 1292 2659 tribulor:
1319 2618 1343 2643 *
1371 2618 1655 2660 conturbatus
1683 2622 1750 2659 est
1782 2617 1825 2657 in
1852 2615 1917 2657 ira

1095 2674 1244 2715 oculus
1272 2687 1405 2723 meuS,
1433 2675 1575 2716 anima
1601 2686 1713 2723 mea,
1745 2678 1789 2715 et
1816 2685 1915 2714 ven-

1094 2735 1160 2771 ter
1178 2743 1317 2772 meus:
