2040 2944
470 182 649 217 Officium
673 185 849 219 votivum
874 185 921 219 dc
946 185 1003 220 ss.
1028 187 1284 221 Eucharistiae
1310 188 1568 223 Sacramenta

212 275 348 329 Apud
366 290 437 318 me
463 277 606 318 oratio
625 277 724 319 Deo
747 277 850 319 vitae
871 291 995 328 meae,

161 334 185 360 *
213 333 356 374 (1103111
378 333 494 374 Deo:
521 333 764 386 Susceptor
786 347 911 375 meus
936 348 994 376 08.

213 391 357 440 Quare
378 389 540 431 oblitus
560 403 607 431 es
624 389 733 432 mei?
753 393 777 418 *
799 396 843 433 et
858 404 994 443 quare

160 446 444 488 contristatus
481 446 659 498 incedo,
698 447 803 489 dum
840 448 995 499 affligit

158 515 228 543 me
257 501 480 544 inimicus?

209 558 327 600 Dum
351 559 684 610 confringuntur
709 573 811 601 ossa
834 573 944 610 mea,
970 562 993 587 *

158 614 539 667 exprobraverunt
557 615 663 657 mihi
684 617 759 669 qui
781 616 993 658 tribulant

156 684 227 713 me
254 671 417 714 inimici
444 672 541 713 mei.

208 727 326 768 Dum
359 727 509 769 dicunt
540 728 647 769 mihi
681 741 762 780 per
795 729 991 780 singulos

157 783 267 825 dies:
294 783 382 826 Ubi
410 788 477 826 est
500 785 622 827 Deus
651 785 777 826 tuus?
806 787 830 811 *
856 799 991 838 quare

155 840 295 881 tristis
315 852 362 881 es
382 841 528 882 anima
544 854 653 891 mea,
674 846 718 883 et
735 854 869 894 quare
890 855 990 884 con-

155 896 308 938 turbas
332 896 426 938 me?

206 953 345 1005 Spera
377 953 422 994 in
450 953 568 1005 Deo,
605 955 812 1006 quoniam
845 955 990 997 adhuc

155 1009 401 1051 confitebor
436 1009 516 1051 illi:
552 1013 576 1037 *
613 1011 805 1054 831111310
842 1012 989 1054 vultus

153 1066 249 1115 mei,
278 1071 322 1107 et
350 1066 472 1108 Deus
500 1080 635 1108 meus.

203 1126 304 1167 Ant.
329 1127 381 1167 111
405 1140 515 1169 voce
540 1128 846 1170 exsultationis
870 1132 987 1171 reso-

153 1187 259 1223 nent
279 1183 508 1236 epulantes
526 1185 571 1225 in
589 1198 741 1226 mensa
759 1186 949 1227 Domini.

204 1238 256 1290 V.
297 1244 471 1286 Cibavit
506 1245 606 1288 illos
642 1258 697 1287 ex
735 1246 867 1299 adipe
903 1247 987 1289 fru-

151 1300 297 1341 menti.
332 1300 385 1353 Rz.
411 1301 468 1342 Et
487 1300 543 1344 de
561 1306 699 1355 petra,
722 1303 852 1344 melle
873 1308 986 1345 satu-

153 1355 268 1398 ravit
287 1369 376 1398 eos.

199 1437 413 1480 Mensibus
432 1427 669 1492 Septembri
688 1442 732 1482 01,
751 1442 932 1483 Octobri.

149 1503 220 1544 Ex
237 1502 351 1546 libro
371 1506 511 1548 sancti
529 1506 756 1549 Ambrosii
774 1508 986 1562 Episcopi

379 1561 435 1604 de
453 1562 758 1606 Sacramentis.

396 1627 479 1662 Lib.
503 1628 534 1663 4.
581 1628 675 1672 Cap.
699 1630 729 1663 4.

449 1684 604 1726 Lectio
625 1686 678 1727 iv.

297 1747 424 1784 uctor
468 1748 846 1788 sacramentorum
885 1748 983 1799 quis

159 1794 161 1803 ’
190 1829 236 1859 21»
315 1804 392 1849 est,
411 1800 495 1842 nisi
509 1801 725 1844 Dominus
741 1804 766 1844 J
769 1802 892 1845 esus?
914 1804 983 1846 De

314 1856 429 1897 coelo
452 1857 537 1899 ista
561 1861 837 1901 sacramenta
855 1863 982 1902 vene-

146 1915 257 1952 runt.
318 1912 558 1955 Consilium
603 1916 717 1956 enim
757 1929 886 1958 omne
926 1916 982 1959 de

146 1966 262 2008 coelo
282 1973 359 2010 est.
386 1969 504 2011 Vere
524 1976 671 2013 autem
688 1986 895 2023 magnum
915 1979 982 2015 est

147 2027 191 2064 et
220 2023 416 2065 divinum
441 2026 718 2078 miraculum,
753 2029 875 2080 quod
902 2032 979 2082 po-

144 2079 251 2130 pulo
282 2080 395 2132 pluit
420 2082 544 2124 Deus
576 2097 736 2126 manna
768 2084 824 2127 de
854 2086 980 2136 coelo,

145 2140 189 2176 et
207 2148 296 2177 non
316 2137 549 2181 laborabat
567 2141 774 2193 populus,
799 2147 843 2183 et
862 2155 979 2183 man-

146 2190 348 2234 ducabat.
382 2193 452 2234 Tu
475 2195 589 2237 forte
609 2195 734 2238 dicis:
759 2198 885 2239 Meus
904 2212 978 2250 pa-

143 2247 210 2288 nis
245 2254 313 2290 est
343 2249 544 2292 usitatus.
598 2252 687 2294 Sed
722 2255 847 2306 panis
878 2255 978 2304 iste,

143 2304 269 2354 panis
295 2310 363 2346 est
390 2307 655 2357 antevverba
684 2313 977 2352 sacramento-

143 2372 253 2400 rum:
272 2361 347 2402 ubi
364 2364 600 2405 accesserit
613 2368 902 2416 consecratio,
923 2366 977 2408 de

143 2427 258 2466 pane
289 2417 339 2458 fit
372 2431 476 2460 caro
505 2419 675 2462 Christi.
716 2422 816 2464 Hoc
847 2423 979 2473 igitur

144 2474 402 2515 astruamus.
440 2475 676 2526 Quomodo
705 2484 873 2530 potest,
904 2479 978 2530 qui

144 2585 400 2628 secratione.
429 2587 716 2632 Consecratio
734 2591 866 2641 igitur
886 2591 976 2642 qui-

143 2638 226 2680 bus
255 2640 400 2683 verbis
430 2649 514 2694 est,
547 2651 591 2686 et
619 2647 740 2698 cujus
769 2646 976 2687 sermoni-

143 2694 249 2737 bus?
290 2697 468 2740 Domini
499 2700 615 2743 Jesu.

143 2528 271 2579 panis
287 2535 365 2579 est,
381 2543 542 2584 corpus
559 2545 656 2574 esse
673 2534 857 2576 Christi?
875 2535 979 2576 Con·
978 2546 1166 2761 ὦ(1113111
1194 2534 1402 2583 coenavit,
1436 2533 1602 2576 dicens:
1635 2535 1720 2576 Η10
1753 2535 1865 2576 calix

661 2701 776 2743 Nam
808 2701 978 2753 reliqua
1031 2703 1506 2744 commemorationem.
1557 2698 1606 2747 17.

1794 190 1885 234 [223]

1048 280 1194 321 01111113
1222 294 1321 333 quae
1342 282 1562 334 dicuntur,
1591 284 1768 327 laudem
1786 287 1884 328 Deo

1048 334 1267 387 deferunt,
1306 340 1448 381 oratio
1486 342 1769 393 praemittitur
1801 357 1883 395 pro

1047 393 1232 444 populo,
1264 408 1347 447 pro
1374 396 1567 447 regibus,
1601 411 1683 451 pro
1712 400 1884 441 ceteris:

1047 448 1122 490 ubi
1150 453 1322 492 venitur
1350 457 1397 492 ut
1425 454 1683 496 conficiatur
1706 459 1883 497 venera-

1046 504 1143 546 bile·
1167 506 1515 559 Sacramentum,
1555 511 1639 562 iam
1672 525 1761 553 non
1794 513 1883 554 81118

1047 563 1324 604 sermonibus
1358 565 1585 614 sacerdos,
1628 568 1708 609 sed
1746 569 1883 610 utitur

1046 619 1322 661 sermonibus
1345 621 1517 663 Christi.

1098 685 1148 736 K.
1177 684 1463 728 Coenantibus
1496 687 1581 728 illis
1615 690 1787 742 accepit
1814 691 1881 732 Je-

1045 751 1120 779 sus
1140 753 1312 792 panem,
1339 747 1383 784 et
1405 742 1641 794 benedixit,
1670 758 1722 786 ac
1742 746 1881 797 fregit,

1045 793 1256 848 deditque
1286 797 1514 851 discipulis
1543 800 1647 850 suis,
1682 807 1726 843 et
1753 803 1830 844 ait:
1852 804 1874 827 *

1043 851 1257 903 Accipite,
1278 859 1321 895 et
1341 855 1575 897 comedite:
1595 856 1680 898 hoc
1699 863 1766 899 est
1786 871 1879 900 cor-

1042 920 1126 959 pus
1145 921 1304 950 meum.
1327 903 1377 954 V.
1395 912 1614 954 Dixerunt
1633 914 1714 954 viri
1734 914 1876 956 taber-

1042 964 1187 1005 naculi
1216 966 1316 1007 mei:
1350 968 1455 1017 Quis
1486 968 1561 1010 det
1590 968 1645 1010 de
1674 970 1879 1012 carnibus

1044 1020 1145 1071 ejus,
1173 1026 1221 1062 ut
1249 1022 1518 1065 saturemur?
1574 1026 1787 1078 Accipite.

1354 1100 1506 1141 Lectio
1528 1116 1564 1141 v.

1125 1187 1205 1226 rgo
1231 1189 1377 1217 sermo
1403 1176 1564 1219 Christi
1591 1177 1677 1220 hoc
1703 1180 1880 1222 conficit

1131 1232 1472 1274 Sacramentum.
1489 1235 1596 1285 Quis
1608 1248 1754 1277 sermo
1767 1236 1879 1277 Chri-

1041 1287 1121 1335 sti?
1136 1288 1310 1342 Nempe
1321 1289 1368 1340 is,
1382 1303 1470 1343 quo
1482 1291 1597 1332 facta
1609 1297 1710 1333 sunt
1722 1293 1877 1334 omnia.

1039 1345 1065 1385 J
1066 1345 1177 1387 ussit
1195 1346 1428 1397 Dominus,
1453 1353 1496 1389 et
1520 1348 1684 1389 factum
1704 1354 1771 1390 est
1791 1362 1876 1391 coe-

1039 1402 1144 1442 lum:
1177 1402 1302 1453 jussit
1327 1403 1562 1453 Dominus,
1596 1410 1639 1445 et
1668 1405 1785 1447 facta
1810 1412 1878 1448 est

1038 1463 1172 1500 terra:
1190 1459 1316 1510 jussit
1330 1460 1557 1510 Dominus,
1578 1466 1621 1502 et
1641 1461 1756 1503 facta
1776 1468 1877 1504 sunt

1038 1515 1193 1556 maria:
1232 1516 1357 1567 jussit
1388 1517 1624 1567 Dominus,
1657 1523 1701 1559 01
1735 1520 1876 1559 01111118

1039 1575 1241 1613 creatura
1259 1575 1469 1623 generata
1489 1579 1566 1615 est.
1602 1574 1742 1616 Vides
1769 1588 1874 1626 ergo

1039 1639 1171 1679 quam
1198 1629 1476 1680 operatorius
1503 1630 1560 1670 sit
1585 1643 1730 1671 sermo
1756 1630 1874 1671 Chri-

1037 1684 1105 1725 sti.
1135 1683 1181 1724 Si
1206 1696 1312 1735 ergo
1331 1690 1454 1726 tanta
1473 1685 1539 1726 vis
1560 1691 1628 1727 est
1646 1686 1689 1726 in
1711 1690 1873 1728 sermo-

1036 1752 1092 1781 ne
1110 1740 1290 1781 Domini
1307 1741 1332 1781 J
1335 1753 1422 1790 esu,
1443 1746 1492 1782 ut
1511 1741 1756 1794 inciperent
1775 1755 1873 1784 esse

1037 1808 1138 1847 quae
1157 1809 1245 1837 non
1265 1802 1405 1838 erant:
1426 1802 1591 1849 quanto
1610 1798 1750 1849 magis
1769 1811 1871 1851 0110-

1035 1852 1224 1893 ratorius
1245 1858 1322 1902 est,
1342 1858 1389 1894 ut
1409 1866 1509 1905 quae
1529 1859 1663 1903 erant,
1687 1854 1731 1894 in
1752 1854 1871 1896 aliud

1036 1907 1383 1950 commutentur?
1430 1909 1601 1951 Coelum
1638 1923 1726 1951 non
1763 1916 1871 1961 erat,

1035 1977 1155 2005 mare
1176 1977 1264 2006 non
1285 1971 1388 2016 erat,
1408 1971 1527 2007 terra
1545 1979 1634 2007 non
1652 1972 1755 2008 erat.
1783 1967 1871 2008 Sed

1036 2021 1138 2062 audi
1159 2020 1393 2063 dicentem:
1417 2023 1520 2074 Ipse
1541 2021 1666 2072 dixit,
1691 2028 1735 2064 et
1754 2023 1870 2064 facta

1035 2083 1149 2119 sunt:
1167 2077 1263 2129 ipse
1278 2077 1516 2127 mandavit,
1537 2084 1580 2120 et
1596 2081 1744 2120 010313
1759 2084 1870 2120 811111.

1033 2134 1152 2184 Ergo
1171 2133 1253 2175 tibi
1272 2139 1320 2175 ut
1339 2134 1649 2187 respondeam,
1669 2148 1757 2176 non
1777 2141 1870 2177 erat

1035 2203 1197 2242 corpus
1236 2190 1398 2232 Christi
1439 2197 1539 2232 ante
1577 2192 1868 2233 consecratio-

1033 2259 1146 2286 nem:
1162 2245 1242 2288 sed
1256 2252 1360 2299 post
1375 2247 1752 2288 consecrationem
1767 2246 1868 2290 dico

1032 2301 1113 2343 tibi
1147 2303 1268 2355 quod
1299 2303 1384 2354 jam
1412 2315 1574 2355 corpus
1603 2308 1670 2344 est
1696 2303 1867 2346 Christi.

1032 2358 1136 2410 Ipse
1156 2357 1277 2405 dixit,
1297 2363 1341 2399 et
1360 2358 1523 2400 factum
1538 2364 1618 2400 est:
1637 2359 1734 2412 ipse
1747 2373 1865 2401 man-

1034 2413 1166 2463 davit,
1188 2419 1231 2455 et
1250 2416 1448 2455 creatum
1468 2420 1545 2456 est.

1082 2478 1133 2529 R.
1162 2478 1350 2530 Accepit
1373 2479 1398 2518 J
1400 2491 1501 2519 esus
1527 2479 1721 2529 calicem,
1745 2485 1863 2532 post-

1031 2602 1194 2631 novum
1230 2592 1543 2632 testamentum
1578 2596 1645 2632 est
1681 2591 1724 2631 in
1763 2603 1862 2631 meo

1007 2646 1256 2696 ι’8311311111οε
1287 2646 1310 2669 *
1347 2646 1448 2687 Ηο0
1480 2647 1610 2688 facite
1642 2647 1685 2686 in
1720 2659 1862 2686 meam

1648 2701 1861 2743 Memoria
