<?xml version="1.0" encoding="UTF-8"?>
<!DOCTYPE html PUBLIC "-//W3C//DTD XHTML 1.0 Transitional//EN"
    "http://www.w3.org/TR/xhtml1/DTD/xhtml1-transitional.dtd">
<html xmlns="http://www.w3.org/1999/xhtml" xml:lang="en" lang="en">
 <head>
  <title>
</title>
<meta http-equiv="Content-Type" content="text/html;charset=utf-8" />
  <meta name='ocr-system' content='tesseract 3.04.00' />
  <meta name='ocr-capabilities' content='ocr_page ocr_carea ocr_par ocr_line ocrx_word'/>
</head>
<body>
  <div class='ocr_page' id='page_1' title='image "./p4breviariumroma00cathuoft_0047.png"; bbox 0 0 2040 2944; ppageno 0'>
   <div class='ocr_carea' id='block_1_1' title="bbox 764 187 1239 223">
    <p class='ocr_par' dir='ltr' id='par_1_1' title="bbox 764 187 1239 223">
     <span class='ocr_line' id='line_1_1' title="bbox 764 187 1239 223; baseline 0.004 -2"><span class='ocrx_word' id='word_1_1' title='bbox 764 187 968 221; x_wconf 87' lang='lat' dir='ltr'>Dominiea</span> <span class='ocrx_word' id='word_1_2' title='bbox 994 188 1042 221; x_wconf 81' lang='lat' dir='ltr'>ad</span> <span class='ocrx_word' id='word_1_3' title='bbox 1064 189 1239 223; x_wconf 85' lang='lat' dir='ltr'>Primam.</span> 
     </span>
    </p>
   </div>
   <div class='ocr_carea' id='block_1_2' title="bbox 145 276 978 384">
    <p class='ocr_par' dir='ltr' id='par_1_2' title="bbox 145 276 978 384">
     <span class='ocr_line' id='line_1_2' title="bbox 197 276 978 330; baseline 0.005 -14"><span class='ocrx_word' id='word_1_4' title='bbox 197 276 249 316; x_wconf 90' lang='lat' dir='ltr'>In</span> <span class='ocrx_word' id='word_1_5' title='bbox 277 277 528 327; x_wconf 79' lang='lat' dir='ltr'>sanctitate,</span> <span class='ocrx_word' id='word_1_6' title='bbox 563 282 607 319; x_wconf 83' lang='lat' dir='ltr'>et</span> <span class='ocrx_word' id='word_1_7' title='bbox 637 279 800 330; x_wconf 87' lang='lat' dir='ltr'>justitia</span> <span class='ocrx_word' id='word_1_8' title='bbox 828 291 978 320; x_wconf 86' lang='lat' dir='ltr'>coram</span> 
     </span>
     <span class='ocr_line' id='line_1_3' title="bbox 145 332 887 384; baseline 0.005 -12"><span class='ocrx_word' id='word_1_9' title='bbox 145 332 255 384; x_wconf 85' lang='lat' dir='ltr'>ipso,</span> <span class='ocrx_word' id='word_1_10' title='bbox 274 332 297 358; x_wconf 86' lang='lat'>*</span> <span class='ocrx_word' id='word_1_11' title='bbox 318 333 519 375; x_wconf 72' lang='lat' dir='ltr'>Omnibus</span> <span class='ocrx_word' id='word_1_12' title='bbox 540 333 694 376; x_wconf 88' lang='lat' dir='ltr'>diebus</span> <span class='ocrx_word' id='word_1_13' title='bbox 713 335 887 376; x_wconf 88' lang='lat' dir='ltr'>nostris.</span> 
     </span>
    </p>
   </div>
   <div class='ocr_carea' id='block_1_3' title="bbox 143 397 978 1207">
    <p class='ocr_par' dir='ltr' id='par_1_3' title="bbox 146 397 978 564">
     <span class='ocr_line' id='line_1_4' title="bbox 198 397 978 452; baseline 0.003 -14"><span class='ocrx_word' id='word_1_14' title='bbox 198 397 255 438; x_wconf 85' lang='lat' dir='ltr'>Et</span> <span class='ocrx_word' id='word_1_15' title='bbox 282 402 330 438; x_wconf 91' lang='lat' dir='ltr'>tu</span> <span class='ocrx_word' id='word_1_16' title='bbox 357 411 483 450; x_wconf 90' lang='lat' dir='ltr'>puer,</span> <span class='ocrx_word' id='word_1_17' title='bbox 512 398 736 452; x_wconf 91' lang='lat' dir='ltr'>Propheta</span> <span class='ocrx_word' id='word_1_18' title='bbox 763 398 978 440; x_wconf 86' lang='lat' dir='ltr'>Altissimi</span> 
     </span>
     <span class='ocr_line' id='line_1_5' title="bbox 146 453 977 508; baseline 0.002 -14"><span class='ocrx_word' id='word_1_19' title='bbox 146 453 390 495; x_wconf 78' lang='lat' dir='ltr'>vocaberis:</span> <span class='ocrx_word' id='word_1_20' title='bbox 410 455 434 480; x_wconf 77' lang='lat'>¹⁸¹</span> <span class='ocrx_word' id='word_1_21' title='bbox 453 455 632 508; x_wconf 87' lang='lat' dir='ltr'>praeibis</span> <span class='ocrx_word' id='word_1_22' title='bbox 659 456 774 497; x_wconf 93' lang='lat' dir='ltr'>enim</span> <span class='ocrx_word' id='word_1_23' title='bbox 798 460 898 496; x_wconf 91' lang='lat' dir='ltr'>ante</span> <span class='ocrx_word' id='word_1_24' title='bbox 918 455 977 496; x_wconf 79' lang='lat' dir='ltr'>fa-</span> 
     </span>
     <span class='ocr_line' id='line_1_6' title="bbox 146 509 869 564; baseline 0.001 -14"><span class='ocrx_word' id='word_1_25' title='bbox 146 509 258 551; x_wconf 91' lang='lat' dir='ltr'>ciem</span> <span class='ocrx_word' id='word_1_26' title='bbox 274 510 453 551; x_wconf 76' lang='lat' dir='ltr'>Demini</span> <span class='ocrx_word' id='word_1_27' title='bbox 471 513 629 564; x_wconf 80' lang='lat' dir='ltr'>parare</span> <span class='ocrx_word' id='word_1_28' title='bbox 649 512 742 553; x_wconf 89' lang='lat' dir='ltr'>vias</span> <span class='ocrx_word' id='word_1_29' title='bbox 763 513 869 564; x_wconf 88' lang='lat' dir='ltr'>ejus:</span> 
     </span>
    </p>

    <p class='ocr_par' dir='ltr' id='par_1_4' title="bbox 145 574 978 729">
     <span class='ocr_line' id='line_1_7' title="bbox 197 574 977 618; baseline 0.001 -2"><span class='ocrx_word' id='word_1_30' title='bbox 197 574 271 616; x_wconf 93' lang='lat' dir='ltr'>Ad</span> <span class='ocrx_word' id='word_1_31' title='bbox 316 575 507 617; x_wconf 90' lang='lat' dir='ltr'>dandam</span> <span class='ocrx_word' id='word_1_32' title='bbox 552 576 778 617; x_wconf 87' lang='lat' dir='ltr'>scientiam</span> <span class='ocrx_word' id='word_1_33' title='bbox 824 576 977 618; x_wconf 87' lang='lat' dir='ltr'>salutis</span> 
     </span>
     <span class='ocr_line' id='line_1_8' title="bbox 145 631 978 686; baseline 0.002 -14"><span class='ocrx_word' id='word_1_34' title='bbox 145 631 265 683; x_wconf 91' lang='lat' dir='ltr'>plebi</span> <span class='ocrx_word' id='word_1_35' title='bbox 284 632 389 683; x_wconf 88' lang='lat' dir='ltr'>ejus:</span> <span class='ocrx_word' id='word_1_36' title='bbox 403 632 427 657; x_wconf 89' lang='lat'>*</span> <span class='ocrx_word' id='word_1_37' title='bbox 441 632 485 672; x_wconf 92' lang='lat' dir='ltr'>in</span> <span class='ocrx_word' id='word_1_38' title='bbox 504 633 808 674; x_wconf 80' lang='lat' dir='ltr'>remissi6nem</span> <span class='ocrx_word' id='word_1_39' title='bbox 824 646 978 686; x_wconf 89' lang='lat' dir='ltr'>pecca-</span> 
     </span>
     <span class='ocr_line' id='line_1_9' title="bbox 145 689 477 729; baseline 0.003 -1"><span class='ocrx_word' id='word_1_40' title='bbox 145 689 291 728; x_wconf 84' lang='lat' dir='ltr'>torum</span> <span class='ocrx_word' id='word_1_41' title='bbox 311 690 477 729; x_wconf 84' lang='lat' dir='ltr'>eorum:</span> 
     </span>
    </p>

    <p class='ocr_par' dir='ltr' id='par_1_5' title="bbox 145 753 978 907">
     <span class='ocr_line' id='line_1_10' title="bbox 196 753 977 797; baseline 0.003 -3"><span class='ocrx_word' id='word_1_42' title='bbox 196 753 281 794; x_wconf 93' lang='lat' dir='ltr'>Per</span> <span class='ocrx_word' id='word_1_43' title='bbox 295 755 466 795; x_wconf 84' lang='lat' dir='ltr'>viscera</span> <span class='ocrx_word' id='word_1_44' title='bbox 474 753 790 796; x_wconf 84' lang='lat' dir='ltr'>misericordiae</span> <span class='ocrx_word' id='word_1_45' title='bbox 805 755 889 797; x_wconf 90' lang='lat' dir='ltr'>Dei</span> <span class='ocrx_word' id='word_1_46' title='bbox 903 767 977 796; x_wconf 95' lang='lat' dir='ltr'>no-</span> 
     </span>
     <span class='ocr_line' id='line_1_11' title="bbox 145 809 978 862; baseline 0.002 -12"><span class='ocrx_word' id='word_1_47' title='bbox 145 809 272 850; x_wconf 78' lang='lat' dir='ltr'>striz*</span> <span class='ocrx_word' id='word_1_48' title='bbox 282 810 326 850; x_wconf 93' lang='lat' dir='ltr'>in</span> <span class='ocrx_word' id='word_1_49' title='bbox 342 809 500 862; x_wconf 87' lang='lat' dir='ltr'>quibus</span> <span class='ocrx_word' id='word_1_50' title='bbox 515 810 709 852; x_wconf 83' lang='lat' dir='ltr'>visitavit</span> <span class='ocrx_word' id='word_1_51' title='bbox 723 824 815 861; x_wconf 84' lang='lat' dir='ltr'>nos,</span> <span class='ocrx_word' id='word_1_52' title='bbox 832 811 978 852; x_wconf 71' lang='lat' dir='ltr'>Oriens</span> 
     </span>
     <span class='ocr_line' id='line_1_12' title="bbox 145 865 323 907; baseline -0.006 0"><span class='ocrx_word' id='word_1_53' title='bbox 145 878 200 907; x_wconf 86' lang='lat' dir='ltr'>ex</span> <span class='ocrx_word' id='word_1_54' title='bbox 218 865 323 907; x_wconf 87' lang='lat' dir='ltr'>alto:</span> 
     </span>
    </p>

    <p class='ocr_par' dir='ltr' id='par_1_6' title="bbox 143 924 977 1152">
     <span class='ocr_line' id='line_1_13' title="bbox 195 924 976 985; baseline 0.003 -13"><span class='ocrx_word' id='word_1_55' title='bbox 195 930 447 973; x_wconf 79' lang='lat' dir='ltr'>Illuminare</span> <span class='ocrx_word' id='word_1_56' title='bbox 475 931 558 982; x_wconf 85' lang='lat' dir='ltr'>his,</span> <span class='ocrx_word' id='word_1_57' title='bbox 593 924 666 985; x_wconf 59' lang='lat' dir='ltr'>qui</span> <span class='ocrx_word' id='word_1_58' title='bbox 696 933 741 973; x_wconf 92' lang='lat' dir='ltr'>in</span> <span class='ocrx_word' id='word_1_59' title='bbox 773 932 976 982; x_wconf 88' lang='lat' dir='ltr'>tenebris,</span> 
     </span>
     <span class='ocr_line' id='line_1_14' title="bbox 145 987 977 1030; baseline 0.002 -2"><span class='ocrx_word' id='word_1_60' title='bbox 145 991 189 1028; x_wconf 91' lang='lat' dir='ltr'>et</span> <span class='ocrx_word' id='word_1_61' title='bbox 214 987 259 1028; x_wconf 90' lang='lat' dir='ltr'>in</span> <span class='ocrx_word' id='word_1_62' title='bbox 286 987 442 1029; x_wconf 89' lang='lat' dir='ltr'>umbra</span> <span class='ocrx_word' id='word_1_63' title='bbox 469 989 624 1029; x_wconf 89' lang='lat' dir='ltr'>mortis</span> <span class='ocrx_word' id='word_1_64' title='bbox 658 989 832 1030; x_wconf 85' lang='lat' dir='ltr'>sedent:</span> <span class='ocrx_word' id='word_1_65' title='bbox 863 990 887 1014; x_wconf 87' lang='grc'>*</span> <span class='ocrx_word' id='word_1_66' title='bbox 920 989 977 1030; x_wconf 90' lang='lat' dir='ltr'>ad</span> 
     </span>
     <span class='ocr_line' id='line_1_15' title="bbox 145 1042 977 1097; baseline 0.002 -13"><span class='ocrx_word' id='word_1_67' title='bbox 145 1042 397 1094; x_wconf 77' lang='lat' dir='ltr'>dirigendos</span> <span class='ocrx_word' id='word_1_68' title='bbox 420 1044 560 1097; x_wconf 89' lang='lat' dir='ltr'>pedes</span> <span class='ocrx_word' id='word_1_69' title='bbox 587 1050 764 1087; x_wconf 87' lang='lat' dir='ltr'>nostros</span> <span class='ocrx_word' id='word_1_70' title='bbox 791 1045 836 1086; x_wconf 91' lang='lat' dir='ltr'>in</span> <span class='ocrx_word' id='word_1_71' title='bbox 861 1045 977 1086; x_wconf 87' lang='lat' dir='ltr'>viam</span> 
     </span>
     <span class='ocr_line' id='line_1_16' title="bbox 143 1112 277 1152; baseline -0.007 -11"><span class='ocrx_word' id='word_1_72' title='bbox 143 1112 277 1152; x_wconf 80' lang='lat' dir='ltr'>pacls.</span> 
     </span>
    </p>

    <p class='ocr_par' dir='ltr' id='par_1_7' title="bbox 197 1165 498 1207">
     <span class='ocr_line' id='line_1_17' title="bbox 197 1165 498 1207; baseline 0 -1"><span class='ocrx_word' id='word_1_73' title='bbox 197 1165 350 1207; x_wconf 78' lang='lat' dir='ltr'>Gleria</span> <span class='ocrx_word' id='word_1_74' title='bbox 368 1166 498 1207; x_wconf 89' lang='lat' dir='ltr'>Patri.</span> 
     </span>
    </p>
   </div>
   <div class='ocr_carea' id='block_1_4' title="bbox 140 1249 974 1878">
    <p class='ocr_par' dir='ltr' id='par_1_8' title="bbox 140 1249 974 1727">
     <span class='ocr_line' id='line_1_18' title="bbox 193 1249 972 1295; baseline 0.001 -11"><span class='ocrx_word' id='word_1_75' title='bbox 193 1249 345 1285; x_wconf 83' lang='lat' dir='ltr'>Deinde</span> <span class='ocrx_word' id='word_1_76' title='bbox 373 1250 446 1285; x_wconf 89' lang='lat' dir='ltr'>dic.</span> <span class='ocrx_word' id='word_1_77' title='bbox 468 1251 559 1285; x_wconf 88' lang='lat' dir='ltr'>Ant.</span> <span class='ocrx_word' id='word_1_78' title='bbox 586 1255 623 1286; x_wconf 88' lang='lat' dir='ltr'>et</span> <span class='ocrx_word' id='word_1_79' title='bbox 646 1251 779 1286; x_wconf 83' lang='lat' dir='ltr'>Oratio</span> <span class='ocrx_word' id='word_1_80' title='bbox 802 1251 972 1295; x_wconf 72' lang='lat' dir='ltr'>propria,</span> 
     </span>
     <span class='ocr_line' id='line_1_19' title="bbox 141 1298 973 1342; baseline 0.001 -10"><span class='ocrx_word' id='word_1_81' title='bbox 141 1300 179 1332; x_wconf 92' lang='lat' dir='ltr'>et</span> <span class='ocrx_word' id='word_1_82' title='bbox 194 1302 285 1341; x_wconf 91' lang='lat' dir='ltr'>post</span> <span class='ocrx_word' id='word_1_83' title='bbox 302 1308 402 1342; x_wconf 88' lang='lat' dir='ltr'>eam,</span> <span class='ocrx_word' id='word_1_84' title='bbox 421 1298 456 1333; x_wconf 86' lang='lat' dir='ltr'>si</span> <span class='ocrx_word' id='word_1_85' title='bbox 473 1303 649 1334; x_wconf 86' lang='lat' dir='ltr'>occurrat</span> <span class='ocrx_word' id='word_1_86' title='bbox 667 1309 712 1333; x_wconf 86' lang='lat' dir='ltr'>eo</span> <span class='ocrx_word' id='word_1_87' title='bbox 731 1299 793 1333; x_wconf 87' lang='lat' dir='ltr'>die</span> <span class='ocrx_word' id='word_1_88' title='bbox 812 1300 973 1342; x_wconf 79' lang='lat' dir='ltr'>aliquod</span> 
     </span>
     <span class='ocr_line' id='line_1_20' title="bbox 140 1345 973 1390; baseline 0.001 -10"><span class='ocrx_word' id='word_1_89' title='bbox 140 1345 299 1380; x_wconf 86' lang='lat' dir='ltr'>Festum</span> <span class='ocrx_word' id='word_1_90' title='bbox 322 1346 511 1390; x_wconf 79' lang='lat' dir='ltr'>Simplex,</span> <span class='ocrx_word' id='word_1_91' title='bbox 539 1347 603 1381; x_wconf 82' lang='lat' dir='ltr'>vel</span> <span class='ocrx_word' id='word_1_92' title='bbox 626 1347 677 1381; x_wconf 88' lang='lat' dir='ltr'>ad</span> <span class='ocrx_word' id='word_1_93' title='bbox 697 1348 855 1381; x_wconf 82' lang='lat' dir='ltr'>niodum</span> <span class='ocrx_word' id='word_1_94' title='bbox 877 1348 973 1381; x_wconf 86' lang='lat' dir='ltr'>Sim-</span> 
     </span>
     <span class='ocr_line' id='line_1_21' title="bbox 141 1394 972 1438; baseline 0.001 -10"><span class='ocrx_word' id='word_1_95' title='bbox 141 1394 256 1438; x_wconf 89' lang='lat' dir='ltr'>plicis</span> <span class='ocrx_word' id='word_1_96' title='bbox 281 1395 531 1429; x_wconf 87' lang='lat' dir='ltr'>recolendum</span> <span class='ocrx_word' id='word_1_97' title='bbox 555 1395 596 1430; x_wconf 89' lang='lat' dir='ltr'>fit</span> <span class='ocrx_word' id='word_1_98' title='bbox 621 1395 668 1429; x_wconf 90' lang='lat' dir='ltr'>de</span> <span class='ocrx_word' id='word_1_99' title='bbox 696 1406 741 1430; x_wconf 91' lang='lat' dir='ltr'>eo</span> <span class='ocrx_word' id='word_1_100' title='bbox 765 1396 972 1430; x_wconf 89' lang='lat' dir='ltr'>Commem.</span> 
     </span>
     <span class='ocr_line' id='line_1_22' title="bbox 140 1442 974 1487; baseline 0.001 -11"><span class='ocrx_word' id='word_1_101' title='bbox 140 1442 343 1477; x_wconf 89' lang='lat' dir='ltr'>Postremo</span> <span class='ocrx_word' id='word_1_102' title='bbox 366 1442 414 1485; x_wconf 81' lang='lat' dir='ltr'>(si</span> <span class='ocrx_word' id='word_1_103' title='bbox 435 1443 477 1477; x_wconf 90' lang='lat' dir='ltr'>id</span> <span class='ocrx_word' id='word_1_104' title='bbox 497 1447 649 1487; x_wconf 90' lang='lat' dir='ltr'>tempus</span> <span class='ocrx_word' id='word_1_105' title='bbox 672 1443 856 1486; x_wconf 75' lang='lat' dir='ltr'>requirat)</span> <span class='ocrx_word' id='word_1_106' title='bbox 879 1444 974 1477; x_wconf 90' lang='lat' dir='ltr'>fiunt</span> 
     </span>
     <span class='ocr_line' id='line_1_23' title="bbox 141 1489 973 1534; baseline 0 -9"><span class='ocrx_word' id='word_1_107' title='bbox 141 1489 287 1525; x_wconf 92' lang='lat' dir='ltr'>Comm.</span> <span class='ocrx_word' id='word_1_108' title='bbox 311 1491 358 1525; x_wconf 90' lang='lat' dir='ltr'>de</span> <span class='ocrx_word' id='word_1_109' title='bbox 380 1490 416 1525; x_wconf 90' lang='lat' dir='ltr'>S.</span> <span class='ocrx_word' id='word_1_110' title='bbox 438 1491 581 1534; x_wconf 84' lang='lat' dir='ltr'>Maria,</span> <span class='ocrx_word' id='word_1_111' title='bbox 604 1491 651 1525; x_wconf 92' lang='lat' dir='ltr'>de</span> <span class='ocrx_word' id='word_1_112' title='bbox 675 1491 711 1525; x_wconf 90' lang='lat' dir='ltr'>S.</span> <span class='ocrx_word' id='word_1_113' title='bbox 734 1491 901 1534; x_wconf 74' lang='lat' dir='ltr'>Joseph,</span> <span class='ocrx_word' id='word_1_114' title='bbox 926 1491 973 1525; x_wconf 90' lang='lat' dir='ltr'>de</span> 
     </span>
     <span class='ocr_line' id='line_1_24' title="bbox 140 1538 973 1582; baseline 0 -10"><span class='ocrx_word' id='word_1_115' title='bbox 140 1538 365 1582; x_wconf 88' lang='lat' dir='ltr'>Apostolis,</span> <span class='ocrx_word' id='word_1_116' title='bbox 396 1543 434 1573; x_wconf 90' lang='lat' dir='ltr'>et</span> <span class='ocrx_word' id='word_1_117' title='bbox 457 1539 504 1573; x_wconf 92' lang='lat' dir='ltr'>de</span> <span class='ocrx_word' id='word_1_118' title='bbox 526 1539 698 1574; x_wconf 79' lang='lat' dir='ltr'>Patrono</span> <span class='ocrx_word' id='word_1_119' title='bbox 722 1540 909 1573; x_wconf 84' lang='lat' dir='ltr'>Ecclesiae</span> <span class='ocrx_word' id='word_1_120' title='bbox 934 1540 973 1572; x_wconf 90' lang='lat' dir='ltr'>in</span> 
     </span>
     <span class='ocr_line' id='line_1_25' title="bbox 141 1587 973 1622; baseline 0 -1"><span class='ocrx_word' id='word_1_121' title='bbox 141 1587 278 1621; x_wconf 85' lang='lat' dir='ltr'>ordine</span> <span class='ocrx_word' id='word_1_122' title='bbox 297 1587 461 1621; x_wconf 89' lang='lat' dir='ltr'>aliarum</span> <span class='ocrx_word' id='word_1_123' title='bbox 475 1587 620 1622; x_wconf 91' lang='lat' dir='ltr'>Comm.</span> <span class='ocrx_word' id='word_1_124' title='bbox 638 1588 852 1622; x_wconf 84' lang='lat' dir='ltr'>secundum</span> <span class='ocrx_word' id='word_1_125' title='bbox 868 1588 973 1621; x_wconf 82' lang='lat' dir='ltr'>illius</span> 
     </span>
     <span class='ocr_line' id='line_1_26' title="bbox 141 1634 974 1678; baseline 0.002 -10"><span class='ocrx_word' id='word_1_126' title='bbox 141 1634 385 1678; x_wconf 84' lang='lat' dir='ltr'>dignitatem,</span> <span class='ocrx_word' id='word_1_127' title='bbox 412 1640 448 1670; x_wconf 91' lang='lat' dir='ltr'>et</span> <span class='ocrx_word' id='word_1_128' title='bbox 464 1636 601 1670; x_wconf 86' lang='lat' dir='ltr'>ultimo</span> <span class='ocrx_word' id='word_1_129' title='bbox 619 1636 707 1670; x_wconf 87' lang='lat' dir='ltr'>loco</span> <span class='ocrx_word' id='word_1_130' title='bbox 726 1636 773 1670; x_wconf 87' lang='lat' dir='ltr'>de</span> <span class='ocrx_word' id='word_1_131' title='bbox 790 1635 908 1678; x_wconf 83' lang='lat' dir='ltr'>Pace,</span> <span class='ocrx_word' id='word_1_132' title='bbox 933 1639 974 1670; x_wconf 83' lang='lat' dir='ltr'>ut</span> 
     </span>
     <span class='ocr_line' id='line_1_27' title="bbox 141 1682 620 1727; baseline 0.004 -11"><span class='ocrx_word' id='word_1_133' title='bbox 141 1682 241 1718; x_wconf 87' lang='lat' dir='ltr'>infra</span> <span class='ocrx_word' id='word_1_134' title='bbox 257 1683 298 1717; x_wconf 92' lang='lat' dir='ltr'>in</span> <span class='ocrx_word' id='word_1_135' title='bbox 312 1684 430 1727; x_wconf 89' lang='lat' dir='ltr'>Vesp.</span> <span class='ocrx_word' id='word_1_136' title='bbox 449 1683 620 1718; x_wconf 86' lang='lat' dir='ltr'>Sabbati.</span> 
     </span>
    </p>

    <p class='ocr_par' dir='ltr' id='par_1_9' title="bbox 141 1731 974 1878">
     <span class='ocr_line' id='line_1_28' title="bbox 191 1731 972 1774; baseline 0 -9"><span class='ocrx_word' id='word_1_137' title='bbox 191 1731 238 1765; x_wconf 93' lang='lat' dir='ltr'>In</span> <span class='ocrx_word' id='word_1_138' title='bbox 252 1731 344 1774; x_wconf 90' lang='lat' dir='ltr'>fine,</span> <span class='ocrx_word' id='word_1_139' title='bbox 370 1732 404 1766; x_wconf 90' lang='lat' dir='ltr'>si</span> <span class='ocrx_word' id='word_1_140' title='bbox 427 1731 707 1767; x_wconf 89' lang='lat' dir='ltr'>discedendum</span> <span class='ocrx_word' id='word_1_141' title='bbox 724 1731 774 1765; x_wconf 88' lang='lat' dir='ltr'>sit</span> <span class='ocrx_word' id='word_1_142' title='bbox 791 1741 814 1765; x_wconf 91' lang='lat' dir='ltr'>a</span> <span class='ocrx_word' id='word_1_143' title='bbox 831 1731 972 1773; x_wconf 77' lang='lat' dir='ltr'>Choro,</span> 
     </span>
     <span class='ocr_line' id='line_1_29' title="bbox 141 1778 974 1824; baseline -0.001 -11"><span class='ocrx_word' id='word_1_144' title='bbox 141 1778 214 1814; x_wconf 89' lang='lat' dir='ltr'>dic.</span> <span class='ocrx_word' id='word_1_145' title='bbox 257 1779 347 1814; x_wconf 90' lang='lat' dir='ltr'>Ant.</span> <span class='ocrx_word' id='word_1_146' title='bbox 383 1779 500 1815; x_wconf 85' lang='lat' dir='ltr'>Salve</span> <span class='ocrx_word' id='word_1_147' title='bbox 535 1779 693 1824; x_wconf 88' lang='lat' dir='ltr'>Regina.</span> <span class='ocrx_word' id='word_1_148' title='bbox 735 1783 776 1813; x_wconf 93' lang='lat' dir='ltr'>ut</span> <span class='ocrx_word' id='word_1_149' title='bbox 810 1779 974 1821; x_wconf 87' lang='lat' dir='ltr'>habetur</span> 
     </span>
     <span class='ocr_line' id='line_1_30' title="bbox 141 1827 683 1878; baseline 0.004 -17"><span class='ocrx_word' id='word_1_150' title='bbox 141 1827 242 1862; x_wconf 88' lang='lat' dir='ltr'>infra</span> <span class='ocrx_word' id='word_1_151' title='bbox 258 1832 349 1878; x_wconf 86' lang='lat' dir='ltr'>post</span> <span class='ocrx_word' id='word_1_152' title='bbox 366 1827 683 1871; x_wconf 89' lang='lat' dir='ltr'>Completorium.</span> 
     </span>
    </p>
   </div>
   <div class='ocr_carea' id='block_1_5' title="bbox 400 1904 714 1931">
    <p class='ocr_par' dir='ltr' id='par_1_10' title="bbox 400 1904 714 1931">
     <span class='ocr_line' id='line_1_31' title="bbox 400 1904 714 1931; baseline -0.01 -10"><span class='ocrx_word' id='word_1_153' title='bbox 400 1904 612 1931; x_wconf 42' lang='grc' dir='ltr'><strong>*φῶ-ο</strong></span> <span class='ocrx_word' id='word_1_154' title='bbox 622 1916 714 1918; x_wconf 34' lang='grc' dir='ltr'>--Μῃ</span> 
     </span>
    </p>
   </div>
   <div class='ocr_carea' id='block_1_6' title="bbox 231 1998 893 2049">
    <p class='ocr_par' dir='ltr' id='par_1_11' title="bbox 231 1998 893 2049">
     <span class='ocr_line' id='line_1_32' title="bbox 231 1998 893 2049; baseline -0.005 0"><span class='ocrx_word' id='word_1_155' title='bbox 231 1999 508 2049; x_wconf 81' lang='lat' dir='ltr'>Dominiea</span> <span class='ocrx_word' id='word_1_156' title='bbox 541 1998 611 2049; x_wconf 87' lang='lat' dir='ltr'>ad</span> <span class='ocrx_word' id='word_1_157' title='bbox 641 1998 893 2047; x_wconf 88' lang='lat' dir='ltr'>Primam.</span> 
     </span>
    </p>
   </div>
   <div class='ocr_carea' id='block_1_7' title="bbox 142 2084 976 2198">
    <p class='ocr_par' dir='ltr' id='par_1_12' title="bbox 142 2084 976 2198">
     <span class='ocr_line' id='line_1_33' title="bbox 197 2084 976 2127; baseline -0.001 -1"><span class='ocrx_word' id='word_1_158' title='bbox 197 2086 328 2127; x_wconf 87' lang='lat' dir='ltr'>Pater</span> <span class='ocrx_word' id='word_1_159' title='bbox 346 2090 507 2127; x_wconf 88' lang='lat' dir='ltr'>noster.</span> <span class='ocrx_word' id='word_1_160' title='bbox 542 2089 632 2127; x_wconf 89' lang='lat' dir='ltr'>Ave</span> <span class='ocrx_word' id='word_1_161' title='bbox 646 2085 795 2126; x_wconf 90' lang='lat' dir='ltr'>Maria.</span> <span class='ocrx_word' id='word_1_162' title='bbox 821 2084 976 2127; x_wconf 90' lang='lat' dir='ltr'>Credo.</span> 
     </span>
     <span class='ocr_line' id='line_1_34' title="bbox 142 2139 776 2198; baseline 0.002 -13"><span class='ocrx_word' id='word_1_163' title='bbox 142 2139 192 2192; x_wconf 67' lang='lat' dir='ltr'>V.</span> <span class='ocrx_word' id='word_1_164' title='bbox 212 2146 335 2188; x_wconf 90' lang='lat' dir='ltr'>Deus</span> <span class='ocrx_word' id='word_1_165' title='bbox 353 2146 398 2187; x_wconf 92' lang='lat' dir='ltr'>in</span> <span class='ocrx_word' id='word_1_166' title='bbox 417 2146 691 2198; x_wconf 78' lang='lat' dir='ltr'>adjuterium.</span> <span class='ocrx_word' id='word_1_167' title='bbox 717 2146 776 2186; x_wconf 89' lang='lat'>15.</span> 
     </span>
    </p>
   </div>
   <div class='ocr_carea' id='block_1_8' title="bbox 453 2227 666 2278">
    <p class='ocr_par' dir='ltr' id='par_1_13' title="bbox 453 2227 666 2278">
     <span class='ocr_line' id='line_1_35' title="bbox 453 2227 666 2278; baseline -0.005 -11"><span class='ocrx_word' id='word_1_168' title='bbox 453 2227 666 2278; x_wconf 82' lang='lat' dir='ltr'>Hymnus.</span> 
     </span>
    </p>
   </div>
   <div class='ocr_carea' id='block_1_9' title="bbox 199 2292 939 2636">
    <p class='ocr_par' dir='ltr' id='par_1_14' title="bbox 199 2292 939 2636">
     <span class='ocr_line' id='line_1_36' title="bbox 268 2292 752 2334; baseline 0.002 -1"><span class='ocrx_word' id='word_1_169' title='bbox 268 2305 340 2333; x_wconf 88' lang='lat' dir='ltr'>am</span> <span class='ocrx_word' id='word_1_170' title='bbox 358 2293 468 2334; x_wconf 88' lang='lat' dir='ltr'>lucis</span> <span class='ocrx_word' id='word_1_171' title='bbox 487 2298 586 2334; x_wconf 89' lang='lat' dir='ltr'>orto</span> <span class='ocrx_word' id='word_1_172' title='bbox 606 2292 752 2334; x_wconf 86' lang='lat' dir='ltr'>sidere</span> 
     </span>
     <span class='ocr_line' id='line_1_37' title="bbox 291 2348 939 2402; baseline -0.003 -11"><span class='ocrx_word' id='word_1_173' title='bbox 291 2350 436 2391; x_wconf 92' lang='lat' dir='ltr'>Deum</span> <span class='ocrx_word' id='word_1_174' title='bbox 454 2351 686 2402; x_wconf 80' lang='lat' dir='ltr'>precemur</span> <span class='ocrx_word' id='word_1_175' title='bbox 706 2348 939 2401; x_wconf 77' lang='lat' dir='ltr'>supplices,</span> 
     </span>
     <span class='ocr_line' id='line_1_38' title="bbox 247 2405 742 2447; baseline -0.002 0"><span class='ocrx_word' id='word_1_176' title='bbox 247 2405 306 2447; x_wconf 85' lang='lat' dir='ltr'>Ut</span> <span class='ocrx_word' id='word_1_177' title='bbox 323 2406 368 2446; x_wconf 91' lang='lat' dir='ltr'>in</span> <span class='ocrx_word' id='word_1_178' title='bbox 386 2405 552 2447; x_wconf 89' lang='lat' dir='ltr'>diurnis</span> <span class='ocrx_word' id='word_1_179' title='bbox 572 2405 742 2446; x_wconf 81' lang='lat' dir='ltr'>actibus</span> 
     </span>
     <span class='ocr_line' id='line_1_39' title="bbox 246 2461 842 2504; baseline -0.003 -1"><span class='ocrx_word' id='word_1_180' title='bbox 246 2461 342 2503; x_wconf 90' lang='lat' dir='ltr'>Nos</span> <span class='ocrx_word' id='word_1_181' title='bbox 362 2467 509 2504; x_wconf 87' lang='lat' dir='ltr'>servet</span> <span class='ocrx_word' id='word_1_182' title='bbox 528 2475 554 2503; x_wconf 87' lang='lat' dir='ltr'>a</span> <span class='ocrx_word' id='word_1_183' title='bbox 571 2461 842 2503; x_wconf 81' lang='lat' dir='ltr'>nocentibus.</span> 
     </span>
     <span class='ocr_line' id='line_1_40' title="bbox 199 2538 920 2590; baseline -0.001 -11"><span class='ocrx_word' id='word_1_184' title='bbox 199 2538 417 2589; x_wconf 86' lang='lat' dir='ltr'>Linguam</span> <span class='ocrx_word' id='word_1_185' title='bbox 436 2538 674 2580; x_wconf 80' lang='lat' dir='ltr'>refraenans</span> <span class='ocrx_word' id='word_1_186' title='bbox 693 2539 920 2590; x_wconf 82' lang='lat' dir='ltr'>temperet,</span> 
     </span>
     <span class='ocr_line' id='line_1_41' title="bbox 247 2595 803 2636; baseline -0.005 0"><span class='ocrx_word' id='word_1_187' title='bbox 247 2595 316 2636; x_wconf 91' lang='lat' dir='ltr'>Ne</span> <span class='ocrx_word' id='word_1_188' title='bbox 334 2595 422 2636; x_wconf 90' lang='lat' dir='ltr'>litis</span> <span class='ocrx_word' id='word_1_189' title='bbox 441 2595 599 2636; x_wconf 90' lang='lat' dir='ltr'>horror</span> <span class='ocrx_word' id='word_1_190' title='bbox 617 2597 803 2635; x_wconf 84' lang='lat' dir='ltr'>insonet:</span> 
     </span>
    </p>
   </div>
   <div class='ocr_carea' id='block_1_10' title="bbox 246 2650 854 2748">
    <p class='ocr_par' dir='ltr' id='par_1_15' title="bbox 246 2650 854 2748">
     <span class='ocr_line' id='line_1_42' title="bbox 248 2650 854 2700; baseline -0.002 -9"><span class='ocrx_word' id='word_1_191' title='bbox 248 2651 406 2692; x_wconf 86' lang='lat' dir='ltr'>Visum</span> <span class='ocrx_word' id='word_1_192' title='bbox 425 2650 616 2692; x_wconf 87' lang='lat' dir='ltr'>fovendo</span> <span class='ocrx_word' id='word_1_193' title='bbox 637 2652 854 2700; x_wconf 81' lang='lat' dir='ltr'>contegat,</span> 
     </span>
     <span class='ocr_line' id='line_1_43' title="bbox 246 2706 754 2748; baseline -0.004 0"><span class='ocrx_word' id='word_1_194' title='bbox 246 2706 316 2748; x_wconf 89' lang='lat' dir='ltr'>Ne</span> <span class='ocrx_word' id='word_1_195' title='bbox 334 2707 550 2748; x_wconf 80' lang='lat' dir='ltr'>vanitates</span> <span class='ocrx_word' id='word_1_196' title='bbox 569 2706 754 2747; x_wconf 80' lang='lat' dir='ltr'>hauriat.</span> 
     </span>
    </p>
   </div>
   <div class='ocr_carea' id='block_1_11' title="bbox 1088 279 1694 503">
    <p class='ocr_par' dir='ltr' id='par_1_16' title="bbox 1088 279 1694 503">
     <span class='ocr_line' id='line_1_44' title="bbox 1088 279 1654 332; baseline 0.007 -13"><span class='ocrx_word' id='word_1_197' title='bbox 1088 279 1183 320; x_wconf 88' lang='lat' dir='ltr'>Sint</span> <span class='ocrx_word' id='word_1_198' title='bbox 1196 294 1307 332; x_wconf 91' lang='lat' dir='ltr'>pura</span> <span class='ocrx_word' id='word_1_199' title='bbox 1326 282 1473 323; x_wconf 87' lang='lat' dir='ltr'>cordis</span> <span class='ocrx_word' id='word_1_200' title='bbox 1493 282 1654 331; x_wconf 85' lang='lat' dir='ltr'>intima,</span> 
     </span>
     <span class='ocr_line' id='line_1_45' title="bbox 1134 336 1638 379; baseline 0.006 -3"><span class='ocrx_word' id='word_1_201' title='bbox 1134 336 1335 378; x_wconf 88' lang='lat' dir='ltr'>Absistat</span> <span class='ocrx_word' id='word_1_202' title='bbox 1355 342 1398 379; x_wconf 86' lang='lat' dir='ltr'>et</span> <span class='ocrx_word' id='word_1_203' title='bbox 1418 338 1638 379; x_wconf 83' lang='lat' dir='ltr'>vecordia:</span> 
     </span>
     <span class='ocr_line' id='line_1_46' title="bbox 1138 393 1694 447; baseline 0.007 -15"><span class='ocrx_word' id='word_1_204' title='bbox 1138 393 1290 433; x_wconf 90' lang='lat' dir='ltr'>Carnis</span> <span class='ocrx_word' id='word_1_205' title='bbox 1309 398 1423 435; x_wconf 87' lang='lat' dir='ltr'>terat</span> <span class='ocrx_word' id='word_1_206' title='bbox 1442 394 1694 447; x_wconf 78' lang='lat' dir='ltr'>superbiam</span> 
     </span>
     <span class='ocr_line' id='line_1_47' title="bbox 1134 449 1687 503; baseline 0.005 -14"><span class='ocrx_word' id='word_1_207' title='bbox 1134 449 1271 490; x_wconf 90' lang='lat' dir='ltr'>Potus</span> <span class='ocrx_word' id='word_1_208' title='bbox 1292 449 1463 502; x_wconf 85' lang='lat' dir='ltr'>cibique</span> <span class='ocrx_word' id='word_1_209' title='bbox 1483 451 1687 503; x_wconf 80' lang='lat' dir='ltr'>parcitas.</span> 
     </span>
    </p>
   </div>
   <div class='ocr_carea' id='block_1_12' title="bbox 1088 523 1825 1032">
    <p class='ocr_par' dir='ltr' id='par_1_17' title="bbox 1088 523 1782 631">
     <span class='ocr_line' id='line_1_48' title="bbox 1088 523 1670 574; baseline 0.007 -12"><span class='ocrx_word' id='word_1_210' title='bbox 1088 523 1143 563; x_wconf 81' lang='lat' dir='ltr'>Ut</span> <span class='ocrx_word' id='word_1_211' title='bbox 1162 535 1261 563; x_wconf 89' lang='lat' dir='ltr'>cum</span> <span class='ocrx_word' id='word_1_212' title='bbox 1283 523 1376 564; x_wconf 92' lang='lat' dir='ltr'>dies</span> <span class='ocrx_word' id='word_1_213' title='bbox 1397 524 1670 574; x_wconf 84' lang='lat' dir='ltr'>abscesserit,</span> 
     </span>
     <span class='ocr_line' id='line_1_49' title="bbox 1134 578 1782 631; baseline 0.005 -12"><span class='ocrx_word' id='word_1_214' title='bbox 1134 578 1412 631; x_wconf 88' lang='lat' dir='ltr'>Noctemque</span> <span class='ocrx_word' id='word_1_215' title='bbox 1432 593 1528 621; x_wconf 86' lang='lat' dir='ltr'>sors</span> <span class='ocrx_word' id='word_1_216' title='bbox 1548 581 1782 630; x_wconf 83' lang='lat' dir='ltr'>reduxerit,</span> 
     </span>
    </p>

    <p class='ocr_par' dir='ltr' id='par_1_18' title="bbox 1100 634 1713 743">
     <span class='ocr_line' id='line_1_50' title="bbox 1100 634 1713 688; baseline 0.005 -13"><span class='ocrx_word' id='word_1_217' title='bbox 1100 640 1102 642; x_wconf 74' lang='grc'><strong><em>’</em></strong></span> <span class='ocrx_word' id='word_1_218' title='bbox 1136 634 1287 676; x_wconf 91' lang='lat' dir='ltr'>Mundi</span> <span class='ocrx_word' id='word_1_219' title='bbox 1307 648 1386 688; x_wconf 93' lang='lat' dir='ltr'>per</span> <span class='ocrx_word' id='word_1_220' title='bbox 1407 635 1713 678; x_wconf 85' lang='lat' dir='ltr'>abstinentiam</span> 
     </span>
     <span class='ocr_line' id='line_1_51' title="bbox 1134 691 1666 743; baseline 0.006 -12"><span class='ocrx_word' id='word_1_221' title='bbox 1134 691 1226 743; x_wconf 89' lang='lat' dir='ltr'>Ipsi</span> <span class='ocrx_word' id='word_1_222' title='bbox 1246 693 1453 732; x_wconf 79' lang='lat' dir='ltr'>canamus</span> <span class='ocrx_word' id='word_1_223' title='bbox 1472 692 1666 743; x_wconf 79' lang='lat' dir='ltr'>gleriam.</span> 
     </span>
    </p>

    <p class='ocr_par' dir='ltr' id='par_1_19' title="bbox 1091 765 1825 987">
     <span class='ocr_line' id='line_1_52' title="bbox 1091 765 1562 816; baseline 0.004 -12"><span class='ocrx_word' id='word_1_224' title='bbox 1091 765 1182 806; x_wconf 87' lang='lat' dir='ltr'>Deo</span> <span class='ocrx_word' id='word_1_225' title='bbox 1199 765 1319 806; x_wconf 87' lang='lat' dir='ltr'>Patri</span> <span class='ocrx_word' id='word_1_226' title='bbox 1339 765 1395 807; x_wconf 89' lang='lat' dir='ltr'>sit</span> <span class='ocrx_word' id='word_1_227' title='bbox 1413 765 1562 816; x_wconf 72' lang='lat' dir='ltr'>glOria,</span> 
     </span>
     <span class='ocr_line' id='line_1_53' title="bbox 1135 821 1571 874; baseline 0 -12"><span class='ocrx_word' id='word_1_228' title='bbox 1135 822 1329 874; x_wconf 78' lang='lat' dir='ltr'>Eiusque</span> <span class='ocrx_word' id='word_1_229' title='bbox 1348 821 1431 863; x_wconf 89' lang='lat' dir='ltr'>soli</span> <span class='ocrx_word' id='word_1_230' title='bbox 1450 822 1571 871; x_wconf 87' lang='lat' dir='ltr'>Filio,</span> 
     </span>
     <span class='ocr_line' id='line_1_54' title="bbox 1137 878 1678 930; baseline 0.004 -12"><span class='ocrx_word' id='word_1_231' title='bbox 1137 878 1246 918; x_wconf 89' lang='lat' dir='ltr'>Cum</span> <span class='ocrx_word' id='word_1_232' title='bbox 1265 878 1429 930; x_wconf 87' lang='lat' dir='ltr'>Spiritu</span> <span class='ocrx_word' id='word_1_233' title='bbox 1448 878 1678 928; x_wconf 73' lang='lat' dir='ltr'>ParaclitQ</span> 
     </span>
     <span class='ocr_line' id='line_1_55' title="bbox 1134 933 1825 987; baseline 0.001 -12"><span class='ocrx_word' id='word_1_234' title='bbox 1134 933 1273 983; x_wconf 86' lang='lat' dir='ltr'>Nunc,</span> <span class='ocrx_word' id='word_1_235' title='bbox 1295 939 1338 976; x_wconf 90' lang='lat' dir='ltr'>et</span> <span class='ocrx_word' id='word_1_236' title='bbox 1355 947 1436 987; x_wconf 93' lang='lat' dir='ltr'>per</span> <span class='ocrx_word' id='word_1_237' title='bbox 1456 947 1585 976; x_wconf 90' lang='lat' dir='ltr'>omne</span> <span class='ocrx_word' id='word_1_238' title='bbox 1606 935 1825 976; x_wconf 80' lang='lat' dir='ltr'>saeculum.</span> 
     </span>
    </p>

    <p class='ocr_par' dir='ltr' id='par_1_20' title="bbox 1290 991 1442 1032">
     <span class='ocr_line' id='line_1_56' title="bbox 1290 991 1442 1032; baseline 0 -1"><span class='ocrx_word' id='word_1_239' title='bbox 1290 991 1442 1032; x_wconf 91' lang='lat' dir='ltr'>Amen.</span> 
     </span>
    </p>
   </div>
   <div class='ocr_carea' id='block_1_13' title="bbox 1032 1057 1856 1167">
    <p class='ocr_par' dir='ltr' id='par_1_21' title="bbox 1032 1057 1856 1167">
     <span class='ocr_line' id='line_1_57' title="bbox 1080 1057 1856 1108; baseline -0.008 -9"><span class='ocrx_word' id='word_1_240' title='bbox 1080 1060 1131 1099; x_wconf 82' lang='lat' dir='ltr'>In</span> <span class='ocrx_word' id='word_1_241' title='bbox 1158 1057 1398 1098; x_wconf 83' lang='lat' dir='ltr'>Dominicis</span> <span class='ocrx_word' id='word_1_242' title='bbox 1428 1069 1507 1108; x_wconf 87' lang='lat' dir='ltr'>per</span> <span class='ocrx_word' id='word_1_243' title='bbox 1532 1057 1716 1095; x_wconf 75' lang='lat' dir='ltr'>Annum.</span> <span class='ocrx_word' id='word_1_244' title='bbox 1760 1058 1856 1095; x_wconf 70' lang='lat' dir='ltr'>Ant.</span> 
     </span>
     <span class='ocr_line' id='line_1_58' title="bbox 1032 1114 1227 1167; baseline 0.005 -12"><span class='ocrx_word' id='word_1_245' title='bbox 1032 1114 1227 1167; x_wconf 78' lang='lat' dir='ltr'>Alleluia.</span> 
     </span>
    </p>
   </div>
   <div class='ocr_carea' id='block_1_14' title="bbox 1035 1175 1857 1301">
    <p class='ocr_par' dir='ltr' id='par_1_22' title="bbox 1035 1175 1857 1301">
     <span class='ocr_line' id='line_1_59' title="bbox 1303 1175 1585 1215; baseline -0.011 0"><span class='ocrx_word' id='word_1_246' title='bbox 1303 1176 1498 1215; x_wconf 78' lang='lat' dir='ltr'>l’salmus</span> <span class='ocrx_word' id='word_1_247' title='bbox 1520 1175 1585 1213; x_wconf 75' lang='lat'>53.</span> 
     </span>
     <span class='ocr_line' id='line_1_60' title="bbox 1035 1232 1857 1301; baseline 0.004 -29"><span class='ocrx_word' id='word_1_248' title='bbox 1035 1241 1055 1242; x_wconf 42' lang='lat'>⁷*</span> <span class='ocrx_word' id='word_1_249' title='bbox 1065 1246 1154 1301; x_wconf 31' lang='grc' dir='ltr'>,χ</span> <span class='ocrx_word' id='word_1_250' title='bbox 1162 1244 1238 1273; x_wconf 86' lang='lat' dir='ltr'>eus</span> <span class='ocrx_word' id='word_1_251' title='bbox 1258 1232 1301 1272; x_wconf 93' lang='lat' dir='ltr'>in</span> <span class='ocrx_word' id='word_1_252' title='bbox 1320 1233 1495 1274; x_wconf 76' lang='lat' dir='ltr'>nemine</span> <span class='ocrx_word' id='word_1_253' title='bbox 1509 1237 1585 1274; x_wconf 87' lang='lat' dir='ltr'>tuo</span> <span class='ocrx_word' id='word_1_254' title='bbox 1604 1233 1772 1274; x_wconf 82' lang='lat' dir='ltr'>salvum</span> <span class='ocrx_word' id='word_1_255' title='bbox 1787 1247 1857 1275; x_wconf 88' lang='lat' dir='ltr'>me</span> 
     </span>
    </p>
   </div>
   <div class='ocr_carea' id='block_1_15' title="bbox 1026 1285 1859 2353">
    <p class='ocr_par' dir='ltr' id='par_1_23' title="bbox 1041 1285 1856 1386">
     <span class='ocr_line' id='line_1_61' title="bbox 1041 1285 1856 1341; baseline 0 -11"><span class='ocrx_word' id='word_1_256' title='bbox 1041 1298 1043 1337; x_wconf 79' lang='grc' dir='ltr'><strong><em>ζ</em></strong></span> <span class='ocrx_word' id='word_1_257' title='bbox 1065 1285 1148 1339; x_wconf 47' lang='lat' dir='ltr'>{siff-{J</span> <span class='ocrx_word' id='word_1_258' title='bbox 1178 1288 1260 1329; x_wconf 88' lang='lat' dir='ltr'>fac:</span> <span class='ocrx_word' id='word_1_259' title='bbox 1279 1289 1302 1314; x_wconf 86' lang='lat'>*</span> <span class='ocrx_word' id='word_1_260' title='bbox 1323 1293 1367 1330; x_wconf 86' lang='lat' dir='ltr'>et</span> <span class='ocrx_word' id='word_1_261' title='bbox 1394 1289 1437 1329; x_wconf 95' lang='lat' dir='ltr'>in</span> <span class='ocrx_word' id='word_1_262' title='bbox 1462 1289 1622 1331; x_wconf 89' lang='lat' dir='ltr'>virtute</span> <span class='ocrx_word' id='word_1_263' title='bbox 1650 1294 1725 1331; x_wconf 87' lang='lat' dir='ltr'>tua</span> <span class='ocrx_word' id='word_1_264' title='bbox 1751 1289 1856 1341; x_wconf 90' lang='lat' dir='ltr'>judi-</span> 
     </span>
     <span class='ocr_line' id='line_1_62' title="bbox 1041 1340 1327 1386; baseline 0 -1"><span class='ocrx_word' id='word_1_265' title='bbox 1041 1349 1042 1355; x_wconf 77' lang='grc'>’</span> <span class='ocrx_word' id='word_1_266' title='bbox 1065 1340 1151 1374; x_wconf 41' lang='lat' dir='ltr'>fill-&#39;⁴¹³³</span> <span class='ocrx_word' id='word_1_267' title='bbox 1178 1357 1228 1385; x_wconf 88' lang='lat' dir='ltr'>ca</span> <span class='ocrx_word' id='word_1_268' title='bbox 1247 1358 1327 1386; x_wconf 92' lang='lat' dir='ltr'>me.</span> 
     </span>
    </p>

    <p class='ocr_par' dir='ltr' id='par_1_24' title="bbox 1027 1400 1856 1510">
     <span class='ocr_line' id='line_1_63' title="bbox 1078 1400 1856 1443; baseline 0.001 -2"><span class='ocrx_word' id='word_1_269' title='bbox 1078 1401 1200 1441; x_wconf 91' lang='lat' dir='ltr'>Deus</span> <span class='ocrx_word' id='word_1_270' title='bbox 1221 1400 1380 1442; x_wconf 87' lang='lat' dir='ltr'>exaudi</span> <span class='ocrx_word' id='word_1_271' title='bbox 1399 1402 1642 1443; x_wconf 80' lang='lat' dir='ltr'>oratienem</span> <span class='ocrx_word' id='word_1_272' title='bbox 1661 1414 1819 1443; x_wconf 90' lang='lat' dir='ltr'>meam:</span> <span class='ocrx_word' id='word_1_273' title='bbox 1833 1403 1856 1427; x_wconf 88' lang='lat'>*</span> 
     </span>
     <span class='ocr_line' id='line_1_64' title="bbox 1027 1456 1782 1510; baseline 0.001 -13"><span class='ocrx_word' id='word_1_274' title='bbox 1027 1456 1205 1498; x_wconf 87' lang='lat' dir='ltr'>auribus</span> <span class='ocrx_word' id='word_1_275' title='bbox 1226 1458 1405 1510; x_wconf 87' lang='lat' dir='ltr'>percipe</span> <span class='ocrx_word' id='word_1_276' title='bbox 1424 1458 1560 1499; x_wconf 89' lang='lat' dir='ltr'>verba</span> <span class='ocrx_word' id='word_1_277' title='bbox 1579 1458 1667 1499; x_wconf 88' lang='lat' dir='ltr'>oris</span> <span class='ocrx_word' id='word_1_278' title='bbox 1686 1458 1782 1499; x_wconf 90' lang='lat' dir='ltr'>mei.</span> 
     </span>
    </p>

    <p class='ocr_par' dir='ltr' id='par_1_25' title="bbox 1026 1514 1858 1735">
     <span class='ocr_line' id='line_1_65' title="bbox 1080 1514 1858 1563; baseline 0.003 -10"><span class='ocrx_word' id='word_1_279' title='bbox 1080 1514 1296 1563; x_wconf 79' lang='lat' dir='ltr'>Queniam</span> <span class='ocrx_word' id='word_1_280' title='bbox 1350 1514 1477 1555; x_wconf 91' lang='lat' dir='ltr'>alieni</span> <span class='ocrx_word' id='word_1_281' title='bbox 1530 1514 1858 1555; x_wconf 86' lang='lat' dir='ltr'>insurrexerunt</span> 
     </span>
     <span class='ocr_line' id='line_1_66' title="bbox 1027 1569 1858 1622; baseline 0.001 -12"><span class='ocrx_word' id='word_1_282' title='bbox 1027 1569 1262 1611; x_wconf 85' lang='lat' dir='ltr'>adversum</span> <span class='ocrx_word' id='word_1_283' title='bbox 1280 1583 1361 1619; x_wconf 88' lang='lat' dir='ltr'>me,</span> <span class='ocrx_word' id='word_1_284' title='bbox 1381 1575 1425 1611; x_wconf 93' lang='lat' dir='ltr'>et</span> <span class='ocrx_word' id='word_1_285' title='bbox 1439 1571 1575 1612; x_wconf 88' lang='lat' dir='ltr'>fortes</span> <span class='ocrx_word' id='word_1_286' title='bbox 1593 1571 1858 1622; x_wconf 81' lang='lat' dir='ltr'>quaesierunt</span> 
     </span>
     <span class='ocr_line' id='line_1_67' title="bbox 1028 1626 1856 1679; baseline 0.001 -13"><span class='ocrx_word' id='word_1_287' title='bbox 1028 1626 1217 1666; x_wconf 84' lang='lat' dir='ltr'>animam</span> <span class='ocrx_word' id='word_1_288' title='bbox 1236 1639 1393 1668; x_wconf 90' lang='lat' dir='ltr'>meam:</span> <span class='ocrx_word' id='word_1_289' title='bbox 1408 1627 1431 1651; x_wconf 93' lang='lat'>*</span> <span class='ocrx_word' id='word_1_290' title='bbox 1448 1631 1492 1668; x_wconf 87' lang='lat' dir='ltr'>et</span> <span class='ocrx_word' id='word_1_291' title='bbox 1511 1639 1598 1667; x_wconf 94' lang='lat' dir='ltr'>non</span> <span class='ocrx_word' id='word_1_292' title='bbox 1616 1628 1856 1679; x_wconf 88' lang='lat' dir='ltr'>proposue-</span> 
     </span>
     <span class='ocr_line' id='line_1_68' title="bbox 1026 1683 1856 1735; baseline 0 -13"><span class='ocrx_word' id='word_1_293' title='bbox 1026 1687 1127 1723; x_wconf 92' lang='lat' dir='ltr'>runt</span> <span class='ocrx_word' id='word_1_294' title='bbox 1142 1683 1286 1723; x_wconf 93' lang='lat' dir='ltr'>Deum</span> <span class='ocrx_word' id='word_1_295' title='bbox 1301 1688 1401 1724; x_wconf 87' lang='lat' dir='ltr'>ante</span> <span class='ocrx_word' id='word_1_296' title='bbox 1418 1684 1703 1735; x_wconf 88' lang='lat' dir='ltr'>conspectum</span> <span class='ocrx_word' id='word_1_297' title='bbox 1720 1696 1856 1723; x_wconf 91' lang='lat' dir='ltr'>suum.</span> 
     </span>
    </p>

    <p class='ocr_par' dir='ltr' id='par_1_26' title="bbox 1026 1738 1858 1892">
     <span class='ocr_line' id='line_1_69' title="bbox 1078 1738 1858 1790; baseline -0.001 -11"><span class='ocrx_word' id='word_1_298' title='bbox 1078 1739 1194 1779; x_wconf 88' lang='lat' dir='ltr'>Ecce</span> <span class='ocrx_word' id='word_1_299' title='bbox 1223 1739 1337 1779; x_wconf 94' lang='lat' dir='ltr'>enim</span> <span class='ocrx_word' id='word_1_300' title='bbox 1364 1739 1486 1779; x_wconf 91' lang='lat' dir='ltr'>Deus</span> <span class='ocrx_word' id='word_1_301' title='bbox 1515 1738 1691 1790; x_wconf 61' lang='lat' dir='ltr'>adjuvat</span> <span class='ocrx_word' id='word_1_302' title='bbox 1717 1752 1802 1780; x_wconf 92' lang='lat' dir='ltr'>me:</span> <span class='ocrx_word' id='word_1_303' title='bbox 1834 1739 1858 1763; x_wconf 87' lang='lat'>*</span> 
     </span>
     <span class='ocr_line' id='line_1_70' title="bbox 1028 1795 1857 1847; baseline -0.001 -11"><span class='ocrx_word' id='word_1_304' title='bbox 1028 1800 1072 1836; x_wconf 89' lang='lat' dir='ltr'>et</span> <span class='ocrx_word' id='word_1_305' title='bbox 1100 1795 1316 1836; x_wconf 79' lang='lat' dir='ltr'>Deminus</span> <span class='ocrx_word' id='word_1_306' title='bbox 1345 1796 1576 1847; x_wconf 88' lang='lat' dir='ltr'>susceptor</span> <span class='ocrx_word' id='word_1_307' title='bbox 1605 1799 1673 1836; x_wconf 89' lang='lat' dir='ltr'>est</span> <span class='ocrx_word' id='word_1_308' title='bbox 1701 1795 1857 1835; x_wconf 79' lang='lat' dir='ltr'>animae</span> 
     </span>
     <span class='ocr_line' id='line_1_71' title="bbox 1026 1864 1149 1892; baseline -0.016 1"><span class='ocrx_word' id='word_1_309' title='bbox 1026 1864 1149 1892; x_wconf 88' lang='lat' dir='ltr'>meae.</span> 
     </span>
    </p>

    <p class='ocr_par' dir='ltr' id='par_1_27' title="bbox 1028 1907 1859 2016">
     <span class='ocr_line' id='line_1_72' title="bbox 1080 1907 1859 1949; baseline 0 -1"><span class='ocrx_word' id='word_1_310' title='bbox 1080 1908 1246 1949; x_wconf 88' lang='lat' dir='ltr'>Averte</span> <span class='ocrx_word' id='word_1_311' title='bbox 1270 1907 1385 1948; x_wconf 92' lang='lat' dir='ltr'>mala</span> <span class='ocrx_word' id='word_1_312' title='bbox 1406 1907 1590 1949; x_wconf 88' lang='lat' dir='ltr'>inimicis</span> <span class='ocrx_word' id='word_1_313' title='bbox 1614 1907 1739 1949; x_wconf 88' lang='lat' dir='ltr'>meis:</span> <span class='ocrx_word' id='word_1_314' title='bbox 1765 1907 1788 1932; x_wconf 86' lang='lat'>*</span> <span class='ocrx_word' id='word_1_315' title='bbox 1816 1912 1859 1948; x_wconf 93' lang='lat' dir='ltr'>et</span> 
     </span>
     <span class='ocr_line' id='line_1_73' title="bbox 1028 1963 1728 2016; baseline -0.001 -12"><span class='ocrx_word' id='word_1_316' title='bbox 1028 1964 1072 2004; x_wconf 92' lang='lat' dir='ltr'>in</span> <span class='ocrx_word' id='word_1_317' title='bbox 1091 1964 1276 2006; x_wconf 81' lang='lat' dir='ltr'>veritate</span> <span class='ocrx_word' id='word_1_318' title='bbox 1298 1969 1374 2005; x_wconf 90' lang='lat' dir='ltr'>tua</span> <span class='ocrx_word' id='word_1_319' title='bbox 1394 1963 1600 2016; x_wconf 90' lang='lat' dir='ltr'>disperde</span> <span class='ocrx_word' id='word_1_320' title='bbox 1619 1963 1728 2005; x_wconf 85' lang='lat' dir='ltr'>illos.</span> 
     </span>
    </p>

    <p class='ocr_par' dir='ltr' id='par_1_28' title="bbox 1029 2019 1859 2185">
     <span class='ocr_line' id='line_1_74' title="bbox 1080 2019 1859 2068; baseline -0.003 -6"><span class='ocrx_word' id='word_1_321' title='bbox 1080 2020 1340 2062; x_wconf 80' lang='lat' dir='ltr'>Voluntarie</span> <span class='ocrx_word' id='word_1_322' title='bbox 1365 2020 1624 2062; x_wconf 63' lang='lat' dir='ltr'>sacrificabo</span> <span class='ocrx_word' id='word_1_323' title='bbox 1650 2019 1743 2068; x_wconf 80' lang='lat' dir='ltr'>tibi,</span> <span class='ocrx_word' id='word_1_324' title='bbox 1766 2019 1790 2044; x_wconf 88' lang='lat'>*</span> <span class='ocrx_word' id='word_1_325' title='bbox 1815 2023 1859 2060; x_wconf 88' lang='lat' dir='ltr'>et</span> 
     </span>
     <span class='ocr_line' id='line_1_75' title="bbox 1029 2075 1857 2118; baseline -0.004 0"><span class='ocrx_word' id='word_1_326' title='bbox 1029 2076 1275 2118; x_wconf 87' lang='lat' dir='ltr'>confitebor</span> <span class='ocrx_word' id='word_1_327' title='bbox 1319 2076 1484 2117; x_wconf 80' lang='lat' dir='ltr'>nemini</span> <span class='ocrx_word' id='word_1_328' title='bbox 1527 2081 1604 2117; x_wconf 82' lang='lat' dir='ltr'>tuo</span> <span class='ocrx_word' id='word_1_329' title='bbox 1649 2075 1857 2116; x_wconf 84' lang='lat' dir='ltr'>Domine:</span> 
     </span>
     <span class='ocr_line' id='line_1_76' title="bbox 1031 2133 1522 2185; baseline -0.002 -12"><span class='ocrx_word' id='word_1_330' title='bbox 1031 2133 1237 2185; x_wconf 79' lang='lat' dir='ltr'>queniam</span> <span class='ocrx_word' id='word_1_331' title='bbox 1254 2133 1420 2174; x_wconf 93' lang='lat' dir='ltr'>bonum</span> <span class='ocrx_word' id='word_1_332' title='bbox 1439 2137 1522 2173; x_wconf 88' lang='lat' dir='ltr'>est:</span> 
     </span>
    </p>

    <p class='ocr_par' dir='ltr' id='par_1_29' title="bbox 1027 2186 1858 2353">
     <span class='ocr_line' id='line_1_77' title="bbox 1081 2186 1858 2239; baseline -0.004 -9"><span class='ocrx_word' id='word_1_333' title='bbox 1081 2189 1297 2239; x_wconf 81' lang='lat' dir='ltr'>Quoniam</span> <span class='ocrx_word' id='word_1_334' title='bbox 1334 2202 1388 2230; x_wconf 86' lang='lat' dir='ltr'>ex</span> <span class='ocrx_word' id='word_1_335' title='bbox 1424 2188 1542 2229; x_wconf 91' lang='lat' dir='ltr'>omni</span> <span class='ocrx_word' id='word_1_336' title='bbox 1578 2186 1858 2228; x_wconf 68' lang='lat' dir='ltr'>tribulatione</span> 
     </span>
     <span class='ocr_line' id='line_1_78' title="bbox 1029 2243 1857 2297; baseline -0.004 -11"><span class='ocrx_word' id='word_1_337' title='bbox 1029 2245 1226 2297; x_wconf 90' lang='lat' dir='ltr'>eripuisti</span> <span class='ocrx_word' id='word_1_338' title='bbox 1257 2258 1342 2286; x_wconf 91' lang='lat' dir='ltr'>me:</span> <span class='ocrx_word' id='word_1_339' title='bbox 1371 2244 1394 2270; x_wconf 88' lang='lat'>*</span> <span class='ocrx_word' id='word_1_340' title='bbox 1420 2249 1464 2285; x_wconf 88' lang='lat' dir='ltr'>et</span> <span class='ocrx_word' id='word_1_341' title='bbox 1495 2256 1627 2296; x_wconf 90' lang='lat' dir='ltr'>super</span> <span class='ocrx_word' id='word_1_342' title='bbox 1658 2243 1857 2284; x_wconf 90' lang='lat' dir='ltr'>inimicos</span> 
     </span>
     <span class='ocr_line' id='line_1_79' title="bbox 1027 2299 1698 2353; baseline -0.006 -10"><span class='ocrx_word' id='word_1_343' title='bbox 1027 2314 1151 2343; x_wconf 88' lang='lat' dir='ltr'>meos</span> <span class='ocrx_word' id='word_1_344' title='bbox 1171 2300 1374 2353; x_wconf 85' lang='lat' dir='ltr'>despexit</span> <span class='ocrx_word' id='word_1_345' title='bbox 1393 2299 1546 2341; x_wconf 82' lang='lat' dir='ltr'>oculus</span> <span class='ocrx_word' id='word_1_346' title='bbox 1563 2312 1698 2340; x_wconf 86' lang='lat' dir='ltr'>meus.</span> 
     </span>
    </p>
   </div>
   <div class='ocr_carea' id='block_1_16' title="bbox 1030 2370 1854 2461">
    <p class='ocr_par' dir='ltr' id='par_1_30' title="bbox 1030 2370 1854 2461">
     <span class='ocr_line' id='line_1_80' title="bbox 1083 2370 1854 2417; baseline -0.006 -9"><span class='ocrx_word' id='word_1_347' title='bbox 1083 2374 1256 2417; x_wconf 89' lang='lat' dir='ltr'>Sequens</span> <span class='ocrx_word' id='word_1_348' title='bbox 1273 2373 1335 2406; x_wconf 87' lang='lat' dir='ltr'>Ps.</span> <span class='ocrx_word' id='word_1_349' title='bbox 1356 2372 1602 2408; x_wconf 91' lang='lat' dir='ltr'>Confitemini</span> <span class='ocrx_word' id='word_1_350' title='bbox 1616 2372 1784 2408; x_wconf 80' lang='lat' dir='ltr'>Demino</span> <span class='ocrx_word' id='word_1_351' title='bbox 1800 2370 1854 2404; x_wconf 87' lang='lat' dir='ltr'>di-</span> 
     </span>
     <span class='ocr_line' id='line_1_81' title="bbox 1030 2417 1854 2461; baseline -0.006 -6"><span class='ocrx_word' id='word_1_352' title='bbox 1030 2422 1127 2455; x_wconf 91' lang='lat' dir='ltr'>citur</span> <span class='ocrx_word' id='word_1_353' title='bbox 1142 2424 1290 2455; x_wconf 85' lang='lat' dir='ltr'>tantum</span> <span class='ocrx_word' id='word_1_354' title='bbox 1313 2420 1352 2453; x_wconf 92' lang='lat' dir='ltr'>in</span> <span class='ocrx_word' id='word_1_355' title='bbox 1366 2418 1517 2453; x_wconf 92' lang='lat' dir='ltr'>Domin.</span> <span class='ocrx_word' id='word_1_356' title='bbox 1528 2445 1536 2461; x_wconf 81' lang='grc'>,</span> <span class='ocrx_word' id='word_1_357' title='bbox 1560 2417 1718 2461; x_wconf 90' lang='lat' dir='ltr'>quando</span> <span class='ocrx_word' id='word_1_358' title='bbox 1734 2418 1777 2451; x_wconf 90' lang='lat' dir='ltr'>fit</span> <span class='ocrx_word' id='word_1_359' title='bbox 1793 2417 1854 2451; x_wconf 88' lang='lat' dir='ltr'>Of-</span> 
     </span>
    </p>
   </div>
   <div class='ocr_carea' id='block_1_17' title="bbox 1028 2466 1771 2503">
    <p class='ocr_par' dir='ltr' id='par_1_31' title="bbox 1028 2466 1771 2503">
     <span class='ocr_line' id='line_1_82' title="bbox 1028 2466 1771 2503; baseline -0.007 0"><span class='ocrx_word' id='word_1_360' title='bbox 1028 2469 1157 2503; x_wconf 85' lang='lat' dir='ltr'>ficium</span> <span class='ocrx_word' id='word_1_361' title='bbox 1174 2469 1220 2502; x_wconf 91' lang='lat' dir='ltr'>de</span> <span class='ocrx_word' id='word_1_362' title='bbox 1237 2467 1442 2502; x_wconf 85' lang='lat' dir='ltr'>Dominica</span> <span class='ocrx_word' id='word_1_363' title='bbox 1460 2471 1499 2500; x_wconf 93' lang='lat' dir='ltr'>ut</span> <span class='ocrx_word' id='word_1_364' title='bbox 1516 2466 1555 2499; x_wconf 90' lang='lat' dir='ltr'>in</span> <span class='ocrx_word' id='word_1_365' title='bbox 1570 2466 1771 2499; x_wconf 86' lang='lat' dir='ltr'>Psalterio.</span> 
     </span>
    </p>
   </div>
   <div class='ocr_carea' id='block_1_18' title="bbox 1028 2522 1855 2754">
    <p class='ocr_par' dir='ltr' id='par_1_32' title="bbox 1028 2522 1855 2754">
     <span class='ocr_line' id='line_1_83' title="bbox 1293 2522 1587 2563; baseline -0.007 0"><span class='ocrx_word' id='word_1_366' title='bbox 1293 2523 1491 2563; x_wconf 87' lang='lat' dir='ltr'>Psalmus</span> <span class='ocrx_word' id='word_1_367' title='bbox 1512 2522 1587 2561; x_wconf 90' lang='lat'>117.</span> 
     </span>
     <span class='ocr_line' id='line_1_84' title="bbox 1104 2589 1855 2641; baseline -0.005 -8"><span class='ocrx_word' id='word_1_368' title='bbox 1104 2590 1343 2633; x_wconf 90' lang='lat' dir='ltr'>onfitemini</span> <span class='ocrx_word' id='word_1_369' title='bbox 1399 2590 1589 2631; x_wconf 82' lang='lat' dir='ltr'>Domino</span> <span class='ocrx_word' id='word_1_370' title='bbox 1650 2589 1855 2641; x_wconf 80' lang='lat' dir='ltr'>queniam</span> 
     </span>
     <span class='ocr_line' id='line_1_85' title="bbox 1119 2645 1855 2698; baseline -0.004 -10"><span class='ocrx_word' id='word_1_371' title='bbox 1119 2647 1275 2688; x_wconf 87' lang='lat' dir='ltr'>bonus:</span> <span class='ocrx_word' id='word_1_372' title='bbox 1299 2647 1322 2672; x_wconf 91' lang='lat'>*</span> <span class='ocrx_word' id='word_1_373' title='bbox 1348 2646 1553 2698; x_wconf 84' lang='lat' dir='ltr'>quoniam</span> <span class='ocrx_word' id='word_1_374' title='bbox 1577 2645 1621 2685; x_wconf 90' lang='lat' dir='ltr'>in</span> <span class='ocrx_word' id='word_1_375' title='bbox 1645 2645 1855 2686; x_wconf 71' lang='lat' dir='ltr'>saeculum</span> 
     </span>
     <span class='ocr_line' id='line_1_86' title="bbox 1028 2702 1450 2754; baseline -0.005 -10"><span class='ocrx_word' id='word_1_376' title='bbox 1028 2702 1328 2745; x_wconf 83' lang='lat' dir='ltr'>misericordia</span> <span class='ocrx_word' id='word_1_377' title='bbox 1348 2703 1450 2754; x_wconf 88' lang='lat' dir='ltr'>ejus.</span> 
     </span>
    </p>
   </div>
   <div class='ocr_carea' id='block_1_19' title="bbox 83 123 1915 2814">
    <p class='ocr_par' dir='ltr' id='par_1_33' title="bbox 83 123 1915 2814">
     <span class='ocr_line' id='line_1_87' title="bbox 83 123 1915 2814; baseline 0 0"><span class='ocrx_word' id='word_1_378' title='bbox 83 123 1915 2814; x_wconf 95' lang='lat' dir='ltr'> </span> 
     </span>
    </p>
   </div>
  </div>
 </body>
</html>
