2040 2944
734 207 903 241 Sabbato
930 207 979 241 ad
1002 207 1237 242 Matutinum.

187 301 308 342 Misit
331 301 553 352 tenebraS,
578 307 623 343 et
648 302 918 344 obscuravit:
937 304 961 330 *

137 362 180 398 et
199 369 288 398 non
309 358 591 400 exacerbavit
608 361 832 400 sermones
848 372 960 400 suos.

187 413 416 456 Convertit
450 427 586 466 aquas
615 417 767 456 eorum
794 416 839 456 in
867 418 960 456 san-

134 470 326 521 guinem:
345 472 369 497 *
389 475 432 512 et
451 470 615 512 occidit
632 472 777 524 pisces
798 474 960 513 eerum.

185 526 339 568 Edidit
371 526 490 568 te'rra
524 530 678 569 eurum
708 541 837 569 ranas
865 530 888 555 *
916 530 960 569 in

133 583 435 635 penetralibus
454 597 607 636 regum
627 584 835 636 ipsorum.

171 639 323 690 Dixit,
358 645 401 681 et
429 641 548 681 venit
576 643 838 693 coenomyia:
865 643 888 668 *
918 646 961 682 et

135 695 287 736 cinifes
315 696 361 736 in
390 696 592 737 omnibus
616 697 777 738 finibus
798 699 960 738 eorum

186 752 341 793 Pesuit
381 753 553 805 pluvias
598 756 750 794 eurum
789 754 960 805 grandi-

134 820 254 849 nem:
295 810 319 836 *
357 809 503 860 ignem
545 809 875 851 comburentem
917 811 960 850 in

134 868 252 905 terra
278 865 486 918 ipsorum.

185 921 243 962 Et
274 923 493 974 permissit
524 924 674 963 vineas
708 925 880 972 eorum,
917 927 960 963 et

133 977 345 1019 ficulneas
375 981 543 1020 eorum:
566 980 589 1005 *
609 984 652 1020 et
681 979 886 1020 contrivit
914 978 959 1019 li-

133 1047 266 1085 gnum
294 1034 446 1076 finium
475 1037 638 1076 eerum.

186 1090 326 1141 Dixit,
355 1096 399 1133 et
426 1092 546 1133 venit
573 1091 761 1141 locusta,
790 1096 833 1132 et
861 1090 959 1132 bru-

135 1145 254 1197 chus,
279 1149 302 1174 *
325 1148 446 1199 cujus
474 1161 563 1189 non
588 1153 682 1189 erat
709 1151 927 1189 numerus.

185 1203 242 1244 Et
258 1203 451 1245 comedit
466 1217 596 1245 omne
608 1204 774 1245 foenum
788 1204 832 1244 in
842 1209 960 1245 terra

134 1259 300 1300 eurum:
328 1261 352 1286 *
380 1265 424 1302 et
453 1260 647 1302 comedit
674 1273 848 1301 omnem
876 1260 959 1301 fru-

134 1319 254 1356 ctum
272 1320 404 1357 terrae
421 1318 584 1358 cerum.

185 1371 242 1413 Et
275 1373 494 1426 percussit
532 1386 660 1414 omne
697 1373 960 1426 primogeni-

134 1433 227 1470 tum
263 1429 307 1470 in
341 1434 460 1470 terra
493 1432 663 1471 eerum:
691 1431 715 1455 *
742 1430 959 1482 primitias

133 1485 274 1526 omnis
298 1485 464 1527 laboris
494 1488 655 1527 eurum.

184 1542 241 1583 Et
274 1541 425 1584 eduxit
460 1555 536 1584 eos
570 1556 669 1584 cum
704 1545 886 1594 argento
916 1547 960 1584 et

134 1610 259 1639 auro:
287 1600 310 1625 *
339 1604 383 1641 et
418 1612 507 1640 non
546 1605 639 1641 erat
675 1600 720 1640 in
755 1598 959 1641 tribubus

133 1656 285 1696 cerum
311 1656 520 1697 infirmus.

183 1711 356 1754 Laetata
385 1717 452 1754 est
478 1713 699 1765 AEgyptus
737 1713 782 1753 in
818 1712 958 1765 profe-

134 1767 279 1817 ctiene
308 1770 474 1810 eurum:
501 1771 524 1796 *
554 1769 656 1821 quia
683 1768 881 1810 incubuit
908 1769 958 1810 ti-

131 1836 227 1865 mor
255 1826 407 1866 eerum
436 1837 568 1878 super
597 1837 684 1867 eos.

183 1880 408 1933 Expandit
443 1881 605 1923 nubem
644 1882 689 1922 in
721 1881 958 1934 protectie-

133 1949 234 1978 nem
255 1939 418 1988 eerum,
439 1940 462 1964 *
482 1942 525 1979 et
545 1938 690 1990 ignem
717 1942 765 1979 ut
792 1937 959 1979 luceret

134 1993 197 2034 eis
224 2006 304 2046 per
331 1999 518 2036 noctem.

183 2050 428 2100 Petierunt,
462 2051 658 2092 et'venit
690 2050 907 2091 coturnix:
935 2052 958 2077 *

134 2111 178 2147 et
204 2119 319 2159 pane
347 2107 448 2148 coeli
477 2107 692 2148 saturavit
720 2119 808 2148 eOS.

184 2163 362 2216 Dirupit
385 2168 568 2216 petram,
597 2169 641 2206 et
670 2163 890 2204 fluxerunt
917 2175 958 2203 a-

133 2231 248 2270 quae:
270 2222 294 2247 *
313 2219 515 2261 abierunt
542 2221 586 2261 in
614 2220 733 2261 sicco
764 2219 957 2269 flumina3

185 2277 402 2327 Quoniam
428 2289 596 2318 memor
620 2277 702 2317 fuit
721 2275 844 2317 verbi
864 2288 957 2316 san-

134 2332 193 2374 eti
227 2333 308 2382 sui,
336 2333 359 2358 *
388 2332 508 2384 quod
541 2332 694 2374 habuit
730 2331 788 2373 ad
821 2331 958 2372 Abra-

132 2387 234 2430 ham
261 2392 446 2441 puerum
474 2402 611 2430 suum.

184 2445 241 2487 Et
265 2444 418 2487 eduxit
439 2446 652 2498 pupulum
676 2457 803 2486 suum
823 2444 867 2484 in
889 2456 958 2485 ex-

134 2501 387 2551 sultatiene,
422 2504 446 2529 *
481 2507 525 2543 et
568 2502 733 2543 electos
772 2512 875 2540 suos
915 2500 959 2540 in

132 2558 296 2601 laetitia.

184 2615 242 2657 Et
262 2616 385 2657 dedit
404 2616 491 2657 illis
512 2617 715 2668 regienes
737 2614 959 2657 Gentium:

134 2673 158 2698 *
183 2677 227 2713 et
254 2671 430 2714 labetes
458 2673 723 2726 popularum
751 2669 958 2725 possede-

134 2733 252 2769 runt:

1065 279 1125 345 Ut
1136 304 1386 346 custodiant
1395 306 1727 357 justificationes
1736 308 1835 359 ejus,

1013 361 1037 386 *
1055 365 1099 401 et
1117 360 1257 411 legem
1277 362 1366 413 ejus
1386 365 1621 414 requirant.

1054 425 1152 464 Ant.
1171 426 1366 467 Benedic
1379 427 1521 468 anima
1529 427 1835 468 meaDemino.

1062 490 1162 529 Ant.
1188 490 1331 531 Visita
1346 503 1437 532 nos.

1272 576 1468 617 I'salmus
1489 580 1578 617 105.

1015 633 1084 741 C
1099 642 1341 682 onfitemini
1350 643 1538 684 Do‘mino
1549 645 1753 695 queniam
1761 644 1835 685 bo-

1098 711 1193 739 nus:
1209 700 1232 725 *
1249 700 1454 750 queniam
1472 701 1513 739 in
1535 700 1742 741 saeculum
1759 701 1834 741 mi-

1014 754 1253 796 sericerdia
1273 756 1373 807 ejus.

1066 812 1171 861 Quis
1191 811 1397 863 loquetur
1411 813 1632 864 potentias
1647 813 1834 862 Demini,

1013 868 1036 893 *
1056 867 1226 909 auditas
1246 868 1377 909 faciet
1392 881 1542 910 omnes
1558 868 1708 910 laudes
1723 868 1833 920 ejus?

1064 924 1210 973 Beati,
1239 925 1313 976 qui
1342 925 1594 966 cust6diunt
1619 925 1834 976 judicium,

1013 981 1036 1006 *
1057 985 1100 1021 et
1117 980 1282 1022 faciunt
1302 981 1509 1032 justitiam
1527 982 1571 1022 in
1591 982 1709 1022 omni
1730 984 1834 1023 tem-

1012 1048 1131 1088 pore.

1064 1093 1284 1134 Memento
1314 1093 1454 1134 nostri
1477 1094 1664 1135 Demine
1692 1094 1736 1134 in
1763 1094 1834 1135 be-

1013 1149 1232 1201 neplacito
1261 1149 1414 1202 pepuli
1442 1150 1520 1191 tui:
1548 1151 1570 1175 *
1598 1151 1727 1191 visita
1753 1163 1834 1191 nos

1012 1206 1055 1246 in
1077 1206 1257 1247 salutari
1275 1211 1368 1247 tuo:

1065 1262 1136 1304 Ad
1150 1262 1388 1303 videndum
1404 1263 1447 1302 in
1462 1262 1659 1303 bonitate
1677 1262 1833 1303 electe-

1012 1332 1108 1359 rum
1127 1321 1315 1368 tuerum,
1335 1318 1391 1360 ad
1410 1318 1648 1360 laetandum
1667 1319 1710 1359 in
1728 1319 1832 1360 laeti-

1012 1376 1073 1416 tia
1100 1376 1242 1427 gentis
1269 1382 1373 1416 tuae:
1396 1378 1419 1402 *
1442 1380 1490 1416 ut
1516 1375 1707 1416 lauderis
1736 1388 1834 1416 cum

1012 1431 1272 1473 haereditate
1293 1437 1377 1473 tua.

1063 1489 1346 1530 Peccavimus
1388 1502 1486 1529 cum
1520 1487 1719 1540 patribus
1760 1501 1832 1529 no-

1013 1546 1131 1586 stris:
1149 1546 1345 1596 *injuste
1365 1545 1541 1596 egimus,
1560 1544 1834 1596 iniquitatem

1012 1602 1204 1643 fecimus.

1063 1659 1217 1699 Patres
1237 1658 1378 1699 nostri
1397 1658 1440 1698 in
1455 1658 1651 1709 AEg5⁷pto
1668 1670 1754 1698 non
1774 1658 1832 1697 in-

1012 1714 1275 1767 tellexerunt
1318 1713 1532 1754 mirabilia
1577 1719 1667 1754 tua:
1694 1714 1717 1738 *
1745 1726 1832 1754 non

1013 1771 1187 1812 fuerunt
1207 1772 1422 1812 memores
1443 1769 1733 1810 multitudinis
1757 1770 1832 1810 mi-

1012 1827 1266 1868 sericordiae
1286 1832 1385 1868 tuae.

1063 1884 1119 1925 Et
1152 1884 1434 1924 irritaverunt
1468 1881 1754 1923 ascendentes
1790 1882 1831 1922 in

1010 1953 1142 1989 mare,
1161 1941 1184 1966 *
1202 1941 1323 1981 Mare
1343 1938 1533 1980 rubrum.

1062 1997 1119 2038 Et
1147 1996 1332 2038 salvavit
1361 2008 1438 2037 eos
1456 1999 1648 2047 propter
1673 2007 1831 2035 nomen

1011 2067 1152 2094 suum:
1180 2054 1203 2078 *
1230 2058 1278 2094 ut
1312 2057 1462 2093 notam
1488 2051 1652 2091 faceret
1679 2052 1830 2102 poten-

1011 2110 1117 2151 tiam
1141 2123 1273 2150 suam.

1063 2166 1120 2207 Et
1151 2165 1366 2218 increpuit
1398 2164 1517 2204 Mare
1550 2162 1744 2211 rubrum,
1787 2167 1830 2203 et

1011 2222 1279 2263 exsiccatum
1308 2226 1387 2262 est:
1415 2222 1438 2246 *
1467 2224 1510 2260 et
1544 2218 1726 2259 deduxit
1755 2231 1829 2259 eos

1010 2278 1054 2318 in
1072 2277 1242 2330 aby‘ssis
1263 2277 1375 2318 sicut
1395 2276 1438 2316 in
1459 2275 1645 2316 deserto.

1061 2335 1118 2374 Et
1140 2333 1324 2374 salvavit
1349 2344 1425 2373 eos
1451 2330 1505 2372 de
1528 2343 1658 2371 manu
1682 2330 1829 2371 odien-

1009 2390 1134 2431 tium:
1162 2391 1186 2415 *
1215 2394 1258 2430 et
1288 2387 1472 2429 redemit
1506 2399 1582 2427 eos
1614 2385 1668 2427 de
1700 2399 1829 2426 manu

1008 2445 1181 2486 inimici.

1060 2503 1116 2542 Et
1136 2500 1308 2553 operuit
1330 2511 1443 2551 aqua
1462 2498 1722 2539 tribulantes
1739 2510 1829 2538 eos:

1008 2559 1031 2583 *
1049 2571 1159 2599 unus
1180 2571 1233 2598 ex
1253 2557 1314 2597 eis
1334 2568 1422 2596 non
1441 2554 1658 2596 remansit.

1060 2615 1116 2654 Et
1141 2611 1422 2654 crediderunt
1446 2610 1591 2652 verbis
1618 2611 1720 2662 ejus:
1742 2611 1766 2636 *
1785 2613 1829 2650 et

1010 2670 1296 2711 laudaverunt
1313 2667 1487 2709 laudem
1508 2667 1607 2718 ejus.

1061 2727 1158 2767 Cito
1174 2726 1380 2774 fecerunt,
1395 2723 1519 2765 obliti
1534 2726 1633 2763 sunt
1649 2723 1830 2773 eperum
