2040 2944
482 189 686 224 Dominica
711 191 756 225 II.
777 194 880 234 Sept.
929 192 1075 227 Octava
1102 193 1136 228 S.
1162 185 1301 235 Angcli
1328 194 1523 229 Custodis.

141 289 313 327 constet
331 285 537 329 effectos?
571 288 707 330 Filius
724 294 872 331 tamen
891 289 970 330 sic-

139 346 188 383 ut
209 341 425 384 Dominus
449 343 603 386 salvat:
628 345 701 386 isti
725 358 833 387 vero
857 346 970 388 sicut

139 398 254 439 servi
286 398 418 441 saluti
449 399 865 452 praedestinatorum
897 401 968 444 de-

139 455 345 496 serviunt.
367 456 605 507 Intelligite
620 458 764 509 igitur,
781 464 968 511 quantus

138 510 280 553 honor
297 511 425 554 nobis
445 513 626 564 exsistit,
649 514 706 556 ad
726 526 838 566 quos
856 516 970 557 sicut

138 567 195 610 ad
223 570 405 619 amicos,
433 569 494 611 ita
521 570 743 613 ministros
773 571 968 622 Angelos

139 637 243 666 suos
272 624 463 667 destinat
489 626 624 668 Deus.

191 693 243 743 R.
258 690 454 742 Angelus
472 692 661 734 Domini.
680 693 784 746 [261]

444 766 596 807 Lectio
618 768 669 807 vi.

351 831 458 866 Idem
480 832 520 866 in
544 833 684 868 Psalm.
709 834 760 868 37.

144 864 267 989 Qui
283 887 404 938 juxta
422 900 492 929 me
509 893 643 938 erant,
664 888 719 930 de
734 888 864 941 longe
885 895 967 932 ste-

255 944 421 986 terunt:
457 957 512 986 ne
548 945 759 997 mysticus
791 946 968 998 quidem

135 999 314 1053 pietatis
338 999 575 1042 abhorreat
599 1001 792 1051 affectus
818 1008 866 1045 ut
884 1017 967 1056 pro

135 1055 315 1108 Angelis
351 1056 527 1112 dixerit,
577 1058 651 1110 qui
686 1059 968 1111 praetendunt

135 1113 391 1155 timentibus
418 1114 675 1165 Dominum,
704 1120 753 1157 ut
781 1117 967 1169 eripiant

136 1182 213 1212 eos
250 1169 306 1211 de
337 1170 672 1221 tentationibus,
711 1185 820 1224 quas
852 1173 966 1215 ferre

134 1239 223 1268 non
238 1232 436 1279 possunt.
465 1227 700 1277 Quomodo
717 1241 821 1280 ergo
836 1229 966 1280 longe

135 1287 263 1331 stant,
289 1283 363 1335 qui
386 1283 443 1325 ad
467 1283 766 1336 adjumentum
786 1291 886 1328 sunt
905 1291 965 1328 at-

134 1338 309 1382 tributi?
351 1339 440 1382 Sed
467 1353 556 1382 non
582 1340 646 1382 illi
674 1355 721 1384 se
750 1344 966 1395 separant,

135 1395 215 1439 sed
240 1396 315 1448 qui
336 1398 517 1448 urgetur
538 1398 865 1449 tentationibus,
888 1413 966 1452 pu-

133 1457 199 1495 tat
219 1466 296 1495 eos
313 1453 445 1505 longe
463 1453 631 1505 abesse,
652 1468 763 1508 quos
781 1457 965 1509 propius

134 1508 218 1551 sibi
236 1508 394 1552 adesse
412 1508 646 1561 desiderat,
667 1517 710 1555 et
728 1512 966 1555 arbitratur

134 1565 428 1618 dissimulare,
481 1580 582 1609 cum
601 1591 607 1604 v
625 1568 688 1609 illi
731 1569 965 1622 adjuvandi

132 1627 308 1676 tempus
343 1628 452 1666 nutu
483 1624 550 1666 sui
581 1625 860 1678 imperatoris
894 1639 963 1668 ex-

134 1681 350 1731 spectent,
379 1681 453 1733 qui
481 1681 693 1723 athletam
720 1695 847 1723 suum
876 1695 963 1735 quo

132 1735 366 1787 gloriosius
385 1739 589 1788 vinceret,
610 1738 774 1780 diutius
794 1741 963 1781 certare

132 1793 356 1847 praecepit.

187 1861 238 1912 Rz.
252 1858 304 1899 In
322 1859 441 1900 omni
458 1859 751 1902 tribulatione.
771 1860 876 1913 [261]

359 1937 408 1976 In
426 1937 498 1976 ΙΙΙ.
517 1938 741 1977 Nocturno.

134 2000 286 2041 Lectio
312 2003 453 2044 sancti
471 2003 698 2056 Evangelii
722 2004 962 2046 secundum

344 2086 349 2090 -
416 2059 683 2102 Matthaeum.

212 2118 364 2159 Lectio
386 2118 454 2159 vii.
548 2155 549 2159 ,
702 2120 805 2173 Cap.
827 2121 883 2159 18.

132 2174 207 2280 In
232 2178 308 2221 illo
334 2181 553 2233 tempore:
580 2182 875 2224 Accesserunt
901 2181 960 2223 di-

199 2236 355 2289 scipuli
370 2236 426 2279 ad.
440 2237 464 2278 J
467 2250 599 2289 esum,
618 2238 828 2280 dicentes:
844 2239 960 2289 Quis,

132 2297 279 2344 putas,
315 2294 453 2345 major
487 2299 555 2336 est
586 2295 630 2335 in
662 2308 798 2346 regno
831 2294 961 2336 coelo-

64 2383 76 2395 ,
133 2346 252 2388 rum?
289 2349 346 2390 Et
373 2350 552 2402 reliqua.

152 2425 343 2468 Homih'a
360 2428 400 2469 S.
419 2427 444 2468 J
447 2429 601 2470 oannis
623 2429 936 2481 Chrysostomi.

385 2492 442 2526 Ex
467 2493 637 2527 Homilia
661 2494 715 2527 59.

201 2548 407 2598 Μιιῑίόεθ,
425 2549 576 2602 inquit,
597 2549 850 2591 scrutamini
870 2561 960 2598 vos,
1004 2564 1006 2567 ’

169 2599 244 2644 Ῑ
267 2605 363 2656 quis
382 2611 579 2647 vestrum
597 2607 734 2658 major
754 2605 821 2654 sit,
842 2610 886 2647 et
905 2604 960 2646 de

139 2657 149 2672 ²
264 2661 478 2711 primatus
497 2661 665 2704 honore
685 2661 960 2703 contenditis.

132 2714 228 2764 Ego
248 2721 405 2766 autem,
431 2718 468 2758 si
496 2718 592 2771 quis
617 2717 894 2759 humiliorem
913 2730 959 2759 se

1023 289 1180 331 ceteris
1200 302 1287 331 non
1306 289 1510 340 effecerit,
1534 291 1633 344 ipso
1652 291 1851 342 ingressu

1022 346 1191 388 coelesti
1219 349 1397 389 omnino
1430 347 1656 399 indignum
1690 350 1851 389 assero.

1023 403 1162 444 Recte
1182 408 1329 445 autem
1348 408 1449 445 ante
1469 405 1621 446 oculos
1639 409 1850 446 monstra-

1021 460 1140 501 tione
1172 460 1346 513 parvuli
1381 466 1522 502 totam
1558 474 1651 503 rem
1685 462 1851 514 posuit:

1021 515 1120 568 ipso
1158 518 1341 569 aspectu
1378 529 1455 559 eos
1487 520 1763 568 convertens,
1799 530 1851 559 ac

1021 572 1304 624 persuadens,
1323 577 1371 614 ut
1392 573 1559 626 absque
1575 574 1850 616 simulatione

1022 628 1169 680 aliqua
1194 628 1486 671 humilitatem
1516 630 1850 683 amplectantur.

1079 694 1128 745 R.
1141 689 1435 732 Machabaeus.
1454 691 1557 744 [261]

1309 769 1461 810 Lectio
1482 771 1566 810 viii.

1105 829 1243 871 arvuli
1267 835 1413 872 autem
1432 843 1520 872 non
1539 830 1745 879 invidere,
1768 843 1848 872 nec

1141 887 1315 927 inanem
1360 889 1618 939 exspectare
1654 887 1849 939 gloriam,

1020 955 1102 984 nec
1130 943 1345 995 primatus
1378 943 1631 985 desiderare
1666 943 1847 994 dignita-

1019 1004 1109 1041 tem
1136 1001 1370 1050 noverunt;
1403 999 1482 1041 sed
1513 1000 1703 1041 maxime
1738 999 1850 1041 hanc

1021 1056 1229 1098 virtutem
1264 1055 1514 1108 possident,
1555 1069 1711 1108 puram
1749 1055 1848 1097 dico

1022 1112 1349 1165 simplicitatem
1365 1118 1409 1155 et
1423 1113 1723 1154 humilitatem.
1749 1112 1848 1154 Non

1022 1182 1127 1220 ergo
1161 1168 1416 1211 fortitudine
1447 1174 1633 1220 tantum,
1666 1182 1717 1210 ac
1748 1182 1847 1222 pru-

1022 1225 1178 1276 dentia,
1199 1224 1278 1267 sed
1297 1225 1553 1267 humilitatis
1574 1238 1749 1278 quoque
1766 1226 1847 1267 vir-

1019 1286 1132 1333 tute,
1173 1287 1217 1324 et
1253 1282 1533 1335 simplicitate
1571 1282 1698 1324 nobis
1735 1294 1847 1334 opus

1020 1345 1103 1390 est3
1124 1352 1223 1391 quae
1244 1339 1281 1380 si
1299 1351 1387 1380 non
1406 1338 1542 1388 adest,
1562 1338 1679 1380 salus
1698 1343 1848 1380 nostra

1019 1400 1138 1438 certe
1158 1395 1386 1437 claudicat.

1074 1460 1124 1511 Re.
1140 1457 1209 1498 Tu
1228 1456 1427 1498 Domine.
1445 1456 1554 1509 [262]

1320 1534 1472 1575 Lectio
1494 1535 1547 1574 ix.

1101 1595 1301 1636 arvulum
1329 1600 1475 1636 autem
1503 1597 1649 1644 aetate,
1684 1599 1728 1636 et
1757 1595 1846 1646 qui-

1121 1651 1232 1701 dem,
1249 1664 1346 1692 mea
1361 1651 1586 1700 sententia,
1602 1650 1731 1692 valde
1746 1653 1843 1703 par-

1015 1708 1175 1759 vulum,
1202 1708 1276 1759 qui
1300 1707 1355 1749 ab
1380 1707 1583 1749 omnibus
1610 1711 1727 1749 esset
1746 1717 1849 1759 pas-¹

1016 1763 1211 1806 sionibus
1226 1764 1346 1813 liber,
1361 1764 1404 1804 in
1418 1763 1564 1805 medio
1581 1763 1744 1805 statuit.
1763 1762 1844 1804 Illa

1015 1821 1130 1862 enim
1156 1825 1264 1862 aetas
1289 1821 1407 1862 omni
1433 1820 1696 1872 arrogantia,
1725 1819 1843 1861 omni

1014 1877 1166 1928 gloriae
1192 1877 1332 1918 inanis
1358 1877 1519 1926 furore,
1548 1876 1666 1918 omni
1690 1875 1842 1917 livoris

1014 1934 1192 1983 insania,
1218 1933 1336 1975 omni
1361 1933 1652 1975 contentionis
1677 1931 1842 1985 cupidi-

1014 1993 1116 2041 tate,
1142 1992 1389 2042 ceterisque
1414 1988 1662 2041 hujusmodi
1681 1988 1842 2030 affecti-

1015 2047 1097 2089 bus
1120 2046 1324 2087 immunis
1351 2051 1428 2088 est.
1465 2046 1662 2098 Cumque
1689 2046 1841 2098 praeci-

1014 2104 1112 2156 puis
1143 2103 1363 2144 muniatur
1395 2102 1647 2151 virtutibus,
1680 2100 1841 2153 simpli-

1016 2159 1159 2201 citatis
1192 2158 1359 2201 scilicet
1392 2171 1443 2201 ac
1475 2157 1751 2206 humilitatis,
1786 2155 1841 2198 de

1013 2215 1131 2256 nulla
1154 2216 1336 2257 istarum
1360 2215 1568 2268 superbit,
1592 2214 1652 2256 ita
1677 2213 1841 2266 duplici

1014 2271 1295 2324 philosophia
1316 2273 1506 2313 ornatur.

1070 2335 1129 2374 Te
1151 2333 1294 2373 Deum
1314 2331 1555 2373 laudamus.
1575 2332 1634 2371 14.

1125 2427 1355 2467 Dominica
1374 2427 1427 2466 II.
1446 2425 1727 2478 Septembris.

1345 2495 1511 2535 Octava

1172 2555 1214 2595 S.
1234 2554 1416 2604 Angeli
1436 2554 1675 2595 custodis.

1346 2619 1510 2663 Duplex.

1071 2673 1110 2706 ln
1146 2673 1170 2706 Ι.
1200 2673 1397 2706 Nocturno
1426 2673 1628 2707 Lectiones
1665 2672 1711 2704 dc
1740 2670 1836 2704 Scri-

1016 2727 1126 2764 ptura
1153 2726 1385 2754 occurrente.
