<?xml version="1.0" encoding="UTF-8"?>
<!DOCTYPE html PUBLIC "-//W3C//DTD XHTML 1.0 Transitional//EN"
    "http://www.w3.org/TR/xhtml1/DTD/xhtml1-transitional.dtd">
<html xmlns="http://www.w3.org/1999/xhtml" xml:lang="en" lang="en">
 <head>
  <title>
</title>
<meta http-equiv="Content-Type" content="text/html;charset=utf-8" />
  <meta name='ocr-system' content='tesseract 3.04.00' />
  <meta name='ocr-capabilities' content='ocr_page ocr_carea ocr_par ocr_line ocrx_word'/>
</head>
<body>
  <div class='ocr_page' id='page_1' title='image "./p4breviariumroma00cathuoft_0601.png"; bbox 0 0 2040 2944; ppageno 0'>
   <div class='ocr_carea' id='block_1_1' title="bbox 744 199 1287 242">
    <p class='ocr_par' dir='ltr' id='par_1_1' title="bbox 744 199 1287 242">
     <span class='ocr_line' id='line_1_1' title="bbox 744 199 1287 242; baseline -0.006 -6"><span class='ocrx_word' id='word_1_1' title='bbox 744 201 952 236; x_wconf 87' lang='lat' dir='ltr'>Commune</span> <span class='ocrx_word' id='word_1_2' title='bbox 976 209 1053 233; x_wconf 90' lang='lat' dir='ltr'>non</span> <span class='ocrx_word' id='word_1_3' title='bbox 1077 199 1287 242; x_wconf 88' lang='lat' dir='ltr'>Virginum.</span> 
     </span>
    </p>
   </div>
   <div class='ocr_carea' id='block_1_2' title="bbox 251 295 912 411">
    <p class='ocr_par' dir='ltr' id='par_1_2' title="bbox 251 295 912 411">
     <span class='ocr_line' id='line_1_2' title="bbox 251 295 912 347; baseline -0.006 -8"><span class='ocrx_word' id='word_1_4' title='bbox 251 298 337 339; x_wconf 87' lang='lat' dir='ltr'>Pro</span> <span class='ocrx_word' id='word_1_5' title='bbox 365 310 445 339; x_wconf 92' lang='lat' dir='ltr'>nec</span> <span class='ocrx_word' id='word_1_6' title='bbox 472 297 652 347; x_wconf 80' lang='lat' dir='ltr'>Virgine</span> <span class='ocrx_word' id='word_1_7' title='bbox 680 308 760 336; x_wconf 91' lang='lat' dir='ltr'>nec</span> <span class='ocrx_word' id='word_1_8' title='bbox 788 295 912 335; x_wconf 88' lang='lat' dir='ltr'>Mart.</span> 
     </span>
     <span class='ocr_line' id='line_1_3' title="bbox 271 355 886 411; baseline -0.007 -12"><span class='ocrx_word' id='word_1_9' title='bbox 271 358 527 411; x_wconf 79' lang='lat' dir='ltr'>Capitulum.</span> <span class='ocrx_word' id='word_1_10' title='bbox 632 358 759 397; x_wconf 88' lang='lat' dir='ltr'>Prov.</span> <span class='ocrx_word' id='word_1_11' title='bbox 775 357 832 396; x_wconf 86' lang='lat'>31.</span> <span class='ocrx_word' id='word_1_12' title='bbox 847 355 886 395; x_wconf 92' lang='lat' dir='ltr'>b.</span> 
     </span>
    </p>
   </div>
   <div class='ocr_carea' id='block_1_3' title="bbox 165 412 990 636">
    <p class='ocr_par' dir='ltr' id='par_1_3' title="bbox 165 412 990 636">
     <span class='ocr_line' id='line_1_4' title="bbox 269 412 988 467; baseline -0.003 -11"><span class='ocrx_word' id='word_1_13' title='bbox 269 414 451 456; x_wconf 91' lang='lat' dir='ltr'>ulierem</span> <span class='ocrx_word' id='word_1_14' title='bbox 473 414 632 456; x_wconf 90' lang='lat' dir='ltr'>fortem</span> <span class='ocrx_word' id='word_1_15' title='bbox 656 414 752 467; x_wconf 83' lang='lat' dir='ltr'>quis</span> <span class='ocrx_word' id='word_1_16' title='bbox 776 412 988 456; x_wconf 88' lang='lat' dir='ltr'>inveniet?</span> 
     </span>
     <span class='ocr_line' id='line_1_5' title="bbox 169 469 989 523; baseline -0.001 -11"><span class='ocrx_word' id='word_1_17' title='bbox 169 487 171 489; x_wconf 60' lang='grc'>’</span> <span class='ocrx_word' id='word_1_18' title='bbox 287 470 463 523; x_wconf 90' lang='lat' dir='ltr'>procul,</span> <span class='ocrx_word' id='word_1_19' title='bbox 492 475 535 512; x_wconf 94' lang='lat' dir='ltr'>et</span> <span class='ocrx_word' id='word_1_20' title='bbox 562 470 617 512; x_wconf 91' lang='lat' dir='ltr'>de</span> <span class='ocrx_word' id='word_1_21' title='bbox 641 470 806 512; x_wconf 92' lang='lat' dir='ltr'>ultimis</span> <span class='ocrx_word' id='word_1_22' title='bbox 830 469 989 511; x_wconf 90' lang='lat' dir='ltr'>finibus</span> 
     </span>
     <span class='ocr_line' id='line_1_6' title="bbox 165 526 990 580; baseline -0.002 -11"><span class='ocrx_word' id='word_1_23' title='bbox 165 527 356 580; x_wconf 93' lang='lat' dir='ltr'>pretium</span> <span class='ocrx_word' id='word_1_24' title='bbox 384 527 485 579; x_wconf 93' lang='lat' dir='ltr'>ejus.</span> <span class='ocrx_word' id='word_1_25' title='bbox 535 526 727 568; x_wconf 87' lang='lat' dir='ltr'>Confidit</span> <span class='ocrx_word' id='word_1_26' title='bbox 757 527 801 567; x_wconf 91' lang='lat' dir='ltr'>in</span> <span class='ocrx_word' id='word_1_27' title='bbox 835 539 886 568; x_wconf 90' lang='lat' dir='ltr'>ea</span> <span class='ocrx_word' id='word_1_28' title='bbox 914 539 990 568; x_wconf 91' lang='lat' dir='ltr'>cor</span> 
     </span>
     <span class='ocr_line' id='line_1_7' title="bbox 166 582 923 636; baseline -0.001 -12"><span class='ocrx_word' id='word_1_29' title='bbox 166 583 248 625; x_wconf 90' lang='lat' dir='ltr'>viri</span> <span class='ocrx_word' id='word_1_30' title='bbox 268 583 344 635; x_wconf 86' lang='lat' dir='ltr'>sui,</span> <span class='ocrx_word' id='word_1_31' title='bbox 365 588 409 625; x_wconf 94' lang='lat' dir='ltr'>et</span> <span class='ocrx_word' id='word_1_32' title='bbox 426 582 579 636; x_wconf 83' lang='lat' dir='ltr'>spoliis</span> <span class='ocrx_word' id='word_1_33' title='bbox 597 595 685 624; x_wconf 91' lang='lat' dir='ltr'>non</span> <span class='ocrx_word' id='word_1_34' title='bbox 702 582 923 634; x_wconf 91' lang='lat' dir='ltr'>indigebit.</span> 
     </span>
    </p>
   </div>
   <div class='ocr_carea' id='block_1_4' title="bbox 245 641 939 922">
    <p class='ocr_par' dir='ltr' id='par_1_4' title="bbox 245 641 939 922">
     <span class='ocr_line' id='line_1_8' title="bbox 478 641 688 692; baseline -0.01 -11"><span class='ocrx_word' id='word_1_35' title='bbox 478 641 688 692; x_wconf 84' lang='lat' dir='ltr'><strong>Hymnus.</strong></span> 
     </span>
     <span class='ocr_line' id='line_1_9' title="bbox 273 700 745 752; baseline -0.002 -10"><span class='ocrx_word' id='word_1_36' title='bbox 273 705 414 742; x_wconf 89' lang='lat' dir='ltr'>ortem</span> <span class='ocrx_word' id='word_1_37' title='bbox 432 700 546 741; x_wconf 87' lang='lat' dir='ltr'>virili</span> <span class='ocrx_word' id='word_1_38' title='bbox 563 701 745 752; x_wconf 91' lang='lat' dir='ltr'>pectore</span> 
     </span>
     <span class='ocr_line' id='line_1_10' title="bbox 286 756 939 805; baseline -0.003 -7"><span class='ocrx_word' id='word_1_39' title='bbox 286 756 534 798; x_wconf 90' lang='lat' dir='ltr'>Laudemus</span> <span class='ocrx_word' id='word_1_40' title='bbox 553 768 705 797; x_wconf 92' lang='lat' dir='ltr'>omnes</span> <span class='ocrx_word' id='word_1_41' title='bbox 726 756 939 805; x_wconf 85' lang='lat' dir='ltr'>feminam,</span> 
     </span>
     <span class='ocr_line' id='line_1_11' title="bbox 245 812 777 864; baseline -0.004 -10"><span class='ocrx_word' id='word_1_42' title='bbox 245 814 354 864; x_wconf 87' lang='lat' dir='ltr'>Quae</span> <span class='ocrx_word' id='word_1_43' title='bbox 374 812 618 854; x_wconf 80' lang='lat' dir='ltr'>sanctitatis</span> <span class='ocrx_word' id='word_1_44' title='bbox 637 812 777 863; x_wconf 81' lang='lat' dir='ltr'>gloria</span> 
     </span>
     <span class='ocr_line' id='line_1_12' title="bbox 245 868 765 922; baseline -0.006 -10"><span class='ocrx_word' id='word_1_45' title='bbox 245 869 419 922; x_wconf 78' lang='lat' dir='ltr'>Ubique</span> <span class='ocrx_word' id='word_1_46' title='bbox 437 869 575 920; x_wconf 85' lang='lat' dir='ltr'>fulget</span> <span class='ocrx_word' id='word_1_47' title='bbox 593 868 765 921; x_wconf 90' lang='lat' dir='ltr'>inclyta.</span> 
     </span>
    </p>
   </div>
   <div class='ocr_carea' id='block_1_5' title="bbox 174 934 1000 2545">
    <p class='ocr_par' dir='ltr' id='par_1_5' title="bbox 195 934 817 984">
     <span class='ocr_line' id='line_1_13' title="bbox 195 934 817 984; baseline -0.002 -8"><span class='ocrx_word' id='word_1_48' title='bbox 195 934 304 976; x_wconf 84' lang='lat' dir='ltr'>Haec</span> <span class='ocrx_word' id='word_1_49' title='bbox 322 938 473 976; x_wconf 87' lang='lat' dir='ltr'>sancto</span> <span class='ocrx_word' id='word_1_50' title='bbox 493 936 642 975; x_wconf 82' lang='lat' dir='ltr'>amore</span> <span class='ocrx_word' id='word_1_51' title='bbox 660 934 817 984; x_wconf 87' lang='lat' dir='ltr'>saucia,</span> 
     </span>
    </p>

    <p class='ocr_par' dir='ltr' id='par_1_6' title="bbox 244 990 936 1156">
     <span class='ocr_line' id='line_1_14' title="bbox 244 990 936 1032; baseline -0.003 0"><span class='ocrx_word' id='word_1_52' title='bbox 244 991 362 1032; x_wconf 93' lang='lat' dir='ltr'>Dum</span> <span class='ocrx_word' id='word_1_53' title='bbox 377 990 528 1032; x_wconf 91' lang='lat' dir='ltr'>mundi</span> <span class='ocrx_word' id='word_1_54' title='bbox 547 992 740 1032; x_wconf 81' lang='lat' dir='ltr'>amorem</span> <span class='ocrx_word' id='word_1_55' title='bbox 758 990 936 1032; x_wconf 81' lang='lat' dir='ltr'>noxium</span> 
     </span>
     <span class='ocr_line' id='line_1_15' title="bbox 245 1046 778 1097; baseline -0.002 -9"><span class='ocrx_word' id='word_1_56' title='bbox 245 1047 486 1097; x_wconf 80' lang='lat' dir='ltr'>Horrescit,</span> <span class='ocrx_word' id='word_1_57' title='bbox 506 1046 562 1088; x_wconf 86' lang='lat' dir='ltr'>ad</span> <span class='ocrx_word' id='word_1_58' title='bbox 582 1046 778 1088; x_wconf 87' lang='lat' dir='ltr'>coelestia</span> 
     </span>
     <span class='ocr_line' id='line_1_16' title="bbox 246 1103 741 1156; baseline -0.004 -11"><span class='ocrx_word' id='word_1_59' title='bbox 246 1104 336 1145; x_wconf 87' lang='lat' dir='ltr'>Iter</span> <span class='ocrx_word' id='word_1_60' title='bbox 355 1103 526 1156; x_wconf 82' lang='lat' dir='ltr'>peregit</span> <span class='ocrx_word' id='word_1_61' title='bbox 546 1103 741 1144; x_wconf 80' lang='lat' dir='ltr'>arduum.</span> 
     </span>
    </p>

    <p class='ocr_par' dir='ltr' id='par_1_7' title="bbox 197 1166 850 1331">
     <span class='ocr_line' id='line_1_17' title="bbox 197 1166 781 1220; baseline -0.002 -12"><span class='ocrx_word' id='word_1_62' title='bbox 197 1167 382 1210; x_wconf 87' lang='lat' dir='ltr'>Carnem</span> <span class='ocrx_word' id='word_1_63' title='bbox 402 1167 585 1210; x_wconf 86' lang='lat' dir='ltr'>domans</span> <span class='ocrx_word' id='word_1_64' title='bbox 603 1166 781 1220; x_wconf 90' lang='lat' dir='ltr'>jejuniis,</span> 
     </span>
     <span class='ocr_line' id='line_1_18' title="bbox 245 1223 850 1277; baseline -0.002 -11"><span class='ocrx_word' id='word_1_65' title='bbox 245 1224 462 1276; x_wconf 87' lang='lat' dir='ltr'>Dulcique</span> <span class='ocrx_word' id='word_1_66' title='bbox 479 1229 669 1266; x_wconf 85' lang='lat' dir='ltr'>mentem</span> <span class='ocrx_word' id='word_1_67' title='bbox 687 1223 850 1277; x_wconf 79' lang='lat' dir='ltr'>pabulo</span> 
     </span>
     <span class='ocr_line' id='line_1_19' title="bbox 248 1281 693 1331; baseline -0.004 -8"><span class='ocrx_word' id='word_1_68' title='bbox 248 1281 469 1323; x_wconf 78' lang='lat' dir='ltr'>Oratienis</span> <span class='ocrx_word' id='word_1_69' title='bbox 487 1281 693 1331; x_wconf 88' lang='lat' dir='ltr'>nutriens,</span> 
     </span>
    </p>

    <p class='ocr_par' dir='ltr' id='par_1_8' title="bbox 248 1336 741 1390">
     <span class='ocr_line' id='line_1_20' title="bbox 248 1336 741 1390; baseline -0.004 -11"><span class='ocrx_word' id='word_1_70' title='bbox 248 1337 359 1379; x_wconf 88' lang='lat' dir='ltr'>Coeli</span> <span class='ocrx_word' id='word_1_71' title='bbox 376 1339 542 1390; x_wconf 88' lang='lat' dir='ltr'>potitur</span> <span class='ocrx_word' id='word_1_72' title='bbox 561 1336 741 1389; x_wconf 88' lang='lat' dir='ltr'>gaudiis.</span> 
     </span>
    </p>

    <p class='ocr_par' dir='ltr' id='par_1_9' title="bbox 198 1401 877 1623">
     <span class='ocr_line' id='line_1_21' title="bbox 198 1401 847 1452; baseline -0.002 -9"><span class='ocrx_word' id='word_1_73' title='bbox 198 1402 294 1445; x_wconf 87' lang='lat' dir='ltr'>Rex</span> <span class='ocrx_word' id='word_1_74' title='bbox 314 1401 486 1444; x_wconf 85' lang='lat' dir='ltr'>Christe</span> <span class='ocrx_word' id='word_1_75' title='bbox 504 1402 641 1443; x_wconf 86' lang='lat' dir='ltr'>virtus</span> <span class='ocrx_word' id='word_1_76' title='bbox 660 1401 847 1452; x_wconf 79' lang='lat' dir='ltr'>fertium,</span> 
     </span>
     <span class='ocr_line' id='line_1_22' title="bbox 249 1457 810 1510; baseline -0.004 -10"><span class='ocrx_word' id='word_1_77' title='bbox 249 1459 333 1510; x_wconf 92' lang='lat' dir='ltr'>Qui</span> <span class='ocrx_word' id='word_1_78' title='bbox 348 1471 504 1510; x_wconf 88' lang='lat' dir='ltr'>magna</span> <span class='ocrx_word' id='word_1_79' title='bbox 525 1458 644 1499; x_wconf 90' lang='lat' dir='ltr'>solus</span> <span class='ocrx_word' id='word_1_80' title='bbox 663 1457 810 1507; x_wconf 89' lang='lat' dir='ltr'>efficis,</span> 
     </span>
     <span class='ocr_line' id='line_1_23' title="bbox 248 1513 877 1568; baseline -0.005 -11"><span class='ocrx_word' id='word_1_81' title='bbox 248 1516 386 1568; x_wconf 90' lang='lat' dir='ltr'>Hujus</span> <span class='ocrx_word' id='word_1_82' title='bbox 405 1513 598 1567; x_wconf 80' lang='lat' dir='ltr'>precatu,</span> <span class='ocrx_word' id='word_1_83' title='bbox 617 1516 877 1566; x_wconf 82' lang='lat' dir='ltr'>quaesumus,</span> 
     </span>
     <span class='ocr_line' id='line_1_24' title="bbox 249 1570 851 1623; baseline -0.005 -10"><span class='ocrx_word' id='word_1_84' title='bbox 249 1571 367 1613; x_wconf 83' lang='lat' dir='ltr'>Audi</span> <span class='ocrx_word' id='word_1_85' title='bbox 385 1571 599 1622; x_wconf 89' lang='lat' dir='ltr'>benignus</span> <span class='ocrx_word' id='word_1_86' title='bbox 618 1570 851 1623; x_wconf 89' lang='lat' dir='ltr'>supplices.</span> 
     </span>
    </p>

    <p class='ocr_par' dir='ltr' id='par_1_10' title="bbox 174 1635 923 1900">
     <span class='ocr_line' id='line_1_25' title="bbox 174 1635 678 1686; baseline -0.002 -10"><span class='ocrx_word' id='word_1_87' title='bbox 174 1674 176 1676; x_wconf 87' lang='lat'>.</span> <span class='ocrx_word' id='word_1_88' title='bbox 199 1636 295 1678; x_wconf 93' lang='lat' dir='ltr'>Deo</span> <span class='ocrx_word' id='word_1_89' title='bbox 314 1635 435 1677; x_wconf 88' lang='lat' dir='ltr'>Patri</span> <span class='ocrx_word' id='word_1_90' title='bbox 454 1635 509 1676; x_wconf 92' lang='lat' dir='ltr'>sit</span> <span class='ocrx_word' id='word_1_91' title='bbox 528 1635 678 1686; x_wconf 83' lang='lat' dir='ltr'>gloria,</span> 
     </span>
     <span class='ocr_line' id='line_1_26' title="bbox 249 1690 684 1745; baseline -0.007 -11"><span class='ocrx_word' id='word_1_92' title='bbox 249 1693 442 1745; x_wconf 75' lang='lat' dir='ltr'>Eiusque</span> <span class='ocrx_word' id='word_1_93' title='bbox 460 1690 545 1732; x_wconf 91' lang='lat' dir='ltr'>soli</span> <span class='ocrx_word' id='word_1_94' title='bbox 561 1690 684 1741; x_wconf 90' lang='lat' dir='ltr'>Filio,</span> 
     </span>
     <span class='ocr_line' id='line_1_27' title="bbox 252 1746 790 1800; baseline -0.006 -10"><span class='ocrx_word' id='word_1_95' title='bbox 252 1749 362 1790; x_wconf 88' lang='lat' dir='ltr'>Cum</span> <span class='ocrx_word' id='word_1_96' title='bbox 379 1747 545 1800; x_wconf 81' lang='lat' dir='ltr'>Spiritu</span> <span class='ocrx_word' id='word_1_97' title='bbox 562 1746 790 1796; x_wconf 79' lang='lat' dir='ltr'>Paraclito,</span> 
     </span>
     <span class='ocr_line' id='line_1_28' title="bbox 249 1801 923 1856; baseline -0.006 -10"><span class='ocrx_word' id='word_1_98' title='bbox 249 1805 378 1846; x_wconf 91' lang='lat' dir='ltr'>Nunc</span> <span class='ocrx_word' id='word_1_99' title='bbox 398 1808 441 1846; x_wconf 91' lang='lat' dir='ltr'>et</span> <span class='ocrx_word' id='word_1_100' title='bbox 458 1816 538 1856; x_wconf 91' lang='lat' dir='ltr'>per</span> <span class='ocrx_word' id='word_1_101' title='bbox 557 1815 686 1844; x_wconf 92' lang='lat' dir='ltr'>omne</span> <span class='ocrx_word' id='word_1_102' title='bbox 705 1801 923 1844; x_wconf 68' lang='lat' dir='ltr'>saeculum.</span> 
     </span>
     <span class='ocr_line' id='line_1_29' title="bbox 483 1859 636 1900; baseline 0 0"><span class='ocrx_word' id='word_1_103' title='bbox 483 1859 636 1900; x_wconf 87' lang='lat' dir='ltr'>Amen.</span> 
     </span>
    </p>

    <p class='ocr_par' dir='ltr' id='par_1_11' title="bbox 175 1910 996 2080">
     <span class='ocr_line' id='line_1_30' title="bbox 226 1910 996 1969; baseline 0 -13"><span class='ocrx_word' id='word_1_104' title='bbox 226 1910 277 1963; x_wconf 62' lang='lat' dir='ltr'>W.</span> <span class='ocrx_word' id='word_1_105' title='bbox 310 1915 464 1969; x_wconf 83' lang='lat' dir='ltr'>Specie</span> <span class='ocrx_word' id='word_1_106' title='bbox 495 1920 571 1957; x_wconf 87' lang='lat' dir='ltr'>tua</span> <span class='ocrx_word' id='word_1_107' title='bbox 602 1919 646 1956; x_wconf 94' lang='lat' dir='ltr'>et</span> <span class='ocrx_word' id='word_1_108' title='bbox 675 1914 996 1968; x_wconf 80' lang='lat' dir='ltr'>pulchritudine</span> 
     </span>
     <span class='ocr_line' id='line_1_31' title="bbox 175 1971 996 2024; baseline -0.005 -9"><span class='ocrx_word' id='word_1_109' title='bbox 175 1978 261 2015; x_wconf 88' lang='lat' dir='ltr'>tua.</span> <span class='ocrx_word' id='word_1_110' title='bbox 303 1972 354 2023; x_wconf 69' lang='lat' dir='ltr'>R.</span> <span class='ocrx_word' id='word_1_111' title='bbox 385 1971 585 2021; x_wconf 87' lang='lat' dir='ltr'>Intende,</span> <span class='ocrx_word' id='word_1_112' title='bbox 610 1973 822 2024; x_wconf 79' lang='lat' dir='ltr'>prespere</span> <span class='ocrx_word' id='word_1_113' title='bbox 847 1972 996 2023; x_wconf 88' lang='lat' dir='ltr'>proce-</span> 
     </span>
     <span class='ocr_line' id='line_1_32' title="bbox 177 2029 469 2080; baseline -0.01 -9"><span class='ocrx_word' id='word_1_114' title='bbox 177 2029 243 2080; x_wconf 89' lang='lat' dir='ltr'>de,</span> <span class='ocrx_word' id='word_1_115' title='bbox 263 2034 307 2071; x_wconf 92' lang='lat' dir='ltr'>et</span> <span class='ocrx_word' id='word_1_116' title='bbox 325 2041 469 2080; x_wconf 87' lang='lat' dir='ltr'>regna.</span> 
     </span>
    </p>

    <p class='ocr_par' dir='ltr' id='par_1_12' title="bbox 177 2088 1000 2367">
     <span class='ocr_line' id='line_1_33' title="bbox 228 2088 997 2140; baseline -0.001 -10"><span class='ocrx_word' id='word_1_117' title='bbox 228 2088 300 2130; x_wconf 88' lang='lat' dir='ltr'>Ad</span> <span class='ocrx_word' id='word_1_118' title='bbox 324 2089 496 2140; x_wconf 81' lang='lat' dir='ltr'>Magnis.</span> <span class='ocrx_word' id='word_1_119' title='bbox 534 2089 633 2130; x_wconf 87' lang='lat' dir='ltr'>Ant.</span> <span class='ocrx_word' id='word_1_120' title='bbox 669 2088 820 2129; x_wconf 84' lang='lat' dir='ltr'>Simile</span> <span class='ocrx_word' id='word_1_121' title='bbox 845 2092 912 2129; x_wconf 89' lang='lat' dir='ltr'>est</span> <span class='ocrx_word' id='word_1_122' title='bbox 934 2100 997 2129; x_wconf 90' lang='lat' dir='ltr'>re-</span> 
     </span>
     <span class='ocr_line' id='line_1_34' title="bbox 177 2144 997 2198; baseline -0.004 -11"><span class='ocrx_word' id='word_1_123' title='bbox 177 2159 310 2198; x_wconf 91' lang='lat' dir='ltr'>gnum</span> <span class='ocrx_word' id='word_1_124' title='bbox 337 2146 549 2187; x_wconf 83' lang='lat' dir='ltr'>coelorum</span> <span class='ocrx_word' id='word_1_125' title='bbox 571 2146 596 2172; x_wconf 87' lang='grc'><em>*</em></span> <span class='ocrx_word' id='word_1_126' title='bbox 618 2144 783 2186; x_wconf 81' lang='lat' dir='ltr'>homini</span> <span class='ocrx_word' id='word_1_127' title='bbox 807 2144 997 2195; x_wconf 86' lang='lat' dir='ltr'>negotia-</span> 
     </span>
     <span class='ocr_line' id='line_1_35' title="bbox 177 2201 999 2255; baseline -0.002 -12"><span class='ocrx_word' id='word_1_128' title='bbox 177 2203 264 2244; x_wconf 81' lang='lat' dir='ltr'>tori</span> <span class='ocrx_word' id='word_1_129' title='bbox 305 2202 517 2255; x_wconf 82' lang='lat' dir='ltr'>quaerenti</span> <span class='ocrx_word' id='word_1_130' title='bbox 551 2201 691 2243; x_wconf 88' lang='lat' dir='ltr'>bonas</span> <span class='ocrx_word' id='word_1_131' title='bbox 727 2203 999 2251; x_wconf 84' lang='lat' dir='ltr'>margaritas:</span> 
     </span>
     <span class='ocr_line' id='line_1_36' title="bbox 178 2256 1000 2310; baseline -0.002 -11"><span class='ocrx_word' id='word_1_132' title='bbox 178 2258 353 2299; x_wconf 89' lang='lat' dir='ltr'>inventa</span> <span class='ocrx_word' id='word_1_133' title='bbox 371 2271 457 2299; x_wconf 88' lang='lat' dir='ltr'>una</span> <span class='ocrx_word' id='word_1_134' title='bbox 479 2257 689 2310; x_wconf 83' lang='lat' dir='ltr'>pretiosa,</span> <span class='ocrx_word' id='word_1_135' title='bbox 716 2256 836 2298; x_wconf 90' lang='lat' dir='ltr'>dedit</span> <span class='ocrx_word' id='word_1_136' title='bbox 855 2257 1000 2297; x_wconf 81' lang='lat' dir='ltr'>omnia</span> 
     </span>
     <span class='ocr_line' id='line_1_37' title="bbox 179 2314 745 2367; baseline -0.002 -11"><span class='ocrx_word' id='word_1_137' title='bbox 179 2327 267 2365; x_wconf 84' lang='lat' dir='ltr'>sua,</span> <span class='ocrx_word' id='word_1_138' title='bbox 287 2319 330 2356; x_wconf 89' lang='lat' dir='ltr'>et</span> <span class='ocrx_word' id='word_1_139' title='bbox 349 2314 619 2367; x_wconf 80' lang='lat' dir='ltr'>comparavit</span> <span class='ocrx_word' id='word_1_140' title='bbox 638 2326 745 2355; x_wconf 87' lang='lat' dir='ltr'>eam.</span> 
     </span>
    </p>

    <p class='ocr_par' dir='ltr' id='par_1_13' title="bbox 267 2376 1000 2545">
     <span class='ocr_line' id='line_1_38' title="bbox 286 2376 891 2427; baseline -0.007 -9"><span class='ocrx_word' id='word_1_141' title='bbox 286 2378 371 2418; x_wconf 93' lang='lat' dir='ltr'>Pro</span> <span class='ocrx_word' id='word_1_142' title='bbox 394 2390 478 2417; x_wconf 91' lang='lat' dir='ltr'>una</span> <span class='ocrx_word' id='word_1_143' title='bbox 502 2376 693 2427; x_wconf 90' lang='lat' dir='ltr'>Martyre</span> <span class='ocrx_word' id='word_1_144' title='bbox 712 2379 891 2416; x_wconf 87' lang='lat' dir='ltr'>tantum.</span> 
     </span>
     <span class='ocr_line' id='line_1_39' title="bbox 512 2432 674 2474; baseline -0.019 0"><span class='ocrx_word' id='word_1_145' title='bbox 512 2432 674 2474; x_wconf 85' lang='lat' dir='ltr'>Oratio.</span> 
     </span>
     <span class='ocr_line' id='line_1_40' title="bbox 267 2489 1000 2545; baseline -0.005 -11"><span class='ocrx_word' id='word_1_146' title='bbox 267 2505 360 2543; x_wconf 92' lang='lat' dir='ltr'>eus,</span> <span class='ocrx_word' id='word_1_147' title='bbox 393 2492 466 2545; x_wconf 93' lang='lat' dir='ltr'>qui</span> <span class='ocrx_word' id='word_1_148' title='bbox 486 2492 598 2533; x_wconf 89' lang='lat' dir='ltr'>inter</span> <span class='ocrx_word' id='word_1_149' title='bbox 622 2492 768 2532; x_wconf 89' lang='lat' dir='ltr'>cetera</span> <span class='ocrx_word' id='word_1_150' title='bbox 790 2489 1000 2542; x_wconf 85' lang='lat' dir='ltr'>potentiae</span> 
     </span>
    </p>
   </div>
   <div class='ocr_carea' id='block_1_6' title="bbox 284 2547 1099 2597">
    <p class='ocr_par' dir='ltr' id='par_1_14' title="bbox 284 2547 1099 2597">
     <span class='ocr_line' id='line_1_41' title="bbox 284 2547 1099 2597; baseline -0.005 -7"><span class='ocrx_word' id='word_1_151' title='bbox 284 2553 372 2590; x_wconf 86' lang='lat' dir='ltr'>tuae</span> <span class='ocrx_word' id='word_1_152' title='bbox 399 2547 622 2597; x_wconf 78' lang='lat' dir='ltr'>miracula,</span> <span class='ocrx_word' id='word_1_153' title='bbox 660 2547 790 2588; x_wconf 88' lang='lat' dir='ltr'>etiam</span> <span class='ocrx_word' id='word_1_154' title='bbox 822 2547 867 2587; x_wconf 89' lang='lat' dir='ltr'>in</span> <span class='ocrx_word' id='word_1_155' title='bbox 894 2558 1001 2587; x_wconf 91' lang='lat' dir='ltr'>sexu</span> <span class='ocrx_word' id='word_1_156' title='bbox 1064 2548 1066 2553; x_wconf 85' lang='lat'>&#39;</span> <span class='ocrx_word' id='word_1_157' title='bbox 1088 2548 1099 2559; x_wconf 51' lang='lat'><em>*</em></span> 
     </span>
    </p>
   </div>
   <div class='ocr_carea' id='block_1_7' title="bbox 182 2601 1002 2769">
    <p class='ocr_par' dir='ltr' id='par_1_15' title="bbox 182 2601 1002 2769">
     <span class='ocr_line' id='line_1_42' title="bbox 182 2601 1000 2655; baseline -0.004 -9"><span class='ocrx_word' id='word_1_158' title='bbox 182 2604 324 2655; x_wconf 77' lang='lat' dir='ltr'>fragili</span> <span class='ocrx_word' id='word_1_159' title='bbox 345 2604 575 2646; x_wconf 75' lang='lat' dir='ltr'>victeriam</span> <span class='ocrx_word' id='word_1_160' title='bbox 600 2603 796 2655; x_wconf 76' lang='lat' dir='ltr'>martyrii</span> <span class='ocrx_word' id='word_1_161' title='bbox 822 2601 1000 2644; x_wconf 90' lang='lat' dir='ltr'>contuli-</span> 
     </span>
     <span class='ocr_line' id='line_1_43' title="bbox 184 2658 1001 2713; baseline -0.001 -12"><span class='ocrx_word' id='word_1_162' title='bbox 184 2660 254 2701; x_wconf 90' lang='lat' dir='ltr'>sti:</span> <span class='ocrx_word' id='word_1_163' title='bbox 284 2661 476 2703; x_wconf 90' lang='lat' dir='ltr'>concede</span> <span class='ocrx_word' id='word_1_164' title='bbox 498 2660 730 2713; x_wconf 78' lang='lat' dir='ltr'>propitius3</span> <span class='ocrx_word' id='word_1_165' title='bbox 759 2663 807 2700; x_wconf 94' lang='lat' dir='ltr'>ut</span> <span class='ocrx_word' id='word_1_166' title='bbox 831 2658 905 2710; x_wconf 93' lang='lat' dir='ltr'>qui</span> <span class='ocrx_word' id='word_1_167' title='bbox 929 2658 1001 2700; x_wconf 91' lang='lat' dir='ltr'>be-</span> 
     </span>
     <span class='ocr_line' id='line_1_44' title="bbox 183 2712 1002 2769; baseline -0.004 -11"><span class='ocrx_word' id='word_1_168' title='bbox 183 2718 268 2758; x_wconf 80' lang='lat' dir='ltr'>atae</span> <span class='ocrx_word' id='word_1_169' title='bbox 285 2712 337 2753; x_wconf 83' lang='lat' dir='ltr'>N·</span> <span class='ocrx_word' id='word_1_170' title='bbox 359 2716 565 2769; x_wconf 77' lang='lat' dir='ltr'>Martyris</span> <span class='ocrx_word' id='word_1_171' title='bbox 583 2721 672 2758; x_wconf 89' lang='lat' dir='ltr'>tuae</span> <span class='ocrx_word' id='word_1_172' title='bbox 690 2715 884 2757; x_wconf 87' lang='lat' dir='ltr'>natalitia</span> <span class='ocrx_word' id='word_1_173' title='bbox 902 2714 1002 2756; x_wconf 82' lang='lat' dir='ltr'>coli-</span> 
     </span>
    </p>
   </div>
   <div class='ocr_carea' id='block_1_8' title="bbox 338 2858 584 2885">
    <p class='ocr_par' dir='ltr' id='par_1_16' title="bbox 338 2858 584 2885">
     <span class='ocr_line' id='line_1_45' title="bbox 338 2858 584 2885; baseline 0.004 -1"><span class='ocrx_word' id='word_1_174' title='bbox 338 2858 401 2884; x_wconf 78' lang='lat' dir='ltr'>Pars</span> <span class='ocrx_word' id='word_1_175' title='bbox 417 2859 584 2885; x_wconf 83' lang='lat' dir='ltr'>Autumnalis.</span> 
     </span>
    </p>
   </div>
   <div class='ocr_carea' id='block_1_9' title="bbox 1047 2434 1179 2580">
    <p class='ocr_par' dir='ltr' id='par_1_17' title="bbox 1047 2434 1179 2580">
     <span class='ocr_line' id='line_1_46' title="bbox 1047 2434 1179 2580; baseline 0 364"><span class='ocrx_word' id='word_1_176' title='bbox 1047 2434 1179 2580; x_wconf 95' lang='lat' dir='ltr'> </span> 
     </span>
    </p>
   </div>
   <div class='ocr_carea' id='block_1_10' title="bbox 1040 299 1861 397">
    <p class='ocr_par' dir='ltr' id='par_1_18' title="bbox 1040 299 1861 397">
     <span class='ocr_line' id='line_1_47' title="bbox 1040 299 1861 351; baseline -0.001 -12"><span class='ocrx_word' id='word_1_177' title='bbox 1040 311 1154 349; x_wconf 90' lang='lat' dir='ltr'>mus,</span> <span class='ocrx_word' id='word_1_178' title='bbox 1181 311 1261 351; x_wconf 90' lang='lat' dir='ltr'>per</span> <span class='ocrx_word' id='word_1_179' title='bbox 1287 300 1376 351; x_wconf 90' lang='lat' dir='ltr'>ejus</span> <span class='ocrx_word' id='word_1_180' title='bbox 1400 299 1456 341; x_wconf 88' lang='lat' dir='ltr'>ad</span> <span class='ocrx_word' id='word_1_181' title='bbox 1478 304 1522 341; x_wconf 95' lang='lat' dir='ltr'>te</span> <span class='ocrx_word' id='word_1_182' title='bbox 1546 299 1746 351; x_wconf 87' lang='lat' dir='ltr'>exempla</span> <span class='ocrx_word' id='word_1_183' title='bbox 1769 311 1861 350; x_wconf 89' lang='lat' dir='ltr'>gra-</span> 
     </span>
     <span class='ocr_line' id='line_1_48' title="bbox 1042 354 1606 397; baseline 0 -1"><span class='ocrx_word' id='word_1_184' title='bbox 1042 354 1221 396; x_wconf 76' lang='lat' dir='ltr'>diamur.</span> <span class='ocrx_word' id='word_1_185' title='bbox 1256 355 1341 397; x_wconf 91' lang='lat' dir='ltr'>Per</span> <span class='ocrx_word' id='word_1_186' title='bbox 1359 356 1606 397; x_wconf 84' lang='lat' dir='ltr'>Dominum.</span> 
     </span>
    </p>
   </div>
   <div class='ocr_carea' id='block_1_11' title="bbox 1042 418 1866 1038">
    <p class='ocr_par' dir='ltr' id='par_1_19' title="bbox 1042 418 1866 1038">
     <span class='ocr_line' id='line_1_49' title="bbox 1062 418 1846 472; baseline -0.006 -11"><span class='ocrx_word' id='word_1_187' title='bbox 1062 421 1148 461; x_wconf 88' lang='lat' dir='ltr'>Pro</span> <span class='ocrx_word' id='word_1_188' title='bbox 1168 419 1363 472; x_wconf 91' lang='lat' dir='ltr'>pluribus</span> <span class='ocrx_word' id='word_1_189' title='bbox 1386 418 1649 469; x_wconf 86' lang='lat' dir='ltr'>Martyribus</span> <span class='ocrx_word' id='word_1_190' title='bbox 1667 423 1846 458; x_wconf 89' lang='lat' dir='ltr'>tantum.</span> 
     </span>
     <span class='ocr_line' id='line_1_50' title="bbox 1379 479 1541 520; baseline -0.012 0"><span class='ocrx_word' id='word_1_191' title='bbox 1379 479 1541 520; x_wconf 89' lang='lat' dir='ltr'>Oratio.</span> 
     </span>
     <span class='ocr_line' id='line_1_51' title="bbox 1131 540 1863 593; baseline -0.004 -10"><span class='ocrx_word' id='word_1_192' title='bbox 1131 554 1156 583; x_wconf 84' lang='lat' dir='ltr'>a</span> <span class='ocrx_word' id='word_1_193' title='bbox 1192 541 1335 592; x_wconf 90' lang='lat' dir='ltr'>nobis,</span> <span class='ocrx_word' id='word_1_194' title='bbox 1388 542 1637 593; x_wconf 74' lang='lat' dir='ltr'>quaesumus</span> <span class='ocrx_word' id='word_1_195' title='bbox 1675 540 1863 581; x_wconf 84' lang='lat' dir='ltr'>Domine</span> 
     </span>
     <span class='ocr_line' id='line_1_52' title="bbox 1147 596 1864 648; baseline -0.004 -9"><span class='ocrx_word' id='word_1_196' title='bbox 1147 599 1267 640; x_wconf 93' lang='lat' dir='ltr'>Deus</span> <span class='ocrx_word' id='word_1_197' title='bbox 1290 602 1458 648; x_wconf 90' lang='lat' dir='ltr'>noster,</span> <span class='ocrx_word' id='word_1_198' title='bbox 1486 599 1735 638; x_wconf 80' lang='lat' dir='ltr'>sanctarum</span> <span class='ocrx_word' id='word_1_199' title='bbox 1752 596 1864 637; x_wconf 77' lang='lat' dir='ltr'>Mar-</span> 
     </span>
     <span class='ocr_line' id='line_1_53' title="bbox 1042 653 1863 707; baseline -0.004 -11"><span class='ocrx_word' id='word_1_200' title='bbox 1042 660 1187 707; x_wconf 90' lang='lat' dir='ltr'>tyrum</span> <span class='ocrx_word' id='word_1_201' title='bbox 1211 657 1384 697; x_wconf 78' lang='lat' dir='ltr'>tuarum</span> <span class='ocrx_word' id='word_1_202' title='bbox 1408 654 1459 694; x_wconf 90' lang='lat' dir='ltr'>N.</span> <span class='ocrx_word' id='word_1_203' title='bbox 1479 658 1522 696; x_wconf 94' lang='lat' dir='ltr'>et</span> <span class='ocrx_word' id='word_1_204' title='bbox 1548 653 1780 706; x_wconf 88' lang='lat' dir='ltr'>N.palmas</span> <span class='ocrx_word' id='word_1_205' title='bbox 1804 653 1863 693; x_wconf 91' lang='lat' dir='ltr'>in-</span> 
     </span>
     <span class='ocr_line' id='line_1_54' title="bbox 1044 709 1866 753; baseline -0.005 0"><span class='ocrx_word' id='word_1_206' title='bbox 1044 710 1244 753; x_wconf 79' lang='lat' dir='ltr'>cessabili</span> <span class='ocrx_word' id='word_1_207' title='bbox 1287 710 1521 752; x_wconf 82' lang='lat' dir='ltr'>devotione</span> <span class='ocrx_word' id='word_1_208' title='bbox 1562 709 1775 751; x_wconf 76' lang='lat' dir='ltr'>venerari:</span> <span class='ocrx_word' id='word_1_209' title='bbox 1818 713 1866 750; x_wconf 91' lang='lat' dir='ltr'>ut</span> 
     </span>
     <span class='ocr_line' id='line_1_55' title="bbox 1046 767 1865 820; baseline -0.004 -11"><span class='ocrx_word' id='word_1_210' title='bbox 1046 780 1154 820; x_wconf 91' lang='lat' dir='ltr'>quas</span> <span class='ocrx_word' id='word_1_211' title='bbox 1185 767 1314 818; x_wconf 88' lang='lat' dir='ltr'>digna</span> <span class='ocrx_word' id='word_1_212' title='bbox 1345 771 1490 808; x_wconf 91' lang='lat' dir='ltr'>mente</span> <span class='ocrx_word' id='word_1_213' title='bbox 1518 779 1605 808; x_wconf 90' lang='lat' dir='ltr'>non</span> <span class='ocrx_word' id='word_1_214' title='bbox 1632 768 1865 819; x_wconf 81' lang='lat' dir='ltr'>pessumus</span> 
     </span>
     <span class='ocr_line' id='line_1_56' title="bbox 1044 822 1865 874; baseline -0.004 -9"><span class='ocrx_word' id='word_1_215' title='bbox 1044 823 1283 874; x_wconf 83' lang='lat' dir='ltr'>celebrare,</span> <span class='ocrx_word' id='word_1_216' title='bbox 1323 822 1558 865; x_wconf 88' lang='lat' dir='ltr'>humilibus</span> <span class='ocrx_word' id='word_1_217' title='bbox 1595 822 1750 864; x_wconf 88' lang='lat' dir='ltr'>saltem</span> <span class='ocrx_word' id='word_1_218' title='bbox 1786 822 1865 863; x_wconf 85' lang='lat' dir='ltr'>fre-</span> 
     </span>
     <span class='ocr_line' id='line_1_57' title="bbox 1045 879 1808 932; baseline -0.004 -10"><span class='ocrx_word' id='word_1_219' title='bbox 1045 882 1301 932; x_wconf 88' lang='lat' dir='ltr'>quentemus</span> <span class='ocrx_word' id='word_1_220' title='bbox 1321 879 1553 932; x_wconf 89' lang='lat' dir='ltr'>obsequiis.</span> <span class='ocrx_word' id='word_1_221' title='bbox 1579 879 1664 920; x_wconf 91' lang='lat' dir='ltr'>Per</span> <span class='ocrx_word' id='word_1_222' title='bbox 1682 879 1808 919; x_wconf 79' lang='lat' dir='ltr'>Dfim.</span> 
     </span>
     <span class='ocr_line' id='line_1_58' title="bbox 1096 936 1814 987; baseline -0.008 -8"><span class='ocrx_word' id='word_1_223' title='bbox 1096 939 1182 979; x_wconf 82' lang='lat' dir='ltr'>Pro</span> <span class='ocrx_word' id='word_1_224' title='bbox 1207 951 1287 979; x_wconf 91' lang='lat' dir='ltr'>nec</span> <span class='ocrx_word' id='word_1_225' title='bbox 1305 938 1485 987; x_wconf 84' lang='lat' dir='ltr'>Virgine</span> <span class='ocrx_word' id='word_1_226' title='bbox 1510 948 1589 977; x_wconf 90' lang='lat' dir='ltr'>nec</span> <span class='ocrx_word' id='word_1_227' title='bbox 1614 936 1814 985; x_wconf 75' lang='lat' dir='ltr'>Martyre.</span> 
     </span>
     <span class='ocr_line' id='line_1_59' title="bbox 1374 997 1537 1038; baseline -0.006 0"><span class='ocrx_word' id='word_1_228' title='bbox 1374 997 1537 1038; x_wconf 86' lang='lat' dir='ltr'>Oratio.</span> 
     </span>
    </p>
   </div>
   <div class='ocr_carea' id='block_1_12' title="bbox 1045 1054 1866 1226">
    <p class='ocr_par' dir='ltr' id='par_1_20' title="bbox 1045 1054 1866 1226">
     <span class='ocr_line' id='line_1_60' title="bbox 1045 1054 1865 1160; baseline -0.004 -56"><span class='ocrx_word' id='word_1_229' title='bbox 1045 1054 1259 1160; x_wconf 80' lang='lat' dir='ltr'>Exaudi</span> <span class='ocrx_word' id='word_1_230' title='bbox 1292 1075 1371 1103; x_wconf 92' lang='lat' dir='ltr'>nos</span> <span class='ocrx_word' id='word_1_231' title='bbox 1403 1062 1523 1103; x_wconf 94' lang='lat' dir='ltr'>Deus</span> <span class='ocrx_word' id='word_1_232' title='bbox 1556 1060 1760 1102; x_wconf 77' lang='lat' dir='ltr'>salutaris</span> <span class='ocrx_word' id='word_1_233' title='bbox 1791 1073 1865 1102; x_wconf 93' lang='lat' dir='ltr'>no-</span> 
     </span>
     <span class='ocr_line' id='line_1_61' title="bbox 1141 1112 1866 1161; baseline -0.003 -1"><span class='ocrx_word' id='word_1_234' title='bbox 1141 1124 1246 1161; x_wconf 87' lang='lat' dir='ltr'>ster:</span> <span class='ocrx_word' id='word_1_235' title='bbox 1273 1123 1321 1160; x_wconf 93' lang='lat' dir='ltr'>ut</span> <span class='ocrx_word' id='word_1_236' title='bbox 1348 1118 1461 1159; x_wconf 91' lang='lat' dir='ltr'>sicut</span> <span class='ocrx_word' id='word_1_237' title='bbox 1489 1117 1544 1159; x_wconf 94' lang='lat' dir='ltr'>de</span> <span class='ocrx_word' id='word_1_238' title='bbox 1570 1117 1714 1159; x_wconf 77' lang='lat' dir='ltr'>beatae</span> <span class='ocrx_word' id='word_1_239' title='bbox 1732 1112 1782 1152; x_wconf 82' lang='lat' dir='ltr'>N·</span> <span class='ocrx_word' id='word_1_240' title='bbox 1809 1117 1866 1158; x_wconf 89' lang='lat' dir='ltr'>fe-</span> 
     </span>
     <span class='ocr_line' id='line_1_62' title="bbox 1046 1173 1866 1226; baseline -0.004 -9"><span class='ocrx_word' id='word_1_241' title='bbox 1046 1176 1238 1218; x_wconf 82' lang='lat' dir='ltr'>stivitate</span> <span class='ocrx_word' id='word_1_242' title='bbox 1257 1174 1510 1226; x_wconf 79' lang='lat' dir='ltr'>gaudemus3</span> <span class='ocrx_word' id='word_1_243' title='bbox 1539 1174 1600 1215; x_wconf 89' lang='lat' dir='ltr'>ita</span> <span class='ocrx_word' id='word_1_244' title='bbox 1624 1174 1711 1226; x_wconf 83' lang='lat' dir='ltr'>piae</span> <span class='ocrx_word' id='word_1_245' title='bbox 1737 1173 1866 1215; x_wconf 87' lang='lat' dir='ltr'>devo-</span> 
     </span>
    </p>
   </div>
   <div class='ocr_carea' id='block_1_13' title="bbox 1045 1229 1918 1274">
    <p class='ocr_par' dir='ltr' id='par_1_21' title="bbox 1045 1229 1918 1274">
     <span class='ocr_line' id='line_1_63' title="bbox 1045 1229 1918 1274; baseline -0.003 -1"><span class='ocrx_word' id='word_1_246' title='bbox 1045 1232 1176 1274; x_wconf 85' lang='lat' dir='ltr'>tionis</span> <span class='ocrx_word' id='word_1_247' title='bbox 1201 1231 1447 1273; x_wconf 78' lang='lat' dir='ltr'>erudiamur</span> <span class='ocrx_word' id='word_1_248' title='bbox 1470 1230 1638 1271; x_wconf 86' lang='lat' dir='ltr'>affectu.</span> <span class='ocrx_word' id='word_1_249' title='bbox 1673 1229 1757 1271; x_wconf 91' lang='lat' dir='ltr'>Per</span> <span class='ocrx_word' id='word_1_250' title='bbox 1779 1230 1866 1270; x_wconf 82' lang='lat' dir='ltr'>Do-</span> <span class='ocrx_word' id='word_1_251' title='bbox 1916 1244 1918 1246; x_wconf 67' lang='grc'>’</span> 
     </span>
    </p>
   </div>
   <div class='ocr_carea' id='block_1_14' title="bbox 1045 1289 1436 1329">
    <p class='ocr_par' dir='ltr' id='par_1_22' title="bbox 1045 1289 1436 1329">
     <span class='ocr_line' id='line_1_64' title="bbox 1045 1289 1436 1329; baseline -0.003 0"><span class='ocrx_word' id='word_1_252' title='bbox 1045 1289 1210 1329; x_wconf 90' lang='lat' dir='ltr'>minum</span> <span class='ocrx_word' id='word_1_253' title='bbox 1227 1292 1436 1329; x_wconf 89' lang='lat' dir='ltr'>nostrum.</span> 
     </span>
    </p>
   </div>
   <div class='ocr_carea' id='block_1_15' title="bbox 1205 1368 1712 1410">
    <p class='ocr_par' dir='ltr' id='par_1_23' title="bbox 1205 1368 1712 1410">
     <span class='ocr_line' id='line_1_65' title="bbox 1205 1368 1712 1410; baseline -0.004 0"><span class='ocrx_word' id='word_1_254' title='bbox 1205 1369 1292 1410; x_wconf 85' lang='lat' dir='ltr'>Ad.</span> <span class='ocrx_word' id='word_1_255' title='bbox 1327 1368 1712 1410; x_wconf 80' lang='lat' dir='ltr'>Matutinum.</span> 
     </span>
    </p>
   </div>
   <div class='ocr_carea' id='block_1_16' title="bbox 1047 1429 1867 1930">
    <p class='ocr_par' dir='ltr' id='par_1_24' title="bbox 1047 1429 1867 1930">
     <span class='ocr_line' id='line_1_66' title="bbox 1100 1429 1867 1472; baseline 0 -4"><span class='ocrx_word' id='word_1_256' title='bbox 1100 1429 1272 1470; x_wconf 85' lang='lat' dir='ltr'>Invitat.</span> <span class='ocrx_word' id='word_1_257' title='bbox 1317 1429 1564 1472; x_wconf 87' lang='lat' dir='ltr'>Laudemus</span> <span class='ocrx_word' id='word_1_258' title='bbox 1606 1430 1750 1471; x_wconf 89' lang='lat' dir='ltr'>Deum</span> <span class='ocrx_word' id='word_1_259' title='bbox 1793 1440 1867 1469; x_wconf 93' lang='lat' dir='ltr'>no-</span> 
     </span>
     <span class='ocr_line' id='line_1_67' title="bbox 1047 1483 1840 1537; baseline -0.006 -9"><span class='ocrx_word' id='word_1_260' title='bbox 1047 1491 1198 1537; x_wconf 85' lang='lat' dir='ltr'>strum,</span> <span class='ocrx_word' id='word_1_261' title='bbox 1220 1487 1243 1511; x_wconf 91' lang='lat'>*</span> <span class='ocrx_word' id='word_1_262' title='bbox 1261 1487 1312 1527; x_wconf 92' lang='lat' dir='ltr'>In</span> <span class='ocrx_word' id='word_1_263' title='bbox 1332 1487 1605 1528; x_wconf 81' lang='lat' dir='ltr'>confessione</span> <span class='ocrx_word' id='word_1_264' title='bbox 1623 1485 1768 1528; x_wconf 77' lang='lat' dir='ltr'>beatae</span> <span class='ocrx_word' id='word_1_265' title='bbox 1790 1483 1840 1523; x_wconf 91' lang='lat' dir='ltr'>N.</span> 
     </span>
     <span class='ocr_line' id='line_1_68' title="bbox 1100 1539 1714 1593; baseline 0.007 -14"><span class='ocrx_word' id='word_1_266' title='bbox 1100 1539 1167 1580; x_wconf 89' lang='lat' dir='ltr'>Ps.</span> <span class='ocrx_word' id='word_1_267' title='bbox 1199 1540 1361 1593; x_wconf 86' lang='lat' dir='ltr'>Venite,</span> <span class='ocrx_word' id='word_1_268' title='bbox 1382 1543 1659 1584; x_wconf 87' lang='lat' dir='ltr'>exsultemus.</span> <span class='ocrx_word' id='word_1_269' title='bbox 1678 1542 1714 1583; x_wconf 88' lang='grc'>2.</span> 
     </span>
     <span class='ocr_line' id='line_1_69' title="bbox 1353 1603 1563 1655; baseline 0 -11"><span class='ocrx_word' id='word_1_270' title='bbox 1353 1603 1563 1655; x_wconf 91' lang='lat' dir='ltr'>Hymnus.</span> 
     </span>
     <span class='ocr_line' id='line_1_70' title="bbox 1140 1661 1799 1716; baseline -0.005 -11"><span class='ocrx_word' id='word_1_271' title='bbox 1140 1665 1235 1716; x_wconf 89' lang='lat' dir='ltr'>ujus</span> <span class='ocrx_word' id='word_1_272' title='bbox 1255 1665 1382 1705; x_wconf 80' lang='lat' dir='ltr'>oratu</span> <span class='ocrx_word' id='word_1_273' title='bbox 1401 1664 1521 1704; x_wconf 92' lang='lat' dir='ltr'>Deus</span> <span class='ocrx_word' id='word_1_274' title='bbox 1540 1662 1653 1704; x_wconf 88' lang='lat' dir='ltr'>alme</span> <span class='ocrx_word' id='word_1_275' title='bbox 1671 1661 1799 1703; x_wconf 92' lang='lat' dir='ltr'>nobis</span> 
     </span>
     <span class='ocr_line' id='line_1_71' title="bbox 1162 1718 1867 1772; baseline -0.004 -11"><span class='ocrx_word' id='word_1_276' title='bbox 1162 1719 1345 1761; x_wconf 86' lang='lat' dir='ltr'>Debitas</span> <span class='ocrx_word' id='word_1_277' title='bbox 1377 1732 1531 1772; x_wconf 87' lang='lat' dir='ltr'>poenas</span> <span class='ocrx_word' id='word_1_278' title='bbox 1563 1718 1776 1760; x_wconf 88' lang='lat' dir='ltr'>scelerum</span> <span class='ocrx_word' id='word_1_279' title='bbox 1803 1730 1867 1759; x_wconf 91' lang='lat' dir='ltr'>re-</span> 
     </span>
     <span class='ocr_line' id='line_1_72' title="bbox 1252 1778 1391 1817; baseline 0.007 -1"><span class='ocrx_word' id='word_1_280' title='bbox 1252 1778 1391 1817; x_wconf 82' lang='lat' dir='ltr'>mitte:</span> 
     </span>
     <span class='ocr_line' id='line_1_73' title="bbox 1099 1830 1843 1885; baseline -0.005 -11"><span class='ocrx_word' id='word_1_281' title='bbox 1099 1832 1158 1874; x_wconf 90' lang='lat' dir='ltr'>Ut</span> <span class='ocrx_word' id='word_1_282' title='bbox 1176 1831 1258 1873; x_wconf 91' lang='lat' dir='ltr'>tibi</span> <span class='ocrx_word' id='word_1_283' title='bbox 1275 1845 1387 1885; x_wconf 87' lang='lat' dir='ltr'>puro</span> <span class='ocrx_word' id='word_1_284' title='bbox 1407 1833 1662 1874; x_wconf 91' lang='lat' dir='ltr'>resonemus</span> <span class='ocrx_word' id='word_1_285' title='bbox 1681 1830 1843 1871; x_wconf 91' lang='lat' dir='ltr'>almum</span> 
     </span>
     <span class='ocr_line' id='line_1_74' title="bbox 1149 1889 1538 1930; baseline -0.003 0"><span class='ocrx_word' id='word_1_286' title='bbox 1149 1889 1335 1930; x_wconf 85' lang='lat' dir='ltr'>Pectore</span> <span class='ocrx_word' id='word_1_287' title='bbox 1354 1901 1538 1930; x_wconf 89' lang='lat' dir='ltr'>carmen.</span> 
     </span>
    </p>
   </div>
   <div class='ocr_carea' id='block_1_17' title="bbox 1052 1951 1871 2175">
    <p class='ocr_par' dir='ltr' id='par_1_25' title="bbox 1052 1951 1871 2119">
     <span class='ocr_line' id='line_1_75' title="bbox 1052 1951 1826 2005; baseline -0.003 -11"><span class='ocrx_word' id='word_1_288' title='bbox 1052 1952 1115 1995; x_wconf 92' lang='lat' dir='ltr'>Sit</span> <span class='ocrx_word' id='word_1_289' title='bbox 1134 1953 1268 1995; x_wconf 88' lang='lat' dir='ltr'>decus</span> <span class='ocrx_word' id='word_1_290' title='bbox 1285 1954 1416 2004; x_wconf 89' lang='lat' dir='ltr'>Patri,</span> <span class='ocrx_word' id='word_1_291' title='bbox 1434 1953 1679 2005; x_wconf 69' lang='lat' dir='ltr'>genitaeque</span> <span class='ocrx_word' id='word_1_292' title='bbox 1695 1951 1826 2001; x_wconf 88' lang='lat' dir='ltr'>Proli,</span> 
     </span>
     <span class='ocr_line' id='line_1_76' title="bbox 1099 2008 1868 2062; baseline 0 -11"><span class='ocrx_word' id='word_1_293' title='bbox 1099 2010 1156 2051; x_wconf 90' lang='lat' dir='ltr'>Et</span> <span class='ocrx_word' id='word_1_294' title='bbox 1179 2008 1261 2052; x_wconf 92' lang='lat' dir='ltr'>tibi</span> <span class='ocrx_word' id='word_1_295' title='bbox 1283 2022 1462 2062; x_wconf 87' lang='lat' dir='ltr'>compar</span> <span class='ocrx_word' id='word_1_296' title='bbox 1481 2009 1708 2061; x_wconf 90' lang='lat' dir='ltr'>utriusque</span> <span class='ocrx_word' id='word_1_297' title='bbox 1730 2008 1868 2051; x_wconf 83' lang='lat' dir='ltr'>virtus</span> 
     </span>
     <span class='ocr_line' id='line_1_77' title="bbox 1100 2063 1871 2119; baseline -0.004 -12"><span class='ocrx_word' id='word_1_298' title='bbox 1100 2066 1288 2119; x_wconf 92' lang='lat' dir='ltr'>Spiritus</span> <span class='ocrx_word' id='word_1_299' title='bbox 1302 2079 1485 2119; x_wconf 90' lang='lat' dir='ltr'>semper,</span> <span class='ocrx_word' id='word_1_300' title='bbox 1499 2066 1619 2108; x_wconf 91' lang='lat' dir='ltr'>Deus</span> <span class='ocrx_word' id='word_1_301' title='bbox 1632 2077 1742 2107; x_wconf 90' lang='lat' dir='ltr'>unus</span> <span class='ocrx_word' id='word_1_302' title='bbox 1754 2063 1871 2105; x_wconf 90' lang='lat' dir='ltr'>omni</span> 
     </span>
    </p>

    <p class='ocr_par' dir='ltr' id='par_1_26' title="bbox 1153 2122 1700 2175">
     <span class='ocr_line' id='line_1_78' title="bbox 1153 2122 1700 2175; baseline -0.002 -12"><span class='ocrx_word' id='word_1_303' title='bbox 1153 2122 1384 2175; x_wconf 90' lang='lat' dir='ltr'>Temporis</span> <span class='ocrx_word' id='word_1_304' title='bbox 1404 2135 1512 2164; x_wconf 86' lang='lat' dir='ltr'>aevo.</span> <span class='ocrx_word' id='word_1_305' title='bbox 1548 2122 1700 2163; x_wconf 90' lang='lat' dir='ltr'>Amen.</span> 
     </span>
    </p>
   </div>
   <div class='ocr_carea' id='block_1_18' title="bbox 1292 2194 1632 2235">
    <p class='ocr_par' dir='ltr' id='par_1_27' title="bbox 1292 2194 1632 2235">
     <span class='ocr_line' id='line_1_79' title="bbox 1292 2194 1632 2235; baseline -0.009 0"><span class='ocrx_word' id='word_1_306' title='bbox 1292 2196 1341 2235; x_wconf 91' lang='lat' dir='ltr'>In</span> <span class='ocrx_word' id='word_1_307' title='bbox 1360 2195 1390 2234; x_wconf 93' lang='lat' dir='ltr'>I.</span> <span class='ocrx_word' id='word_1_308' title='bbox 1411 2194 1632 2233; x_wconf 75' lang='lat' dir='ltr'>Nocturno.</span> 
     </span>
    </p>
   </div>
   <div class='ocr_carea' id='block_1_19' title="bbox 1052 2258 1872 2757">
    <p class='ocr_par' dir='ltr' id='par_1_28' title="bbox 1105 2258 1870 2313">
     <span class='ocr_line' id='line_1_80' title="bbox 1105 2258 1870 2313; baseline 0.004 -14"><span class='ocrx_word' id='word_1_309' title='bbox 1105 2259 1204 2299; x_wconf 86' lang='lat' dir='ltr'>Ant.</span> <span class='ocrx_word' id='word_1_310' title='bbox 1238 2258 1275 2298; x_wconf 95' lang='lat' dir='ltr'>O</span> <span class='ocrx_word' id='word_1_311' title='bbox 1302 2274 1432 2313; x_wconf 86' lang='lat' dir='ltr'>quam</span> <span class='ocrx_word' id='word_1_312' title='bbox 1458 2260 1641 2313; x_wconf 85' lang='lat' dir='ltr'>pulchra</span> <span class='ocrx_word' id='word_1_313' title='bbox 1664 2260 1688 2286; x_wconf 85' lang='grc'>*</span> <span class='ocrx_word' id='word_1_314' title='bbox 1710 2265 1776 2302; x_wconf 89' lang='lat' dir='ltr'>est</span> <span class='ocrx_word' id='word_1_315' title='bbox 1804 2273 1870 2302; x_wconf 87' lang='lat' dir='ltr'>ca-</span> 
     </span>
    </p>

    <p class='ocr_par' dir='ltr' id='par_1_29' title="bbox 1052 2316 1709 2413">
     <span class='ocr_line' id='line_1_81' title="bbox 1052 2316 1709 2369; baseline -0.003 -10"><span class='ocrx_word' id='word_1_316' title='bbox 1052 2319 1120 2359; x_wconf 80' lang='lat' dir='ltr'>sta</span> <span class='ocrx_word' id='word_1_317' title='bbox 1137 2318 1360 2369; x_wconf 76' lang='lat' dir='ltr'>generatio</span> <span class='ocrx_word' id='word_1_318' title='bbox 1378 2330 1476 2359; x_wconf 91' lang='lat' dir='ltr'>cum</span> <span class='ocrx_word' id='word_1_319' title='bbox 1495 2316 1709 2359; x_wconf 80' lang='lat' dir='ltr'>claritate!</span> 
     </span>
     <span class='ocr_line' id='line_1_82' title="bbox 1332 2373 1587 2413; baseline -0.008 0"><span class='ocrx_word' id='word_1_320' title='bbox 1332 2373 1529 2413; x_wconf 88' lang='lat' dir='ltr'>Psalmus</span> <span class='ocrx_word' id='word_1_321' title='bbox 1551 2373 1587 2411; x_wconf 84' lang='lat'>8.</span> 
     </span>
    </p>

    <p class='ocr_par' dir='ltr' id='par_1_30' title="bbox 1052 2433 1872 2712">
     <span class='ocr_line' id='line_1_83' title="bbox 1058 2433 1872 2496; baseline -0.002 -20"><span class='ocrx_word' id='word_1_322' title='bbox 1058 2434 1325 2496; x_wconf 31' lang='grc' dir='ltr'>ῬΧ</span> <span class='ocrx_word' id='word_1_323' title='bbox 1373 2434 1586 2475; x_wconf 79' lang='lat' dir='ltr'>Dominus</span> <span class='ocrx_word' id='word_1_324' title='bbox 1636 2437 1804 2483; x_wconf 84' lang='lat' dir='ltr'>noster,</span> <span class='ocrx_word' id='word_1_325' title='bbox 1848 2433 1872 2459; x_wconf 92' lang='lat'>*</span> 
     </span>
     <span class='ocr_line' id='line_1_84' title="bbox 1064 2490 1871 2545; baseline -0.004 -13"><span class='ocrx_word' id='word_1_326' title='bbox 1064 2497 1065 2535; x_wconf 69' lang='grc' dir='ltr'>ἶ</span> <span class='ocrx_word' id='word_1_327' title='bbox 1087 2491 1151 2545; x_wconf 45' lang='lat' dir='ltr'>[QZ-[l</span> <span class='ocrx_word' id='word_1_328' title='bbox 1166 2514 1175 2545; x_wconf 48' lang='lat' dir='ltr'><em>s</em></span> <span class='ocrx_word' id='word_1_329' title='bbox 1199 2502 1329 2542; x_wconf 88' lang='lat' dir='ltr'>quam</span> <span class='ocrx_word' id='word_1_330' title='bbox 1353 2490 1609 2532; x_wconf 80' lang='lat' dir='ltr'>admirabile</span> <span class='ocrx_word' id='word_1_331' title='bbox 1629 2494 1695 2531; x_wconf 88' lang='lat' dir='ltr'>est</span> <span class='ocrx_word' id='word_1_332' title='bbox 1713 2501 1871 2531; x_wconf 91' lang='lat' dir='ltr'>nomen</span> 
     </span>
     <span class='ocr_line' id='line_1_85' title="bbox 1100 2545 1753 2588; baseline -0.002 -1"><span class='ocrx_word' id='word_1_333' title='bbox 1100 2545 1169 2571; x_wconf 96' lang='grc' dir='ltr'>Ξ</span> <span class='ocrx_word' id='word_1_334' title='bbox 1198 2551 1321 2587; x_wconf 90' lang='lat' dir='ltr'>tuum</span> <span class='ocrx_word' id='word_1_335' title='bbox 1339 2546 1383 2587; x_wconf 92' lang='lat' dir='ltr'>in</span> <span class='ocrx_word' id='word_1_336' title='bbox 1402 2547 1603 2588; x_wconf 87' lang='lat' dir='ltr'>universa</span> <span class='ocrx_word' id='word_1_337' title='bbox 1621 2545 1753 2588; x_wconf 84' lang='lat' dir='ltr'>terra!</span> 
     </span>
     <span class='ocr_line' id='line_1_86' title="bbox 1105 2601 1872 2653; baseline -0.004 -10"><span class='ocrx_word' id='word_1_338' title='bbox 1105 2603 1320 2652; x_wconf 80' lang='lat' dir='ltr'>Queniam</span> <span class='ocrx_word' id='word_1_339' title='bbox 1336 2602 1505 2644; x_wconf 79' lang='lat' dir='ltr'>elevata</span> <span class='ocrx_word' id='word_1_340' title='bbox 1521 2607 1588 2644; x_wconf 90' lang='lat' dir='ltr'>est</span> <span class='ocrx_word' id='word_1_341' title='bbox 1598 2601 1872 2653; x_wconf 87' lang='lat' dir='ltr'>magnificen-</span> 
     </span>
     <span class='ocr_line' id='line_1_87' title="bbox 1052 2658 1577 2712; baseline 0.002 -13"><span class='ocrx_word' id='word_1_342' title='bbox 1052 2658 1113 2700; x_wconf 85' lang='lat' dir='ltr'>tia</span> <span class='ocrx_word' id='word_1_343' title='bbox 1130 2663 1215 2708; x_wconf 86' lang='lat' dir='ltr'>tua,</span> <span class='ocrx_word' id='word_1_344' title='bbox 1234 2659 1258 2684; x_wconf 89' lang='grc'>*</span> <span class='ocrx_word' id='word_1_345' title='bbox 1277 2672 1410 2712; x_wconf 90' lang='lat' dir='ltr'>super</span> <span class='ocrx_word' id='word_1_346' title='bbox 1429 2659 1577 2701; x_wconf 87' lang='lat' dir='ltr'>coelos.</span> 
     </span>
    </p>

    <p class='ocr_par' dir='ltr' id='par_1_31' title="bbox 1105 2711 1872 2757">
     <span class='ocr_line' id='line_1_88' title="bbox 1105 2711 1872 2757; baseline -0.007 -1"><span class='ocrx_word' id='word_1_347' title='bbox 1105 2715 1171 2756; x_wconf 86' lang='lat' dir='ltr'>Ex</span> <span class='ocrx_word' id='word_1_348' title='bbox 1199 2727 1274 2757; x_wconf 90' lang='lat' dir='ltr'>ore</span> <span class='ocrx_word' id='word_1_349' title='bbox 1302 2715 1529 2757; x_wconf 79' lang='lat' dir='ltr'>infantium</span> <span class='ocrx_word' id='word_1_350' title='bbox 1555 2719 1598 2757; x_wconf 93' lang='lat' dir='ltr'>et</span> <span class='ocrx_word' id='word_1_351' title='bbox 1620 2711 1872 2756; x_wconf 88' lang='lat' dir='ltr'>lactentium</span> 
     </span>
    </p>
   </div>
   <div class='ocr_carea' id='block_1_20' title="bbox 94 140 1947 2813">
    <p class='ocr_par' dir='ltr' id='par_1_32' title="bbox 94 140 1947 2813">
     <span class='ocr_line' id='line_1_89' title="bbox 94 140 1947 2813; baseline 0 0"><span class='ocrx_word' id='word_1_352' title='bbox 94 140 1947 2813; x_wconf 95' lang='lat' dir='ltr'> </span> 
     </span>
    </p>
   </div>
  </div>
 </body>
</html>
