2040 2944
166 177 239 215 440

167 287 248 327 pra
271 273 482 314 verticem
506 271 733 320 montium,
759 275 803 312 et
826 269 1002 311 venient

169 330 226 372 ad
246 342 343 372 eam
363 340 516 369 omnes
536 327 714 368 Gentes.
738 327 807 368 Et.

480 402 629 442 Lectio
650 402 689 441 ii.

249 478 268 514 t
300 471 537 514 duodecim
569 474 732 523 portae,
765 468 1001 511 duodecim

280 530 532 579 margaritae
557 532 659 568 sunt
683 539 765 579 per
791 525 1002 576 singulas:

170 591 213 628 et
232 585 416 636 singulae
435 589 579 636 portae
602 587 727 625 erant
746 595 801 624 ex
820 581 1002 632 singulis

168 641 434 694 margaritis:
463 645 507 682 et
535 640 683 693 platea
711 638 901 680 civitatis
930 650 1000 679 au-

168 712 266 740 rum
303 696 535 747 mundum,
579 702 806 747 tamquam
842 695 1003 736 vitrum

168 753 456 808 perlucidum.
489 753 546 794 Et
568 751 783 805 templum
806 763 894 792 non
913 749 1003 792 vidi

168 813 212 852 in
238 824 300 853 ea.
337 810 554 851 Dominus
582 809 697 850 enim
720 809 842 849 Deus
867 809 998 848 omni-

168 873 329 921 potens
339 866 555 919 templum
565 865 681 906 illius
693 869 771 914 est,
785 868 828 905 et
839 863 1003 914 Agnus.

170 925 227 966 Et
260 924 415 965 civitas
449 935 538 963 non
576 926 676 973 eget
712 920 824 970 sole,
860 931 1004 971 neque

169 981 283 1029 luna,
306 985 354 1021 ut
377 979 554 1020 laceant
576 978 621 1018 in
644 990 707 1019 ea.
741 977 858 1018 Nam
881 975 1003 1017 clari-

169 1042 239 1079 tas
253 1037 339 1078 Dei
354 1034 615 1077 illuminavit
634 1047 743 1083 eam,
762 1038 806 1075 et
825 1033 1005 1074 lucerna

170 1095 261 1145 ejus
283 1097 351 1134 est
371 1092 536 1143 Agnus.

223 1161 274 1211 Rg.
304 1161 508 1203 Fundata
539 1164 607 1202 est
640 1159 799 1201 domus
826 1158 1006 1199 Domini

171 1231 307 1272 supra
330 1218 543 1259 verticem
568 1216 793 1266 montium,
819 1220 863 1257 et
891 1215 1005 1256 exal-

170 1277 264 1317 tata
290 1279 358 1325 est
384 1287 517 1326 super
544 1285 697 1314 omnes
723 1271 875 1313 colles:
898 1270 919 1292 *
949 1271 1006 1312 Et

171 1332 348 1373 venient
375 1330 433 1372 ad
459 1343 556 1372 eam
583 1341 736 1371 omnes
757 1328 936 1377 Gentes,
963 1332 1006 1369 et

172 1388 334 1430 dicent:
354 1387 507 1428 Gloria
525 1386 606 1428 tibi
620 1385 823 1426 Domine.
851 1377 899 1427 Y
919 1384 1006 1426 Ve-

171 1445 341 1485 nientes
366 1447 512 1484 autem
538 1441 715 1483 venient
740 1453 840 1482 cum
865 1439 1006 1481 exsul-

172 1501 349 1549 tatione,
369 1501 600 1553 portantes
619 1497 871 1550 manipulos
890 1509 1006 1538 suos.

172 1558 230 1599 Et
250 1557 437 1598 venient.

467 1615 620 1655 Lectio
641 1616 695 1655 iii.

253 1691 272 1728 t
295 1685 582 1728 ambulabunt
600 1690 755 1736 gentes
777 1684 823 1725 in
843 1683 1006 1724 lumine

295 1743 403 1794 ejus:
437 1746 481 1783 et
508 1754 635 1792 reges
661 1746 793 1783 terrae
822 1739 1007 1781 afferent

170 1800 357 1851 gloriam
371 1811 506 1847 suam,
527 1803 570 1839 et
587 1798 803 1839 honorem
817 1797 862 1837 in
876 1796 1006 1837 illam.

171 1857 229 1897 Et
247 1860 392 1908 portae
417 1856 510 1906 ejus
534 1867 623 1896 non
649 1853 909 1896 claudentur
926 1865 1007 1905 per

172 1912 304 1954 diem:
332 1924 422 1952 nox
449 1911 565 1952 em'm
590 1924 680 1952 non
707 1910 789 1952 erit
813 1909 913 1950 illic.
950 1910 1007 1950 Et

172 1968 358 2010 afferent
381 1967 577 2018 gloriam,
602 1972 647 2009 et
669 1967 886 2008 honorem
904 1967 1005 2017 gen-

171 2026 280 2066 tium
298 2025 342 2065 in
360 2024 490 2064 illam.
524 2024 627 2065 Non
645 2023 827 2065 intrabit
844 2023 889 2063 in
909 2035 1006 2064 eam

173 2079 356 2133 aliquod
381 2080 723 2132 coinquinatum,
747 2085 822 2121 aut
841 2078 1005 2120 abomi-

171 2138 394 2179 nationem
427 2137 609 2187 faciens,
642 2142 686 2178 et
717 2135 1006 2185 mendacium,

171 2195 254 2235 nisi
282 2194 357 2246 qui
382 2194 536 2247 scripti
561 2198 663 2235 sunt
690 2193 733 2233 in
760 2192 874 2234 libro
902 2192 1006 2233 vitae

173 2251 300 2301 Agni.

228 2311 277 2361 R.
294 2310 490 2352 Benedic
508 2310 710 2352 Domine.
729 2309 829 2362 [116]

409 2391 458 2429 In
477 2391 527 2429 ΙΙ.
547 2390 772 2430 Nocturno.

478 2458 629 2499 Lectio
650 2459 703 2498 iv.

189 2563 229 2579 ,
255 2539 319 2574 χχ
337 2525 448 2567 locis
472 2525 607 2566 sacris
632 2537 732 2577 quae
756 2525 862 2566 olim
886 2523 1006 2576 apud

215 2585 237 2635 §.2
251 2586 282 2633 '⁴:ss
310 2582 583 2623 Christianos
593 2581 921 2622 venerationem
933 2580 1005 2620 ha-

226 2633 258 2647 *
307 2638 511 2686 buerunt,
543 2637 617 2678 illa
649 2637 934 2678 celeberrima
963 2641 1006 2676 et

173 2694 527 2747 frequentissima
554 2694 746 2742 fuerunt,
777 2693 821 2733 in
849 2691 1007 2744 quibus

405 172 473 205 Die
503 172 552 204 18.
578 171 677 203 Nov.
724 170 765 202 In
791 169 924 203 Dedic.
950 169 1067 202 Basil.
1093 169 1149 202 ὃς.
1175 168 1312 211 Apost.
1336 167 1439 202 Petri
1465 172 1501 201 et
1525 167 1647 201 Pauli.

1054 268 1234 310 condita
1249 271 1502 311 sanctorum
1521 269 1720 320 corpora,
1735 265 1806 307 vel
1821 264 1888 306 ali-

1055 324 1177 377 quod
1191 325 1436 377 Martyrum
1450 323 1685 375 vestigium
1703 326 1779 363 aut
1796 333 1887 362 mo-

1054 383 1311 423 numentum
1339 386 1468 424 esset.
1509 381 1561 421 In
1593 391 1782 432 quorum
1811 379 1887 418 11ιὶ-

1053 450 1177 479 mero
1204 439 1459 479 sanctorum
1486 436 1703 485 locorum,
1731 434 1776 475 in
1802 432 1888 486 pri-

1054 494 1137 534 mis
1167 506 1342 547 semper
1370 493 1451 534 fuit
1477 491 1660 543 insignis
1688 503 1741 532 ea
1764 489 1897 532 Vati-¹

1055 550 1154 591 cani
1179 563 1294 603 pars,
1320 563 1453 602 quam
1475 547 1617 590 sancti
1635 546 1757 588 Petri
1776 546 1887 588 Con-

1055 606 1293 649 fessionem
1329 605 1624 659 appellabant.
1677 602 1795 644 Nam
1835 614 1888 644 eo

1056 662 1291 704 Christiani
1316 676 1370 704 ex
1391 661 1596 704 omnibus
1616 659 1738 702 orbis
1757 664 1889 701 terrae

1055 719 1269 772 partibuS,
1285 725 1512 771 tamquam
1526 717 1584 760 ad
1597 716 1700 758 fidei
1717 720 1890 769 petram

1057 781 1101 818 et
1126 776 1339 818 Ecclesiae
1371 775 1705 817 fundamentum
1735 783 1891 814 conve-

1055 832 1238 882 nientes,
1253 833 1402 874 locum
1415 831 1634 884 Principis
1650 827 1891 882 Apostolo-

1057 902 1154 930 rum
1169 889 1406 942 sepulchro
1426 889 1746 935 consecratum,
1766 889 1891 926 suffia

1057 945 1270 996 religione
1293 958 1346 987 ac
1370 945 1538 998 pietate
1557 941 1891 985 venerabantur.

1113 1018 1421 1069 1ἰν.Οτέιῐιῒ11>ιιε
1445 1018 1491 1059 in
1514 1017 1616 1059 loco
1640 1016 1743 1066 isto,
1771 1013 1793 1036 *
1817 1014 1891 1055 Di-

1056 1077 1182 1117 mitte
1206 1077 1393 1127 peccata
1417 1074 1575 1128 populi
1597 1072 1662 1115 tui
1687 1072 1824 1120 Deus,
1848 1075 1893 1112 et

1058 1131 1244 1174 ostende
1264 1132 1328 1173 eis
1342 1132 1459 1174 viam
1471 1131 1646 1180 bonam,
1663 1141 1745 1182 per
1761 1139 1893 1180 quam

1058 1188 1300 1238 ambulent,
1335 1194 1378 1230 et
1410 1188 1467 1230 da
1498 1187 1685 1238 gloriam
1714 1185 1759 1226 in
1790 1184 1891 1226 loco

1058 1245 1155 1287 isto.
1198 1238 1249 1290 V.
1279 1245 1364 1295 Qui
1391 1244 1508 1295 regis
1534 1242 1675 1284 Israel
1703 1239 1892 1290 intende,

1060 1302 1135 1354 qui
1171 1300 1354 1343 deducis
1391 1300 1514 1342 velut
1550 1311 1681 1341 ovem
1713 1298 1738 1339 J
1741 1295 1892 1349 oseph,

1060 1358 1135 1410 qui
1146 1357 1275 1400 sedes
1286 1370 1419 1411 super
1431 1355 1680 1398 Cherubim.
1696 1354 1892 1395 Dimitte.

1373 1432 1525 1474 Lectio
1546 1446 1582 1471 v.

1106 1509 1194 1551 lluc
1215 1510 1530 1551 Constantinus
1549 1508 1736 1560 Magnus
1755 1506 1892 1559 impe-

1123 1568 1246 1608 rator
1257 1567 1418 1607 octavo
1435 1565 1506 1607 die
1520 1569 1626 1618 post
1638 1564 1894 1615 susceptum

1058 1623 1329 1675 baptismum
1342 1622 1474 1671 venit,
1492 1621 1789 1674 depositoque
1804 1618 1893 1660 dia-

1060 1679 1250 1728 demate,
1278 1684 1322 1720 et
1339 1678 1461 1719 humi
1478 1679 1640 1730 jacens,
1662 1677 1752 1718 vim
1770 1675 1894 1717 lacri-

1059 1738 1231 1776 marum
1259 1734 1472 1788 profi'idit:
1504 1746 1611 1776 mox
1638 1737 1817 1785 sumpto
1844 1731 1892 1772 11-

1059 1794 1173 1843 gone
1198 1804 1250 1833 30
1273 1790 1465 1841 bidente,
1490 1795 1655 1832 terram
1680 1789 1808 1830 eruit:
1833 1790 1894 1829 in-

1060 1847 1205 1899 deque
1242 1846 1478 1889 duodecim
1515 1851 1647 1888 terrae
1679 1843 1894 1898 cophinis,

1058 1904 1240 1946 honoris
1256 1916 1389 1945 causa
1404 1902 1640 1945 duodecim
1653 1900 1892 1955 Apostolo-

1059 1974 1167 2011 rum,
1186 1960 1356 2010 ablatis‚
1376 1973 1428 2002 ac
1446 1960 1546 2001 loco
1561 1958 1758 2001 basilicae
1771 1958 1892 1999 Prin-

1060 2017 1171 2070 cipis
1197 2016 1521 2070 Apostolorum
1548 2014 1798 2066 designato,
1825 2026 1892 2055 ec-

1060 2073 1239 2115 clesiam
1263 2072 1512 2114 aedificavit.
1547 2072 1689 2122 Quam
1715 2074 1893 2112 sanctus

1059 2129 1271 2171 Silvester
1289 2130 1412 2181 Papa
1436 2128 1608 2170 decimo
1630 2131 1787 2181 quarto
1805 2126 1892 2167 Ka-

1059 2184 1214 2227 lendas
1241 2184 1520 2235 Decembris,
1553 2197 1606 2226 eo
1637 2182 1773 2225 modo
1806 2195 1893 2235 quo

1059 2242 1404 2283 Lateranensem
1456 2240 1689 2282 ecclesiam
1739 2239 1893 2291 quinto

1059 2298 1166 2340 Idus
1175 2297 1443 2339 Novembris
1459 2298 1805 2345 consecraverat,
1820 2294 1893 2336 de-

1060 2355 1239 2396 dicavit:
1271 2359 1315 2395 et
1346 2353 1391 2394 in
1423 2366 1476 2395 ea
1504 2353 1642 2394 altare
1668 2350 1894 2404 lapideum

1060 2411 1296 2452 chrismate
1315 2408 1560 2451 delibutum
1579 2408 1735 2457 erexit3
1760 2411 1894 2459 atque

1061 2480 1115 2509 ex
1143 2479 1196 2508 eo
1224 2467 1427 2518 tempore
1454 2464 1656 2515 sancivit,
1688 2476 1743 2505 ne
1776 2463 1894 2505 dein—

1061 2536 1167 2575 ceps
1192 2521 1349 2564 altaria
1371 2521 1455 2561 nisi
1479 2533 1534 2562 ex
1552 2519 1702 2572 lapide
1726 2520 1893 2561 fierent.

1060 2578 1186 2621 Idem
1221 2578 1378 2620 beatus
1415 2576 1626 2618 Silvester
1667 2576 1895 2617 basilicam

1062 2635 1202 2676 sancti
1228 2633 1353 2674 Pauli
1377 2632 1585 2684 Apostoli
1612 2633 1655 2672 in
1683 2633 1755 2673 via
1780 2631 1893 2673 Osti-

1061 2691 1156 2732 ensi
1179 2689 1236 2731 ab
1262 2688 1422 2730 eodem
1442 2688 1732 2730 Constantino
1758 2687 1893 2740 impe-
