2040 2944
765 189 1003 233 I'raeparatio

212 279 326 315 Fiant
355 290 468 315 aures
499 284 577 315 tuae
609 280 866 326 intendentes,
898 282 919 307 ²³³
948 282 989 317 in

160 340 298 366 vocem
321 329 607 374 deprecationis
630 341 738 366 meae.

212 379 254 415 Si
277 379 502 423 iniquitates
520 380 792 415 observaveris
808 380 988 416 Domine:

159 430 181 455 *
203 429 369 465 Domine
392 429 480 473 quis
505 430 730 465 sustinebit?

213 479 313 521 Quia
340 478 446 523 apud
472 483 510 514 te
538 479 766 524 propitiatio
797 484 870 515 est:
901 480 923 505 ²*
953 486 990 516 et

160 534 321 575 propter
342 530 469 574 legem
491 533 598 564 tuam
618 530 784 565 sustinui
806 534 843 565 te
866 530 962 566 Dfie.

212 581 401 616 Sustinuit
423 580 551 616 Anima
574 590 660 616 mea
683 581 723 615 in
746 581 868 616 verbo
891 582 988 625 eius:

159 632 181 657 ss
205 631 378 676 speravit
401 631 530 666 anima
554 641 640 665 mea
664 630 704 665 in
726 631 903 666 Domino.

211 679 249 716 A
276 681 455 717 custodia
481 681 668 716 matutina
695 692 819 726 usque
846 682 896 717 ad
923 692 989 717 no-

161 736 273 767 ctem:
297 731 319 756 *
343 735 473 775 speret
494 731 616 766 Israel
639 731 680 766 in
702 731 881 767 Domino.

212 782 312 824 Quia
342 781 447 826 apud
469 781 678 816 Dominum
705 782 988 817 misericordia:

159 832 180 857 ²2<
205 836 242 867 et
268 832 430 876 copiosa
454 831 560 876 apud
583 841 670 866 eum
693 831 919 876 redemptio.

212 883 260 919 Et
283 883 368 927 ipse
396 882 559 918 redimet
580 882 717 926 Israel,
744 882 765 906 ²²²
794 892 843 917 ex
870 882 989 917 omni-

159 935 233 970 bus
257 932 528 978 iniquitatibus
553 933 646 976 ejus.

212 985 347 1021 Gloria
369 984 486 1019 Patri.

213 1050 363 1085 Deinde
388 1051 573 1094 repetitur
589 1051 825 1093 Antiphona.
850 1050 905 1083 Ne
933 1057 989 1082 re-

158 1099 378 1134 minisceris
401 1098 567 1133 Domine
593 1097 732 1132 delicta
755 1101 903 1139 nostra,
926 1098 990 1132 vel

158 1151 361 1195 parentum
376 1149 611 1184 nostrorum:
636 1158 762 1192 neque
778 1148 990 1183 vindictam

160 1210 291 1236 sumas
315 1199 363 1235 de
386 1198 558 1243 peccatis
582 1197 738 1233 nostris.

213 1254 333 1300 Kyrie
358 1253 516 1289 eleison.
547 1252 698 1288 Christe
723 1252 879 1287 eleison.
912 1254 988 1298 Ky-

157 1305 214 1340 rie
239 1304 397 1340 eleison.
440 1305 550 1338 Pater
569 1306 711 1337 noster.

211 1352 255 1398 V.
273 1354 322 1390 Et
336 1364 384 1389 ne
401 1363 474 1388 nos
491 1352 655 1388 inducas
671 1352 712 1386 in
727 1352 988 1387 tentationem.

158 1407 201 1451 R.
227 1404 305 1440 Sed
327 1404 450 1439 libera
471 1414 544 1439 nos
569 1413 592 1438 a
615 1402 728 1437 malo.

210 1452 255 1498 V.
279 1455 364 1499 Ego
387 1453 486 1498 dixi,
508 1453 673 1488 Domine
697 1453 878 1487 miserere
902 1452 987 1487 mei.

157 1507 201 1551 R.
227 1505 331 1541 Sana
355 1504 523 1540 enimam
545 1514 687 1547 meam,
711 1503 803 1547 quia
828 1503 989 1547 peccavi

157 1556 239 1592 tibi.

209 1603 256 1648 V.
270 1605 504 1642 Convertere
517 1604 682 1639 Domine
696 1603 987 1648 aliquantulum.

158 1657 202 1701 R».
227 1655 276 1691 Et
300 1655 508 1700 deprecare
533 1664 650 1699 super
673 1663 809 1689 servos
833 1657 932 1688 tuos.

209 1703 254 1748 V.
297 1706 386 1742 Fiat
419 1704 688 1741 misericordia
721 1708 789 1739 tua
821 1703 987 1738 Domine

157 1768 275 1802 super
296 1767 380 1792 nos.
428 1757 472 1801 R.
501 1755 835 1798 Quemadmodum
858 1756 987 1799 speru-

156 1808 285 1843 vimus
309 1807 350 1842 in
371 1810 419 1842 te.

209 1857 254 1902 V.
288 1855 519 1892 Sacerdotes
553 1855 611 1891 tui
642 1854 850 1890 induantur
881 1853 986 1898 justi-

156 1907 260 1942 tiam.
304 1910 348 1954 R.
373 1906 423 1942 Et
447 1906 573 1942 sancti
594 1906 652 1941 tui
675 1905 878 1940 exsultent.

209 1954 255 2000 V.
279 1957 343 1992 Ab
361 1957 524 1992 occultis
540 1955 638 1991 meis
653 1954 799 1990 munda
813 1964 874 1989 me
889 1954 985 1989 Dfie.

157 2009 202 2053 R.
225 2007 274 2042 Et
298 2007 347 2042 ab
371 2007 509 2042 alienis
534 2016 650 2051 parce
672 2015 786 2040 servo
810 2009 887 2040 tuo.

208 2056 254 2100 V.
275 2056 440 2092 Domine
461 2057 605 2092 exaudi
622 2056 835 2091 orationem
850 2065 984 2090 meam.

157 2109 201 2153 R.
225 2107 273 2142 Et
297 2107 442 2142 clamor
463 2117 572 2142 meus
597 2107 647 2141 ad
670 2110 707 2141 te
731 2105 871 2141 veniat.

207 2154 253 2200 V.
275 2157 466 2192 Dominus
491 2158 704 2192 vobiscum.

208 2208 253 2251 R.
273 2207 321 2242 Et
345 2217 432 2242 cum
456 2207 594 2252 spiritu
614 2211 692 2242 tuo.

489 2264 657 2299 Oremus.

157 2325 294 2402 Aures
321 2322 399 2353 tuae
428 2318 601 2362 metetis,
635 2316 836 2352 mitissime
867 2315 983 2358 Deus,

234 2369 377 2404 inclina
400 2369 581 2413 precibus
605 2367 768 2410 nostris,
799 2371 836 2401 et
860 2365 983 2409 grutia

155 2419 279 2453 saneti
303 2418 470 2463 Spiritus
499 2419 674 2454 illumina
705 2427 773 2452 cor
794 2420 983 2458 nostrum3

154 2472 196 2503 ut
219 2469 297 2503 tuis
321 2469 517 2514 mysteriis
540 2469 655 2512 digne
679 2467 907 2508 ministrare,
931 2469 983 2499 te-

156 2529 230 2563 que
249 2520 392 2554 aeterna
408 2519 566 2554 caritate
584 2518 744 2561 diligere
760 2517 982 2550 mereamur.

212 2586 296 2620 eus,
327 2577 389 2611 cui
417 2586 529 2611 omne
554 2585 621 2610 cor
642 2578 765 2618 patet,
797 2577 834 2608 et
858 2572 982 2607 omnis

159 2587 212 2662 D
233 2627 417 2662 voluntas
440 2626 620 2670 loquitur,
644 2628 681 2659 et
702 2633 816 2668 quem
836 2622 983 2656 nullum

153 2677 247 2712 latet
264 2678 463 2720 secretum,
487 2676 645 2720 purifica
665 2685 735 2718 per
750 2672 983 2707 infusionem

154 2727 279 2762 saneti
295 2726 460 2771 Spiritus
485 2725 740 2770 cogitationes
765 2721 894 2758 cordis
915 2731 982 2756 no-

1032 192 1079 225 ad
1104 192 1271 226 Missam.

1775 187 1868 232 [331]

1042 284 1126 326 stri;
1157 288 1199 319 ut
1223 289 1260 320 te
1290 285 1457 329 perfecte
1483 286 1659 330 diligere,
1692 289 1729 320 et
1753 285 1868 328 digne

1040 334 1199 370 laudare
1222 338 1445 373 mereamur.

1046 399 1139 474 Ure
1174 391 1262 434 igne
1298 392 1422 427 saneti
1454 391 1620 435 Spiritus
1656 401 1768 426 renes
1802 401 1869 426 110-

1121 444 1223 475 stros
1251 444 1288 475 et
1317 451 1384 476 cor
1413 445 1589 476 nostrum
1616 441 1797 484 Domine⁷
1827 445 1870 475 ut

1041 490 1114 525 tibi
1137 494 1244 526 casto
1270 492 1431 535 corpore
1454 492 1684 535 serviumus,
1709 495 1746 526 et
1763 502 1869 526 mun-

1043 540 1093 575 do
1118 540 1234 575 corde
1258 541 1491 584 placeamus.

1046 601 1219 681 Mentes
1247 602 1416 642 nostras,
1449 599 1670 642 quaesumus
1694 597 1868 642 Domine,

1132 647 1348 682 Paruclitus
1374 648 1441 692 qui
1464 658 1486 682 a
1511 652 1547 682 te
1571 647 1760 691 procedit,
1785 647 1869 682 illu-

1042 697 1170 741 minet,
1195 701 1232 732 et
1248 697 1406 732 inducat
1422 698 1462 732 in
1479 708 1640 740 omnem,
1665 697 1765 732 sicut
1780 701 1868 732 tuus

1042 748 1220 792 promisit
1243 747 1375 791 Filius,
1398 748 1608 783 veritatem.

1047 804 1168 888 Adsit
1194 804 1324 847 nobis,
1349 805 1570 848 quaesumus
1592 803 1772 846 Domine,
1793 803 1870 837 vir-

1123 858 1184 888 tus
1210 853 1374 898 Spiritus
1399 854 1536 897 sancti;
1569 864 1656 898 quae
1684 857 1721 888 et
1752 853 1870 888 corda

1043 909 1177 940 nostra
1195 904 1400 939 clementer
1416 905 1613 947 expurget,
1634 908 1670 938 et
1687 904 1734 938 ab
1751 903 1870 938 omni-

1042 955 1116 989 bus
1140 956 1293 990 tueatur
1315 954 1500 988 adversis.

1048 1021 1188 1096 Deus,
1213 1011 1280 1055 qui
1304 1010 1422 1046 corda
1445 1009 1616 1044 fidelium
1640 1009 1764 1044 sancti
1787 1008 1869 1053 Spi-

1126 1061 1223 1096 ritus
1247 1060 1504 1095 illustratione
1525 1059 1705 1103 docuisti;
1730 1059 1780 1094 da
1803 1069 1869 1094 no-

1042 1111 1104 1146 bis
1128 1111 1168 1145 in
1192 1111 1327 1146 eodem
1351 1110 1495 1155 Spiritu
1523 1114 1627 1145 recta
1651 1111 1803 1154 sapere,
1833 1113 1870 1144 et

1044 1161 1091 1195 de
1120 1161 1202 1203 eius
1227 1170 1379 1204 semper
1402 1160 1667 1195 consolatione
1691 1159 1868 1203 gaudere.

1048 1217 1326 1302 Conscientias
1350 1220 1519 1260 nostras,
1548 1217 1769 1260 quaesumus
1793 1215 1868 1250 Do-

1116 1268 1229 1312 mine,
1245 1267 1443 1303 visitando
1460 1267 1635 1311 purifica;
1651 1270 1693 1301 ut
1708 1266 1868 1301 veniens

1042 1318 1230 1354 Dominus
1254 1322 1387 1353 noster
1409 1317 1433 1352 J
1436 1328 1524 1352 esus
1550 1317 1727 1352 Christus
1747 1316 1867 1351 Filius

1042 1373 1130 1404 tuus
1163 1370 1339 1412 paratam
1371 1367 1447 1402 sibi
1479 1367 1519 1401 in
1551 1366 1665 1401 nobis
1698 1366 1869 1400 inveniat

1042 1419 1296 1454 mansionem:
1321 1418 1395 1460 Qui
1418 1422 1543 1452 tecum
1564 1416 1663 1451 vivit
1683 1420 1719 1451 et
1734 1421 1868 1459 regnat

1043 1469 1082 1503 in
1111 1469 1257 1504 unitate
1288 1468 1453 1512 Spiritus
1489 1466 1612 1502 sancti
1641 1466 1764 1509 Deus,
1799 1476 1869 1509 per

1042 1519 1169 1554 omnia
1194 1519 1337 1554 se'ecula
1364 1517 1603 1552 saeculorum.
1641 1516 1775 1550 Amen.

1091 1587 1240 1614 Sacerdos.
1265 1587 1311 1619 qui
1338 1590 1397 1619 post
1423 1585 1615 1611 antecedentes
1641 1584 1777 1609 Psalnws.
1805 1583 1869 1608 Ant.

1044 1629 1147 1655 Versie.
1171 1633 1197 1654 ct
1219 1628 1365 1653 orationes
1388 1626 1483 1651 recitat
1507 1626 1550 1650 <lic
1572 1625 1713 1654 designata
1735 1632 1814 1649 unam
1836 1632 1868 1648 ex

1043 1669 1223 1703 sequentibus
1244 1672 1348 1701 septem
1371 1666 1550 1691 *nationibus
1570 1665 1595 1691 S.
1615 1664 1757 1690 Ambrosii
1778 1664 1866 1696 Epist.

1043 1712 1167 1736 lucratur
1181 1708 1382 1741 indulgentiam
1401 1707 1479 1733 nnius
1493 1707 1564 1732 (mni.
1584 1706 1652 1731 ‹Leo
1667 1705 1744 1730 XIII.
1760 1704 1800 1730 ⁸21).
1817 1705 1867 1729 De>

1042 1751 1161 1779 eembris
1178 1751 1262 1776 1584.»

1282 1821 1625 1864 ORATION'ES

1059 1906 1118 1934 pro
1138 1896 1378 1933 opportunitate
1396 1892 1582 1922 Sacerdotis
1606 1894 1680 1919 ante
1699 1890 1849 1919 Celebra-

1133 1938 1255 1966 tionem
1274 1940 1307 1965 et
1325 1933 1597 1964 Communionem
1615 1931 1771 1960 dicendae.

1116 1991 1259 2031 Oratio
1284 1989 1325 2029 S.
1349 1987 1560 2029 Ambrosii
1582 1986 1785 2039 Episcopi.

1258 2059 1348 2094 Die
1378 2057 1650 2093 Dominica.

1086 2131 1211 2157 umme
1246 2119 1454 2162 Sacerdos,
1490 2122 1527 2153 et
1560 2127 1651 2153 vere
1683 2116 1863 2151 Pontifex

1113 2172 1209 2206 Jesu
1232 2170 1400 2212 Christe,
1427 2168 1494 2213 qui
1515 2172 1551 2202 te
1582 2166 1755 2202 obtulisti
1777 2165 1860 2200 Deo

1036 2222 1142 2257 Patri
1166 2220 1334 2255 hostiam
1356 2228 1493 2262 puram
1517 2221 1555 2252 et
1578 2215 1862 2251 immaculatam

1037 2272 1077 2306 in
1112 2281 1178 2306 ara
1211 2269 1346 2305 Crucis
1381 2278 1453 2312 pro
1491 2266 1606 2302 nobis
1638 2265 1789 2300 miseris
1824 2269 1861 2300 et

1036 2320 1320 2365 peccatoribus,
1344 2322 1381 2353 et
1398 2317 1465 2362 qui
1482 2316 1623 2351 dedisti
1639 2315 1753 2350 nobis
1770 2315 1860 2350 Car-

1035 2381 1123 2406 nem
1145 2374 1251 2405 tuam
1278 2368 1329 2403 ad
1351 2366 1678 2408 manducAndum,
1709 2369 1746 2400 et
1768 2365 1859 2400 Sen-

1036 2421 1190 2464 guinem
1217 2422 1324 2453 tuum
1347 2417 1398 2452 ad
1424 2415 1651 2459 bibendum,
1685 2419 1722 2450 et
1744 2425 1858 2459 posu-

1035 2470 1099 2505 isti
1126 2468 1350 2514 mysterium
1378 2466 1483 2501 istud
1510 2466 1550 2502 in
1577 2466 1718 2501 virtute
1742 2464 1858 2509 Spiri-

1035 2525 1096 2555 tus
1128 2518 1251 2554 sancti
1279 2517 1350 2560 tui,
1385 2516 1532 2551 dicens:
1563 2516 1658 2550 Haec
1691 2514 1857 2558 quoties-

1035 2572 1196 2613 cumque
1231 2566 1413 2609 feceritis,
1453 2566 1493 2600 in
1527 2566 1602 2600 mei
1635 2563 1855 2599 memoriam

1035 2619 1200 2655 facietis:
1224 2627 1320 2661 rogo
1343 2627 1413 2661 per
1434 2616 1610 2651 eumdem
1625 2613 1855 2656 Sanguinem

1034 2675 1150 2711 tuum,
1170 2677 1351 2712 magnum
1368 2666 1505 2701 salutis
1521 2669 1664 2700 nostrae
1679 2661 1853 2706 pretium,

1034 2729 1130 2763 rogo
1160 2728 1230 2762 per
1258 2717 1358 2752 hanc
1390 2716 1526 2751 miram
1556 2718 1592 2750 et
1622 2710 1854 2747 ineffabilem
