<?xml version="1.0" encoding="UTF-8"?>
<!DOCTYPE html PUBLIC "-//W3C//DTD XHTML 1.0 Transitional//EN"
    "http://www.w3.org/TR/xhtml1/DTD/xhtml1-transitional.dtd">
<html xmlns="http://www.w3.org/1999/xhtml" xml:lang="en" lang="en">
 <head>
  <title>
</title>
<meta http-equiv="Content-Type" content="text/html;charset=utf-8" />
  <meta name='ocr-system' content='tesseract 3.04.00' />
  <meta name='ocr-capabilities' content='ocr_page ocr_carea ocr_par ocr_line ocrx_word'/>
</head>
<body>
  <div class='ocr_page' id='page_1' title='image "./p4breviariumroma00cathuoft_0721.png"; bbox 0 0 2040 2944; ppageno 0'>
   <div class='ocr_carea' id='block_1_1' title="bbox 470 182 1563 232">
    <p class='ocr_par' dir='ltr' id='par_1_1' title="bbox 470 182 1563 232">
     <span class='ocr_line' id='line_1_1' title="bbox 470 182 1563 232; baseline 0.003 -5"><span class='ocrx_word' id='word_1_1' title='bbox 470 194 647 227; x_wconf 71' lang='lat' dir='ltr'>Officium</span> <span class='ocrx_word' id='word_1_2' title='bbox 672 195 847 228; x_wconf 58' lang='lat' dir='ltr'>votivum</span> <span class='ocrx_word' id='word_1_3' title='bbox 874 195 919 228; x_wconf 84' lang='lat' dir='ltr'>dc</span> <span class='ocrx_word' id='word_1_4' title='bbox 945 195 1000 229; x_wconf 56' lang='grc' dir='ltr'>ὃς.</span> <span class='ocrx_word' id='word_1_5' title='bbox 1024 182 1280 229; x_wconf 45' lang='lat' dir='ltr'>sinebat-istite</span> <span class='ocrx_word' id='word_1_6' title='bbox 1305 196 1563 232; x_wconf 71' lang='lat' dir='ltr'>Sacramento.</span> 
     </span>
    </p>
   </div>
   <div class='ocr_carea' id='block_1_2' title="bbox 206 289 1012 340">
    <p class='ocr_par' dir='ltr' id='par_1_2' title="bbox 206 289 1012 340">
     <span class='ocr_line' id='line_1_2' title="bbox 206 289 1012 340; baseline 0.004 -11"><span class='ocrx_word' id='word_1_7' title='bbox 206 289 249 330; x_wconf 91' lang='lat' dir='ltr'>A</span> <span class='ocrx_word' id='word_1_8' title='bbox 273 289 419 330; x_wconf 87' lang='lat' dir='ltr'>fructu</span> <span class='ocrx_word' id='word_1_9' title='bbox 443 289 666 339; x_wconf 88' lang='lat' dir='ltr'>frumenti,</span> <span class='ocrx_word' id='word_1_10' title='bbox 694 290 801 340; x_wconf 92' lang='lat' dir='ltr'>vini,</span> <span class='ocrx_word' id='word_1_11' title='bbox 829 295 873 332; x_wconf 91' lang='lat' dir='ltr'>et</span> <span class='ocrx_word' id='word_1_12' title='bbox 899 290 987 332; x_wconf 80' lang='lat' dir='ltr'>elei</span> <span class='ocrx_word' id='word_1_13' title='bbox 1010 312 1012 314; x_wconf 97' lang='lat'>·</span> 
     </span>
    </p>
   </div>
   <div class='ocr_carea' id='block_1_3' title="bbox 153 345 989 857">
    <p class='ocr_par' dir='ltr' id='par_1_3' title="bbox 156 345 693 398">
     <span class='ocr_line' id='line_1_3' title="bbox 156 345 693 398; baseline 0.002 -12"><span class='ocrx_word' id='word_1_14' title='bbox 156 345 224 387; x_wconf 83' lang='lat' dir='ltr'>sui</span> <span class='ocrx_word' id='word_1_15' title='bbox 240 346 265 374; x_wconf 87' lang='lat'>*</span> <span class='ocrx_word' id='word_1_16' title='bbox 279 345 563 398; x_wconf 90' lang='lat' dir='ltr'>multiplicati</span> <span class='ocrx_word' id='word_1_17' title='bbox 582 351 693 387; x_wconf 91' lang='lat' dir='ltr'>sunt.</span> 
     </span>
    </p>

    <p class='ocr_par' dir='ltr' id='par_1_4' title="bbox 156 401 988 510">
     <span class='ocr_line' id='line_1_4' title="bbox 209 401 988 454; baseline 0.003 -11"><span class='ocrx_word' id='word_1_18' title='bbox 209 402 261 442; x_wconf 91' lang='lat' dir='ltr'>In</span> <span class='ocrx_word' id='word_1_19' title='bbox 285 414 397 454; x_wconf 88' lang='lat' dir='ltr'>pace</span> <span class='ocrx_word' id='word_1_20' title='bbox 422 402 467 442; x_wconf 91' lang='lat' dir='ltr'>in</span> <span class='ocrx_word' id='word_1_21' title='bbox 493 401 688 454; x_wconf 89' lang='lat' dir='ltr'>idipsum</span> <span class='ocrx_word' id='word_1_22' title='bbox 710 403 734 428; x_wconf 85' lang='grc'>*</span> <span class='ocrx_word' id='word_1_23' title='bbox 760 403 988 453; x_wconf 83' lang='lat' dir='ltr'>dormiam,</span> 
     </span>
     <span class='ocr_line' id='line_1_5' title="bbox 156 458 508 510; baseline 0 -11"><span class='ocrx_word' id='word_1_24' title='bbox 156 462 201 499; x_wconf 92' lang='lat' dir='ltr'>et</span> <span class='ocrx_word' id='word_1_25' title='bbox 217 458 508 510; x_wconf 81' lang='lat' dir='ltr'>requiescam3</span> 
     </span>
    </p>

    <p class='ocr_par' dir='ltr' id='par_1_5' title="bbox 154 514 989 624">
     <span class='ocr_line' id='line_1_6' title="bbox 208 514 989 567; baseline 0.001 -11"><span class='ocrx_word' id='word_1_26' title='bbox 208 514 428 565; x_wconf 80' lang='lat' dir='ltr'>Queniam</span> <span class='ocrx_word' id='word_1_27' title='bbox 441 519 490 555; x_wconf 94' lang='lat' dir='ltr'>tu</span> <span class='ocrx_word' id='word_1_28' title='bbox 499 514 691 557; x_wconf 80' lang='lat' dir='ltr'>Demine</span> <span class='ocrx_word' id='word_1_29' title='bbox 707 515 989 567; x_wconf 64' lang='lat' dir='ltr'>singulariter</span> 
     </span>
     <span class='ocr_line' id='line_1_7' title="bbox 154 571 730 624; baseline 0.002 -13"><span class='ocrx_word' id='word_1_30' title='bbox 154 571 199 611; x_wconf 92' lang='lat' dir='ltr'>in</span> <span class='ocrx_word' id='word_1_31' title='bbox 219 583 299 624; x_wconf 90' lang='lat' dir='ltr'>spe</span> <span class='ocrx_word' id='word_1_32' title='bbox 318 571 343 598; x_wconf 86' lang='grc'><em>*</em></span> <span class='ocrx_word' id='word_1_33' title='bbox 361 571 631 612; x_wconf 88' lang='lat' dir='ltr'>constituisti</span> <span class='ocrx_word' id='word_1_34' title='bbox 649 584 730 613; x_wconf 91' lang='lat' dir='ltr'>me.</span> 
     </span>
    </p>

    <p class='ocr_par' dir='ltr' id='par_1_6' title="bbox 153 635 988 800">
     <span class='ocr_line' id='line_1_8' title="bbox 207 635 987 679; baseline 0.006 -5"><span class='ocrx_word' id='word_1_35' title='bbox 207 635 307 675; x_wconf 85' lang='lat' dir='ltr'><strong>Ant.</strong></span> <span class='ocrx_word' id='word_1_36' title='bbox 341 636 381 675; x_wconf 87' lang='lat' dir='ltr'><strong>A</strong></span> <span class='ocrx_word' id='word_1_37' title='bbox 410 635 555 677; x_wconf 89' lang='lat' dir='ltr'>fructu</span> <span class='ocrx_word' id='word_1_38' title='bbox 586 636 801 679; x_wconf 64' lang='lat' dir='ltr'>frumenti,</span> <span class='ocrx_word' id='word_1_39' title='bbox 825 642 868 679; x_wconf 90' lang='lat' dir='ltr'>et</span> <span class='ocrx_word' id='word_1_40' title='bbox 898 639 987 679; x_wconf 88' lang='lat' dir='ltr'>vini</span> 
     </span>
     <span class='ocr_line' id='line_1_9' title="bbox 153 691 988 746; baseline 0.005 -14"><span class='ocrx_word' id='word_1_41' title='bbox 153 691 431 745; x_wconf 89' lang='lat' dir='ltr'>multiplicati</span> <span class='ocrx_word' id='word_1_42' title='bbox 449 691 604 734; x_wconf 90' lang='lat' dir='ltr'>fideles</span> <span class='ocrx_word' id='word_1_43' title='bbox 627 693 673 734; x_wconf 91' lang='lat' dir='ltr'>in</span> <span class='ocrx_word' id='word_1_44' title='bbox 695 706 806 746; x_wconf 88' lang='lat' dir='ltr'>pace</span> <span class='ocrx_word' id='word_1_45' title='bbox 827 694 988 736; x_wconf 83' lang='lat' dir='ltr'>Christi</span> 
     </span>
     <span class='ocr_line' id='line_1_10' title="bbox 153 748 446 800; baseline 0.007 -12"><span class='ocrx_word' id='word_1_46' title='bbox 153 748 446 800; x_wconf 89' lang='lat' dir='ltr'>requiescunt.</span> 
     </span>
    </p>

    <p class='ocr_par' dir='ltr' id='par_1_7' title="bbox 207 814 834 857">
     <span class='ocr_line' id='line_1_11' title="bbox 207 814 834 857; baseline 0.002 -2"><span class='ocrx_word' id='word_1_47' title='bbox 207 814 307 856; x_wconf 92' lang='lat' dir='ltr'>Ant.</span> <span class='ocrx_word' id='word_1_48' title='bbox 338 814 655 856; x_wconf 82' lang='lat' dir='ltr'>Communione</span> <span class='ocrx_word' id='word_1_49' title='bbox 675 815 834 857; x_wconf 88' lang='lat' dir='ltr'>calicis.</span> 
     </span>
    </p>
   </div>
   <div class='ocr_carea' id='block_1_4' title="bbox 430 897 709 937">
    <p class='ocr_par' dir='ltr' id='par_1_8' title="bbox 430 897 709 937">
     <span class='ocr_line' id='line_1_12' title="bbox 430 897 709 937; baseline 0 0"><span class='ocrx_word' id='word_1_50' title='bbox 430 897 630 937; x_wconf 76' lang='lat' dir='ltr'>Psalmus</span> <span class='ocrx_word' id='word_1_51' title='bbox 652 899 709 937; x_wconf 79' lang='lat'>15.</span> 
     </span>
    </p>
   </div>
   <div class='ocr_carea' id='block_1_5' title="bbox 149 957 987 2545">
    <p class='ocr_par' dir='ltr' id='par_1_9' title="bbox 153 957 986 1188">
     <span class='ocr_line' id='line_1_13' title="bbox 157 957 983 1065; baseline 0.006 -59"><span class='ocrx_word' id='word_1_52' title='bbox 157 957 414 1065; x_wconf 82' lang='lat' dir='ltr'>Conserva</span> <span class='ocrx_word' id='word_1_53' title='bbox 433 980 504 1009; x_wconf 93' lang='lat' dir='ltr'>me</span> <span class='ocrx_word' id='word_1_54' title='bbox 533 968 738 1018; x_wconf 80' lang='lat' dir='ltr'>Demine,</span> <span class='ocrx_word' id='word_1_55' title='bbox 777 970 983 1021; x_wconf 83' lang='lat' dir='ltr'>quoniam</span> 
     </span>
     <span class='ocr_line' id='line_1_14' title="bbox 245 1023 986 1075; baseline 0.007 -12"><span class='ocrx_word' id='word_1_56' title='bbox 245 1023 421 1075; x_wconf 79' lang='lat' dir='ltr'>speravi</span> <span class='ocrx_word' id='word_1_57' title='bbox 447 1023 492 1064; x_wconf 94' lang='lat' dir='ltr'>in</span> <span class='ocrx_word' id='word_1_58' title='bbox 519 1028 574 1065; x_wconf 93' lang='lat' dir='ltr'>te.</span> <span class='ocrx_word' id='word_1_59' title='bbox 600 1025 624 1051; x_wconf 86' lang='lat'><strong>*</strong></span> <span class='ocrx_word' id='word_1_60' title='bbox 647 1025 752 1066; x_wconf 85' lang='lat' dir='ltr'><strong>Dixi</strong></span> <span class='ocrx_word' id='word_1_61' title='bbox 778 1026 986 1068; x_wconf 81' lang='lat' dir='ltr'>Demino:</span> 
     </span>
     <span class='ocr_line' id='line_1_15' title="bbox 153 1078 985 1133; baseline 0.006 -14"><span class='ocrx_word' id='word_1_62' title='bbox 153 1078 274 1120; x_wconf 91' lang='lat' dir='ltr'>Deus</span> <span class='ocrx_word' id='word_1_63' title='bbox 299 1092 423 1121; x_wconf 90' lang='lat' dir='ltr'>meus</span> <span class='ocrx_word' id='word_1_64' title='bbox 448 1093 495 1122; x_wconf 88' lang='lat' dir='ltr'>es</span> <span class='ocrx_word' id='word_1_65' title='bbox 518 1085 582 1130; x_wconf 95' lang='lat' dir='ltr'>tu,</span> <span class='ocrx_word' id='word_1_66' title='bbox 617 1082 824 1133; x_wconf 78' lang='lat' dir='ltr'>queniam</span> <span class='ocrx_word' id='word_1_67' title='bbox 849 1082 985 1124; x_wconf 85' lang='lat' dir='ltr'>bono·-</span> 
     </span>
     <span class='ocr_line' id='line_1_16' title="bbox 153 1138 708 1188; baseline 0.007 -13"><span class='ocrx_word' id='word_1_68' title='bbox 153 1147 250 1176; x_wconf 91' lang='lat' dir='ltr'>rum</span> <span class='ocrx_word' id='word_1_69' title='bbox 267 1138 468 1177; x_wconf 81' lang='lat' dir='ltr'>meerum</span> <span class='ocrx_word' id='word_1_70' title='bbox 486 1150 575 1178; x_wconf 92' lang='lat' dir='ltr'>non</span> <span class='ocrx_word' id='word_1_71' title='bbox 595 1150 708 1188; x_wconf 89' lang='lat' dir='ltr'>eges.</span> 
     </span>
    </p>

    <p class='ocr_par' dir='ltr' id='par_1_10' title="bbox 151 1192 987 1346">
     <span class='ocr_line' id='line_1_17' title="bbox 204 1192 987 1247; baseline 0.006 -15"><span class='ocrx_word' id='word_1_72' title='bbox 204 1192 390 1242; x_wconf 89' lang='lat' dir='ltr'>Sanctis,</span> <span class='ocrx_word' id='word_1_73' title='bbox 417 1193 492 1245; x_wconf 82' lang='lat' dir='ltr'>qui</span> <span class='ocrx_word' id='word_1_74' title='bbox 510 1198 611 1235; x_wconf 92' lang='lat' dir='ltr'>sunt</span> <span class='ocrx_word' id='word_1_75' title='bbox 633 1195 678 1235; x_wconf 88' lang='lat' dir='ltr'>in</span> <span class='ocrx_word' id='word_1_76' title='bbox 695 1199 813 1236; x_wconf 90' lang='lat' dir='ltr'>terra</span> <span class='ocrx_word' id='word_1_77' title='bbox 833 1196 938 1247; x_wconf 90' lang='lat' dir='ltr'>ejus,</span> <span class='ocrx_word' id='word_1_78' title='bbox 963 1196 987 1221; x_wconf 87' lang='lat'>*</span> 
     </span>
     <span class='ocr_line' id='line_1_18' title="bbox 152 1248 987 1294; baseline 0.007 -6"><span class='ocrx_word' id='word_1_79' title='bbox 152 1248 401 1291; x_wconf 84' lang='lat' dir='ltr'>mirificavit</span> <span class='ocrx_word' id='word_1_80' title='bbox 425 1262 578 1292; x_wconf 90' lang='lat' dir='ltr'>omnes</span> <span class='ocrx_word' id='word_1_81' title='bbox 596 1250 846 1293; x_wconf 90' lang='lat' dir='ltr'>voluntates</span> <span class='ocrx_word' id='word_1_82' title='bbox 865 1265 987 1294; x_wconf 88' lang='lat' dir='ltr'>meas</span> 
     </span>
     <span class='ocr_line' id='line_1_19' title="bbox 151 1305 289 1346; baseline 0 -1"><span class='ocrx_word' id='word_1_83' title='bbox 151 1305 196 1345; x_wconf 91' lang='lat' dir='ltr'>in</span> <span class='ocrx_word' id='word_1_84' title='bbox 216 1305 289 1346; x_wconf 91' lang='lat' dir='ltr'>eis.</span> 
     </span>
    </p>

    <p class='ocr_par' dir='ltr' id='par_1_11' title="bbox 153 1359 986 1471">
     <span class='ocr_line' id='line_1_20' title="bbox 203 1359 986 1414; baseline 0.006 -12"><span class='ocrx_word' id='word_1_85' title='bbox 203 1359 506 1414; x_wconf 84' lang='lat' dir='ltr'>Multiplicatae</span> <span class='ocrx_word' id='word_1_86' title='bbox 557 1368 658 1405; x_wconf 91' lang='lat' dir='ltr'>sunt</span> <span class='ocrx_word' id='word_1_87' title='bbox 710 1364 986 1407; x_wconf 88' lang='lat' dir='ltr'>infirmitates</span> 
     </span>
     <span class='ocr_line' id='line_1_21' title="bbox 153 1418 926 1471; baseline 0.005 -13"><span class='ocrx_word' id='word_1_88' title='bbox 153 1419 321 1459; x_wconf 83' lang='lat' dir='ltr'>eorum:</span> <span class='ocrx_word' id='word_1_89' title='bbox 340 1418 364 1444; x_wconf 90' lang='lat'>*</span> <span class='ocrx_word' id='word_1_90' title='bbox 381 1420 540 1471; x_wconf 82' lang='lat' dir='ltr'>pestea</span> <span class='ocrx_word' id='word_1_91' title='bbox 559 1420 926 1463; x_wconf 89' lang='lat' dir='ltr'>acceleraverunt.</span> 
     </span>
    </p>

    <p class='ocr_par' dir='ltr' id='par_1_12' title="bbox 151 1474 985 1687">
     <span class='ocr_line' id='line_1_22' title="bbox 202 1474 985 1527; baseline 0.005 -11"><span class='ocrx_word' id='word_1_92' title='bbox 202 1474 306 1516; x_wconf 91' lang='lat' dir='ltr'>Non</span> <span class='ocrx_word' id='word_1_93' title='bbox 351 1476 632 1527; x_wconf 83' lang='lat' dir='ltr'>congregabo</span> <span class='ocrx_word' id='word_1_94' title='bbox 682 1478 985 1520; x_wconf 89' lang='lat' dir='ltr'>conventicula</span> 
     </span>
     <span class='ocr_line' id='line_1_23' title="bbox 152 1531 985 1584; baseline 0.005 -11"><span class='ocrx_word' id='word_1_95' title='bbox 152 1533 306 1574; x_wconf 83' lang='lat' dir='ltr'>eorum</span> <span class='ocrx_word' id='word_1_96' title='bbox 330 1531 385 1574; x_wconf 92' lang='lat' dir='ltr'>de</span> <span class='ocrx_word' id='word_1_97' title='bbox 415 1533 714 1584; x_wconf 74' lang='lat' dir='ltr'>sanguinibus,</span> <span class='ocrx_word' id='word_1_98' title='bbox 738 1535 763 1560; x_wconf 86' lang='lat'>*</span> <span class='ocrx_word' id='word_1_99' title='bbox 787 1548 869 1576; x_wconf 93' lang='lat' dir='ltr'>nec</span> <span class='ocrx_word' id='word_1_100' title='bbox 899 1549 985 1577; x_wconf 93' lang='lat' dir='ltr'>me-</span> 
     </span>
     <span class='ocr_line' id='line_1_24' title="bbox 151 1590 985 1644; baseline 0.005 -15"><span class='ocrx_word' id='word_1_101' title='bbox 151 1601 249 1630; x_wconf 93' lang='lat' dir='ltr'>mor</span> <span class='ocrx_word' id='word_1_102' title='bbox 281 1601 358 1630; x_wconf 88' lang='lat' dir='ltr'>ero</span> <span class='ocrx_word' id='word_1_103' title='bbox 386 1590 612 1631; x_wconf 82' lang='lat' dir='ltr'>neminum</span> <span class='ocrx_word' id='word_1_104' title='bbox 637 1593 790 1632; x_wconf 77' lang='lat' dir='ltr'>eerum</span> <span class='ocrx_word' id='word_1_105' title='bbox 818 1604 899 1644; x_wconf 93' lang='lat' dir='ltr'>per</span> <span class='ocrx_word' id='word_1_106' title='bbox 926 1592 985 1632; x_wconf 90' lang='lat' dir='ltr'>la-</span> 
     </span>
     <span class='ocr_line' id='line_1_25' title="bbox 151 1643 350 1687; baseline 0 -1"><span class='ocrx_word' id='word_1_107' title='bbox 151 1643 224 1686; x_wconf 90' lang='lat' dir='ltr'>bia</span> <span class='ocrx_word' id='word_1_108' title='bbox 241 1658 350 1687; x_wconf 89' lang='lat' dir='ltr'>mea.</span> 
     </span>
    </p>

    <p class='ocr_par' dir='ltr' id='par_1_13' title="bbox 150 1702 985 1858">
     <span class='ocr_line' id='line_1_26' title="bbox 203 1702 985 1756; baseline 0.005 -14"><span class='ocrx_word' id='word_1_109' title='bbox 203 1702 421 1743; x_wconf 81' lang='lat' dir='ltr'>Dominus</span> <span class='ocrx_word' id='word_1_110' title='bbox 443 1716 548 1756; x_wconf 91' lang='lat' dir='ltr'>pars</span> <span class='ocrx_word' id='word_1_111' title='bbox 571 1703 843 1745; x_wconf 87' lang='lat' dir='ltr'>haereditatis</span> <span class='ocrx_word' id='word_1_112' title='bbox 862 1718 985 1755; x_wconf 83' lang='lat' dir='ltr'>meae,</span> 
     </span>
     <span class='ocr_line' id='line_1_27' title="bbox 153 1758 985 1813; baseline 0.004 -13"><span class='ocrx_word' id='word_1_113' title='bbox 153 1762 197 1800; x_wconf 90' lang='lat' dir='ltr'>et</span> <span class='ocrx_word' id='word_1_114' title='bbox 216 1758 364 1800; x_wconf 87' lang='lat' dir='ltr'>calicis</span> <span class='ocrx_word' id='word_1_115' title='bbox 382 1760 483 1801; x_wconf 89' lang='lat' dir='ltr'>mei:</span> <span class='ocrx_word' id='word_1_116' title='bbox 501 1760 526 1786; x_wconf 91' lang='lat'>*</span> <span class='ocrx_word' id='word_1_117' title='bbox 543 1764 592 1801; x_wconf 93' lang='lat' dir='ltr'>tu</span> <span class='ocrx_word' id='word_1_118' title='bbox 613 1773 670 1810; x_wconf 87' lang='lat' dir='ltr'>es,</span> <span class='ocrx_word' id='word_1_119' title='bbox 691 1760 765 1813; x_wconf 93' lang='lat' dir='ltr'>qui</span> <span class='ocrx_word' id='word_1_120' title='bbox 780 1763 985 1803; x_wconf 83' lang='lat' dir='ltr'>restitues</span> 
     </span>
     <span class='ocr_line' id='line_1_28' title="bbox 150 1814 754 1858; baseline 0.003 -3"><span class='ocrx_word' id='word_1_121' title='bbox 150 1814 457 1857; x_wconf 82' lang='lat' dir='ltr'>haereditatem</span> <span class='ocrx_word' id='word_1_122' title='bbox 474 1829 619 1858; x_wconf 90' lang='lat' dir='ltr'>meam</span> <span class='ocrx_word' id='word_1_123' title='bbox 637 1816 754 1858; x_wconf 88' lang='lat' dir='ltr'>mihi.</span> 
     </span>
    </p>

    <p class='ocr_par' dir='ltr' id='par_1_14' title="bbox 150 1872 984 2027">
     <span class='ocr_line' id='line_1_29' title="bbox 201 1872 984 1927; baseline 0.005 -15"><span class='ocrx_word' id='word_1_124' title='bbox 201 1872 347 1913; x_wconf 89' lang='lat' dir='ltr'>Funes</span> <span class='ocrx_word' id='word_1_125' title='bbox 363 1873 615 1915; x_wconf 88' lang='lat' dir='ltr'>ceciderunt</span> <span class='ocrx_word' id='word_1_126' title='bbox 629 1873 735 1915; x_wconf 91' lang='lat' dir='ltr'>mihi</span> <span class='ocrx_word' id='word_1_127' title='bbox 749 1874 793 1915; x_wconf 93' lang='lat' dir='ltr'>in</span> <span class='ocrx_word' id='word_1_128' title='bbox 803 1875 984 1927; x_wconf 81' lang='lat' dir='ltr'>praecla—</span> 
     </span>
     <span class='ocr_line' id='line_1_30' title="bbox 150 1928 984 1984; baseline 0.006 -16"><span class='ocrx_word' id='word_1_129' title='bbox 150 1928 225 1969; x_wconf 87' lang='lat' dir='ltr'>ris:</span> <span class='ocrx_word' id='word_1_130' title='bbox 249 1928 273 1954; x_wconf 86' lang='lat'>*</span> <span class='ocrx_word' id='word_1_131' title='bbox 299 1929 459 1970; x_wconf 78' lang='lat' dir='ltr'>etenim</span> <span class='ocrx_word' id='word_1_132' title='bbox 489 1929 726 1972; x_wconf 80' lang='lat' dir='ltr'>haereditas</span> <span class='ocrx_word' id='word_1_133' title='bbox 751 1944 850 1973; x_wconf 90' lang='lat' dir='ltr'>mea</span> <span class='ocrx_word' id='word_1_134' title='bbox 873 1945 984 1984; x_wconf 82' lang='lat' dir='ltr'>prae-</span> 
     </span>
     <span class='ocr_line' id='line_1_31' title="bbox 151 1984 490 2027; baseline 0.006 -2"><span class='ocrx_word' id='word_1_135' title='bbox 151 1984 269 2026; x_wconf 84' lang='lat' dir='ltr'>clara</span> <span class='ocrx_word' id='word_1_136' title='bbox 289 1990 356 2027; x_wconf 90' lang='lat' dir='ltr'>est</span> <span class='ocrx_word' id='word_1_137' title='bbox 374 1986 490 2027; x_wconf 83' lang='lat' dir='ltr'>mihi.</span> 
     </span>
    </p>

    <p class='ocr_par' dir='ltr' id='par_1_15' title="bbox 149 2041 986 2252">
     <span class='ocr_line' id='line_1_32' title="bbox 202 2041 984 2097; baseline 0.005 -15"><span class='ocrx_word' id='word_1_138' title='bbox 202 2041 470 2083; x_wconf 90' lang='lat' dir='ltr'>Benedieam</span> <span class='ocrx_word' id='word_1_139' title='bbox 505 2044 764 2093; x_wconf 83' lang='lat' dir='ltr'>Dominum,</span> <span class='ocrx_word' id='word_1_140' title='bbox 802 2045 876 2097; x_wconf 90' lang='lat' dir='ltr'>qui</span> <span class='ocrx_word' id='word_1_141' title='bbox 911 2047 984 2086; x_wconf 91' lang='lat' dir='ltr'>tri-</span> 
     </span>
     <span class='ocr_line' id='line_1_33' title="bbox 149 2097 986 2154; baseline 0.005 -16"><span class='ocrx_word' id='word_1_142' title='bbox 149 2097 244 2139; x_wconf 90' lang='lat' dir='ltr'>buit</span> <span class='ocrx_word' id='word_1_143' title='bbox 263 2098 369 2139; x_wconf 92' lang='lat' dir='ltr'>mihi</span> <span class='ocrx_word' id='word_1_144' title='bbox 390 2099 675 2142; x_wconf 89' lang='lat' dir='ltr'>intellectum:</span> <span class='ocrx_word' id='word_1_145' title='bbox 694 2101 718 2126; x_wconf 88' lang='grc'>*</span> <span class='ocrx_word' id='word_1_146' title='bbox 737 2103 917 2154; x_wconf 82' lang='lat' dir='ltr'>insuper</span> <span class='ocrx_word' id='word_1_147' title='bbox 941 2105 986 2143; x_wconf 92' lang='lat' dir='ltr'>et</span> 
     </span>
     <span class='ocr_line' id='line_1_34' title="bbox 150 2154 984 2209; baseline 0.006 -15"><span class='ocrx_word' id='word_1_148' title='bbox 150 2167 290 2207; x_wconf 91' lang='lat' dir='ltr'>usque</span> <span class='ocrx_word' id='word_1_149' title='bbox 311 2154 367 2196; x_wconf 89' lang='lat' dir='ltr'>ad</span> <span class='ocrx_word' id='word_1_150' title='bbox 384 2160 562 2197; x_wconf 91' lang='lat' dir='ltr'>noctem</span> <span class='ocrx_word' id='word_1_151' title='bbox 583 2157 896 2209; x_wconf 89' lang='lat' dir='ltr'>increpuerunt</span> <span class='ocrx_word' id='word_1_152' title='bbox 913 2170 984 2199; x_wconf 90' lang='lat' dir='ltr'>me</span> 
     </span>
     <span class='ocr_line' id='line_1_35' title="bbox 150 2223 393 2252; baseline 0.004 -1"><span class='ocrx_word' id='word_1_153' title='bbox 150 2223 278 2252; x_wconf 90' lang='lat' dir='ltr'>renes</span> <span class='ocrx_word' id='word_1_154' title='bbox 296 2224 393 2252; x_wconf 79' lang='lat' dir='ltr'>mel.</span> 
     </span>
    </p>

    <p class='ocr_par' dir='ltr' id='par_1_16' title="bbox 151 2266 984 2430">
     <span class='ocr_line' id='line_1_36' title="bbox 201 2266 983 2311; baseline 0.004 -3"><span class='ocrx_word' id='word_1_155' title='bbox 201 2266 497 2309; x_wconf 88' lang='lat' dir='ltr'>Providebam</span> <span class='ocrx_word' id='word_1_156' title='bbox 527 2268 767 2310; x_wconf 77' lang='lat' dir='ltr'>Deminum</span> <span class='ocrx_word' id='word_1_157' title='bbox 803 2270 848 2310; x_wconf 90' lang='lat' dir='ltr'>in</span> <span class='ocrx_word' id='word_1_158' title='bbox 884 2282 983 2311; x_wconf 88' lang='lat' dir='ltr'>con-</span> 
     </span>
     <span class='ocr_line' id='line_1_37' title="bbox 151 2325 984 2378; baseline 0.004 -14"><span class='ocrx_word' id='word_1_159' title='bbox 151 2325 305 2375; x_wconf 90' lang='lat' dir='ltr'>spectu</span> <span class='ocrx_word' id='word_1_160' title='bbox 331 2336 431 2365; x_wconf 91' lang='lat' dir='ltr'>meo</span> <span class='ocrx_word' id='word_1_161' title='bbox 460 2337 648 2377; x_wconf 90' lang='lat' dir='ltr'>semper:</span> <span class='ocrx_word' id='word_1_162' title='bbox 672 2325 697 2352; x_wconf 88' lang='lat'>*</span> <span class='ocrx_word' id='word_1_163' title='bbox 723 2326 931 2378; x_wconf 80' lang='lat' dir='ltr'>queniam</span> <span class='ocrx_word' id='word_1_164' title='bbox 959 2338 984 2366; x_wconf 91' lang='lat' dir='ltr'>a</span> 
     </span>
     <span class='ocr_line' id='line_1_38' title="bbox 151 2378 926 2430; baseline 0.003 -10"><span class='ocrx_word' id='word_1_165' title='bbox 151 2378 318 2421; x_wconf 83' lang='lat' dir='ltr'>dextris</span> <span class='ocrx_word' id='word_1_166' title='bbox 338 2385 405 2422; x_wconf 91' lang='lat' dir='ltr'>est</span> <span class='ocrx_word' id='word_1_167' title='bbox 424 2380 540 2430; x_wconf 90' lang='lat' dir='ltr'>mihi,</span> <span class='ocrx_word' id='word_1_168' title='bbox 559 2394 614 2422; x_wconf 91' lang='lat' dir='ltr'>ne</span> <span class='ocrx_word' id='word_1_169' title='bbox 634 2384 926 2424; x_wconf 80' lang='lat' dir='ltr'>commevear.</span> 
     </span>
    </p>

    <p class='ocr_par' dir='ltr' id='par_1_17' title="bbox 150 2436 984 2545">
     <span class='ocr_line' id='line_1_39' title="bbox 201 2436 984 2489; baseline 0.004 -12"><span class='ocrx_word' id='word_1_170' title='bbox 201 2436 391 2489; x_wconf 88' lang='lat' dir='ltr'>Propter</span> <span class='ocrx_word' id='word_1_171' title='bbox 431 2437 516 2478; x_wconf 89' lang='lat' dir='ltr'>hoe</span> <span class='ocrx_word' id='word_1_172' title='bbox 557 2437 756 2480; x_wconf 79' lang='lat' dir='ltr'>laetatum</span> <span class='ocrx_word' id='word_1_173' title='bbox 797 2443 864 2480; x_wconf 89' lang='lat' dir='ltr'>est</span> <span class='ocrx_word' id='word_1_174' title='bbox 906 2452 984 2480; x_wconf 92' lang='lat' dir='ltr'>cor</span> 
     </span>
     <span class='ocr_line' id='line_1_40' title="bbox 150 2494 983 2545; baseline 0.005 -13"><span class='ocrx_word' id='word_1_175' title='bbox 150 2505 312 2542; x_wconf 90' lang='lat' dir='ltr'>meum,</span> <span class='ocrx_word' id='word_1_176' title='bbox 351 2498 395 2535; x_wconf 89' lang='lat' dir='ltr'>et</span> <span class='ocrx_word' id='word_1_177' title='bbox 426 2494 662 2535; x_wconf 80' lang='lat' dir='ltr'>exsultavit</span> <span class='ocrx_word' id='word_1_178' title='bbox 692 2494 840 2545; x_wconf 92' lang='lat' dir='ltr'>lingua</span> <span class='ocrx_word' id='word_1_179' title='bbox 871 2508 983 2536; x_wconf 92' lang='lat' dir='ltr'>mea.</span> 
     </span>
    </p>
   </div>
   <div class='ocr_carea' id='block_1_6' title="bbox 150 2549 1145 2606">
    <p class='ocr_par' dir='ltr' id='par_1_18' title="bbox 150 2549 1145 2616">
     <span class='ocr_line' id='line_1_41' title="bbox 150 2549 1145 2606; baseline 0.003 -17"><span class='ocrx_word' id='word_1_180' title='bbox 150 2549 174 2573; x_wconf 86' lang='grc'><em>*</em></span> <span class='ocrx_word' id='word_1_181' title='bbox 202 2550 380 2602; x_wconf 84' lang='lat' dir='ltr'>insuper</span> <span class='ocrx_word' id='word_1_182' title='bbox 408 2555 452 2592; x_wconf 89' lang='lat' dir='ltr'>et</span> <span class='ocrx_word' id='word_1_183' title='bbox 480 2563 584 2592; x_wconf 91' lang='lat' dir='ltr'>caro</span> <span class='ocrx_word' id='word_1_184' title='bbox 611 2563 710 2592; x_wconf 88' lang='lat' dir='ltr'>mea</span> <span class='ocrx_word' id='word_1_185' title='bbox 737 2551 984 2603; x_wconf 77' lang='lat' dir='ltr'>requiescet</span> <span class='ocrx_word' id='word_1_186' title='bbox 1078 2561 1145 2606; x_wconf 29' lang='grc' dir='ltr'>ῥὶς</span> 
     </span>
    </p>
   </div>
   <div class='ocr_carea' id='block_1_7' title="bbox 150 2617 983 2761">
    <p class='ocr_par' dir='ltr' id='par_1_19' title="bbox 150 2617 983 2761">
     <span class='ocr_line' id='line_1_42' title="bbox 150 2617 302 2647; baseline 0.013 -2"><span class='ocrx_word' id='word_1_187' title='bbox 150 2618 194 2645; x_wconf 89' lang='lat'>111</span> <span class='ocrx_word' id='word_1_188' title='bbox 213 2617 233 2645; x_wconf 91' lang='lat' dir='ltr'>s</span> <span class='ocrx_word' id='word_1_189' title='bbox 268 2618 302 2647; x_wconf 91' lang='lat' dir='ltr'>e.</span> 
     </span>
     <span class='ocr_line' id='line_1_43' title="bbox 203 2619 983 2716; baseline 0.001 -13"><span class='ocrx_word' id='word_1_190' title='bbox 203 2619 420 2712; x_wconf 49' lang='lat' dir='ltr'>Qliioniam</span> <span class='ocrx_word' id='word_1_191' title='bbox 455 2676 544 2705; x_wconf 91' lang='lat' dir='ltr'>non</span> <span class='ocrx_word' id='word_1_192' title='bbox 582 2663 860 2716; x_wconf 91' lang='lat' dir='ltr'>derelinques</span> <span class='ocrx_word' id='word_1_193' title='bbox 897 2664 983 2704; x_wconf 92' lang='lat' dir='ltr'>ani-</span> 
     </span>
     <span class='ocr_line' id='line_1_44' title="bbox 152 2719 983 2761; baseline 0.002 -2"><span class='ocrx_word' id='word_1_194' title='bbox 152 2731 269 2759; x_wconf 89' lang='lat' dir='ltr'>mam</span> <span class='ocrx_word' id='word_1_195' title='bbox 296 2731 440 2761; x_wconf 90' lang='lat' dir='ltr'>meam</span> <span class='ocrx_word' id='word_1_196' title='bbox 467 2719 512 2760; x_wconf 93' lang='lat' dir='ltr'>in</span> <span class='ocrx_word' id='word_1_197' title='bbox 538 2720 723 2761; x_wconf 88' lang='lat' dir='ltr'>inferno:</span> <span class='ocrx_word' id='word_1_198' title='bbox 750 2720 774 2746; x_wconf 90' lang='lat'>*</span> <span class='ocrx_word' id='word_1_199' title='bbox 801 2732 882 2761; x_wconf 91' lang='lat' dir='ltr'>nec</span> <span class='ocrx_word' id='word_1_200' title='bbox 911 2719 983 2761; x_wconf 91' lang='lat' dir='ltr'>da-</span> 
     </span>
    </p>
   </div>
   <div class='ocr_carea' id='block_1_8' title="bbox 1038 291 1873 627">
    <p class='ocr_par' dir='ltr' id='par_1_20' title="bbox 1038 291 1872 400">
     <span class='ocr_line' id='line_1_45' title="bbox 1038 291 1872 336; baseline 0.004 -4"><span class='ocrx_word' id='word_1_201' title='bbox 1038 291 1107 333; x_wconf 88' lang='lat' dir='ltr'>bis</span> <span class='ocrx_word' id='word_1_202' title='bbox 1144 297 1343 334; x_wconf 85' lang='lat' dir='ltr'>sanetum</span> <span class='ocrx_word' id='word_1_203' title='bbox 1380 298 1505 334; x_wconf 92' lang='lat' dir='ltr'>tuum</span> <span class='ocrx_word' id='word_1_204' title='bbox 1540 293 1690 335; x_wconf 86' lang='lat' dir='ltr'>videre</span> <span class='ocrx_word' id='word_1_205' title='bbox 1725 306 1872 336; x_wconf 92' lang='lat' dir='ltr'>corru-</span> 
     </span>
     <span class='ocr_line' id='line_1_46' title="bbox 1038 348 1247 400; baseline -0.005 -10"><span class='ocrx_word' id='word_1_206' title='bbox 1038 348 1247 400; x_wconf 76' lang='lat' dir='ltr'>ptienem.</span> 
     </span>
    </p>

    <p class='ocr_par' dir='ltr' id='par_1_21' title="bbox 1038 405 1873 627">
     <span class='ocr_line' id='line_1_47' title="bbox 1090 405 1872 457; baseline 0.004 -11"><span class='ocrx_word' id='word_1_207' title='bbox 1090 405 1232 447; x_wconf 90' lang='lat' dir='ltr'>Notas</span> <span class='ocrx_word' id='word_1_208' title='bbox 1255 406 1361 446; x_wconf 89' lang='lat' dir='ltr'>mihi</span> <span class='ocrx_word' id='word_1_209' title='bbox 1384 406 1526 448; x_wconf 89' lang='lat' dir='ltr'>fecisti</span> <span class='ocrx_word' id='word_1_210' title='bbox 1545 407 1638 448; x_wconf 87' lang='lat' dir='ltr'>vias</span> <span class='ocrx_word' id='word_1_211' title='bbox 1657 407 1775 457; x_wconf 83' lang='lat' dir='ltr'>vitae,</span> <span class='ocrx_word' id='word_1_212' title='bbox 1799 408 1872 449; x_wconf 90' lang='lat' dir='ltr'>ad-</span> 
     </span>
     <span class='ocr_line' id='line_1_48' title="bbox 1038 461 1873 514; baseline 0.005 -13"><span class='ocrx_word' id='word_1_213' title='bbox 1038 461 1243 514; x_wconf 83' lang='lat' dir='ltr'>implebis</span> <span class='ocrx_word' id='word_1_214' title='bbox 1261 475 1332 503; x_wconf 90' lang='lat' dir='ltr'>me</span> <span class='ocrx_word' id='word_1_215' title='bbox 1351 462 1503 504; x_wconf 79' lang='lat' dir='ltr'>laetitia</span> <span class='ocrx_word' id='word_1_216' title='bbox 1523 476 1623 504; x_wconf 90' lang='lat' dir='ltr'>cum</span> <span class='ocrx_word' id='word_1_217' title='bbox 1637 463 1762 505; x_wconf 85' lang='lat' dir='ltr'>vultu</span> <span class='ocrx_word' id='word_1_218' title='bbox 1780 469 1873 505; x_wconf 88' lang='lat' dir='ltr'>tuo:</span> 
     </span>
     <span class='ocr_line' id='line_1_49' title="bbox 1038 518 1871 562; baseline 0.004 -3"><span class='ocrx_word' id='word_1_219' title='bbox 1038 518 1062 544; x_wconf 88' lang='lat'>*</span> <span class='ocrx_word' id='word_1_220' title='bbox 1088 518 1405 560; x_wconf 82' lang='lat' dir='ltr'>delectatienes</span> <span class='ocrx_word' id='word_1_221' title='bbox 1428 520 1473 560; x_wconf 93' lang='lat' dir='ltr'>in</span> <span class='ocrx_word' id='word_1_222' title='bbox 1498 520 1681 561; x_wconf 85' lang='lat' dir='ltr'>dextera</span> <span class='ocrx_word' id='word_1_223' title='bbox 1704 525 1780 562; x_wconf 89' lang='lat' dir='ltr'>tua</span> <span class='ocrx_word' id='word_1_224' title='bbox 1803 534 1871 562; x_wconf 90' lang='lat' dir='ltr'>us-</span> 
     </span>
     <span class='ocr_line' id='line_1_50' title="bbox 1041 575 1350 627; baseline 0 -12"><span class='ocrx_word' id='word_1_225' title='bbox 1041 588 1125 627; x_wconf 92' lang='lat' dir='ltr'>que</span> <span class='ocrx_word' id='word_1_226' title='bbox 1144 575 1188 615; x_wconf 93' lang='lat' dir='ltr'>in</span> <span class='ocrx_word' id='word_1_227' title='bbox 1207 575 1350 616; x_wconf 85' lang='lat' dir='ltr'>finem.</span> 
     </span>
    </p>
   </div>
   <div class='ocr_carea' id='block_1_9' title="bbox 1037 641 1872 1038">
    <p class='ocr_par' dir='ltr' id='par_1_22' title="bbox 1037 641 1872 851">
     <span class='ocr_line' id='line_1_51' title="bbox 1095 641 1872 694; baseline 0.004 -14"><span class='ocrx_word' id='word_1_228' title='bbox 1095 641 1194 681; x_wconf 73' lang='lat' dir='ltr'>Ant.</span> <span class='ocrx_word' id='word_1_229' title='bbox 1233 641 1549 682; x_wconf 80' lang='lat' dir='ltr'>Communi6ne</span> <span class='ocrx_word' id='word_1_230' title='bbox 1581 641 1748 690; x_wconf 90' lang='lat' dir='ltr'>calicis,</span> <span class='ocrx_word' id='word_1_231' title='bbox 1784 655 1872 694; x_wconf 93' lang='lat' dir='ltr'>quo</span> 
     </span>
     <span class='ocr_line' id='line_1_52' title="bbox 1038 697 1872 751; baseline 0.002 -14"><span class='ocrx_word' id='word_1_232' title='bbox 1038 697 1159 738; x_wconf 91' lang='lat' dir='ltr'>Deus</span> <span class='ocrx_word' id='word_1_233' title='bbox 1183 698 1279 751; x_wconf 92' lang='lat' dir='ltr'>ipse</span> <span class='ocrx_word' id='word_1_234' title='bbox 1304 697 1499 747; x_wconf 83' lang='lat' dir='ltr'>sumitur,</span> <span class='ocrx_word' id='word_1_235' title='bbox 1523 710 1612 739; x_wconf 91' lang='lat' dir='ltr'>non</span> <span class='ocrx_word' id='word_1_236' title='bbox 1632 698 1872 739; x_wconf 82' lang='lat' dir='ltr'>vitulorum</span> 
     </span>
     <span class='ocr_line' id='line_1_53' title="bbox 1038 754 1871 805; baseline 0.002 -11"><span class='ocrx_word' id='word_1_237' title='bbox 1038 755 1273 805; x_wconf 88' lang='lat' dir='ltr'>sanguine,</span> <span class='ocrx_word' id='word_1_238' title='bbox 1323 754 1608 804; x_wconf 84' lang='lat' dir='ltr'>congregavit</span> <span class='ocrx_word' id='word_1_239' title='bbox 1655 767 1736 795; x_wconf 91' lang='lat' dir='ltr'>nos</span> <span class='ocrx_word' id='word_1_240' title='bbox 1783 755 1871 796; x_wconf 83' lang='lat' dir='ltr'>De-</span> 
     </span>
     <span class='ocr_line' id='line_1_54' title="bbox 1037 823 1191 851; baseline 0.006 -1"><span class='ocrx_word' id='word_1_241' title='bbox 1037 823 1191 851; x_wconf 90' lang='lat' dir='ltr'>mmus.</span> 
     </span>
    </p>

    <p class='ocr_par' dir='ltr' id='par_1_23' title="bbox 1037 868 1871 980">
     <span class='ocr_line' id='line_1_55' title="bbox 1093 868 1870 924; baseline 0.001 -12"><span class='ocrx_word' id='word_1_242' title='bbox 1093 868 1145 919; x_wconf 63' lang='lat' dir='ltr'>V.</span> <span class='ocrx_word' id='word_1_243' title='bbox 1163 872 1328 913; x_wconf 90' lang='lat' dir='ltr'>Panem</span> <span class='ocrx_word' id='word_1_244' title='bbox 1348 872 1450 913; x_wconf 90' lang='lat' dir='ltr'>coeli</span> <span class='ocrx_word' id='word_1_245' title='bbox 1471 870 1594 913; x_wconf 88' lang='lat' dir='ltr'>dedit</span> <span class='ocrx_word' id='word_1_246' title='bbox 1614 871 1686 912; x_wconf 89' lang='lat' dir='ltr'>eis.</span> <span class='ocrx_word' id='word_1_247' title='bbox 1720 873 1771 924; x_wconf 72' lang='lat' dir='ltr'>R.</span> <span class='ocrx_word' id='word_1_248' title='bbox 1792 872 1870 913; x_wconf 90' lang='lat' dir='ltr'>Pa-</span> 
     </span>
     <span class='ocr_line' id='line_1_56' title="bbox 1037 927 1871 980; baseline 0.001 -11"><span class='ocrx_word' id='word_1_249' title='bbox 1037 941 1137 970; x_wconf 92' lang='lat' dir='ltr'>nem</span> <span class='ocrx_word' id='word_1_250' title='bbox 1148 928 1421 980; x_wconf 78' lang='lat' dir='ltr'>Angelerum</span> <span class='ocrx_word' id='word_1_251' title='bbox 1435 927 1717 970; x_wconf 86' lang='lat' dir='ltr'>manducavit</span> <span class='ocrx_word' id='word_1_252' title='bbox 1726 928 1871 970; x_wconf 93' lang='lat' dir='ltr'>homo.</span> 
     </span>
    </p>

    <p class='ocr_par' dir='ltr' id='par_1_24' title="bbox 1094 994 1851 1038">
     <span class='ocr_line' id='line_1_57' title="bbox 1094 994 1851 1038; baseline 0.005 -11"><span class='ocrx_word' id='word_1_253' title='bbox 1094 994 1299 1028; x_wconf 73' lang='lat' dir='ltr'>Lectiones</span> <span class='ocrx_word' id='word_1_254' title='bbox 1325 995 1371 1028; x_wconf 85' lang='lat' dir='ltr'>de</span> <span class='ocrx_word' id='word_1_255' title='bbox 1394 995 1591 1038; x_wconf 73' lang='lat' dir='ltr'>Scriptura</span> <span class='ocrx_word' id='word_1_256' title='bbox 1618 1002 1851 1032; x_wconf 79' lang='lat' dir='ltr'>occurrente.</span> 
     </span>
    </p>
   </div>
   <div class='ocr_carea' id='block_1_10' title="bbox 1035 1048 1873 2238">
    <p class='ocr_par' dir='ltr' id='par_1_25' title="bbox 1037 1048 1873 1430">
     <span class='ocr_line' id='line_1_58' title="bbox 1096 1048 1871 1100; baseline 0.005 -13"><span class='ocrx_word' id='word_1_257' title='bbox 1096 1050 1145 1100; x_wconf 65' lang='lat' dir='ltr'>Rg.</span> <span class='ocrx_word' id='word_1_258' title='bbox 1166 1048 1189 1087; x_wconf 89' lang='lat' dir='ltr'>i.</span> <span class='ocrx_word' id='word_1_259' title='bbox 1211 1049 1462 1091; x_wconf 90' lang='lat' dir='ltr'>Immolabit</span> <span class='ocrx_word' id='word_1_260' title='bbox 1480 1049 1662 1091; x_wconf 87' lang='lat' dir='ltr'>hoedum</span> <span class='ocrx_word' id='word_1_261' title='bbox 1680 1049 1871 1091; x_wconf 80' lang='lat' dir='ltr'>multitu-</span> 
     </span>
     <span class='ocr_line' id='line_1_59' title="bbox 1039 1105 1870 1158; baseline -0.001 -10"><span class='ocrx_word' id='word_1_262' title='bbox 1039 1105 1096 1148; x_wconf 94' lang='lat' dir='ltr'>do</span> <span class='ocrx_word' id='word_1_263' title='bbox 1113 1106 1304 1147; x_wconf 85' lang='lat' dir='ltr'>filiorum</span> <span class='ocrx_word' id='word_1_264' title='bbox 1318 1106 1457 1147; x_wconf 78' lang='lat' dir='ltr'>Israel</span> <span class='ocrx_word' id='word_1_265' title='bbox 1476 1106 1532 1148; x_wconf 93' lang='lat' dir='ltr'>ad</span> <span class='ocrx_word' id='word_1_266' title='bbox 1547 1108 1778 1158; x_wconf 86' lang='lat' dir='ltr'>vesperam</span> <span class='ocrx_word' id='word_1_267' title='bbox 1792 1107 1870 1147; x_wconf 91' lang='lat' dir='ltr'>Pa-</span> 
     </span>
     <span class='ocr_line' id='line_1_60' title="bbox 1038 1160 1871 1215; baseline 0.001 -12"><span class='ocrx_word' id='word_1_268' title='bbox 1038 1163 1171 1204; x_wconf 86' lang='lat' dir='ltr'>schae:</span> <span class='ocrx_word' id='word_1_269' title='bbox 1190 1160 1213 1183; x_wconf 85' lang='lat'>*</span> <span class='ocrx_word' id='word_1_270' title='bbox 1226 1163 1283 1204; x_wconf 90' lang='lat' dir='ltr'>Et</span> <span class='ocrx_word' id='word_1_271' title='bbox 1299 1162 1431 1204; x_wconf 90' lang='lat' dir='ltr'>edent</span> <span class='ocrx_word' id='word_1_272' title='bbox 1446 1175 1610 1211; x_wconf 87' lang='lat' dir='ltr'>earnes,</span> <span class='ocrx_word' id='word_1_273' title='bbox 1632 1167 1676 1204; x_wconf 92' lang='lat' dir='ltr'>et</span> <span class='ocrx_word' id='word_1_274' title='bbox 1691 1165 1871 1215; x_wconf 88' lang='lat' dir='ltr'>azymos</span> 
     </span>
     <span class='ocr_line' id='line_1_61' title="bbox 1037 1215 1870 1271; baseline 0.001 -11"><span class='ocrx_word' id='word_1_275' title='bbox 1037 1232 1187 1271; x_wconf 90' lang='lat' dir='ltr'>panes.</span> <span class='ocrx_word' id='word_1_276' title='bbox 1226 1215 1277 1264; x_wconf 65' lang='lat' dir='ltr'>Y.</span> <span class='ocrx_word' id='word_1_277' title='bbox 1301 1219 1471 1260; x_wconf 83' lang='lat' dir='ltr'>Pascha</span> <span class='ocrx_word' id='word_1_278' title='bbox 1494 1225 1695 1261; x_wconf 89' lang='lat' dir='ltr'>nostrum</span> <span class='ocrx_word' id='word_1_279' title='bbox 1719 1219 1870 1261; x_wconf 91' lang='lat' dir='ltr'>immo-</span> 
     </span>
     <span class='ocr_line' id='line_1_62' title="bbox 1037 1275 1873 1328; baseline 0.001 -12"><span class='ocrx_word' id='word_1_280' title='bbox 1037 1275 1153 1317; x_wconf 86' lang='lat' dir='ltr'>latus</span> <span class='ocrx_word' id='word_1_281' title='bbox 1169 1281 1236 1318; x_wconf 89' lang='lat' dir='ltr'>est</span> <span class='ocrx_word' id='word_1_282' title='bbox 1251 1275 1465 1317; x_wconf 90' lang='lat' dir='ltr'>Christus:</span> <span class='ocrx_word' id='word_1_283' title='bbox 1479 1278 1628 1327; x_wconf 90' lang='lat' dir='ltr'>itaque</span> <span class='ocrx_word' id='word_1_284' title='bbox 1644 1276 1873 1328; x_wconf 78' lang='lat' dir='ltr'>epulemur</span> 
     </span>
     <span class='ocr_line' id='line_1_63' title="bbox 1037 1332 1871 1384; baseline 0.001 -12"><span class='ocrx_word' id='word_1_285' title='bbox 1037 1332 1083 1372; x_wconf 90' lang='lat' dir='ltr'>in</span> <span class='ocrx_word' id='word_1_286' title='bbox 1110 1332 1275 1384; x_wconf 86' lang='lat' dir='ltr'>azymis</span> <span class='ocrx_word' id='word_1_287' title='bbox 1303 1332 1564 1374; x_wconf 64' lang='lat' dir='ltr'>sinceritatis</span> <span class='ocrx_word' id='word_1_288' title='bbox 1591 1337 1635 1374; x_wconf 94' lang='lat' dir='ltr'>et</span> <span class='ocrx_word' id='word_1_289' title='bbox 1662 1332 1871 1374; x_wconf 90' lang='lat' dir='ltr'>veritatis.</span> 
     </span>
     <span class='ocr_line' id='line_1_64' title="bbox 1037 1388 1430 1430; baseline 0 -1"><span class='ocrx_word' id='word_1_290' title='bbox 1037 1388 1095 1430; x_wconf 90' lang='lat' dir='ltr'>Et</span> <span class='ocrx_word' id='word_1_291' title='bbox 1114 1388 1247 1430; x_wconf 92' lang='lat' dir='ltr'>edent</span> <span class='ocrx_word' id='word_1_292' title='bbox 1266 1402 1430 1430; x_wconf 90' lang='lat' dir='ltr'>carnes.</span> 
     </span>
    </p>

    <p class='ocr_par' dir='ltr' id='par_1_26' title="bbox 1037 1451 1871 1844">
     <span class='ocr_line' id='line_1_65' title="bbox 1095 1451 1870 1504; baseline 0.006 -14"><span class='ocrx_word' id='word_1_293' title='bbox 1095 1451 1146 1503; x_wconf 63' lang='grc' dir='ltr'>Κ.</span> <span class='ocrx_word' id='word_1_294' title='bbox 1166 1451 1205 1491; x_wconf 89' lang='lat' dir='ltr'>ii.</span> <span class='ocrx_word' id='word_1_295' title='bbox 1229 1452 1482 1496; x_wconf 91' lang='lat' dir='ltr'>Comedetis</span> <span class='ocrx_word' id='word_1_296' title='bbox 1502 1466 1667 1504; x_wconf 83' lang='lat' dir='ltr'>carneS,</span> <span class='ocrx_word' id='word_1_297' title='bbox 1692 1459 1736 1495; x_wconf 92' lang='lat' dir='ltr'>et</span> <span class='ocrx_word' id='word_1_298' title='bbox 1755 1458 1870 1495; x_wconf 89' lang='lat' dir='ltr'>satu-</span> 
     </span>
     <span class='ocr_line' id='line_1_66' title="bbox 1037 1508 1871 1563; baseline 0.001 -12"><span class='ocrx_word' id='word_1_299' title='bbox 1037 1509 1240 1551; x_wconf 91' lang='lat' dir='ltr'>rab1mini</span> <span class='ocrx_word' id='word_1_300' title='bbox 1263 1510 1466 1563; x_wconf 90' lang='lat' dir='ltr'>panibus:</span> <span class='ocrx_word' id='word_1_301' title='bbox 1492 1508 1515 1533; x_wconf 69' lang='lat'>&#39;⁸</span> <span class='ocrx_word' id='word_1_302' title='bbox 1531 1511 1622 1552; x_wconf 88' lang='lat' dir='ltr'>Iste</span> <span class='ocrx_word' id='word_1_303' title='bbox 1646 1516 1713 1552; x_wconf 89' lang='lat' dir='ltr'>est</span> <span class='ocrx_word' id='word_1_304' title='bbox 1734 1511 1871 1563; x_wconf 87' lang='lat' dir='ltr'>panis,</span> 
     </span>
     <span class='ocr_line' id='line_1_67' title="bbox 1039 1566 1870 1617; baseline 0.002 -10"><span class='ocrx_word' id='word_1_305' title='bbox 1039 1579 1170 1617; x_wconf 91' lang='lat' dir='ltr'>quem</span> <span class='ocrx_word' id='word_1_306' title='bbox 1192 1566 1314 1608; x_wconf 89' lang='lat' dir='ltr'>dedit</span> <span class='ocrx_word' id='word_1_307' title='bbox 1336 1566 1464 1608; x_wconf 87' lang='lat' dir='ltr'>vobis</span> <span class='ocrx_word' id='word_1_308' title='bbox 1483 1567 1699 1608; x_wconf 79' lang='lat' dir='ltr'>Deminus</span> <span class='ocrx_word' id='word_1_309' title='bbox 1724 1566 1780 1608; x_wconf 91' lang='lat' dir='ltr'>ad</span> <span class='ocrx_word' id='word_1_310' title='bbox 1800 1580 1870 1609; x_wconf 90' lang='lat' dir='ltr'>ve-</span> 
     </span>
     <span class='ocr_line' id='line_1_68' title="bbox 1038 1615 1871 1675; baseline 0.002 -12"><span class='ocrx_word' id='word_1_311' title='bbox 1038 1621 1260 1663; x_wconf 91' lang='lat' dir='ltr'>scendum.</span> <span class='ocrx_word' id='word_1_312' title='bbox 1315 1615 1364 1666; x_wconf 56' lang='lat' dir='ltr'>Y.</span> <span class='ocrx_word' id='word_1_313' title='bbox 1397 1623 1500 1664; x_wconf 93' lang='lat' dir='ltr'>Non</span> <span class='ocrx_word' id='word_1_314' title='bbox 1532 1623 1710 1675; x_wconf 70' lang='lat' dir='ltr'>Moyses</span> <span class='ocrx_word' id='word_1_315' title='bbox 1747 1623 1871 1665; x_wconf 90' lang='lat' dir='ltr'>dedit</span> 
     </span>
     <span class='ocr_line' id='line_1_69' title="bbox 1037 1678 1871 1731; baseline 0.002 -13"><span class='ocrx_word' id='word_1_316' title='bbox 1037 1678 1164 1720; x_wconf 89' lang='lat' dir='ltr'>vobis</span> <span class='ocrx_word' id='word_1_317' title='bbox 1192 1692 1352 1731; x_wconf 89' lang='lat' dir='ltr'>panem</span> <span class='ocrx_word' id='word_1_318' title='bbox 1379 1678 1434 1721; x_wconf 92' lang='lat' dir='ltr'>de</span> <span class='ocrx_word' id='word_1_319' title='bbox 1463 1679 1598 1729; x_wconf 90' lang='lat' dir='ltr'>coelo,</span> <span class='ocrx_word' id='word_1_320' title='bbox 1631 1680 1711 1721; x_wconf 90' lang='lat' dir='ltr'>sed</span> <span class='ocrx_word' id='word_1_321' title='bbox 1738 1679 1871 1720; x_wconf 92' lang='lat' dir='ltr'>Pater</span> 
     </span>
     <span class='ocr_line' id='line_1_70' title="bbox 1037 1734 1870 1788; baseline 0.002 -13"><span class='ocrx_word' id='word_1_322' title='bbox 1037 1747 1161 1776; x_wconf 88' lang='lat' dir='ltr'>meus</span> <span class='ocrx_word' id='word_1_323' title='bbox 1197 1734 1273 1777; x_wconf 92' lang='lat' dir='ltr'>dat</span> <span class='ocrx_word' id='word_1_324' title='bbox 1308 1735 1436 1777; x_wconf 89' lang='lat' dir='ltr'>vobis</span> <span class='ocrx_word' id='word_1_325' title='bbox 1473 1748 1635 1788; x_wconf 90' lang='lat' dir='ltr'>panem</span> <span class='ocrx_word' id='word_1_326' title='bbox 1667 1734 1722 1777; x_wconf 90' lang='lat' dir='ltr'>de</span> <span class='ocrx_word' id='word_1_327' title='bbox 1756 1736 1870 1777; x_wconf 88' lang='lat' dir='ltr'>coelo</span> 
     </span>
     <span class='ocr_line' id='line_1_71' title="bbox 1037 1792 1562 1844; baseline 0.002 -12"><span class='ocrx_word' id='word_1_328' title='bbox 1037 1804 1201 1832; x_wconf 90' lang='lat' dir='ltr'>verum.</span> <span class='ocrx_word' id='word_1_329' title='bbox 1229 1792 1319 1833; x_wconf 88' lang='lat' dir='ltr'>Iste</span> <span class='ocrx_word' id='word_1_330' title='bbox 1339 1797 1406 1833; x_wconf 92' lang='lat' dir='ltr'>est</span> <span class='ocrx_word' id='word_1_331' title='bbox 1424 1792 1562 1844; x_wconf 90' lang='lat' dir='ltr'>panis.</span> 
     </span>
    </p>

    <p class='ocr_par' dir='ltr' id='par_1_27' title="bbox 1035 1852 1871 2238">
     <span class='ocr_line' id='line_1_72' title="bbox 1095 1852 1870 1909; baseline 0.003 -12"><span class='ocrx_word' id='word_1_332' title='bbox 1095 1853 1145 1903; x_wconf 60' lang='lat' dir='ltr'>R*-</span> <span class='ocrx_word' id='word_1_333' title='bbox 1174 1852 1229 1891; x_wconf 77' lang='lat' dir='ltr'>iii·</span> <span class='ocrx_word' id='word_1_334' title='bbox 1259 1857 1475 1909; x_wconf 80' lang='lat' dir='ltr'>Respexit</span> <span class='ocrx_word' id='word_1_335' title='bbox 1501 1856 1621 1898; x_wconf 88' lang='lat' dir='ltr'>Elias</span> <span class='ocrx_word' id='word_1_336' title='bbox 1654 1857 1710 1898; x_wconf 89' lang='lat' dir='ltr'>ad</span> <span class='ocrx_word' id='word_1_337' title='bbox 1738 1862 1870 1909; x_wconf 91' lang='lat' dir='ltr'>caput</span> 
     </span>
     <span class='ocr_line' id='line_1_73' title="bbox 1038 1913 1871 1966; baseline 0 -11"><span class='ocrx_word' id='word_1_338' title='bbox 1038 1926 1166 1955; x_wconf 89' lang='lat' dir='ltr'>suum</span> <span class='ocrx_word' id='word_1_339' title='bbox 1203 1913 1540 1955; x_wconf 83' lang='lat' dir='ltr'>subcinericium</span> <span class='ocrx_word' id='word_1_340' title='bbox 1576 1926 1755 1966; x_wconf 90' lang='lat' dir='ltr'>panem:</span> <span class='ocrx_word' id='word_1_341' title='bbox 1797 1914 1871 1966; x_wconf 91' lang='lat' dir='ltr'>qui</span> 
     </span>
     <span class='ocr_line' id='line_1_74' title="bbox 1037 1966 1869 2021; baseline 0 -10"><span class='ocrx_word' id='word_1_342' title='bbox 1037 1983 1220 2021; x_wconf 89' lang='lat' dir='ltr'>surgens</span> <span class='ocrx_word' id='word_1_343' title='bbox 1239 1969 1433 2012; x_wconf 91' lang='lat' dir='ltr'>comedit</span> <span class='ocrx_word' id='word_1_344' title='bbox 1453 1974 1497 2011; x_wconf 93' lang='lat' dir='ltr'>et</span> <span class='ocrx_word' id='word_1_345' title='bbox 1515 1970 1640 2012; x_wconf 93' lang='lat' dir='ltr'>bibit:</span> <span class='ocrx_word' id='word_1_346' title='bbox 1668 1966 1691 1989; x_wconf 87' lang='lat'>*</span> <span class='ocrx_word' id='word_1_347' title='bbox 1707 1970 1764 2011; x_wconf 91' lang='lat' dir='ltr'>Et</span> <span class='ocrx_word' id='word_1_348' title='bbox 1783 1983 1869 2011; x_wconf 92' lang='lat' dir='ltr'>am-</span> 
     </span>
     <span class='ocr_line' id='line_1_75' title="bbox 1036 2025 1869 2068; baseline -0.001 0"><span class='ocrx_word' id='word_1_349' title='bbox 1036 2026 1205 2068; x_wconf 88' lang='lat' dir='ltr'>bulavit</span> <span class='ocrx_word' id='word_1_350' title='bbox 1245 2027 1289 2067; x_wconf 91' lang='lat' dir='ltr'>in</span> <span class='ocrx_word' id='word_1_351' title='bbox 1330 2025 1589 2067; x_wconf 82' lang='lat' dir='ltr'>fortitudine</span> <span class='ocrx_word' id='word_1_352' title='bbox 1631 2025 1717 2068; x_wconf 91' lang='lat' dir='ltr'>cibi</span> <span class='ocrx_word' id='word_1_353' title='bbox 1753 2025 1869 2067; x_wconf 90' lang='lat' dir='ltr'>illius</span> 
     </span>
     <span class='ocr_line' id='line_1_76' title="bbox 1036 2074 1869 2135; baseline -0.001 -11"><span class='ocrx_word' id='word_1_354' title='bbox 1036 2096 1177 2135; x_wconf 91' lang='lat' dir='ltr'>usque</span> <span class='ocrx_word' id='word_1_355' title='bbox 1201 2082 1257 2124; x_wconf 92' lang='lat' dir='ltr'>ad</span> <span class='ocrx_word' id='word_1_356' title='bbox 1280 2087 1476 2124; x_wconf 91' lang='lat' dir='ltr'>montem</span> <span class='ocrx_word' id='word_1_357' title='bbox 1494 2082 1590 2123; x_wconf 93' lang='lat' dir='ltr'>Dei.</span> <span class='ocrx_word' id='word_1_358' title='bbox 1632 2074 1683 2125; x_wconf 65' lang='lat' dir='ltr'>V·</span> <span class='ocrx_word' id='word_1_359' title='bbox 1702 2082 1747 2122; x_wconf 90' lang='lat' dir='ltr'>Si</span> <span class='ocrx_word' id='word_1_360' title='bbox 1771 2083 1869 2134; x_wconf 91' lang='lat' dir='ltr'>quis</span> 
     </span>
     <span class='ocr_line' id='line_1_77' title="bbox 1035 2138 1869 2190; baseline 0 -10"><span class='ocrx_word' id='word_1_361' title='bbox 1035 2138 1367 2180; x_wconf 65' lang='lat' dir='ltr'>manducaverit</span> <span class='ocrx_word' id='word_1_362' title='bbox 1395 2151 1450 2179; x_wconf 81' lang='lat' dir='ltr'>ex</span> <span class='ocrx_word' id='word_1_363' title='bbox 1476 2138 1562 2179; x_wconf 92' lang='lat' dir='ltr'>hoc</span> <span class='ocrx_word' id='word_1_364' title='bbox 1589 2150 1720 2190; x_wconf 90' lang='lat' dir='ltr'>pane,</span> <span class='ocrx_word' id='word_1_365' title='bbox 1750 2138 1869 2180; x_wconf 88' lang='lat' dir='ltr'>vivet</span> 
     </span>
     <span class='ocr_line' id='line_1_78' title="bbox 1035 2194 1845 2238; baseline 0 -2"><span class='ocrx_word' id='word_1_366' title='bbox 1035 2196 1079 2237; x_wconf 91' lang='lat' dir='ltr'>in</span> <span class='ocrx_word' id='word_1_367' title='bbox 1100 2198 1323 2238; x_wconf 81' lang='lat' dir='ltr'>aeternum.</span> <span class='ocrx_word' id='word_1_368' title='bbox 1351 2195 1418 2237; x_wconf 88' lang='lat' dir='ltr'>Et.</span> <span class='ocrx_word' id='word_1_369' title='bbox 1448 2194 1601 2236; x_wconf 74' lang='lat' dir='ltr'>Gloria</span> <span class='ocrx_word' id='word_1_370' title='bbox 1619 2194 1750 2235; x_wconf 91' lang='lat' dir='ltr'>Patri.</span> <span class='ocrx_word' id='word_1_371' title='bbox 1777 2194 1845 2236; x_wconf 88' lang='lat' dir='ltr'>Et.</span> 
     </span>
    </p>
   </div>
   <div class='ocr_carea' id='block_1_11' title="bbox 1094 2279 1708 2392">
    <p class='ocr_par' dir='ltr' id='par_1_28' title="bbox 1094 2279 1708 2392">
     <span class='ocr_line' id='line_1_79' title="bbox 1276 2279 1639 2319; baseline 0 -2"><span class='ocrx_word' id='word_1_372' title='bbox 1276 2279 1324 2317; x_wconf 91' lang='lat' dir='ltr'>In</span> <span class='ocrx_word' id='word_1_373' title='bbox 1344 2279 1394 2317; x_wconf 92' lang='grc' dir='ltr'>ΙΙ.</span> <span class='ocrx_word' id='word_1_374' title='bbox 1414 2280 1639 2319; x_wconf 82' lang='lat' dir='ltr'>Nocturno.</span> 
     </span>
     <span class='ocr_line' id='line_1_80' title="bbox 1094 2349 1708 2392; baseline 0.003 -4"><span class='ocrx_word' id='word_1_375' title='bbox 1094 2349 1193 2390; x_wconf 85' lang='lat' dir='ltr'>Ant.</span> <span class='ocrx_word' id='word_1_376' title='bbox 1222 2350 1387 2392; x_wconf 90' lang='lat' dir='ltr'>Memor</span> <span class='ocrx_word' id='word_1_377' title='bbox 1407 2350 1464 2391; x_wconf 89' lang='lat' dir='ltr'>sit</span> <span class='ocrx_word' id='word_1_378' title='bbox 1482 2350 1708 2391; x_wconf 81' lang='lat' dir='ltr'>Deminus.</span> 
     </span>
    </p>
   </div>
   <div class='ocr_carea' id='block_1_12' title="bbox 1318 2422 1595 2463">
    <p class='ocr_par' dir='ltr' id='par_1_29' title="bbox 1318 2422 1595 2463">
     <span class='ocr_line' id='line_1_81' title="bbox 1318 2422 1595 2463; baseline 0 -2"><span class='ocrx_word' id='word_1_379' title='bbox 1318 2422 1517 2463; x_wconf 85' lang='lat' dir='ltr'>Psalmus</span> <span class='ocrx_word' id='word_1_380' title='bbox 1539 2424 1595 2463; x_wconf 78' lang='lat'>19.</span> 
     </span>
    </p>
   </div>
   <div class='ocr_carea' id='block_1_13' title="bbox 1038 2489 1866 2760">
    <p class='ocr_par' dir='ltr' id='par_1_30' title="bbox 1043 2489 1866 2644">
     <span class='ocr_line' id='line_1_82' title="bbox 1043 2489 1866 2558; baseline -0.003 -26.923"><span class='ocrx_word' id='word_1_381' title='bbox 1043 2504 1145 2558; x_wconf 43' lang='lat' dir='ltr'>sn</span> <span class='ocrx_word' id='word_1_382' title='bbox 1157 2490 1337 2531; x_wconf 83' lang='lat' dir='ltr'>xaudiat</span> <span class='ocrx_word' id='word_1_383' title='bbox 1354 2495 1398 2531; x_wconf 89' lang='lat' dir='ltr'>te</span> <span class='ocrx_word' id='word_1_384' title='bbox 1411 2489 1657 2531; x_wconf 79' lang='lat' dir='ltr'>Deminus</span> <span class='ocrx_word' id='word_1_385' title='bbox 1646 2503 1689 2530; x_wconf 94' lang='lat' dir='ltr'>1n</span> <span class='ocrx_word' id='word_1_386' title='bbox 1706 2489 1775 2531; x_wconf 88' lang='lat' dir='ltr'>die</span> <span class='ocrx_word' id='word_1_387' title='bbox 1795 2489 1866 2530; x_wconf 88' lang='lat' dir='ltr'>tri-</span> 
     </span>
     <span class='ocr_line' id='line_1_83' title="bbox 1130 2546 1864 2598; baseline -0.003 -11"><span class='ocrx_word' id='word_1_388' title='bbox 1130 2553 1133 2557; x_wconf 73' lang='grc'><strong><em>’</em></strong></span> <span class='ocrx_word' id='word_1_389' title='bbox 1173 2546 1423 2587; x_wconf 83' lang='lat' dir='ltr'>bulati6nis:</span> <span class='ocrx_word' id='word_1_390' title='bbox 1447 2548 1471 2572; x_wconf 85' lang='lat'>*</span> <span class='ocrx_word' id='word_1_391' title='bbox 1494 2549 1701 2598; x_wconf 79' lang='lat' dir='ltr'>pretegat</span> <span class='ocrx_word' id='word_1_392' title='bbox 1723 2550 1767 2586; x_wconf 91' lang='lat' dir='ltr'>te</span> <span class='ocrx_word' id='word_1_393' title='bbox 1791 2557 1864 2585; x_wconf 92' lang='lat' dir='ltr'>no-</span> 
     </span>
     <span class='ocr_line' id='line_1_84' title="bbox 1172 2602 1543 2644; baseline 0.003 -1"><span class='ocrx_word' id='word_1_394' title='bbox 1172 2615 1272 2643; x_wconf 93' lang='lat' dir='ltr'>men</span> <span class='ocrx_word' id='word_1_395' title='bbox 1290 2602 1375 2643; x_wconf 89' lang='lat' dir='ltr'>Dei</span> <span class='ocrx_word' id='word_1_396' title='bbox 1393 2602 1543 2644; x_wconf 89' lang='lat' dir='ltr'>Jacob.</span> 
     </span>
    </p>

    <p class='ocr_par' dir='ltr' id='par_1_31' title="bbox 1038 2659 1866 2760">
     <span class='ocr_line' id='line_1_85' title="bbox 1088 2659 1866 2704; baseline -0.004 -1"><span class='ocrx_word' id='word_1_397' title='bbox 1088 2663 1234 2704; x_wconf 90' lang='lat' dir='ltr'>Mittat</span> <span class='ocrx_word' id='word_1_398' title='bbox 1250 2662 1331 2704; x_wconf 92' lang='lat' dir='ltr'>tibi</span> <span class='ocrx_word' id='word_1_399' title='bbox 1350 2662 1557 2704; x_wconf 81' lang='lat' dir='ltr'>auxilium</span> <span class='ocrx_word' id='word_1_400' title='bbox 1577 2662 1632 2704; x_wconf 94' lang='lat' dir='ltr'>de</span> <span class='ocrx_word' id='word_1_401' title='bbox 1652 2665 1817 2702; x_wconf 89' lang='lat' dir='ltr'>sancto:</span> <span class='ocrx_word' id='word_1_402' title='bbox 1841 2659 1866 2685; x_wconf 85' lang='lat'>*</span> 
     </span>
     <span class='ocr_line' id='line_1_86' title="bbox 1038 2718 1546 2760; baseline 0 0"><span class='ocrx_word' id='word_1_403' title='bbox 1038 2723 1082 2760; x_wconf 93' lang='lat' dir='ltr'>et</span> <span class='ocrx_word' id='word_1_404' title='bbox 1101 2719 1156 2760; x_wconf 91' lang='lat' dir='ltr'>de</span> <span class='ocrx_word' id='word_1_405' title='bbox 1175 2718 1281 2760; x_wconf 89' lang='lat' dir='ltr'>Sion</span> <span class='ocrx_word' id='word_1_406' title='bbox 1299 2721 1473 2760; x_wconf 85' lang='lat' dir='ltr'>tueatur</span> <span class='ocrx_word' id='word_1_407' title='bbox 1490 2724 1546 2760; x_wconf 89' lang='lat' dir='ltr'>te.</span> 
     </span>
    </p>
   </div>
   <div class='ocr_carea' id='block_1_14' title="bbox 96 133 1935 2821">
    <p class='ocr_par' dir='ltr' id='par_1_32' title="bbox 96 133 1935 2821">
     <span class='ocr_line' id='line_1_87' title="bbox 96 133 1935 2821; baseline 0 0"><span class='ocrx_word' id='word_1_408' title='bbox 96 133 1935 2821; x_wconf 95' lang='lat' dir='ltr'> </span> 
     </span>
    </p>
   </div>
  </div>
 </body>
</html>
