2040 2944
627 205 669 238 In
697 205 821 238 Festis
846 205 886 238 B.
913 205 1045 238 Mariae
1070 204 1113 238 Υ.
1139 215 1207 247 per
1231 214 1381 237 annum.

147 307 269 343 tanta
287 301 448 343 fiducia
467 301 718 350 confitetur,
738 306 786 341 ut
806 305 849 342 et
867 313 978 352 prae-

147 358 335 400 sentium
363 360 598 410 precerum
627 357 902 406 calumniam,
935 360 979 397 et

146 414 394 456 futurorum
414 414 653 456 confundat
668 413 978 454 haereticorum

146 470 390 523 perfidiam.
422 471 538 512 Nam
563 471 675 511 sicut
699 475 802 511 tunc
825 470 850 509 J
852 468 978 518 udaei,

147 527 288 568 sancti
306 527 493 579 Spiritus
518 529 654 579 opera
672 525 978 578 blaspheman-

147 583 226 632 do,
272 596 424 624 verum
470 582 978 633 consubstantialemque

146 639 267 680 Patri
280 640 366 680 Dei
380 639 539 680 Filium
559 638 792 690 negabant:
812 638 874 679 sic
891 637 977 678 hae-

146 695 272 736 retici
285 697 443 748 postea
456 694 660 746 negando
671 695 855 735 Mariam
868 706 976 734 sem-

146 764 226 803 per
245 751 488 802 Virginem,
512 751 653 792 saneti
669 751 856 803 Spiritus
877 762 977 802 ope-

147 809 273 849 rante
300 808 485 857 virtute,
517 807 741 848 nascituro
775 820 874 848 cum
902 806 977 847 hu-

146 864 286 904 manis
335 863 544 905 membris
593 863 828 914 Unigenito
878 863 978 912 Dei,

146 920 289 961 carnis
318 933 409 961 suae
437 920 666 961 materiam
694 919 978 968 ministrasse,

146 989 299 1017 verum
318 975 824 1028 consubstantialemque
849 975 979 1016 matri

145 1031 305 1073 Filium
332 1031 521 1073 hominis
550 1032 676 1073 fateri
700 1044 789 1072 non
815 1031 978 1072 debere

147 1087 363 1130 dixerunt.

200 1155 251 1206 Ιζν.
266 1157 391 1199 Felix
409 1170 600 1222 namque
620 1170 678 1206 eS,
699 1169 824 1198 sacra
838 1156 978 1207 Virgo

144 1213 294 1263 Maria,
315 1218 359 1255 et
377 1213 498 1255 omni
516 1212 646 1254 laude
665 1210 976 1263 dignissima:*

146 1269 259 1319 Quia
291 1282 346 1311 ex
377 1274 421 1311 te
451 1274 574 1311 ortus
603 1274 670 1310 651
698 1268 764 1310 501
791 1269 978 1320 justitiae,

146 1325 346 1367 Christus
365 1326 487 1367 Deus
506 1330 668 1366 noster.
707 1315 756 1366 V
781 1324 871 1365 Ora
895 1337 977 1376 pro

144 1382 327 1435 pepulo,
352 1382 568 1424 interveni
586 1393 669 1434 pro
686 1381 821 1430 clero,
848 1381 978 1422 inter-

146 1438 254 1480 cede
297 1451 380 1491 pro
426 1437 589 1480 deveto
631 1437 819 1478 femineo
857 1450 979 1478 sexu:

145 1495 335 1536 sentiant
350 1507 503 1536 omnes
518 1499 643 1535 tuum
657 1494 870 1545 juvamen,
888 1493 978 1545 qui-

145 1554 334 1603 cumque
371 1549 596 1592 celebrant
627 1554 749 1591 tuam
781 1554 979 1590 sanctam

144 1606 439 1648 festivitatem.
473 1607 596 1657 Quia.

201 1674 362 1715 Bened.
407 1675 536 1727 Cujus
577 1674 738 1715 festum
777 1673 976 1723 colimus,

145 1733 243 1785 ipsa
259 1732 398 1783 Virgo
417 1731 644 1783 virginum.

433 1803 588 1844 Lectio
610 1803 693 1843 viii.

151 1864 274 1971 Sed
292 1874 329 1914 si
353 1885 456 1914 caro
475 1872 615 1914 Verbi
632 1872 717 1913 Dei
736 1871 979 1913 secundum

238 1942 416 1971 carnem
437 1929 658 1970 nascentis
682 1941 707 1969 a
731 1941 862 1969 carne
881 1928 978 1970 Vir—

146 1986 260 2036 ginis
273 1985 428 2027 matris
438 1985 748 2038 pronuntiatur
760 1986 978 2035 extranea,

148 2042 240 2083 sine
263 2054 396 2083 causa
418 2046 572 2083 venter
597 2041 671 2093 qui
695 2053 792 2082 eam
810 2043 979 2093 portas-

149 2102 231 2148 set,
255 2097 392 2139 ubera
411 2110 511 2149 quae
530 2096 786 2146 lactassent,
813 2097 979 2138 beatifi-

149 2155 314 2195 cantur.
367 2153 487 2195 Dicit
531 2157 678 2194 autem
719 2153 980 2205 Apostolus:

149 2210 261 2259 Quia
286 2210 405 2251 misit
431 2211 554 2250 Deus
579 2208 738 2250 Filium
766 2222 894 2250 suum
921 2209 980 2249 fa-

149 2270 269 2307 ctum
289 2278 343 2307 ex
362 2265 560 2315 muliere,
583 2265 747 2306 factum
772 2264 854 2306 sub
873 2264 980 2316 lege.

148 2321 305 2373 Neque
337 2321 544 2363 audiendi
576 2325 695 2372 sunt,
732 2321 806 2373 qui
837 2321 980 2371 legen-

151 2376 255 2418 dum
286 2382 457 2430 putant:
493 2377 658 2418 Natum
697 2390 751 2419 ex
787 2377 981 2426 muliere,

151 2433 315 2474 factum
340 2433 421 2475 sub
445 2433 559 2484 lege,
589 2433 686 2483 sed,
718 2433 903 2474 Factum
928 2445 982 2474 ex

150 2489 346 2530 muliere:
374 2489 476 2542 quia
505 2491 745 2542 conceptus
774 2502 828 2530 ex
853 2491 981 2530 utero

151 2545 370 2595 virginali,
407 2558 584 2587 carnem
620 2558 708 2586 non
746 2545 800 2586 de
836 2543 982 2593 nihilo,

93 2638 96 2640 ,
151 2613 240 2642 11011
259 2600 444 2651 aliunde,
463 2601 543 2643 sed
561 2603 759 2643 materna
778 2600 911 2641 traxit
929 2612 983 2640 ex

154 2669 298 2698 carne:
321 2656 514 2709 aliequin
531 2670 613 2699 nec
632 2670 736 2698 vere
752 2655 887 2696 Filius
907 2655 982 2696 ho-

152 2712 279 2754 minis
299 2712 534 2763 diceretur,
562 2714 636 2766 qui
663 2713 875 2764 originem
893 2724 982 2752 non

1030 303 1216 345 haberet
1241 317 1295 345 ex
1319 304 1507 346 hemine.
1544 306 1601 347 Et
1625 318 1705 347 nos
1729 307 1862 357 igitur

1030 359 1098 399 his
1123 365 1278 401 contra
1300 361 1530 413 Eutychen
1556 361 1700 411 dictis,
1727 363 1861 404 extol-

1030 415 1171 456 lamus
1190 428 1345 457 vocem
1369 430 1469 458 cum
1488 418 1688 459 Ecclesia
1714 418 1861 459 catho—

1030 471 1129 520 lica,
1157 472 1278 523 cujus
1301 472 1397 514 haec
1419 473 1575 515 mulier
1594 479 1749 526 typum
1767 488 1861 526 ges-

1031 527 1102 576 sit,
1129 528 1392 569 extollamus
1417 533 1460 570 et
1484 535 1676 571 mentem
1700 530 1755 572 de
1775 534 1861 572 me-

1031 583 1104 624 dio
1130 583 1377 634 turbarum,
1406 585 1692 638 dicamusque
1716 587 1861 628 Salva-

1030 640 1130 680 tori:
1150 640 1314 681 Beatus
1334 646 1487 683 venter
1508 643 1582 694 qui
1598 647 1642 683 te
1657 644 1862 695 portavit,

1032 701 1075 737 et
1102 696 1239 737 ubera
1268 710 1366 749 quae
1396 698 1562 738 suxisti.
1602 699 1721 740 Vere
1748 700 1862 740 enim

1029 751 1161 793 beata
1187 765 1365 804 parens,
1395 766 1511 805 quae,
1542 754 1654 795 sicut
1683 755 1862 806 quidam

1030 808 1101 858 ait,
1118 809 1259 849 Enixa
1275 814 1341 850 est
1354 811 1574 861 puerpera
1589 811 1767 862 Regem,
1789 812 1863 863 qui

1031 864 1191 905 coelum
1203 867 1454 917 terramque
1467 871 1589 907 tenet
1599 879 1679 918 per
1690 867 1862 908 saecula.

1086 919 1135 968 Rg.
1153 920 1338 961 Beatam
1358 934 1428 962 me
1451 921 1598 963 dicent
1618 935 1770 964 omnes
1789 936 1860 973 ge-

1029 976 1296 1018 nerationes:
1327 975 1349 998 *
1376 978 1488 1027 Quia
1516 978 1620 1019 fecit
1644 978 1750 1019 mihi
1773 979 1862 1020 Do-

1029 1032 1172 1073 minus
1209 1045 1367 1083 magna
1400 1034 1474 1085 qui
1506 1039 1664 1097 potens
1698 1039 1781 1084 est,
1819 1039 1863 1076 et

1030 1093 1231 1130 sanctum
1259 1102 1419 1131 nomen
1446 1091 1547 1141 ejus.
1584 1083 1632 1134 N.
1659 1091 1715 1132 Et
1736 1092 1861 1132 mise-

1029 1144 1221 1186 ricerdia
1243 1146 1334 1196 ejus
1358 1158 1383 1186 a
1404 1147 1615 1198 progenie
1638 1146 1684 1186 in
1707 1149 1861 1199 proge-

1029 1201 1122 1242 nies
1142 1201 1395 1242 timentibus
1419 1214 1528 1243 eum.
1558 1203 1680 1253 Quia.
1709 1203 1863 1244 Gloria

1028 1257 1160 1298 Patri.
1200 1257 1322 1307 Quia.

1085 1312 1247 1353 Bened.
1277 1313 1347 1355 Ad
1365 1314 1632 1356 societatem.

1337 1386 1488 1426 Lectio
1510 1386 1564 1424 ix.

1114 1450 1277 1492 uinimo
1306 1450 1425 1492 beati
1456 1452 1530 1504 qui
1560 1452 1742 1494 audiunt
1770 1467 1862 1495 ver-

1123 1505 1228 1547 bum
1255 1507 1354 1556 Dei,
1387 1512 1431 1548 et
1463 1508 1726 1550 custodiunt.
1766 1510 1861 1551 Pul-

1031 1554 1135 1603 chre
1154 1562 1358 1604 Salvator
1377 1564 1648 1606 attestationi
1669 1565 1862 1607 mulieris

1031 1619 1191 1668 annuit,
1209 1631 1296 1659 non
1317 1631 1413 1660 eam
1432 1621 1740 1662 tantummodo
1762 1635 1861 1673 quae

1029 1674 1227 1715 Verbum
1241 1675 1326 1716 Dei
1345 1676 1633 1727 corporaliter
1651 1679 1861 1727 generare

1029 1733 1267 1780 meruerat,
1295 1731 1375 1772 sed
1400 1736 1444 1772 et
1468 1744 1621 1780 omnes
1647 1733 1721 1784 qui
1743 1733 1861 1774 idem

1029 1786 1228 1827 Verbum
1274 1787 1527 1839 spiritaliter
1566 1787 1717 1829 auditu
1756 1789 1861 1830 fidei

1031 1845 1279 1894 concipere,
1307 1847 1350 1884 et
1368 1842 1474 1884 boni
1493 1844 1641 1896 operis
1660 1844 1862 1885 custedia

1031 1898 1101 1939 vel
1119 1898 1164 1938 in
1184 1911 1275 1948 suo,
1295 1898 1365 1940 vel
1383 1899 1427 1939 in
1446 1900 1748 1951 proximorum
1768 1913 1860 1942 cor-

1032 1954 1086 1995 de
1117 1956 1293 2006 parere,
1326 1960 1370 1996 et
1404 1956 1529 2006 quasi
1561 1956 1678 1997 alere
1714 1956 1862 1997 studu-

1032 2010 1153 2060 erint,
1173 2012 1429 2052 asseverans
1450 2023 1547 2052 esse
1565 2011 1736 2053 beatos:
1761 2012 1862 2063 quia

1033 2071 1076 2107 et
1096 2065 1251 2107 eadem
1268 2067 1350 2108 Dei
1366 2067 1575 2116 Genitrix,
1597 2072 1640 2108 et
1654 2067 1756 2109 inde
1772 2068 1861 2119 qui-

1033 2122 1134 2163 dem
1152 2121 1298 2171 beata,
1326 2123 1427 2174 quia
1447 2122 1587 2164 Verbi
1606 2123 1863 2165 incarnandi

1031 2178 1229 2218 ministra
1252 2178 1368 2219 facta
1393 2183 1459 2219 est
1482 2178 1754 2230 temporalis3
1784 2179 1863 2220 sed

1032 2233 1135 2275 inde
1159 2233 1297 2275 multo
1321 2233 1509 2283 beatior,
1539 2234 1639 2286 quia
1667 2234 1863 2286 ejusdem

1034 2302 1208 2342 semper
1250 2289 1426 2331 amandi
1469 2294 1618 2331 custos
1658 2290 1864 2332 manebat

1034 2347 1210 2386 aeterna.

1089 2402 1151 2442 Te
1169 2401 1314 2442 Deum
1332 2400 1572 2443 laudamus.
1590 2403 1651 2442 14.

1297 2482 1600 2524 AdLaudes

1202 2539 1264 2575 61
1308 2548 1423 2587 per
1467 2536 1694 2577 Horas.

1090 2601 1188 2640 Ant.
1213 2601 1242 2639 1.
1276 2599 1391 2639 Dum
1419 2604 1536 2640 esset
1555 2600 1654 2641 Rex
1676 2600 1700 2626 *
1724 2600 1767 2639 in
1795 2611 1862 2638 ac-

1035 2655 1186 2697 cubitu
1205 2667 1297 2704 suo,
1317 2654 1480 2696 nardus
1499 2668 1597 2697 mea
1616 2655 1738 2697 dedit
1757 2653 1861 2694 odo-

1034 2724 1128 2753 rem
1147 2711 1385 2752 suavitatis.
