<?xml version="1.0" encoding="UTF-8"?>
<!DOCTYPE html PUBLIC "-//W3C//DTD XHTML 1.0 Transitional//EN"
    "http://www.w3.org/TR/xhtml1/DTD/xhtml1-transitional.dtd">
<html xmlns="http://www.w3.org/1999/xhtml" xml:lang="en" lang="en">
 <head>
  <title>
</title>
<meta http-equiv="Content-Type" content="text/html;charset=utf-8" />
  <meta name='ocr-system' content='tesseract 3.04.00' />
  <meta name='ocr-capabilities' content='ocr_page ocr_carea ocr_par ocr_line ocrx_word'/>
</head>
<body>
  <div class='ocr_page' id='page_1' title='image "./p4breviariumroma00cathuoft_0117.png"; bbox 0 0 2040 2944; ppageno 0'>
   <div class='ocr_carea' id='block_1_1' title="bbox 720 193 1298 231">
    <p class='ocr_par' dir='ltr' id='par_1_1' title="bbox 720 193 1298 231">
     <span class='ocr_line' id='line_1_1' title="bbox 720 193 1298 231; baseline 0.009 -5"><span class='ocrx_word' id='word_1_1' title='bbox 720 193 830 227; x_wconf 80' lang='lat' dir='ltr'>Fcria</span> <span class='ocrx_word' id='word_1_2' title='bbox 856 199 965 228; x_wconf 81' lang='lat' dir='ltr'>sexta</span> <span class='ocrx_word' id='word_1_3' title='bbox 990 195 1038 228; x_wconf 80' lang='lat' dir='ltr'>ad</span> <span class='ocrx_word' id='word_1_4' title='bbox 1062 195 1298 231; x_wconf 79' lang='lat' dir='ltr'>Matutinum.</span> 
     </span>
    </p>
   </div>
   <div class='ocr_carea' id='block_1_2' title="bbox 146 287 979 2768">
    <p class='ocr_par' dir='ltr' id='par_1_2' title="bbox 150 287 979 442">
     <span class='ocr_line' id='line_1_2' title="bbox 202 287 979 339; baseline 0.003 -11"><span class='ocrx_word' id='word_1_5' title='bbox 202 287 449 329; x_wconf 81' lang='lat' dir='ltr'>Memorare</span> <span class='ocrx_word' id='word_1_6' title='bbox 461 300 560 339; x_wconf 84' lang='lat' dir='ltr'>quae</span> <span class='ocrx_word' id='word_1_7' title='bbox 574 301 673 329; x_wconf 89' lang='lat' dir='ltr'>mea</span> <span class='ocrx_word' id='word_1_8' title='bbox 688 287 979 330; x_wconf 77' lang='lat' dir='ltr'>substantiaz*</span> 
     </span>
     <span class='ocr_line' id='line_1_3' title="bbox 150 343 979 396; baseline 0.002 -12"><span class='ocrx_word' id='word_1_9' title='bbox 150 343 366 396; x_wconf 90' lang='lat' dir='ltr'>numquid</span> <span class='ocrx_word' id='word_1_10' title='bbox 407 344 523 385; x_wconf 91' lang='lat' dir='ltr'>enim</span> <span class='ocrx_word' id='word_1_11' title='bbox 558 357 669 386; x_wconf 84' lang='lat' dir='ltr'>vane</span> <span class='ocrx_word' id='word_1_12' title='bbox 710 345 979 387; x_wconf 88' lang='lat' dir='ltr'>constituisti</span> 
     </span>
     <span class='ocr_line' id='line_1_4' title="bbox 151 399 727 442; baseline -0.002 0"><span class='ocrx_word' id='word_1_13' title='bbox 151 412 304 442; x_wconf 88' lang='lat' dir='ltr'>omnes</span> <span class='ocrx_word' id='word_1_14' title='bbox 331 399 448 441; x_wconf 91' lang='lat' dir='ltr'>filios</span> <span class='ocrx_word' id='word_1_15' title='bbox 475 400 727 442; x_wconf 86' lang='lat' dir='ltr'>hominum?</span> 
     </span>
    </p>

    <p class='ocr_par' dir='ltr' id='par_1_3' title="bbox 149 456 978 611">
     <span class='ocr_line' id='line_1_5' title="bbox 203 456 978 509; baseline 0.001 -11"><span class='ocrx_word' id='word_1_16' title='bbox 203 457 311 507; x_wconf 92' lang='lat' dir='ltr'>Quis</span> <span class='ocrx_word' id='word_1_17' title='bbox 354 461 421 498; x_wconf 91' lang='lat' dir='ltr'>est</span> <span class='ocrx_word' id='word_1_18' title='bbox 460 456 612 507; x_wconf 85' lang='lat' dir='ltr'>homo,</span> <span class='ocrx_word' id='word_1_19' title='bbox 653 457 728 509; x_wconf 94' lang='lat' dir='ltr'>qui</span> <span class='ocrx_word' id='word_1_20' title='bbox 763 457 897 507; x_wconf 85' lang='lat' dir='ltr'>vivet,</span> <span class='ocrx_word' id='word_1_21' title='bbox 935 463 978 499; x_wconf 91' lang='lat' dir='ltr'>et</span> 
     </span>
     <span class='ocr_line' id='line_1_6' title="bbox 150 512 977 555; baseline 0.001 -1"><span class='ocrx_word' id='word_1_22' title='bbox 150 525 238 554; x_wconf 89' lang='lat' dir='ltr'>non</span> <span class='ocrx_word' id='word_1_23' title='bbox 264 512 434 555; x_wconf 85' lang='lat' dir='ltr'>videbit</span> <span class='ocrx_word' id='word_1_24' title='bbox 460 518 662 555; x_wconf 90' lang='lat' dir='ltr'>mortem:</span> <span class='ocrx_word' id='word_1_25' title='bbox 690 515 714 540; x_wconf 88' lang='grc'>*</span> <span class='ocrx_word' id='word_1_26' title='bbox 743 515 866 555; x_wconf 89' lang='lat' dir='ltr'>eruet</span> <span class='ocrx_word' id='word_1_27' title='bbox 891 514 977 555; x_wconf 79' lang='lat' dir='ltr'>ani-</span> 
     </span>
     <span class='ocr_line' id='line_1_7' title="bbox 149 569 840 611; baseline 0 -1"><span class='ocrx_word' id='word_1_28' title='bbox 149 582 267 610; x_wconf 87' lang='lat' dir='ltr'>mam</span> <span class='ocrx_word' id='word_1_29' title='bbox 295 582 421 610; x_wconf 93' lang='lat' dir='ltr'>suam</span> <span class='ocrx_word' id='word_1_30' title='bbox 449 570 504 611; x_wconf 92' lang='lat' dir='ltr'>de</span> <span class='ocrx_word' id='word_1_31' title='bbox 531 583 663 611; x_wconf 87' lang='lat' dir='ltr'>manu</span> <span class='ocrx_word' id='word_1_32' title='bbox 690 569 840 611; x_wconf 88' lang='lat' dir='ltr'>inferi?</span> 
     </span>
    </p>

    <p class='ocr_par' dir='ltr' id='par_1_4' title="bbox 149 625 979 780">
     <span class='ocr_line' id='line_1_8' title="bbox 200 625 978 674; baseline -0.001 -6"><span class='ocrx_word' id='word_1_33' title='bbox 200 626 289 668; x_wconf 90' lang='lat' dir='ltr'>Ubi</span> <span class='ocrx_word' id='word_1_34' title='bbox 317 630 418 667; x_wconf 93' lang='lat' dir='ltr'>sunt</span> <span class='ocrx_word' id='word_1_35' title='bbox 444 625 762 674; x_wconf 81' lang='lat' dir='ltr'>misericordiae</span> <span class='ocrx_word' id='word_1_36' title='bbox 790 630 879 667; x_wconf 90' lang='lat' dir='ltr'>tuae</span> <span class='ocrx_word' id='word_1_37' title='bbox 907 640 978 668; x_wconf 89' lang='lat' dir='ltr'>an-</span> 
     </span>
     <span class='ocr_line' id='line_1_9' title="bbox 149 682 979 734; baseline 0.002 -11"><span class='ocrx_word' id='word_1_38' title='bbox 149 684 285 734; x_wconf 87' lang='lat' dir='ltr'>tiquae</span> <span class='ocrx_word' id='word_1_39' title='bbox 295 682 495 732; x_wconf 92' lang='lat' dir='ltr'>Domine,</span> <span class='ocrx_word' id='word_1_40' title='bbox 506 684 530 710; x_wconf 87' lang='lat'>*</span> <span class='ocrx_word' id='word_1_41' title='bbox 543 683 657 724; x_wconf 89' lang='lat' dir='ltr'>sicut</span> <span class='ocrx_word' id='word_1_42' title='bbox 672 683 823 734; x_wconf 83' lang='lat' dir='ltr'>jurasti</span> <span class='ocrx_word' id='word_1_43' title='bbox 833 683 979 725; x_wconf 84' lang='lat' dir='ltr'>David</span> 
     </span>
     <span class='ocr_line' id='line_1_10' title="bbox 150 738 533 780; baseline 0 0"><span class='ocrx_word' id='word_1_44' title='bbox 150 739 195 780; x_wconf 92' lang='lat' dir='ltr'>in</span> <span class='ocrx_word' id='word_1_45' title='bbox 221 739 409 780; x_wconf 75' lang='lat' dir='ltr'>veritate</span> <span class='ocrx_word' id='word_1_46' title='bbox 436 738 533 780; x_wconf 87' lang='lat' dir='ltr'>tua?</span> 
     </span>
    </p>

    <p class='ocr_par' dir='ltr' id='par_1_5' title="bbox 148 795 979 960">
     <span class='ocr_line' id='line_1_11' title="bbox 201 795 979 850; baseline 0.003 -14"><span class='ocrx_word' id='word_1_47' title='bbox 201 795 370 836; x_wconf 86' lang='lat' dir='ltr'>Memor</span> <span class='ocrx_word' id='word_1_48' title='bbox 403 800 499 837; x_wconf 93' lang='lat' dir='ltr'>esto</span> <span class='ocrx_word' id='word_1_49' title='bbox 532 796 721 837; x_wconf 94' lang='lat' dir='ltr'>Domine</span> <span class='ocrx_word' id='word_1_50' title='bbox 749 797 979 850; x_wconf 91' lang='lat' dir='ltr'>opprobrii</span> 
     </span>
     <span class='ocr_line' id='line_1_12' title="bbox 150 853 979 904; baseline 0.002 -11"><span class='ocrx_word' id='word_1_51' title='bbox 150 854 379 894; x_wconf 92' lang='lat' dir='ltr'>servorum</span> <span class='ocrx_word' id='word_1_52' title='bbox 393 854 570 893; x_wconf 92' lang='lat' dir='ltr'>tuorum</span> <span class='ocrx_word' id='word_1_53' title='bbox 589 854 613 879; x_wconf 86' lang='lat'>*</span> <span class='ocrx_word' id='word_1_54' title='bbox 631 853 767 904; x_wconf 91' lang='lat' dir='ltr'>(quod</span> <span class='ocrx_word' id='word_1_55' title='bbox 783 855 979 896; x_wconf 81' lang='lat' dir='ltr'>continui</span> 
     </span>
     <span class='ocr_line' id='line_1_13' title="bbox 148 908 970 960; baseline 0.002 -11"><span class='ocrx_word' id='word_1_56' title='bbox 148 908 194 949; x_wconf 88' lang='lat' dir='ltr'>in</span> <span class='ocrx_word' id='word_1_57' title='bbox 217 909 315 950; x_wconf 88' lang='lat' dir='ltr'>sinu</span> <span class='ocrx_word' id='word_1_58' title='bbox 341 909 456 960; x_wconf 94' lang='lat' dir='ltr'>meo)</span> <span class='ocrx_word' id='word_1_59' title='bbox 482 908 720 950; x_wconf 80' lang='lat' dir='ltr'>multarum</span> <span class='ocrx_word' id='word_1_60' title='bbox 749 910 970 951; x_wconf 87' lang='lat' dir='ltr'>Gentium.</span> 
     </span>
    </p>

    <p class='ocr_par' dir='ltr' id='par_1_6' title="bbox 147 965 979 1121">
     <span class='ocr_line' id='line_1_14' title="bbox 201 965 979 1018; baseline 0.003 -12"><span class='ocrx_word' id='word_1_61' title='bbox 201 965 332 1016; x_wconf 93' lang='lat' dir='ltr'>Quod</span> <span class='ocrx_word' id='word_1_62' title='bbox 347 965 727 1018; x_wconf 83' lang='lat' dir='ltr'>exprobraverunt</span> <span class='ocrx_word' id='word_1_63' title='bbox 742 966 904 1008; x_wconf 90' lang='lat' dir='ltr'>inimici</span> <span class='ocrx_word' id='word_1_64' title='bbox 914 968 979 1008; x_wconf 90' lang='lat' dir='ltr'>tui</span> 
     </span>
     <span class='ocr_line' id='line_1_15' title="bbox 147 1021 979 1075; baseline 0.004 -13"><span class='ocrx_word' id='word_1_65' title='bbox 147 1021 352 1072; x_wconf 87' lang='lat' dir='ltr'>Domine,</span> <span class='ocrx_word' id='word_1_66' title='bbox 385 1023 409 1049; x_wconf 87' lang='lat'>*</span> <span class='ocrx_word' id='word_1_67' title='bbox 444 1022 564 1074; x_wconf 92' lang='lat' dir='ltr'>quod</span> <span class='ocrx_word' id='word_1_68' title='bbox 599 1022 979 1075; x_wconf 85' lang='lat' dir='ltr'>exprobraverunt</span> 
     </span>
     <span class='ocr_line' id='line_1_16' title="bbox 148 1072 836 1121; baseline 0.001 -2"><span class='ocrx_word' id='word_1_69' title='bbox 148 1072 539 1120; x_wconf 65' lang='lat' dir='ltr'>comm&#39;utationem</span> <span class='ocrx_word' id='word_1_70' title='bbox 570 1078 732 1120; x_wconf 83' lang='lat' dir='ltr'>Christi</span> <span class='ocrx_word' id='word_1_71' title='bbox 759 1080 836 1121; x_wconf 93' lang='lat' dir='ltr'>tui.</span> 
     </span>
    </p>

    <p class='ocr_par' dir='ltr' id='par_1_7' title="bbox 147 1134 976 1249">
     <span class='ocr_line' id='line_1_17' title="bbox 198 1134 976 1178; baseline 0.004 -3"><span class='ocrx_word' id='word_1_72' title='bbox 198 1134 466 1176; x_wconf 80' lang='lat' dir='ltr'>Benedictus</span> <span class='ocrx_word' id='word_1_73' title='bbox 507 1135 725 1177; x_wconf 88' lang='lat' dir='ltr'>Dominus</span> <span class='ocrx_word' id='word_1_74' title='bbox 767 1136 812 1176; x_wconf 92' lang='lat' dir='ltr'>in</span> <span class='ocrx_word' id='word_1_75' title='bbox 853 1138 976 1178; x_wconf 86' lang='lat' dir='ltr'>aeter-</span> 
     </span>
     <span class='ocr_line' id='line_1_18' title="bbox 147 1191 638 1249; baseline 0 -17"><span class='ocrx_word' id='word_1_76' title='bbox 147 1204 265 1233; x_wconf 88' lang='lat' dir='ltr'>num:</span> <span class='ocrx_word' id='word_1_77' title='bbox 292 1193 316 1219; x_wconf 87' lang='lat'>*</span> <span class='ocrx_word' id='word_1_78' title='bbox 343 1191 431 1242; x_wconf 84' lang='lat' dir='ltr'>fiat,</span> <span class='ocrx_word' id='word_1_79' title='bbox 458 1191 546 1233; x_wconf 92' lang='lat' dir='ltr'>fiat.</span> <span class='ocrx_word' id='word_1_80' title='bbox 630 1240 638 1249; x_wconf 33' lang='grc' dir='ltr'>ι</span> 
     </span>
    </p>

    <p class='ocr_par' dir='ltr' id='par_1_8' title="bbox 235 1248 976 1414">
     <span class='ocr_line' id='line_1_19' title="bbox 418 1248 711 1289; baseline 0.007 -2"><span class='ocrx_word' id='word_1_81' title='bbox 418 1248 617 1289; x_wconf 86' lang='lat' dir='ltr'>Psalmus</span> <span class='ocrx_word' id='word_1_82' title='bbox 646 1250 711 1289; x_wconf 84' lang='lat'>93.</span> 
     </span>
     <span class='ocr_line' id='line_1_20' title="bbox 235 1303 976 1348; baseline 0.001 -2"><span class='ocrx_word' id='word_1_83' title='bbox 235 1317 312 1346; x_wconf 90' lang='lat' dir='ltr'>eus</span> <span class='ocrx_word' id='word_1_84' title='bbox 330 1303 547 1346; x_wconf 89' lang='lat' dir='ltr'>ultionum</span> <span class='ocrx_word' id='word_1_85' title='bbox 567 1305 796 1346; x_wconf 88' lang='lat' dir='ltr'>Dominus:</span> <span class='ocrx_word' id='word_1_86' title='bbox 811 1307 835 1333; x_wconf 91' lang='lat'>*</span> <span class='ocrx_word' id='word_1_87' title='bbox 854 1306 976 1348; x_wconf 90' lang='lat' dir='ltr'>Deus</span> 
     </span>
     <span class='ocr_line' id='line_1_21' title="bbox 257 1360 769 1414; baseline -0.002 -12"><span class='ocrx_word' id='word_1_88' title='bbox 257 1361 474 1403; x_wconf 87' lang='lat' dir='ltr'>ultionum</span> <span class='ocrx_word' id='word_1_89' title='bbox 502 1360 640 1403; x_wconf 91' lang='lat' dir='ltr'>libere</span> <span class='ocrx_word' id='word_1_90' title='bbox 668 1362 769 1414; x_wconf 87' lang='lat' dir='ltr'>egit.</span> 
     </span>
    </p>

    <p class='ocr_par' dir='ltr' id='par_1_9' title="bbox 146 1417 977 1528">
     <span class='ocr_line' id='line_1_22' title="bbox 197 1417 977 1469; baseline 0.003 -11"><span class='ocrx_word' id='word_1_91' title='bbox 197 1417 405 1459; x_wconf 79' lang='lat' dir='ltr'>Exaltare</span> <span class='ocrx_word' id='word_1_92' title='bbox 438 1417 513 1469; x_wconf 87' lang='lat' dir='ltr'>qui</span> <span class='ocrx_word' id='word_1_93' title='bbox 545 1417 711 1469; x_wconf 86' lang='lat' dir='ltr'>judicas</span> <span class='ocrx_word' id='word_1_94' title='bbox 744 1423 921 1460; x_wconf 82' lang='lat' dir='ltr'>terram:</span> <span class='ocrx_word' id='word_1_95' title='bbox 953 1421 977 1446; x_wconf 88' lang='lat'>*</span> 
     </span>
     <span class='ocr_line' id='line_1_23' title="bbox 146 1473 890 1528; baseline 0 -12"><span class='ocrx_word' id='word_1_96' title='bbox 146 1473 285 1516; x_wconf 85' lang='lat' dir='ltr'><strong>redde</strong></span> <span class='ocrx_word' id='word_1_97' title='bbox 311 1473 648 1516; x_wconf 86' lang='lat' dir='ltr'>retributionem</span> <span class='ocrx_word' id='word_1_98' title='bbox 677 1475 890 1528; x_wconf 88' lang='lat' dir='ltr'>superbis.</span> 
     </span>
    </p>

    <p class='ocr_par' dir='ltr' id='par_1_10' title="bbox 146 1530 976 1640">
     <span class='ocr_line' id='line_1_24' title="bbox 198 1530 976 1584; baseline 0.003 -12"><span class='ocrx_word' id='word_1_99' title='bbox 198 1530 441 1583; x_wconf 89' lang='lat' dir='ltr'>Usquequo</span> <span class='ocrx_word' id='word_1_100' title='bbox 458 1533 718 1584; x_wconf 89' lang='lat' dir='ltr'>peccatores</span> <span class='ocrx_word' id='word_1_101' title='bbox 737 1532 938 1582; x_wconf 89' lang='lat' dir='ltr'>Domine,</span> <span class='ocrx_word' id='word_1_102' title='bbox 953 1534 976 1559; x_wconf 88' lang='grc'>*</span> 
     </span>
     <span class='ocr_line' id='line_1_25' title="bbox 146 1588 976 1640; baseline 0.002 -12"><span class='ocrx_word' id='word_1_103' title='bbox 146 1590 378 1639; x_wconf 90' lang='lat' dir='ltr'>usquequo</span> <span class='ocrx_word' id='word_1_104' title='bbox 388 1590 648 1640; x_wconf 88' lang='lat' dir='ltr'>peccatores</span> <span class='ocrx_word' id='word_1_105' title='bbox 658 1588 976 1640; x_wconf 88' lang='lat' dir='ltr'>gloriabuntur:</span> 
     </span>
    </p>

    <p class='ocr_par' dir='ltr' id='par_1_11' title="bbox 146 1643 976 1810">
     <span class='ocr_line' id='line_1_26' title="bbox 197 1643 975 1697; baseline 0.001 -12"><span class='ocrx_word' id='word_1_106' title='bbox 197 1643 471 1694; x_wconf 86' lang='lat' dir='ltr'>Effabuntur‚</span> <span class='ocrx_word' id='word_1_107' title='bbox 491 1649 536 1686; x_wconf 91' lang='lat' dir='ltr'>et</span> <span class='ocrx_word' id='word_1_108' title='bbox 562 1644 798 1697; x_wconf 88' lang='lat' dir='ltr'>loquentur</span> <span class='ocrx_word' id='word_1_109' title='bbox 822 1645 975 1697; x_wconf 89' lang='lat' dir='ltr'>iniqui-</span> 
     </span>
     <span class='ocr_line' id='line_1_27' title="bbox 146 1700 976 1754; baseline 0.001 -12"><span class='ocrx_word' id='word_1_110' title='bbox 146 1702 299 1742; x_wconf 76' lang='lat' dir='ltr'>tatem:</span> <span class='ocrx_word' id='word_1_111' title='bbox 340 1702 364 1728; x_wconf 88' lang='lat'>*</span> <span class='ocrx_word' id='word_1_112' title='bbox 404 1700 640 1753; x_wconf 90' lang='lat' dir='ltr'>loquentur</span> <span class='ocrx_word' id='word_1_113' title='bbox 681 1714 853 1752; x_wconf 89' lang='lat' dir='ltr'>omnes,</span> <span class='ocrx_word' id='word_1_114' title='bbox 902 1703 976 1754; x_wconf 92' lang='lat' dir='ltr'>qui</span> 
     </span>
     <span class='ocr_line' id='line_1_28' title="bbox 147 1757 692 1810; baseline 0.004 -13"><span class='ocrx_word' id='word_1_115' title='bbox 147 1759 387 1809; x_wconf 79' lang='lat' dir='ltr'>operantur</span> <span class='ocrx_word' id='word_1_116' title='bbox 414 1757 692 1810; x_wconf 82' lang='lat' dir='ltr'>injustitiam?</span> 
     </span>
    </p>

    <p class='ocr_par' dir='ltr' id='par_1_12' title="bbox 146 1813 976 1968">
     <span class='ocr_line' id='line_1_29' title="bbox 198 1813 976 1867; baseline 0.001 -12"><span class='ocrx_word' id='word_1_117' title='bbox 198 1813 419 1867; x_wconf 91' lang='lat' dir='ltr'>Populum</span> <span class='ocrx_word' id='word_1_118' title='bbox 441 1818 567 1855; x_wconf 92' lang='lat' dir='ltr'>tuum</span> <span class='ocrx_word' id='word_1_119' title='bbox 589 1814 779 1856; x_wconf 91' lang='lat' dir='ltr'>Domine</span> <span class='ocrx_word' id='word_1_120' title='bbox 806 1814 976 1856; x_wconf 90' lang='lat' dir='ltr'>humili-</span> 
     </span>
     <span class='ocr_line' id='line_1_30' title="bbox 147 1870 976 1914; baseline 0.002 -3"><span class='ocrx_word' id='word_1_121' title='bbox 147 1871 346 1912; x_wconf 85' lang='lat' dir='ltr'>averunt:</span> <span class='ocrx_word' id='word_1_122' title='bbox 379 1872 404 1898; x_wconf 89' lang='grc'>*</span> <span class='ocrx_word' id='word_1_123' title='bbox 438 1875 483 1912; x_wconf 94' lang='lat' dir='ltr'>et</span> <span class='ocrx_word' id='word_1_124' title='bbox 516 1870 822 1913; x_wconf 79' lang='lat' dir='ltr'>haereditatem</span> <span class='ocrx_word' id='word_1_125' title='bbox 855 1876 976 1914; x_wconf 85' lang='lat' dir='ltr'>tuam</span> 
     </span>
     <span class='ocr_line' id='line_1_31' title="bbox 146 1928 426 1968; baseline 0 0"><span class='ocrx_word' id='word_1_126' title='bbox 146 1928 426 1968; x_wconf 84' lang='lat' dir='ltr'>vexaverunt.</span> 
     </span>
    </p>

    <p class='ocr_par' dir='ltr' id='par_1_13' title="bbox 147 1983 975 2093">
     <span class='ocr_line' id='line_1_32' title="bbox 198 1983 975 2033; baseline 0.003 -9"><span class='ocrx_word' id='word_1_127' title='bbox 198 1983 406 2033; x_wconf 84' lang='lat' dir='ltr'>Viduam,</span> <span class='ocrx_word' id='word_1_128' title='bbox 435 1988 479 2025; x_wconf 91' lang='lat' dir='ltr'>et</span> <span class='ocrx_word' id='word_1_129' title='bbox 505 1983 723 2026; x_wconf 70' lang='lat' dir='ltr'>edvenam</span> <span class='ocrx_word' id='word_1_130' title='bbox 748 1984 975 2027; x_wconf 89' lang='lat' dir='ltr'>interfece-</span> 
     </span>
     <span class='ocr_line' id='line_1_33' title="bbox 147 2039 906 2093; baseline 0.003 -13"><span class='ocrx_word' id='word_1_131' title='bbox 147 2044 264 2081; x_wconf 87' lang='lat' dir='ltr'>runt:</span> <span class='ocrx_word' id='word_1_132' title='bbox 291 2041 318 2067; x_wconf 84' lang='lat'>*</span> <span class='ocrx_word' id='word_1_133' title='bbox 344 2045 389 2082; x_wconf 92' lang='lat' dir='ltr'>et</span> <span class='ocrx_word' id='word_1_134' title='bbox 416 2039 609 2093; x_wconf 92' lang='lat' dir='ltr'>pupillos</span> <span class='ocrx_word' id='word_1_135' title='bbox 638 2040 906 2083; x_wconf 88' lang='lat' dir='ltr'>occiderunt.</span> 
     </span>
    </p>

    <p class='ocr_par' dir='ltr' id='par_1_14' title="bbox 146 2095 975 2206">
     <span class='ocr_line' id='line_1_34' title="bbox 198 2095 974 2139; baseline 0.001 -2"><span class='ocrx_word' id='word_1_136' title='bbox 198 2096 256 2137; x_wconf 90' lang='lat' dir='ltr'>Et</span> <span class='ocrx_word' id='word_1_137' title='bbox 275 2095 493 2138; x_wconf 83' lang='lat' dir='ltr'>dixerunt:</span> <span class='ocrx_word' id='word_1_138' title='bbox 520 2097 622 2139; x_wconf 93' lang='lat' dir='ltr'>Non</span> <span class='ocrx_word' id='word_1_139' title='bbox 640 2097 808 2139; x_wconf 89' lang='lat' dir='ltr'>videbit</span> <span class='ocrx_word' id='word_1_140' title='bbox 825 2097 974 2139; x_wconf 91' lang='lat' dir='ltr'>Domi-</span> 
     </span>
     <span class='ocr_line' id='line_1_35' title="bbox 146 2153 975 2206; baseline 0.002 -13"><span class='ocrx_word' id='word_1_141' title='bbox 146 2165 243 2203; x_wconf 84' lang='lat' dir='ltr'>nUS‚</span> <span class='ocrx_word' id='word_1_142' title='bbox 275 2154 299 2180; x_wconf 87' lang='lat'>*</span> <span class='ocrx_word' id='word_1_143' title='bbox 326 2165 408 2195; x_wconf 89' lang='lat' dir='ltr'>nec</span> <span class='ocrx_word' id='word_1_144' title='bbox 435 2153 650 2206; x_wconf 88' lang='lat' dir='ltr'>intelliget</span> <span class='ocrx_word' id='word_1_145' title='bbox 676 2154 799 2195; x_wconf 92' lang='lat' dir='ltr'>Deus</span> <span class='ocrx_word' id='word_1_146' title='bbox 826 2154 975 2196; x_wconf 86' lang='lat' dir='ltr'><strong>Jacob.</strong></span> 
     </span>
    </p>

    <p class='ocr_par' dir='ltr' id='par_1_15' title="bbox 146 2208 974 2319">
     <span class='ocr_line' id='line_1_36' title="bbox 197 2208 974 2262; baseline 0.001 -13"><span class='ocrx_word' id='word_1_147' title='bbox 197 2208 434 2261; x_wconf 84' lang='lat' dir='ltr'>Intelligite</span> <span class='ocrx_word' id='word_1_148' title='bbox 453 2210 710 2262; x_wconf 88' lang='lat' dir='ltr'>insipientes</span> <span class='ocrx_word' id='word_1_149' title='bbox 729 2210 774 2251; x_wconf 93' lang='lat' dir='ltr'>in</span> <span class='ocrx_word' id='word_1_150' title='bbox 792 2211 974 2262; x_wconf 92' lang='lat' dir='ltr'>populo:</span> 
     </span>
     <span class='ocr_line' id='line_1_37' title="bbox 146 2265 841 2319; baseline -0.001 -12"><span class='ocrx_word' id='word_1_151' title='bbox 146 2265 170 2290; x_wconf 89' lang='lat'>*</span> <span class='ocrx_word' id='word_1_152' title='bbox 199 2270 243 2307; x_wconf 89' lang='lat' dir='ltr'>et</span> <span class='ocrx_word' id='word_1_153' title='bbox 271 2265 395 2307; x_wconf 92' lang='lat' dir='ltr'>stulti</span> <span class='ocrx_word' id='word_1_154' title='bbox 422 2265 660 2318; x_wconf 77' lang='lat' dir='ltr'>aliquando</span> <span class='ocrx_word' id='word_1_155' title='bbox 688 2266 841 2319; x_wconf 81' lang='lat' dir='ltr'>sapite.</span> 
     </span>
    </p>

    <p class='ocr_par' dir='ltr' id='par_1_16' title="bbox 147 2321 974 2476">
     <span class='ocr_line' id='line_1_38' title="bbox 199 2321 974 2375; baseline 0 -12"><span class='ocrx_word' id='word_1_156' title='bbox 199 2321 284 2372; x_wconf 92' lang='lat' dir='ltr'>Qui</span> <span class='ocrx_word' id='word_1_157' title='bbox 293 2322 509 2375; x_wconf 75' lang='lat' dir='ltr'>plantavit</span> <span class='ocrx_word' id='word_1_158' title='bbox 524 2335 686 2373; x_wconf 89' lang='lat' dir='ltr'>aurem,</span> <span class='ocrx_word' id='word_1_159' title='bbox 700 2335 789 2364; x_wconf 92' lang='lat' dir='ltr'>non</span> <span class='ocrx_word' id='word_1_160' title='bbox 803 2322 974 2365; x_wconf 81' lang='lat' dir='ltr'>audiet?</span> 
     </span>
     <span class='ocr_line' id='line_1_39' title="bbox 147 2378 974 2430; baseline 0.001 -11"><span class='ocrx_word' id='word_1_161' title='bbox 147 2379 171 2406; x_wconf 83' lang='lat'>*</span> <span class='ocrx_word' id='word_1_162' title='bbox 189 2383 264 2420; x_wconf 87' lang='lat' dir='ltr'>aut</span> <span class='ocrx_word' id='word_1_163' title='bbox 282 2379 357 2430; x_wconf 90' lang='lat' dir='ltr'>qui</span> <span class='ocrx_word' id='word_1_164' title='bbox 375 2379 501 2420; x_wconf 84' lang='lat' dir='ltr'>finxit</span> <span class='ocrx_word' id='word_1_165' title='bbox 522 2378 707 2430; x_wconf 83' lang='lat' dir='ltr'>oculum,</span> <span class='ocrx_word' id='word_1_166' title='bbox 727 2391 816 2420; x_wconf 93' lang='lat' dir='ltr'>non</span> <span class='ocrx_word' id='word_1_167' title='bbox 835 2382 974 2420; x_wconf 90' lang='lat' dir='ltr'>consi-</span> 
     </span>
     <span class='ocr_line' id='line_1_40' title="bbox 147 2434 307 2476; baseline -0.006 0"><span class='ocrx_word' id='word_1_168' title='bbox 147 2434 307 2476; x_wconf 67' lang='lat' dir='ltr'>derat?</span> 
     </span>
    </p>

    <p class='ocr_par' dir='ltr' id='par_1_17' title="bbox 148 2491 975 2599">
     <span class='ocr_line' id='line_1_41' title="bbox 199 2491 975 2544; baseline -0.001 -12"><span class='ocrx_word' id='word_1_169' title='bbox 199 2491 285 2541; x_wconf 91' lang='lat' dir='ltr'>Qui</span> <span class='ocrx_word' id='word_1_170' title='bbox 303 2492 485 2544; x_wconf 90' lang='lat' dir='ltr'>corripit</span> <span class='ocrx_word' id='word_1_171' title='bbox 500 2492 678 2541; x_wconf 83' lang='lat' dir='ltr'>Gentes,</span> <span class='ocrx_word' id='word_1_172' title='bbox 697 2504 786 2533; x_wconf 91' lang='lat' dir='ltr'>non</span> <span class='ocrx_word' id='word_1_173' title='bbox 805 2494 975 2543; x_wconf 75' lang='lat' dir='ltr'>arguet:</span> 
     </span>
     <span class='ocr_line' id='line_1_42' title="bbox 148 2547 965 2599; baseline 0 -11"><span class='ocrx_word' id='word_1_174' title='bbox 148 2547 172 2574; x_wconf 91' lang='lat'>*</span> <span class='ocrx_word' id='word_1_175' title='bbox 200 2547 275 2599; x_wconf 87' lang='lat' dir='ltr'>qui</span> <span class='ocrx_word' id='word_1_176' title='bbox 304 2547 436 2590; x_wconf 88' lang='lat' dir='ltr'>docet</span> <span class='ocrx_word' id='word_1_177' title='bbox 463 2548 686 2589; x_wconf 91' lang='lat' dir='ltr'>hominem</span> <span class='ocrx_word' id='word_1_178' title='bbox 714 2547 965 2589; x_wconf 85' lang='lat' dir='ltr'>scientiam?</span> 
     </span>
    </p>

    <p class='ocr_par' dir='ltr' id='par_1_18' title="bbox 147 2603 974 2712">
     <span class='ocr_line' id='line_1_43' title="bbox 198 2603 974 2655; baseline 0.001 -12"><span class='ocrx_word' id='word_1_179' title='bbox 198 2603 413 2645; x_wconf 89' lang='lat' dir='ltr'>Dominus</span> <span class='ocrx_word' id='word_1_180' title='bbox 428 2605 511 2646; x_wconf 92' lang='lat' dir='ltr'>scit</span> <span class='ocrx_word' id='word_1_181' title='bbox 530 2604 819 2655; x_wconf 86' lang='lat' dir='ltr'>cogitationes</span> <span class='ocrx_word' id='word_1_182' title='bbox 839 2604 974 2645; x_wconf 92' lang='lat' dir='ltr'>homi-</span> 
     </span>
     <span class='ocr_line' id='line_1_44' title="bbox 147 2661 838 2712; baseline 0.003 -14"><span class='ocrx_word' id='word_1_183' title='bbox 147 2671 262 2708; x_wconf 87' lang='lat' dir='ltr'>num,</span> <span class='ocrx_word' id='word_1_184' title='bbox 288 2661 312 2686; x_wconf 89' lang='lat'>*</span> <span class='ocrx_word' id='word_1_185' title='bbox 340 2661 547 2712; x_wconf 90' lang='lat' dir='ltr'>quoniam</span> <span class='ocrx_word' id='word_1_186' title='bbox 574 2673 699 2701; x_wconf 87' lang='lat' dir='ltr'>vanae</span> <span class='ocrx_word' id='word_1_187' title='bbox 727 2665 838 2701; x_wconf 92' lang='lat' dir='ltr'>sunt.</span> 
     </span>
    </p>

    <p class='ocr_par' dir='ltr' id='par_1_19' title="bbox 200 2714 975 2768">
     <span class='ocr_line' id='line_1_45' title="bbox 200 2714 975 2768; baseline 0.003 -13"><span class='ocrx_word' id='word_1_188' title='bbox 200 2714 363 2757; x_wconf 77' lang='lat' dir='ltr'>Beatus</span> <span class='ocrx_word' id='word_1_189' title='bbox 381 2716 526 2767; x_wconf 88' lang='lat' dir='ltr'>homo,</span> <span class='ocrx_word' id='word_1_190' title='bbox 546 2729 678 2768; x_wconf 90' lang='lat' dir='ltr'>quem</span> <span class='ocrx_word' id='word_1_191' title='bbox 696 2721 745 2758; x_wconf 92' lang='lat' dir='ltr'>tu</span> <span class='ocrx_word' id='word_1_192' title='bbox 764 2715 975 2758; x_wconf 90' lang='lat' dir='ltr'>erudieris</span> 
     </span>
    </p>
   </div>
   <div class='ocr_carea' id='block_1_3' title="bbox 303 2853 553 2879">
    <p class='ocr_par' dir='ltr' id='par_1_20' title="bbox 303 2853 553 2879">
     <span class='ocr_line' id='line_1_46' title="bbox 303 2853 553 2879; baseline 0.004 -1"><span class='ocrx_word' id='word_1_193' title='bbox 303 2853 367 2878; x_wconf 83' lang='lat' dir='ltr'>Pars</span> <span class='ocrx_word' id='word_1_194' title='bbox 384 2854 553 2879; x_wconf 74' lang='lat' dir='ltr'>Autumnalis.</span> 
     </span>
    </p>
   </div>
   <div class='ocr_carea' id='block_1_4' title="bbox 1029 290 1856 1464">
    <p class='ocr_par' dir='ltr' id='par_1_21' title="bbox 1029 290 1855 397">
     <span class='ocr_line' id='line_1_47' title="bbox 1029 290 1855 346; baseline 0.007 -16"><span class='ocrx_word' id='word_1_195' title='bbox 1029 290 1232 333; x_wconf 91' lang='lat' dir='ltr'>Domine:</span> <span class='ocrx_word' id='word_1_196' title='bbox 1255 294 1279 319; x_wconf 87' lang='lat'>*</span> <span class='ocrx_word' id='word_1_197' title='bbox 1303 298 1346 334; x_wconf 90' lang='lat' dir='ltr'>et</span> <span class='ocrx_word' id='word_1_198' title='bbox 1366 293 1421 335; x_wconf 93' lang='lat' dir='ltr'>de</span> <span class='ocrx_word' id='word_1_199' title='bbox 1444 294 1541 346; x_wconf 89' lang='lat' dir='ltr'>lege</span> <span class='ocrx_word' id='word_1_200' title='bbox 1558 300 1633 336; x_wconf 86' lang='lat' dir='ltr'>tua</span> <span class='ocrx_word' id='word_1_201' title='bbox 1653 294 1855 336; x_wconf 81' lang='lat' dir='ltr'>docueris</span> 
     </span>
     <span class='ocr_line' id='line_1_48' title="bbox 1031 359 1142 397; baseline -0.009 -9"><span class='ocrx_word' id='word_1_202' title='bbox 1031 359 1142 397; x_wconf 82' lang='lat' dir='ltr'>eum,</span> 
     </span>
    </p>

    <p class='ocr_par' dir='ltr' id='par_1_22' title="bbox 1031 403 1856 516">
     <span class='ocr_line' id='line_1_49' title="bbox 1081 403 1856 456; baseline 0.005 -12"><span class='ocrx_word' id='word_1_203' title='bbox 1081 403 1141 445; x_wconf 92' lang='lat' dir='ltr'>Ut</span> <span class='ocrx_word' id='word_1_204' title='bbox 1168 404 1342 456; x_wconf 88' lang='lat' dir='ltr'>mitiges</span> <span class='ocrx_word' id='word_1_205' title='bbox 1370 406 1410 447; x_wconf 94' lang='lat' dir='ltr'>ei</span> <span class='ocrx_word' id='word_1_206' title='bbox 1438 420 1463 448; x_wconf 90' lang='lat' dir='ltr'>a</span> <span class='ocrx_word' id='word_1_207' title='bbox 1491 407 1645 449; x_wconf 91' lang='lat' dir='ltr'>diebus</span> <span class='ocrx_word' id='word_1_208' title='bbox 1673 407 1813 448; x_wconf 85' lang='lat' dir='ltr'>malis:</span> <span class='ocrx_word' id='word_1_209' title='bbox 1833 409 1856 435; x_wconf 84' lang='lat'>*</span> 
     </span>
     <span class='ocr_line' id='line_1_50' title="bbox 1031 459 1809 516; baseline 0.004 -15"><span class='ocrx_word' id='word_1_210' title='bbox 1031 459 1173 502; x_wconf 91' lang='lat' dir='ltr'>donec</span> <span class='ocrx_word' id='word_1_211' title='bbox 1200 460 1391 503; x_wconf 78' lang='lat' dir='ltr'>fodiatur</span> <span class='ocrx_word' id='word_1_212' title='bbox 1418 464 1644 516; x_wconf 89' lang='lat' dir='ltr'>peccatori</span> <span class='ocrx_word' id='word_1_213' title='bbox 1670 464 1809 506; x_wconf 88' lang='lat' dir='ltr'>fovea.</span> 
     </span>
    </p>

    <p class='ocr_par' dir='ltr' id='par_1_23' title="bbox 1030 518 1855 683">
     <span class='ocr_line' id='line_1_51' title="bbox 1083 518 1855 573; baseline 0.005 -15"><span class='ocrx_word' id='word_1_214' title='bbox 1083 518 1195 567; x_wconf 84' lang='lat' dir='ltr'>Quia</span> <span class='ocrx_word' id='word_1_215' title='bbox 1217 531 1305 560; x_wconf 94' lang='lat' dir='ltr'>non</span> <span class='ocrx_word' id='word_1_216' title='bbox 1331 519 1515 572; x_wconf 75' lang='lat' dir='ltr'>repellet</span> <span class='ocrx_word' id='word_1_217' title='bbox 1533 520 1748 562; x_wconf 92' lang='lat' dir='ltr'>Dominus</span> <span class='ocrx_word' id='word_1_218' title='bbox 1767 521 1855 573; x_wconf 93' lang='lat' dir='ltr'>ple-</span> 
     </span>
     <span class='ocr_line' id='line_1_52' title="bbox 1030 572 1855 618; baseline 0.005 -4"><span class='ocrx_word' id='word_1_219' title='bbox 1030 572 1132 614; x_wconf 89' lang='lat' dir='ltr'>bem</span> <span class='ocrx_word' id='word_1_220' title='bbox 1151 587 1289 616; x_wconf 89' lang='lat' dir='ltr'>suam:</span> <span class='ocrx_word' id='word_1_221' title='bbox 1306 576 1330 602; x_wconf 88' lang='lat'>*</span> <span class='ocrx_word' id='word_1_222' title='bbox 1350 581 1394 617; x_wconf 93' lang='lat' dir='ltr'>et</span> <span class='ocrx_word' id='word_1_223' title='bbox 1411 575 1717 618; x_wconf 76' lang='lat' dir='ltr'>haereditatem</span> <span class='ocrx_word' id='word_1_224' title='bbox 1732 590 1855 618; x_wconf 88' lang='lat' dir='ltr'>suam</span> 
     </span>
     <span class='ocr_line' id='line_1_53' title="bbox 1030 630 1431 683; baseline 0.007 -13"><span class='ocrx_word' id='word_1_225' title='bbox 1030 642 1119 670; x_wconf 93' lang='lat' dir='ltr'>non</span> <span class='ocrx_word' id='word_1_226' title='bbox 1148 630 1431 683; x_wconf 88' lang='lat' dir='ltr'>derelinquet.</span> 
     </span>
    </p>

    <p class='ocr_par' dir='ltr' id='par_1_24' title="bbox 1031 686 1856 852">
     <span class='ocr_line' id='line_1_54' title="bbox 1083 686 1855 740; baseline 0.004 -12"><span class='ocrx_word' id='word_1_227' title='bbox 1083 686 1380 740; x_wconf 88' lang='lat' dir='ltr'>Quoadusque</span> <span class='ocrx_word' id='word_1_228' title='bbox 1395 688 1560 740; x_wconf 89' lang='lat' dir='ltr'>justitia</span> <span class='ocrx_word' id='word_1_229' title='bbox 1575 691 1855 731; x_wconf 78' lang='lat' dir='ltr'>convertatur</span> 
     </span>
     <span class='ocr_line' id='line_1_55' title="bbox 1031 742 1856 797; baseline 0.005 -14"><span class='ocrx_word' id='word_1_230' title='bbox 1031 742 1075 782; x_wconf 91' lang='lat' dir='ltr'>in</span> <span class='ocrx_word' id='word_1_231' title='bbox 1101 743 1322 795; x_wconf 88' lang='lat' dir='ltr'>judicium:</span> <span class='ocrx_word' id='word_1_232' title='bbox 1354 746 1377 772; x_wconf 86' lang='lat'><strong><em>*</em></strong></span> <span class='ocrx_word' id='word_1_233' title='bbox 1411 749 1454 786; x_wconf 86' lang='lat' dir='ltr'>et</span> <span class='ocrx_word' id='word_1_234' title='bbox 1486 745 1560 796; x_wconf 91' lang='lat' dir='ltr'>qui</span> <span class='ocrx_word' id='word_1_235' title='bbox 1592 746 1710 797; x_wconf 85' lang='lat' dir='ltr'>juxta</span> <span class='ocrx_word' id='word_1_236' title='bbox 1737 745 1856 787; x_wconf 87' lang='lat' dir='ltr'>illam</span> 
     </span>
     <span class='ocr_line' id='line_1_56' title="bbox 1031 801 1738 852; baseline 0.006 -13"><span class='ocrx_word' id='word_1_237' title='bbox 1031 811 1183 841; x_wconf 91' lang='lat' dir='ltr'>omnes</span> <span class='ocrx_word' id='word_1_238' title='bbox 1212 801 1287 852; x_wconf 94' lang='lat' dir='ltr'>qui</span> <span class='ocrx_word' id='word_1_239' title='bbox 1315 806 1438 843; x_wconf 91' lang='lat' dir='ltr'>recto</span> <span class='ocrx_word' id='word_1_240' title='bbox 1467 806 1567 843; x_wconf 90' lang='lat' dir='ltr'>sunt</span> <span class='ocrx_word' id='word_1_241' title='bbox 1594 801 1738 843; x_wconf 90' lang='lat' dir='ltr'>corde.</span> 
     </span>
    </p>

    <p class='ocr_par' dir='ltr' id='par_1_25' title="bbox 1030 856 1855 1067">
     <span class='ocr_line' id='line_1_57' title="bbox 1083 856 1855 909; baseline 0.003 -12"><span class='ocrx_word' id='word_1_242' title='bbox 1083 856 1190 906; x_wconf 89' lang='lat' dir='ltr'>Quis</span> <span class='ocrx_word' id='word_1_243' title='bbox 1227 861 1463 909; x_wconf 83' lang='lat' dir='ltr'>consurget</span> <span class='ocrx_word' id='word_1_244' title='bbox 1503 857 1610 898; x_wconf 89' lang='lat' dir='ltr'>mihi</span> <span class='ocrx_word' id='word_1_245' title='bbox 1645 857 1855 900; x_wconf 88' lang='lat' dir='ltr'>adversus</span> 
     </span>
     <span class='ocr_line' id='line_1_58' title="bbox 1030 912 1853 966; baseline 0.006 -14"><span class='ocrx_word' id='word_1_246' title='bbox 1030 912 1342 963; x_wconf 74' lang='lat' dir='ltr'>malignantes?</span> <span class='ocrx_word' id='word_1_247' title='bbox 1362 916 1386 941; x_wconf 91' lang='lat'>*</span> <span class='ocrx_word' id='word_1_248' title='bbox 1406 919 1480 955; x_wconf 87' lang='lat' dir='ltr'>aut</span> <span class='ocrx_word' id='word_1_249' title='bbox 1501 915 1597 966; x_wconf 92' lang='lat' dir='ltr'>quis</span> <span class='ocrx_word' id='word_1_250' title='bbox 1617 914 1750 956; x_wconf 91' lang='lat' dir='ltr'>stabit</span> <span class='ocrx_word' id='word_1_251' title='bbox 1769 928 1853 957; x_wconf 93' lang='lat' dir='ltr'>me-</span> 
     </span>
     <span class='ocr_line' id='line_1_59' title="bbox 1031 969 1854 1023; baseline 0.004 -14"><span class='ocrx_word' id='word_1_252' title='bbox 1031 981 1131 1009; x_wconf 89' lang='lat' dir='ltr'>cum</span> <span class='ocrx_word' id='word_1_253' title='bbox 1171 969 1385 1012; x_wconf 88' lang='lat' dir='ltr'>adversus</span> <span class='ocrx_word' id='word_1_254' title='bbox 1427 973 1662 1023; x_wconf 76' lang='lat' dir='ltr'>operantes</span> <span class='ocrx_word' id='word_1_255' title='bbox 1703 971 1854 1023; x_wconf 90' lang='lat' dir='ltr'>iniqui-</span> 
     </span>
     <span class='ocr_line' id='line_1_60' title="bbox 1030 1024 1715 1067; baseline 0.003 -1"><span class='ocrx_word' id='word_1_256' title='bbox 1030 1025 1190 1067; x_wconf 79' lang='lat' dir='ltr'>tatem?</span> <span class='ocrx_word' id='word_1_257' title='bbox 1708 1024 1715 1033; x_wconf 89' lang='lat'>&#39;</span> 
     </span>
    </p>

    <p class='ocr_par' dir='ltr' id='par_1_26' title="bbox 1029 1082 1855 1237">
     <span class='ocr_line' id='line_1_61' title="bbox 1081 1082 1855 1136; baseline 0.003 -14"><span class='ocrx_word' id='word_1_258' title='bbox 1081 1082 1178 1123; x_wconf 89' lang='lat' dir='ltr'>Nisi</span> <span class='ocrx_word' id='word_1_259' title='bbox 1195 1083 1295 1134; x_wconf 91' lang='lat' dir='ltr'>quia</span> <span class='ocrx_word' id='word_1_260' title='bbox 1309 1083 1525 1125; x_wconf 86' lang='lat' dir='ltr'>Dominus</span> <span class='ocrx_word' id='word_1_261' title='bbox 1544 1083 1710 1136; x_wconf 87' lang='lat' dir='ltr'>adjuvit</span> <span class='ocrx_word' id='word_1_262' title='bbox 1728 1097 1812 1126; x_wconf 93' lang='lat' dir='ltr'>me:</span> <span class='ocrx_word' id='word_1_263' title='bbox 1832 1086 1855 1111; x_wconf 89' lang='lat'>*</span> 
     </span>
     <span class='ocr_line' id='line_1_62' title="bbox 1029 1138 1855 1190; baseline 0.004 -12"><span class='ocrx_word' id='word_1_264' title='bbox 1029 1138 1162 1190; x_wconf 92' lang='lat' dir='ltr'>paulo</span> <span class='ocrx_word' id='word_1_265' title='bbox 1185 1139 1328 1180; x_wconf 91' lang='lat' dir='ltr'>minus</span> <span class='ocrx_word' id='word_1_266' title='bbox 1353 1139 1594 1182; x_wconf 78' lang='lat' dir='ltr'>habitasset</span> <span class='ocrx_word' id='word_1_267' title='bbox 1619 1140 1663 1181; x_wconf 91' lang='lat' dir='ltr'>in</span> <span class='ocrx_word' id='word_1_268' title='bbox 1688 1140 1855 1182; x_wconf 90' lang='lat' dir='ltr'>inferno</span> 
     </span>
     <span class='ocr_line' id='line_1_63' title="bbox 1029 1207 1308 1237; baseline 0.004 -2"><span class='ocrx_word' id='word_1_269' title='bbox 1029 1207 1173 1235; x_wconf 86' lang='lat' dir='ltr'>amma</span> <span class='ocrx_word' id='word_1_270' title='bbox 1200 1208 1308 1237; x_wconf 91' lang='lat' dir='ltr'>mea.</span> 
     </span>
    </p>

    <p class='ocr_par' dir='ltr' id='par_1_27' title="bbox 1029 1251 1854 1416">
     <span class='ocr_line' id='line_1_64' title="bbox 1081 1251 1853 1305; baseline 0.004 -13"><span class='ocrx_word' id='word_1_271' title='bbox 1081 1251 1126 1292; x_wconf 88' lang='lat' dir='ltr'>Si</span> <span class='ocrx_word' id='word_1_272' title='bbox 1154 1251 1368 1293; x_wconf 81' lang='lat' dir='ltr'>dicebam:</span> <span class='ocrx_word' id='word_1_273' title='bbox 1396 1252 1542 1294; x_wconf 91' lang='lat' dir='ltr'>Motus</span> <span class='ocrx_word' id='word_1_274' title='bbox 1572 1258 1638 1295; x_wconf 89' lang='lat' dir='ltr'>est</span> <span class='ocrx_word' id='word_1_275' title='bbox 1665 1265 1744 1305; x_wconf 91' lang='lat' dir='ltr'>pes</span> <span class='ocrx_word' id='word_1_276' title='bbox 1768 1266 1853 1295; x_wconf 92' lang='lat' dir='ltr'>me-</span> 
     </span>
     <span class='ocr_line' id='line_1_65' title="bbox 1029 1308 1854 1351; baseline 0.005 -4"><span class='ocrx_word' id='word_1_277' title='bbox 1029 1320 1096 1348; x_wconf 92' lang='lat' dir='ltr'>us:</span> <span class='ocrx_word' id='word_1_278' title='bbox 1135 1309 1159 1334; x_wconf 85' lang='grc'><em>*</em></span> <span class='ocrx_word' id='word_1_279' title='bbox 1201 1308 1504 1350; x_wconf 83' lang='lat' dir='ltr'>misericordia</span> <span class='ocrx_word' id='word_1_280' title='bbox 1552 1314 1628 1351; x_wconf 89' lang='lat' dir='ltr'>tua</span> <span class='ocrx_word' id='word_1_281' title='bbox 1667 1310 1854 1351; x_wconf 89' lang='lat' dir='ltr'>Domine</span> 
     </span>
     <span class='ocr_line' id='line_1_66' title="bbox 1029 1364 1373 1416; baseline 0.003 -11"><span class='ocrx_word' id='word_1_282' title='bbox 1029 1364 1266 1416; x_wconf 77' lang='lat' dir='ltr'>adjuvabat</span> <span class='ocrx_word' id='word_1_283' title='bbox 1292 1378 1373 1407; x_wconf 91' lang='lat' dir='ltr'>me.</span> 
     </span>
    </p>

    <p class='ocr_par' dir='ltr' id='par_1_28' title="bbox 1079 1421 1853 1464">
     <span class='ocr_line' id='line_1_67' title="bbox 1079 1421 1853 1464; baseline 0.003 -2"><span class='ocrx_word' id='word_1_284' title='bbox 1079 1421 1330 1463; x_wconf 89' lang='lat' dir='ltr'>Secundum</span> <span class='ocrx_word' id='word_1_285' title='bbox 1370 1422 1694 1464; x_wconf 90' lang='lat' dir='ltr'>multitudinem</span> <span class='ocrx_word' id='word_1_286' title='bbox 1734 1422 1853 1464; x_wconf 93' lang='lat' dir='ltr'>dolo-</span> 
     </span>
    </p>
   </div>
   <div class='ocr_carea' id='block_1_5' title="bbox 1029 1479 1907 1521">
    <p class='ocr_par' dir='ltr' id='par_1_29' title="bbox 1029 1479 1907 1521">
     <span class='ocr_line' id='line_1_68' title="bbox 1029 1479 1907 1521; baseline 0.002 -3"><span class='ocrx_word' id='word_1_287' title='bbox 1029 1490 1127 1518; x_wconf 92' lang='lat' dir='ltr'>rum</span> <span class='ocrx_word' id='word_1_288' title='bbox 1145 1480 1344 1519; x_wconf 90' lang='lat' dir='ltr'>meorum</span> <span class='ocrx_word' id='word_1_289' title='bbox 1363 1479 1406 1519; x_wconf 92' lang='lat' dir='ltr'>in</span> <span class='ocrx_word' id='word_1_290' title='bbox 1426 1479 1561 1521; x_wconf 91' lang='lat' dir='ltr'>corde</span> <span class='ocrx_word' id='word_1_291' title='bbox 1580 1492 1694 1520; x_wconf 89' lang='lat' dir='ltr'>meo:</span> <span class='ocrx_word' id='word_1_292' title='bbox 1716 1480 1739 1506; x_wconf 88' lang='lat'>*</span> <span class='ocrx_word' id='word_1_293' title='bbox 1754 1492 1853 1520; x_wconf 91' lang='lat' dir='ltr'>eon·</span> <span class='ocrx_word' id='word_1_294' title='bbox 1906 1506 1907 1511; x_wconf 57' lang='lat'><em>=</em></span> 
     </span>
    </p>
   </div>
   <div class='ocr_carea' id='block_1_6' title="bbox 1027 1534 1906 1971">
    <p class='ocr_par' dir='ltr' id='par_1_30' title="bbox 1028 1534 1854 1632">
     <span class='ocr_line' id='line_1_69' title="bbox 1030 1534 1854 1577; baseline 0.001 -2"><span class='ocrx_word' id='word_1_295' title='bbox 1030 1534 1269 1576; x_wconf 88' lang='lat' dir='ltr'>solationes</span> <span class='ocrx_word' id='word_1_296' title='bbox 1298 1540 1386 1576; x_wconf 86' lang='lat' dir='ltr'>tuae</span> <span class='ocrx_word' id='word_1_297' title='bbox 1409 1535 1743 1577; x_wconf 74' lang='lat' dir='ltr'>laetificaverunt</span> <span class='ocrx_word' id='word_1_298' title='bbox 1768 1536 1854 1577; x_wconf 79' lang='lat' dir='ltr'>ani-</span> 
     </span>
     <span class='ocr_line' id='line_1_70' title="bbox 1028 1603 1325 1632; baseline 0.003 -1"><span class='ocrx_word' id='word_1_299' title='bbox 1028 1603 1145 1632; x_wconf 88' lang='lat' dir='ltr'>mam</span> <span class='ocrx_word' id='word_1_300' title='bbox 1172 1604 1325 1632; x_wconf 90' lang='lat' dir='ltr'>meam.</span> 
     </span>
    </p>

    <p class='ocr_par' dir='ltr' id='par_1_31' title="bbox 1028 1647 1906 1813">
     <span class='ocr_line' id='line_1_71' title="bbox 1080 1647 1906 1699; baseline 0 -11"><span class='ocrx_word' id='word_1_301' title='bbox 1080 1647 1307 1699; x_wconf 91' lang='lat' dir='ltr'>Numquid</span> <span class='ocrx_word' id='word_1_302' title='bbox 1325 1648 1522 1690; x_wconf 75' lang='lat' dir='ltr'>adhaeret</span> <span class='ocrx_word' id='word_1_303' title='bbox 1540 1648 1618 1690; x_wconf 88' lang='lat' dir='ltr'>tibi</span> <span class='ocrx_word' id='word_1_304' title='bbox 1632 1648 1759 1689; x_wconf 90' lang='lat' dir='ltr'>sedes</span> <span class='ocrx_word' id='word_1_305' title='bbox 1778 1648 1854 1688; x_wconf 94' lang='lat' dir='ltr'>ini·</span> <span class='ocrx_word' id='word_1_306' title='bbox 1904 1679 1906 1682; x_wconf 44' lang='lat'>&gt;</span> 
     </span>
     <span class='ocr_line' id='line_1_72' title="bbox 1030 1704 1906 1756; baseline 0 -12"><span class='ocrx_word' id='word_1_307' title='bbox 1030 1704 1222 1756; x_wconf 79' lang='lat' dir='ltr'>quitatis:</span> <span class='ocrx_word' id='word_1_308' title='bbox 1256 1706 1280 1731; x_wconf 86' lang='lat'>*</span> <span class='ocrx_word' id='word_1_309' title='bbox 1315 1705 1388 1756; x_wconf 92' lang='lat' dir='ltr'>qui</span> <span class='ocrx_word' id='word_1_310' title='bbox 1420 1705 1547 1756; x_wconf 88' lang='lat' dir='ltr'>fingis</span> <span class='ocrx_word' id='word_1_311' title='bbox 1581 1704 1778 1746; x_wconf 91' lang='lat' dir='ltr'>laborem</span> <span class='ocrx_word' id='word_1_312' title='bbox 1811 1704 1853 1744; x_wconf 91' lang='lat' dir='ltr'>in</span> <span class='ocrx_word' id='word_1_313' title='bbox 1903 1723 1906 1745; x_wconf 79' lang='grc' dir='ltr'><strong><em>ς</em></strong></span> 
     </span>
     <span class='ocr_line' id='line_1_73' title="bbox 1028 1760 1279 1813; baseline 0 -12"><span class='ocrx_word' id='word_1_314' title='bbox 1028 1760 1279 1813; x_wconf 84' lang='lat' dir='ltr'>praecepto?</span> 
     </span>
    </p>

    <p class='ocr_par' dir='ltr' id='par_1_32' title="bbox 1027 1816 1854 1971">
     <span class='ocr_line' id='line_1_74' title="bbox 1080 1816 1854 1869; baseline 0.001 -12"><span class='ocrx_word' id='word_1_315' title='bbox 1080 1816 1329 1869; x_wconf 80' lang='lat' dir='ltr'>Captabunt</span> <span class='ocrx_word' id='word_1_316' title='bbox 1356 1817 1399 1857; x_wconf 93' lang='lat' dir='ltr'>in</span> <span class='ocrx_word' id='word_1_317' title='bbox 1427 1817 1614 1857; x_wconf 76' lang='lat' dir='ltr'>animam</span> <span class='ocrx_word' id='word_1_318' title='bbox 1632 1817 1745 1869; x_wconf 88' lang='lat' dir='ltr'>justi:</span> <span class='ocrx_word' id='word_1_319' title='bbox 1769 1818 1792 1843; x_wconf 85' lang='lat'>*</span> <span class='ocrx_word' id='word_1_320' title='bbox 1810 1821 1854 1858; x_wconf 87' lang='lat' dir='ltr'>et</span> 
     </span>
     <span class='ocr_line' id='line_1_75' title="bbox 1029 1873 1852 1924; baseline 0.001 -10"><span class='ocrx_word' id='word_1_321' title='bbox 1029 1873 1284 1924; x_wconf 81' lang='lat' dir='ltr'>sanguinem</span> <span class='ocrx_word' id='word_1_322' title='bbox 1301 1873 1579 1915; x_wconf 83' lang='lat' dir='ltr'>innocentem</span> <span class='ocrx_word' id='word_1_323' title='bbox 1593 1873 1852 1915; x_wconf 77' lang='lat' dir='ltr'>condemna-</span> 
     </span>
     <span class='ocr_line' id='line_1_76' title="bbox 1027 1929 1147 1971; baseline -0.008 0"><span class='ocrx_word' id='word_1_324' title='bbox 1027 1929 1147 1971; x_wconf 87' lang='lat' dir='ltr'>bunt.</span> 
     </span>
    </p>
   </div>
   <div class='ocr_carea' id='block_1_7' title="bbox 1080 1985 1903 2028">
    <p class='ocr_par' dir='ltr' id='par_1_33' title="bbox 1080 1985 1903 2028">
     <span class='ocr_line' id='line_1_77' title="bbox 1080 1985 1903 2028; baseline 0 -2"><span class='ocrx_word' id='word_1_325' title='bbox 1080 1986 1138 2027; x_wconf 88' lang='lat' dir='ltr'>Et</span> <span class='ocrx_word' id='word_1_326' title='bbox 1165 1986 1306 2028; x_wconf 86' lang='lat' dir='ltr'>factus</span> <span class='ocrx_word' id='word_1_327' title='bbox 1341 1991 1408 2028; x_wconf 91' lang='lat' dir='ltr'>est</span> <span class='ocrx_word' id='word_1_328' title='bbox 1435 1985 1540 2027; x_wconf 92' lang='lat' dir='ltr'>mihi</span> <span class='ocrx_word' id='word_1_329' title='bbox 1567 1986 1780 2027; x_wconf 82' lang='lat' dir='ltr'>Dominus</span> <span class='ocrx_word' id='word_1_330' title='bbox 1808 1986 1852 2026; x_wconf 92' lang='lat' dir='ltr'>in</span> <span class='ocrx_word' id='word_1_331' title='bbox 1902 1995 1903 1998; x_wconf 72' lang='grc'>’</span> 
     </span>
    </p>
   </div>
   <div class='ocr_carea' id='block_1_8' title="bbox 1026 2041 1851 2758">
    <p class='ocr_par' dir='ltr' id='par_1_34' title="bbox 1028 2041 1851 2151">
     <span class='ocr_line' id='line_1_78' title="bbox 1028 2041 1851 2093; baseline 0 -10"><span class='ocrx_word' id='word_1_332' title='bbox 1028 2042 1256 2093; x_wconf 87' lang='lat' dir='ltr'>refugium:</span> <span class='ocrx_word' id='word_1_333' title='bbox 1288 2044 1312 2069; x_wconf 89' lang='lat'>*</span> <span class='ocrx_word' id='word_1_334' title='bbox 1340 2047 1384 2084; x_wconf 87' lang='lat' dir='ltr'>et</span> <span class='ocrx_word' id='word_1_335' title='bbox 1410 2043 1532 2084; x_wconf 92' lang='lat' dir='ltr'>Deus</span> <span class='ocrx_word' id='word_1_336' title='bbox 1560 2055 1682 2084; x_wconf 93' lang='lat' dir='ltr'>meus</span> <span class='ocrx_word' id='word_1_337' title='bbox 1708 2043 1752 2083; x_wconf 93' lang='lat' dir='ltr'>in</span> <span class='ocrx_word' id='word_1_338' title='bbox 1779 2041 1851 2083; x_wconf 89' lang='lat' dir='ltr'>ad-</span> 
     </span>
     <span class='ocr_line' id='line_1_79' title="bbox 1028 2099 1502 2151; baseline -0.002 -11"><span class='ocrx_word' id='word_1_339' title='bbox 1028 2099 1233 2151; x_wconf 89' lang='lat' dir='ltr'>jutorium</span> <span class='ocrx_word' id='word_1_340' title='bbox 1260 2099 1354 2151; x_wconf 90' lang='lat' dir='ltr'>spei</span> <span class='ocrx_word' id='word_1_341' title='bbox 1382 2100 1502 2140; x_wconf 79' lang='lat' dir='ltr'>meae&#39;.</span> 
     </span>
    </p>

    <p class='ocr_par' dir='ltr' id='par_1_35' title="bbox 1026 2153 1851 2365">
     <span class='ocr_line' id='line_1_80' title="bbox 1078 2153 1851 2206; baseline -0.003 -10"><span class='ocrx_word' id='word_1_342' title='bbox 1078 2155 1136 2196; x_wconf 91' lang='lat' dir='ltr'>Et</span> <span class='ocrx_word' id='word_1_343' title='bbox 1155 2155 1312 2196; x_wconf 89' lang='lat' dir='ltr'>reddet</span> <span class='ocrx_word' id='word_1_344' title='bbox 1336 2155 1420 2196; x_wconf 92' lang='lat' dir='ltr'>illis</span> <span class='ocrx_word' id='word_1_345' title='bbox 1443 2154 1715 2206; x_wconf 80' lang='lat' dir='ltr'>iniquitatem</span> <span class='ocrx_word' id='word_1_346' title='bbox 1738 2153 1851 2206; x_wconf 91' lang='lat' dir='ltr'>ipso-</span> 
     </span>
     <span class='ocr_line' id='line_1_81' title="bbox 1026 2209 1850 2262; baseline -0.004 -10"><span class='ocrx_word' id='word_1_347' title='bbox 1026 2224 1137 2252; x_wconf 91' lang='lat' dir='ltr'>rum:</span> <span class='ocrx_word' id='word_1_348' title='bbox 1167 2216 1210 2253; x_wconf 88' lang='lat' dir='ltr'>et</span> <span class='ocrx_word' id='word_1_349' title='bbox 1240 2211 1284 2252; x_wconf 89' lang='lat' dir='ltr'>in</span> <span class='ocrx_word' id='word_1_350' title='bbox 1311 2211 1476 2252; x_wconf 86' lang='lat' dir='ltr'>malitia</span> <span class='ocrx_word' id='word_1_351' title='bbox 1505 2212 1656 2252; x_wconf 91' lang='lat' dir='ltr'>eorum</span> <span class='ocrx_word' id='word_1_352' title='bbox 1687 2209 1850 2262; x_wconf 88' lang='lat' dir='ltr'>disper-</span> 
     </span>
     <span class='ocr_line' id='line_1_82' title="bbox 1028 2265 1849 2320; baseline -0.004 -11"><span class='ocrx_word' id='word_1_353' title='bbox 1028 2267 1103 2309; x_wconf 89' lang='lat' dir='ltr'>det</span> <span class='ocrx_word' id='word_1_354' title='bbox 1135 2280 1230 2309; x_wconf 90' lang='lat' dir='ltr'>eos:</span> <span class='ocrx_word' id='word_1_355' title='bbox 1261 2267 1285 2293; x_wconf 89' lang='lat'>*</span> <span class='ocrx_word' id='word_1_356' title='bbox 1313 2266 1540 2320; x_wconf 90' lang='lat' dir='ltr'>disperdet</span> <span class='ocrx_word' id='word_1_357' title='bbox 1572 2266 1670 2308; x_wconf 89' lang='lat' dir='ltr'>illos</span> <span class='ocrx_word' id='word_1_358' title='bbox 1701 2265 1849 2307; x_wconf 92' lang='lat' dir='ltr'>Domi-</span> 
     </span>
     <span class='ocr_line' id='line_1_83' title="bbox 1026 2323 1444 2365; baseline 0.002 -1"><span class='ocrx_word' id='word_1_359' title='bbox 1026 2337 1107 2364; x_wconf 89' lang='lat' dir='ltr'>nus</span> <span class='ocrx_word' id='word_1_360' title='bbox 1133 2323 1254 2365; x_wconf 91' lang='lat' dir='ltr'>Deus</span> <span class='ocrx_word' id='word_1_361' title='bbox 1282 2328 1444 2365; x_wconf 89' lang='lat' dir='ltr'>noster.</span> 
     </span>
    </p>

    <p class='ocr_par' dir='ltr' id='par_1_36' title="bbox 1026 2378 1848 2477">
     <span class='ocr_line' id='line_1_84' title="bbox 1081 2378 1848 2421; baseline 0 -3"><span class='ocrx_word' id='word_1_362' title='bbox 1081 2379 1180 2419; x_wconf 88' lang='lat' dir='ltr'>Ant.</span> <span class='ocrx_word' id='word_1_363' title='bbox 1210 2379 1476 2421; x_wconf 85' lang='lat' dir='ltr'>Benedictus</span> <span class='ocrx_word' id='word_1_364' title='bbox 1496 2379 1709 2421; x_wconf 85' lang='lat' dir='ltr'>Dominus</span> <span class='ocrx_word' id='word_1_365' title='bbox 1728 2378 1772 2419; x_wconf 88' lang='lat' dir='ltr'>in</span> <span class='ocrx_word' id='word_1_366' title='bbox 1795 2391 1848 2418; x_wconf 88' lang='lat' dir='ltr'>ae-</span> 
     </span>
     <span class='ocr_line' id='line_1_85' title="bbox 1026 2437 1209 2477; baseline -0.005 0"><span class='ocrx_word' id='word_1_367' title='bbox 1026 2437 1209 2477; x_wconf 88' lang='lat' dir='ltr'>ternum.</span> 
     </span>
    </p>

    <p class='ocr_par' dir='ltr' id='par_1_37' title="bbox 1079 2492 1408 2532">
     <span class='ocr_line' id='line_1_86' title="bbox 1079 2492 1408 2532; baseline 0.006 -2"><span class='ocrx_word' id='word_1_368' title='bbox 1079 2492 1177 2531; x_wconf 87' lang='lat' dir='ltr'>Ant.</span> <span class='ocrx_word' id='word_1_369' title='bbox 1213 2492 1408 2532; x_wconf 63' lang='lat' dir='ltr'>Cantete.</span> 
     </span>
    </p>

    <p class='ocr_par' dir='ltr' id='par_1_38' title="bbox 1026 2548 1848 2758">
     <span class='ocr_line' id='line_1_87' title="bbox 1291 2548 1582 2588; baseline -0.003 0"><span class='ocrx_word' id='word_1_370' title='bbox 1291 2548 1487 2588; x_wconf 82' lang='lat' dir='ltr'>Psalmus</span> <span class='ocrx_word' id='word_1_371' title='bbox 1516 2550 1582 2587; x_wconf 79' lang='lat'>95.</span> 
     </span>
     <span class='ocr_line' id='line_1_88' title="bbox 1028 2602 1848 2709; baseline -0.005 -64"><span class='ocrx_word' id='word_1_372' title='bbox 1028 2602 1249 2709; x_wconf 76' lang='lat' dir='ltr'>Caritate</span> <span class='ocrx_word' id='word_1_373' title='bbox 1285 2604 1476 2645; x_wconf 92' lang='lat' dir='ltr'>Domino</span> <span class='ocrx_word' id='word_1_374' title='bbox 1521 2604 1737 2645; x_wconf 83' lang='lat' dir='ltr'>canticum</span> <span class='ocrx_word' id='word_1_375' title='bbox 1777 2613 1848 2641; x_wconf 93' lang='lat' dir='ltr'>no-</span> 
     </span>
     <span class='ocr_line' id='line_1_89' title="bbox 1130 2657 1848 2702; baseline -0.007 -1"><span class='ocrx_word' id='word_1_376' title='bbox 1130 2673 1245 2701; x_wconf 90' lang='lat' dir='ltr'>vum:</span> <span class='ocrx_word' id='word_1_377' title='bbox 1264 2660 1288 2686; x_wconf 88' lang='lat'>*</span> <span class='ocrx_word' id='word_1_378' title='bbox 1308 2662 1482 2702; x_wconf 80' lang='lat' dir='ltr'>cantate</span> <span class='ocrx_word' id='word_1_379' title='bbox 1500 2659 1689 2701; x_wconf 93' lang='lat' dir='ltr'>Domino</span> <span class='ocrx_word' id='word_1_380' title='bbox 1709 2657 1848 2699; x_wconf 91' lang='lat' dir='ltr'>omnis</span> 
     </span>
     <span class='ocr_line' id='line_1_90' title="bbox 1026 2721 1154 2758; baseline -0.008 0"><span class='ocrx_word' id='word_1_381' title='bbox 1026 2721 1154 2758; x_wconf 87' lang='lat' dir='ltr'>terra.</span> 
     </span>
    </p>
   </div>
   <div class='ocr_carea' id='block_1_9' title="bbox 90 129 1915 2823">
    <p class='ocr_par' dir='ltr' id='par_1_39' title="bbox 90 129 1915 2823">
     <span class='ocr_line' id='line_1_91' title="bbox 90 129 1915 2823; baseline 0 0"><span class='ocrx_word' id='word_1_382' title='bbox 90 129 1915 2823; x_wconf 95' lang='lat' dir='ltr'> </span> 
     </span>
    </p>
   </div>
  </div>
 </body>
</html>
