2040 2944
598 211 700 244 Infra
726 211 1019 246 Hebdomadam
1044 213 1096 247 iii.
1122 214 1363 248 Novembris.

134 305 435 347 fortitudinem
467 318 626 354 meam,
659 309 703 346 et
737 306 961 346 annuntia-

135 361 245 403 bunt
299 361 516 403 Gentibus
573 361 757 412 gloriam
809 374 962 402 meam.

135 417 250 459 Tota
274 417 355 459 die.

444 472 595 512 Lectio
616 485 652 510 v.

212 525 257 566 ui
288 525 492 567 dixerunt
523 525 600 565 illi:
635 524 777 566 Tenta
810 537 962 566 servos

229 586 331 623 tuos
359 581 454 623 dies
482 580 651 630 decem,
680 585 724 621 et
751 579 808 621 da
835 580 963 622 nobis

136 637 191 679 de
221 638 469 679 seminibus.
516 637 574 678 Et
602 635 725 678 dedit
756 637 819 677 eis
846 637 962 688 legu-

135 695 251 735 mina
272 694 328 736 ad
346 693 631 742 vescendum,
657 698 700 734 et
725 705 883 744 aquam
906 693 963 735 ad

136 750 391 792 bibendum:
437 755 481 792 et
521 748 766 790 introduxit
808 762 884 790 eos
919 750 962 790 in

136 809 378 859 conspectu
405 806 537 857 regis,
570 810 613 847 et
640 805 746 846 visae
775 810 875 847 sunt
903 806 960 847 fa-

136 863 225 904 cies
254 863 453 915 ipsorum
481 861 774 914 speciosiores
801 867 963 914 praeter

137 920 309 960 ceteros
333 921 513 971 pueros,
543 917 616 969 qui
642 918 773 968 regiae
798 931 962 959 mensae

137 974 247 1016 cibis
274 974 588 1016 nutriebantur.
629 973 825 1015 Videsne
857 974 962 1026 quid

134 1030 266 1072 faciat
308 1029 538 1082 jejunium?
592 1029 774 1071 Morbos
820 1035 962 1079 sanat,

136 1085 441 1128 distillationes
495 1085 695 1137 corporis
753 1087 962 1135 exsiccat,

136 1141 359 1184 daemones
380 1142 519 1193 fugat,
547 1154 708 1194 pravas
736 1142 962 1192 cogitatio-

133 1211 211 1241 nes
257 1198 451 1251 expellit,
496 1202 687 1239 mentem
733 1197 962 1240 clariorem

135 1253 298 1304 reddit,
333 1267 410 1296 cor
442 1253 653 1295 mundum
687 1254 834 1303 efficit,
870 1267 961 1295 cor-

134 1324 218 1364 pus
247 1310 507 1360 sanctificat,
544 1309 733 1362 denique
761 1309 818 1351 ad
845 1310 962 1351 thro-

135 1380 238 1408 num
266 1366 350 1408 Dei
382 1366 607 1408 hominem
641 1366 765 1408 sistit.
825 1366 881 1407 Et
907 1379 962 1408 ne

134 1428 262 1475 putes
307 1423 403 1464 haec
454 1424 619 1464 temere
666 1422 766 1472 dici,
825 1421 961 1464 habes

100 1499 103 1501 ·
133 1478 259 1531 hujus
287 1479 350 1521 rei
378 1479 677 1521 testimonium
703 1479 747 1519 in
768 1479 961 1530 Evange-

134 1535 204 1576 liis
240 1548 266 1576 a
298 1535 529 1577 Salvatore
566 1536 798 1588 prolatum.
855 1535 962 1576 Cum

135 1592 250 1633 enim
275 1593 583 1644 quaesivissent
608 1591 827 1644 discipuli,
857 1604 962 1644 quo-

133 1661 236 1690 nam
268 1647 403 1691 modo
434 1648 649 1690 immundi
681 1648 860 1701 spiritus
893 1648 961 1700 eji-

135 1707 347 1756 cerentur,
366 1705 596 1758 respondit
615 1705 842 1756 Dominus:
861 1704 961 1745 Hoc

135 1773 272 1812 genus
290 1774 378 1803 non
397 1762 580 1814 ejicitur,
599 1761 683 1802 nisi
701 1761 745 1802 in
764 1761 961 1802 oratione

137 1822 181 1859 et
199 1817 368 1869 jejunio.

185 1879 237 1930 Rt·
270 1874 398 1916 Muro
425 1879 501 1916 tuo
529 1873 857 1927 inexpugnabili
883 1873 960 1914 cir-

136 1932 362 1981 cumcinge
393 1943 475 1972 nos
508 1931 714 1980 Domine,
750 1936 794 1972 et
830 1930 961 1971 armis

136 1991 224 2027 tuae
242 1987 455 2040 potentiae
474 1990 660 2040 protege
678 2000 759 2028 nos
775 1999 962 2038 semper:

134 2049 156 2072 *
178 2042 338 2085 Libera
360 2045 548 2086 Domine
571 2045 692 2085 Deus
717 2043 853 2084 Israel
879 2042 962 2083 cla—

135 2100 306 2141 mantes
329 2100 386 2142 ad
410 2105 465 2142 te.
501 2099 550 2150 V.
579 2101 695 2141 Erue
719 2112 801 2140 nos
824 2099 867 2139 in
885 2099 961 2139 mi—

135 2154 344 2197 rabilibus
358 2157 454 2206 tuiS,
470 2162 514 2198 et
529 2156 586 2198 da
602 2156 786 2207 gloriam
800 2155 962 2197 nomini

134 2215 223 2253 tuo.
249 2211 410 2254 Libera
427 2212 627 2254 Domine.

434 2277 587 2317 Lectio
607 2276 660 2315 vi.

136 2310 387 2434 Quisquis
406 2329 539 2380 igitur
557 2328 613 2370 ab
631 2328 856 2370 immundo
877 2330 960 2380 spi-

227 2385 315 2427 ritu
328 2388 520 2435 vexatur,
540 2385 576 2425 si
592 2384 678 2426 hoc
693 2383 960 2425 animadver-

133 2445 215 2491 tat,
241 2445 285 2483 et
306 2441 392 2483 hoc
415 2440 654 2494 pharmaco
675 2442 838 2488 utatur,
863 2440 961 2491 jeju-

134 2497 206 2538 nio
230 2497 423 2549 inquam,
451 2498 598 2538 statim
621 2496 798 2548 spiritus
821 2494 961 2535 malus
1021 2509 1044 2550 s:

135 2555 377 2606 oppressus
419 2552 644 2602 abscedet,
690 2552 777 2592 vim
818 2551 960 2603 jejunii

136 2611 345 2651 metuens
403 2610 548 2652 Valde
585 2609 698 2650 enim
737 2607 960 2648 daemones

138 2665 415 2707 oblectantur
451 2665 631 2718 crapula
668 2669 712 2705 et
747 2663 960 2705 ebrietate

135 2726 178 2763 et
202 2722 402 2773 corporis
427 2719 682 2763 commodis.
717 2720 875 2769 Magna
894 2717 960 2759 vis

1766 214 1841 249 209

1015 305 1060 346 in
1085 306 1259 358 jejunio,
1294 312 1336 349 et
1365 320 1521 358 magna
1548 320 1598 348 ac
1627 308 1840 359 praeclara

1015 361 1125 403 fiunt
1149 375 1228 414 per
1252 362 1373 404 illud:
1405 363 1598 414 alioquin
1623 363 1740 405 unde
1766 363 1839 405 ho-

1015 418 1154 459 mines
1176 423 1265 460 tam
1287 420 1470 461 mirifica
1493 422 1772 472 praestarent,
1798 426 1840 462 et

1017 474 1139 524 signa
1158 487 1238 526 per
1257 488 1334 516 eos
1354 475 1524 524 fierent,
1545 481 1592 517 et
1603 476 1838 518 'sanitatem

1015 530 1198 571 infirmis
1221 544 1301 583 per
1319 532 1441 584 ipsos
1460 532 1690 582 largiretur
1708 532 1839 581 Deus,

1016 587 1097 627 nisi
1122 587 1251 639 plane
1276 588 1333 629 ob
1361 589 1694 630 exercitationes
1718 589 1838 640 spiri-

1015 643 1174 693 tuales,
1215 649 1259 685 et
1292 644 1577 685 humilitatem
1608 645 1755 694 animi,
1796 650 1839 686 et

1017 701 1397 741 conversationem
1416 700 1596 741 bonam?
1624 701 1648 740 J
1652 701 1838 752 ejunium

1017 756 1129 796 enim
1148 756 1418 806 Angelorum
1442 756 1565 797 cibus
1591 762 1671 798 est:
1698 761 1741 798 et
1766 757 1838 808 qui

1017 823 1069 852 eo
1093 811 1243 861 utitur,
1270 812 1435 853 ordinis
1459 811 1642 862 angelici
1665 814 1837 853 censen-

1016 867 1097 908 dus
1118 873 1194 908 est.

1066 925 1115 974 R.
1151 924 1441 964 Sustinuimus
1474 936 1646 976 pacem,
1680 929 1723 966 et
1750 937 1837 965 non

1015 980 1149 1021 venit:
1187 981 1466 1032 quaesivimus
1498 980 1629 1029 bona,
1661 986 1704 1022 et
1737 993 1838 1022 ecce

1015 1036 1220 1077 turbatio:
1238 1036 1522 1086 cognevimus
1537 1037 1724 1077 Domine
1740 1049 1837 1088 pec-

1017 1094 1116 1132 cata
1142 1097 1308 1132 nostra:
1331 1094 1353 1117 *
1377 1092 1478 1132 Non
1505 1092 1549 1132 in
1576 1094 1837 1144 perpetuum

1017 1147 1290 1188 obliviscaris
1322 1160 1413 1189 nos.
1454 1144 1503 1195 V.
1538 1148 1838 1197 PeccavimuS,

1015 1204 1148 1256 impie
1175 1203 1405 1253 gessimus,
1438 1204 1711 1255 iniquitatem
1739 1203 1837 1244 feci-

1014 1273 1111 1300 mus
1139 1260 1327 1301 Domine
1362 1260 1406 1300 in
1435 1272 1607 1301 omnem
1634 1260 1835 1310 justitiam

1014 1321 1144 1357 tuam.
1171 1316 1282 1357 Non.
1312 1315 1463 1356 Gloria
1481 1315 1610 1361 Patri.
1637 1315 1748 1356 Non.

1066 1379 1116 1430 R.
1141 1378 1209 1417 vii.
1265 1375 1517 1418 Laudabilis
1563 1376 1770 1428 populus,
1814 1380 1834 1401 *

1015 1433 1154 1482 Quem
1173 1433 1388 1474 Dominus
1416 1435 1684 1474 exercituum
1711 1432 1837 1473 bene-

1015 1489 1139 1539 dixit,
1162 1489 1327 1531 dicens:
1356 1490 1480 1541 Opus
1499 1491 1704 1529 manuum
1723 1490 1836 1529 mea-

1014 1559 1111 1587 rum
1137 1551 1185 1587 tu
1213 1559 1279 1595 es,
1307 1546 1541 1587 haereditas
1568 1557 1665 1585 mea
1692 1544 1837 1585 Israel.

1014 1600 1063 1651 V.
1088 1602 1227 1643 Beata
1246 1614 1367 1652 gens,
1397 1603 1516 1653 cujus
1537 1607 1603 1643 est
1622 1601 1835 1642 Dominus

1015 1658 1151 1707 Deus,
1182 1658 1373 1710 populus
1402 1658 1566 1699 electus
1586 1658 1630 1698 in
1655 1656 1835 1698 haeredi-

1014 1717 1161 1755 tatem.
1191 1715 1340 1763 Quem.

1066 1778 1115 1828 R.
1144 1777 1227 1816 viii.
1271 1774 1371 1815 Duo
1412 1773 1639 1825 Seraphim
1679 1773 1834 1814 clama-

1015 1829 1121 1871 bant
1149 1829 1259 1871 alter
1286 1829 1342 1871 ad
1370 1829 1568 1871 alterum:
1588 1833 1610 1856 *
1641 1829 1835 1876 Sanctus,

1015 1891 1206 1935 sanctus,
1249 1891 1424 1927 sanctus
1466 1884 1679 1926 Dominus
1716 1885 1835 1925 Deus

1015 1941 1224 1983 Sabaoth:
1248 1946 1270 1968 *
1296 1941 1431 1983 Plena
1459 1947 1525 1983 est
1553 1941 1693 1982 omnis
1720 1946 1834 1982 terra

1014 1997 1153 2049 gloria
1171 1999 1272 2050 ejus.
1303 1995 1353 2045 V.
1379 1998 1489 2038 Tres
1509 2002 1609 2038 sunt
1628 1996 1701 2048 qui
1719 1996 1835 2037 testi-

1014 2055 1207 2097 monium
1224 2053 1328 2095 dant
1351 2055 1394 2094 in
1413 2053 1542 2102 coelo,
1566 2054 1710 2101 Pater,
1729 2053 1835 2093 Ver-

1015 2111 1129 2161 bum,
1149 2116 1192 2152 et
1210 2111 1394 2163 Spiritus
1415 2114 1604 2150 sanctus:
1623 2113 1666 2150 et
1684 2107 1728 2148 hi
1746 2112 1835 2148 tres

1014 2180 1146 2208 unum
1165 2172 1276 2208 sunt.
1308 2167 1501 2207 Sanctus.
1538 2164 1687 2205 Gloria
1706 2163 1835 2205 Patri.

1013 2223 1157 2264 Plena,

1223 2307 1367 2343 Feria
1391 2306 1629 2343 Secunda.

1159 2371 1226 2410 De
1251 2367 1434 2408 Daniele
1460 2367 1693 2420 Propheta.

1090 2431 1241 2475 Lectio
1262 2435 1285 2474 i.
1554 2434 1656 2485 Cap.
1672 2436 1707 2473 2.
1723 2448 1757 2473 e.

1124 2550 1267 2589 statua
1285 2560 1370 2588 una
1387 2547 1581 2598 grandis:
1599 2550 1743 2589 statua
1761 2545 1833 2585 illa

1011 2616 1183 2655 magna,
1213 2609 1256 2644 et
1281 2607 1446 2645 statura
1471 2603 1667 2645 sublimis
1691 2601 1834 2642 stabat

1013 2665 1165 2702 contra
1183 2664 1241 2706 te,
1267 2663 1310 2700 et
1329 2659 1510 2700 intfiitus
1529 2660 1619 2710 ejus
1639 2662 1732 2699 erat
1749 2661 1831 2696 ter—

1013 2715 1161 2757 ribilis.
1180 2715 1319 2765 Hujus
1338 2717 1496 2756 statuae
1511 2719 1641 2766 caput
1656 2725 1709 2754 ex
1724 2723 1831 2752 auro

1072 2506 1134 2547 ,au
1162 2505 1239 2533 rex
1269 2491 1467 2541 videbas,
1501 2497 1545 2533 et
1577 2504 1679 2532 ecce
1709 2490 1833 2542 quasi
1894 2511 1900 2516 ·
