2040 2944
173 170 264 214 [212]

226 267 383 308 Virum
418 265 680 316 sanguinum
718 270 762 306 et
799 265 1005 307 dolesum

172 322 499 365 abominabitur
530 322 643 363 Dfis:
675 323 699 348 *
737 334 819 374 ego
857 327 1005 364 autem

172 380 215 420 in
244 378 524 420 multitudine
556 378 874 421 misericerdiae
903 384 1003 420 tuae.

222 434 423 476 Introibo
451 435 496 475 in
521 434 701 476 domum
726 440 861 477 tuam:
880 435 904 461 *
930 436 1002 477 ad-

172 491 310 532 orabo
338 490 395 532 ad
418 491 634 543 templum
659 496 860 533 sanctum
877 497 1003 533 tuum

171 549 215 589 in
233 548 393 589 timere
413 552 502 588 tuo.

222 605 411 645 Domine
431 603 576 645 deduc
591 618 662 646 me
675 605 719 645 in
734 605 900 657 justitia
914 610 1004 647 tua:

170 663 194 688 *
213 666 397 713 propter
420 661 622 702 inimicos
646 674 770 703 meos
796 661 936 714 dirige
958 663 1003 703 in

171 719 413 769 conspectu
429 723 507 759 tuo
526 718 643 759 viam
658 731 812 759 meam.

222 775 440 824 Queniam
467 787 556 816 non
584 779 652 816 est
679 775 724 815 in
749 788 826 816 ore
851 777 1004 816 eerum

170 831 347 872 veritas:
365 831 388 856 *
408 843 485 872 cor
506 833 658 872 eerum
679 845 839 873 vanum
859 836 937 873 est.

221 887 511 939 Sepulchrum
549 893 707 940 patens
749 893 816 930 est
851 893 1003 940 guttur

171 947 334 993 cerum,
351 944 511 995 linguis
527 944 617 985 suis
632 944 787 986 dolese
803 945 1003 997 agebant,

169 1002 192 1027 *
212 1000 356 1052 judica
375 1000 476 1042 illos
496 1001 629 1042 Deus.

219 1056 441 1098 Decidant
474 1070 499 1098 a
529 1057 871 1109 cogitatienibus
900 1059 1002 1109 suis,

170 1113 413 1154 secundum
447 1114 776 1156 multitudinem
803 1115 1003 1167 impieta-

168 1174 263 1211 tum
280 1171 435 1211 eerum
454 1170 625 1222 expelle
642 1183 730 1222 eos,
750 1172 773 1197 *
794 1172 1004 1223 queniam

169 1226 451 1268 irritaverunt
470 1231 515 1268 te
532 1227 733 1269 Demine.

219 1283 277 1324 Et
295 1282 500 1324 laetentur
522 1296 693 1334 omnes,
721 1285 797 1336 qui
821 1289 1002 1337 sperant

168 1339 213 1379 in
228 1343 284 1388 te,
302 1339 326 1364 *
345 1339 391 1379 in
408 1341 624 1381 aeternum
640 1340 938 1382 exsultabunt:
959 1345 1003 1382 et

169 1395 391 1437 habitabis
411 1396 455 1436 in
477 1396 550 1437 eis.

220 1451 277 1492 Et
297 1451 603 1503 gloriabantur
623 1453 667 1493 in
682 1458 727 1494 te
742 1465 907 1503 omnes,
929 1454 1001 1505 qui

171 1507 358 1559 diligunt
385 1521 547 1551 nomen
574 1514 718 1559 tuum,
742 1510 766 1535 *
795 1510 1004 1561 queniam

169 1570 217 1607 tu
236 1564 472 1606 benedices
492 1567 617 1617 justo.

220 1622 421 1672 Demine‚
441 1627 489 1663 ut
509 1628 635 1664 scuto
655 1623 786 1666 bonae
801 1626 1002 1668 volunta-

168 1678 225 1719 tis
244 1683 333 1720 tuae
352 1679 376 1704 *
396 1680 621 1721 coronasti
639 1693 732 1722 nos.

225 1735 323 1775 Ant.
352 1736 571 1778 Defuncto
591 1738 787 1788 Herede‚
807 1740 1004 1791 Angelus

168 1792 347 1833 Demini
365 1794 570 1846 apparuit
588 1794 633 1835 in
651 1796 817 1837 somnis
835 1797 860 1837 J
863 1797 1004 1849 oseph

169 1849 213 1890 in
232 1850 445 1903 AEgyth
466 1851 630 1893 dicens:
656 1852 809 1904 Surge,
831 1858 874 1895 et
894 1853 1004 1895 acci-

169 1921 226 1960 pe
245 1911 431 1960 puerum
451 1914 494 1950 et
507 1915 693 1951 matrem
711 1911 813 1962 ejus,
833 1915 877 1952 et
890 1909 1004 1952 vade
1072 1923 1074 1925 ’

169 1964 213 2004 in
223 1970 386 2006 terram
396 1965 547 2006 Israel:
563 1966 758 2008 deffincti
775 1972 875 2009 sunt
891 1966 1006 2008 enim

172 2021 245 2072 qui
266 2021 523 2073 quaerebant
543 2023 731 2064 animam
750 2024 887 2076 pueri.

228 2076 325 2116 Ant.
355 2079 539 2130 Accepit
557 2079 582 2120 J
584 2080 736 2132 oseph.

459 2142 659 2183 Psalmus
689 2144 725 2182 8.

176 2189 408 2293 Do‘mine
422 2195 639 2237 Deminus
657 2201 818 2246 noster,
833 2198 857 2223 *
874 2210 1005 2250 quam

277 2249 533 2293 admirabile
553 2257 620 2294 est
639 2266 799 2295 nomen
818 2258 942 2296 tuum
960 2254 1005 2295 in

172 2306 374 2347 universa
393 2308 527 2349 terra!

226 2362 441 2411 Quoniam
457 2364 627 2406 elevata
645 2371 711 2407 est
727 2367 1004 2418 magnificen-

173 2418 234 2459 tia
252 2423 337 2465 tua,
357 2421 380 2446 *
400 2432 531 2472 super
552 2421 701 2463 coelos.

225 2474 293 2514 Ex
322 2487 398 2515 ore
426 2476 653 2519 infantium
682 2484 726 2520 et
751 2479 1006 2522 lactentium

173 2530 395 2583 perfecisti
436 2531 611 2574 laudem
647 2540 833 2588 propter
869 2536 1005 2577 inimi-

175 2600 251 2628 cos
279 2592 400 2636 tuos,
428 2588 452 2613 *
478 2593 526 2629 ut
555 2589 756 2633 destruas
784 2592 1007 2634 inimicum

175 2649 218 2685 et
236 2643 435 2685 ulterem.

230 2701 446 2750 Queniam
492 2701 651 2743 videbo
702 2704 841 2746 coelos
889 2710 1007 2754 tuos,

496 178 671 211 Officium
698 178 872 211 votivum
899 176 945 209 dc
971 176 1005 209 S.
1031 175 1181 217 Joseph
1205 175 1360 217 Sponso
1386 173 1426 206 B.
1452 173 1499 206 M.
1522 173 1566 206 V.

1058 269 1195 319 epera
1223 266 1462 317 digitorum
1484 269 1678 310 tuorum:
1698 269 1721 294 *
1744 268 1892 310 lunam

1058 328 1102 365 et
1121 322 1282 373 stellas,
1305 336 1403 375 quae
1422 328 1471 367 tu
1488 323 1693 366 fundasti.
1857 370 1868 379 ,

1110 378 1227 430 Quid
1251 384 1319 421 est
1341 379 1488 430 homo,
1518 380 1638 432 quod
1655 394 1826 423 memor
1845 394 1891 423 es

1059 434 1172 487 ejus?
1195 436 1218 461 *
1238 440 1313 477 aut
1331 436 1447 478 filius
1466 436 1665 487 heminis,
1687 438 1893 490 queniam

1058 492 1211 534 visitas
1232 491 1353 534 eum?

1110 549 1306 591 Minuisti
1342 562 1443 591 eum
1484 550 1618 602 paulo
1655 550 1799 592 minus
1836 551 1892 593 ab

1057 605 1256 657 Angelis,
1289 606 1429 658 gleria
1457 611 1501 647 et
1522 606 1692 648 honere
1712 609 1892 649 corona-

1057 663 1114 704 sti
1142 675 1256 704 eum:
1283 663 1306 688 *
1332 668 1375 704 et
1404 663 1669 705 constituisti
1697 676 1797 706 eum
1825 677 1892 705 su-

1056 732 1137 772 per
1157 721 1294 772 (Spera
1316 721 1526 761 manuum
1543 721 1731 761 tuarum.

1110 775 1268 818 Omnia
1315 776 1540 828 subjecisti
1580 776 1661 818 sub
1704 777 1892 829 pedibus

1057 833 1166 884 ejus,
1199 833 1223 858 *
1257 846 1364 874 oves
1398 838 1442 875 et
1475 833 1615 875 boves
1649 833 1892 884 universas,

1056 891 1236 942 insuper
1255 894 1299 931 et
1317 891 1482 942 pecora
1503 890 1657 942 campi.

1108 946 1327 988 Velucres
1357 946 1472 996 coeli,
1506 951 1549 988 et
1575 947 1721 999 pisces
1748 947 1892 997 maris,

1058 1002 1082 1027 *
1112 1003 1186 1054 qui
1213 1003 1521 1055 perambulant
1549 1003 1726 1046 semitas
1749 1004 1893 1046 maris.

1109 1058 1299 1101 Demine
1317 1060 1535 1102 Deminus
1554 1060 1750 1110 noster‚*
1762 1073 1894 1113 quam

1057 1114 1315 1157 admirabile
1336 1121 1403 1159 est
1421 1129 1582 1158 nomen
1599 1121 1725 1159 tuum
1741 1117 1785 1158 in
1803 1117 1893 1160 uni-

1057 1173 1186 1214 versa
1203 1173 1340 1214 terra!

1113 1239 1215 1281 Ant.
1243 1239 1426 1292 Accepit
1445 1239 1470 1279 J
1473 1238 1615 1291 oseph
1639 1242 1827 1292 puerum
1850 1244 1894 1281 et

1057 1299 1243 1336 matrem
1276 1295 1384 1347 ejus,
1428 1300 1472 1337 et
1502 1295 1621 1337 venit
1653 1295 1698 1336 in
1730 1300 1895 1337 terram

1060 1350 1209 1391 Israel.

1117 1410 1167 1461 V.
1193 1411 1386 1464 Respice
1413 1410 1468 1453 de
1494 1411 1608 1453 coelo
1636 1418 1680 1454 et
1704 1412 1821 1462 vide,
1851 1418 1895 1455 et

1058 1466 1187 1508 visita
1206 1470 1379 1509 vineam
1397 1468 1538 1510 istam.
1578 1470 1630 1521 R.
1647 1469 1707 1511 Et
1729 1469 1894 1522 perfice

1059 1535 1167 1564 eam.

1094 1604 1249 1646 Sermo
1271 1603 1411 1645 sancti
1429 1604 1644 1647 Bernardi
1664 1605 1863 1648 Abbatis.

1218 1670 1391 1705 Homilia
1407 1670 1438 1704 2.
1459 1679 1575 1713 super
1586 1670 1742 1707 Missus.

1370 1731 1524 1771 Lectio
1544 1730 1598 1769 iv,

1094 1814 1159 1849 VN
1174 1804 1434 1854 *esponsata
1460 1806 1528 1843 est
1550 1801 1691 1843 Maria
1714 1802 1739 1843 J
1742 1801 1895 1856 oseph‚

1072 1861 1077 1881 ¹
1094 1850 1164 1912 {2471}
1210 1858 1281 1900 vel
1297 1858 1445 1911 petius
1467 1858 1595 1909 (sicut
1613 1858 1740 1910 ponit
1755 1859 1894 1900 Evan-

1134 1916 1138 1917 ’
1211 1915 1381 1966 gelista)
1401 1915 1513 1964 viro,
1534 1915 1604 1956 cui
1621 1927 1782 1957 nomen
1802 1921 1896 1958 erat

1059 1971 1083 2011 J
1087 1971 1240 2023 oseph:
1267 1971 1411 2015 virum
1436 1971 1648 2021 neminat‚
1677 1984 1766 2013 non
1795 1972 1897 2024 quia

1058 2030 1257 2078 maritus,
1291 2027 1371 2070 sed
1405 2027 1527 2081 quod
1557 2027 1692 2069 homo
1721 2028 1896 2071 virtutis

1060 2089 1170 2126 erat:
1200 2084 1272 2126 vel
1304 2085 1454 2137 petius
1484 2085 1586 2137 quia
1615 2085 1735 2136 juxta
1763 2084 1896 2126 alium

1059 2141 1401 2191 Evangelistam,
1425 2154 1515 2182 non
1538 2141 1605 2182 vir
1628 2140 1896 2194 simpliciter,

1060 2196 1140 2238 sed
1162 2197 1229 2238 vir
1253 2198 1345 2249 ejus
1368 2197 1511 2240 dictus
1536 2202 1618 2246 θεῖ,
1641 2197 1798 2239 merito
1822 2211 1895 2250 ap-

1058 2253 1264 2306 pellatur,
1290 2253 1411 2305 quod
1432 2254 1684 2295 necessario
1704 2255 1896 2306 putatur.

1059 2309 1225 2351 Debuit
1240 2323 1346 2360 ergo
1362 2310 1428 2351 vir
1444 2311 1535 2362 ejus
1551 2309 1776 2363 appellari,
1794 2310 1896 2362 quia

1059 2368 1241 2407 necesse
1256 2366 1336 2408 fuit
1351 2371 1395 2408 et
1407 2366 1568 2419 putari:
1584 2366 1697 2407 sicut
1711 2370 1755 2407 et
1769 2371 1897 2419 pater

1060 2423 1300 2464 Salvateris
1332 2435 1420 2464 non
1453 2422 1633 2474 quidem
1666 2435 1783 2472 esse,
1816 2422 1896 2464 sed

1061 2478 1147 2520 dici
1169 2479 1344 2528 meruit,
1371 2484 1419 2521 ut
1441 2480 1671 2532 putaretur
1695 2491 1808 2529 esse,
1835 2478 1896 2521 di-

1061 2537 1186 2577 cente
1227 2535 1314 2577 hoc
1354 2536 1452 2588 ipso
1492 2535 1794 2586 Evangelista:
1838 2535 1897 2577 Et

1060 2592 1155 2644 ipse
1175 2592 1200 2633 J
1202 2604 1303 2634 esus
1328 2597 1422 2634 erat
1443 2591 1658 2644 incipiens
1679 2592 1804 2644 quasi
1824 2605 1895 2633 an-

1060 2651 1218 2690 nerum
1235 2648 1425 2699 triginta,
1443 2652 1492 2689 ut
1510 2648 1761 2700 putabatur,
1780 2648 1896 2690 filius

1060 2705 1085 2745 J
1088 2703 1239 2757 oseph.
