2040 2944
193 217 237 251 96
794 217 963 251 Subbuto
989 215 1037 249 ad
1064 213 1298 248 Matutinum.
1328 209 1330 212 ’

193 323 304 351 rum:
329 311 352 336 *
375 314 422 350 ut
450 307 639 348 solveret
667 304 781 345 filios
810 304 1011 344 interem-

192 368 383 419 pt6rum:

246 423 303 464 Ut
339 419 592 462 annuntient
627 419 671 459 in
708 418 813 459 Sion
852 429 1012 458 nomen

194 478 384 520 Domini:
406 478 428 503 *
448 481 491 517 et
515 475 691 516 laudem
715 475 804 526 ejus
826 474 869 514 in
893 473 917 513 J
920 476 1012 514 eru-

196 535 341 576 salem.

245 591 294 630 In
306 587 604 631 conveniendo
615 587 806 640 pOpulos
817 587 860 627 in
870 599 1013 635 unum,

194 650 217 674 *
239 652 281 687 et
300 658 425 697 reges
445 650 493 686 ut
511 645 702 685 serviant
722 643 924 684 Domino.

246 701 492 754 Respondit
513 701 552 742 ei
572 701 615 741 in
631 701 700 741 via
716 699 889 740 virtutis
909 711 1014 739 suae:

194 761 217 786 *
230 759 502 800 Paueitatem
518 757 686 798 dierum
701 758 900 798 meorum
910 758 1014 796 nun-

194 816 254 856 tia
273 815 389 855 mihi.

244 871 312 912 Ne
340 873 519 912 revoces
546 883 616 911 me
644 870 687 910 in
717 868 899 910 dimidio
928 867 1014 909 die-

194 942 290 969 rum
307 930 517 968 meOrum:
532 929 555 954 *
570 926 613 966 in
632 925 958 977 generatiOnem
973 929 1016 965 et

195 984 521 1036 generationem
540 983 641 1023 anni
659 982 733 1023 tui.

246 1041 376 1081 Initio
404 1045 452 1081 tu
472 1039 658 1080 Domine
686 1043 848 1079 terram
868 1037 1016 1078 funda-

196 1098 267 1138 sti:
299 1099 322 1124 *
355 1102 397 1138 et
434 1098 568 1148 Opera
607 1097 813 1136 manuum
844 1097 1017 1136 tuarum

196 1159 295 1194 sunt
315 1153 426 1194 coeli.

247 1210 338 1262 Ipsi
360 1209 581 1262 peribunt,
609 1213 658 1249 tu
682 1212 828 1249 autem
850 1209 1016 1260 perma-

196 1279 288 1308 nes:
307 1268 330 1293 *
349 1271 392 1307 et
413 1277 563 1306 omnes
582 1265 695 1306 sicut
711 1265 1019 1306 vestimentum

198 1325 483 1364 veterascent.

248 1379 305 1420 Et
320 1379 432 1420 sicut
447 1379 716 1431 operterium
731 1376 920 1418 mutabis
932 1389 1019 1426 eos,

200 1441 244 1477 et
271 1434 572 1476 mutabuntur:
599 1437 623 1462 *
647 1440 695 1475 tu
727 1439 872 1474 autem
901 1432 1018 1474 idem

199 1492 294 1544 ipse
314 1504 371 1540 es,
391 1496 434 1532 et
454 1493 553 1532 anni
570 1491 633 1532 tui
652 1503 740 1531 non
762 1489 977 1531 deficient.

251 1547 349 1588 Filii
385 1549 612 1588 servorum
644 1549 820 1588 tuarum
854 1545 1019 1586 habita-

199 1603 325 1645 bunt:
344 1605 367 1630 *
389 1609 432 1645 et
459 1616 607 1645 semen
637 1605 787 1644 eorum
814 1604 857 1643 in
886 1605 1020 1643 sz'eeu-

200 1660 290 1701 lum
308 1659 529 1711 dirigetur.

461 1721 655 1762 Psalmus
677 1722 766 1761 102.

205 1772 436 1879 Benedie
465 1773 607 1813 anima
639 1785 736 1814 mea
764 1772 970 1813 D6mino:
998 1774 1022 1799 *

303 1834 346 1870 et
365 1829 527 1879 omnia,
558 1842 656 1881 quae
682 1829 795 1870 intra
820 1841 890 1870 me
911 1834 1022 1878 sunt,

201 1885 365 1926 n6mini
385 1891 537 1926 sancto
556 1887 657 1938 ejus.

255 1941 447 1982 Benedic
476 1942 619 1982 anima
646 1954 743 1982 mea
770 1941 975 1982 Domino:
1000 1944 1023 1967 *

204 2002 247 2039 et
264 1997 355 2038 noli
379 1997 579 2039 oblivisci
602 2010 754 2039 omnes
773 1998 1023 2039 retributio-

203 2066 280 2095 nes
301 2055 402 2106 ejus.

255 2110 338 2160 Qui
358 2110 623 2163 propitiatur
643 2110 846 2152 Omnibus
870 2111 1024 2163 iniqui-

203 2166 368 2208 tatibus
388 2167 490 2208 tuis:
507 2169 530 2194 *
551 2167 625 2219 qui
646 2172 770 2209 sanat
794 2180 945 2209 omnes
965 2168 1023 2207 in-

206 2223 432 2265 firmitates
451 2229 560 2265 tuas.

258 2279 341 2330 Qui
378 2279 552 2322 redimit
590 2280 644 2322 de
676 2281 854 2322 interitu
891 2281 1026 2321 vitam

205 2340 340 2378 tuam:
363 2337 386 2363 *
408 2337 481 2388 qui
510 2339 692 2378 coronat
719 2342 763 2378 te
791 2337 835 2377 in
862 2337 1025 2378 miseri-

207 2391 358 2434 cordia
379 2398 421 2434 et
440 2393 805 2435 miseratiOnibus.

259 2448 342 2499 Qui
370 2449 509 2501 replet
537 2450 579 2490 in
606 2449 732 2491 bonis
761 2449 1028 2491 desiderium

207 2509 344 2546 tuum:
363 2506 386 2531 *
407 2505 688 2547 renovabitur
713 2511 760 2547 ut
787 2506 946 2558 aquilae
970 2507 1027 2558 ju-

208 2562 362 2602 ventus
382 2565 474 2602 tua:

260 2617 442 2659 Faciens
461 2618 784 2660 misericordias
798 2618 1029 2659 Dominus:

208 2676 231 2700 *
247 2678 290 2715 et
304 2673 509 2725 judicium
525 2674 725 2715 amnibus
740 2675 938 2727 injuriam
956 2688 1028 2727 pa-

208 2729 426 2771 tientibus.

1115 301 1257 342 Notas
1278 300 1380 341 fecit
1399 299 1493 340 vias
1513 311 1614 339 suas
1629 297 1783 350 Moysi,
1803 299 1826 325 *
1844 297 1890 338 fi-

1064 358 1133 399 liis
1153 356 1290 398 Israel
1310 356 1559 398 voluntates
1580 367 1693 396 suas.

1116 415 1364 462 Miserator,
1394 418 1436 454 et
1464 411 1715 452 misericors
1743 410 1892 452 Demi—

1066 484 1162 512 nus:
1181 473 1204 497 *
1224 469 1503 520 longanimis,
1532 473 1574 509 et
1602 467 1789 509 multum
1816 467 1892 507 mi-

1066 527 1264 569 sericors.

1116 584 1218 625 Non
1247 584 1290 623 in
1318 583 1581 635 perpetuum
1609 581 1842 622 irascetur:
1869 582 1893 607 *

1066 653 1207 692 neque
1232 641 1277 680 in
1305 641 1519 680 aeternum
1544 636 1894 679 comminabitur.

1117 697 1220 738 Non
1255 694 1498 737 seeundum
1531 696 1715 747 peecata
1743 698 1894 734 nostra

1068 753 1170 795 fecit
1188 752 1332 794 nobis:
1352 754 1375 778 *
1395 764 1536 802 neque
1558 749 1799 791 seeundum
1819 749 1894 790 ini-

1069 810 1259 861 quitates
1278 814 1453 850 nostras
1473 807 1676 849 retribuit
1696 806 1834 847 nobis.

1121 866 1339 915 Quoniam
1359 863 1600 906 seeundum
1621 862 1894 904 altitudinem

1069 922 1170 964 coeli
1190 935 1215 962 a
1238 927 1372 963 terra:
1391 923 1415 948 *
1435 920 1743 962 corroboravit
1770 920 1896 960 mise-

1071 978 1306 1020 rieOrdiam
1323 991 1447 1019 suam
1466 990 1598 1030 super
1617 977 1822 1018 timentes
1839 989 1897 1017 se.

1122 1036 1343 1085 Quantum
1376 1033 1511 1075 distat
1544 1038 1667 1075 ortus
1700 1033 1755 1074 ab
1785 1033 1897 1074 ocei-

1071 1092 1215 1133 dente:
1235 1093 1258 1118 *
1277 1091 1407 1141 longe
1427 1091 1531 1132 fecit
1551 1103 1576 1131 a
1596 1089 1723 1131 nobis
1742 1090 1898 1141 iniqui-

1070 1150 1184 1190 tates
1206 1152 1392 1189 nostras.

1123 1203 1358 1254 Quomodo
1382 1203 1615 1245 miseretur
1641 1207 1767 1255 pater
1791 1202 1900 1243 filio-

1071 1275 1179 1310 rum,
1197 1261 1404 1301 misertus
1426 1265 1493 1301 est
1513 1260 1728 1300 Dominus
1747 1259 1900 1300 timen-

1071 1317 1189 1359 tibus
1210 1330 1271 1358 se:
1291 1318 1314 1344 *
1334 1317 1542 1368 quoniam
1569 1317 1664 1368 ipse
1691 1315 1901 1366 cognovit

1072 1375 1329 1425 figmentum
1348 1378 1558 1414 nostrum.

1124 1430 1402 1472 Recordatus
1431 1435 1497 1471 est
1527 1429 1735 1481 quomam
1757 1428 1901 1481 pulvis

1073 1501 1237 1529 sumus:
1256 1488 1279 1514 *
1298 1486 1450 1536 homo,
1477 1486 1592 1527 sicut
1616 1486 1783 1526 foenum
1808 1484 1902 1526 dies

1074 1546 1180 1597 ejus,
1207 1549 1431 1595 tamquam
1461 1543 1543 1584 flos
1572 1543 1666 1593 agri
1693 1542 1756 1583 sic
1784 1542 1903 1583 efflo-

1074 1601 1198 1642 rebit.

1129 1657 1347 1708 Quoniam
1363 1656 1543 1708 spiritus
1558 1655 1844 1708 pertransibit
1860 1655 1904 1695 in

1074 1715 1162 1765 illo,
1182 1720 1225 1756 et
1245 1726 1333 1754 non
1353 1713 1578 1754 subsistet:
1593 1714 1616 1740 *
1635 1717 1679 1753 et
1698 1725 1787 1753 non
1805 1724 1904 1763 cog-

1075 1774 1231 1813 noscet
1250 1770 1438 1823 amplius
1458 1769 1606 1810 locum
1625 1782 1763 1810 suum.

1127 1826 1432 1869 MiseriCOrdia
1460 1831 1608 1867 autem
1637 1825 1816 1867 Demini
1848 1824 1904 1866 ab

1076 1887 1253 1933 aeternO,
1273 1886 1296 1911 *
1317 1888 1360 1925 et
1380 1896 1519 1935 usque
1540 1883 1583 1923 in
1604 1884 1818 1924 aeternum
1838 1895 1905 1922 su-

1075 1955 1156 1994 per
1174 1942 1378 1983 timentes
1400 1953 1510 1981 eum.

1128 1998 1185 2039 Et
1199 1997 1362 2050 justitia
1378 1996 1494 2037 illius
1511 1996 1555 2036 in
1570 1995 1686 2036 filios
1704 1995 1906 2044 fili6rum,

1077 2057 1100 2082 *
1110 2054 1178 2095 his
1194 2054 1267 2106 qui
1285 2058 1462 2095 servant
1472 2053 1786 2094 testamentum
1801 2052 1907 2104 ejus:

1123 2111 1186 2152 ‘Et
1218 2112 1435 2151 memores
1469 2114 1570 2150 sunt
1597 2107 1906 2150 mandatorum

1078 2169 1226 2220 ipsius,
1245 2169 1269 2195 *
1287 2166 1344 2208 ad
1361 2166 1610 2208 faciendum
1630 2178 1691 2206 ea.

1130 2225 1345 2265 DOminus
1364 2224 1409 2264 in
1429 2223 1543 2264 coelo
1564 2221 1737 2275 paravit
1756 2220 1908 2262 sedem

1079 2294 1216 2322 suam:
1236 2282 1259 2307 *
1278 2286 1322 2322 et
1341 2293 1523 2332 regnum
1545 2280 1683 2332 ipsius
1704 2277 1907 2318 omnibus

1081 2337 1389 2379 dominabitur.

1132 2394 1388 2435 Benedicite
1416 2393 1607 2434 Domino
1642 2404 1794 2433 omnes
1822 2390 1908 2431 An—

1080 2450 1166 2501 geli
1183 2452 1287 2502 ejus:
1302 2452 1325 2477 *
1340 2451 1546 2502 potentes
1561 2449 1734 2497 virtute,
1752 2447 1908 2488 facien-

1081 2513 1148 2548 tes
1178 2506 1359 2548 verbum
1387 2506 1522 2555 illius,
1557 2505 1613 2546 ad
1646 2502 1909 2545 audiendam

1081 2575 1236 2604 vocem
1256 2565 1508 2604 sermonum
1529 2563 1629 2614 ejus.

1134 2619 1389 2660 Benedicite
1401 2618 1592 2659 DOmino
1610 2629 1762 2658 omnes
1778 2616 1909 2656 virtu-

1082 2680 1149 2716 tes
1170 2677 1275 2727 ejus:
1294 2677 1317 2702 *
1337 2675 1523 2716 ministri
1545 2675 1651 2726 ejus,
1672 2674 1746 2724 qui
1766 2673 1909 2714 facitis

1084 2733 1355 2774 voluntatem
1376 2732 1477 2783 ejus
