2040 2944
825 182 1034 215 Commune
1063 182 1270 223 Virgilium.

349 288 408 329 11.
449 287 578 329 Aliae
606 286 865 328 Lectiones

430 361 508 399 pro
535 348 795 398 Virginibus.

253 419 323 452 Pro
345 418 498 461 Virgine
522 424 556 452 ct
576 419 750 462 Martyre,
776 431 818 454 uc
838 430 906 463 pro
925 420 1020 454 Mar-

198 473 278 520 tyrc
299 471 454 521 tantuin,
472 467 572 501 Lect.
594 467 617 500 Ι.
635 467 820 501 Nocturni
844 469 1021 509 leguntur

198 520 309 547 etlam
330 519 367 548 ut
387 519 492 548 inira.

342 587 403 628 De
430 586 544 628 libro
573 586 884 628 Ecclesiastici.

311 656 341 695 l
347 656 459 695 ectio
485 656 504 693 i.
730 658 830 707 (Iup.
852 657 908 694 .’›l.

199 721 533 816 fionfitebor
564 721 663 772 tibi,
695 722 885 764 Domine
912 722 1021 772 Rex,

229 759 306 839 L*
335 784 379 821 et
407 778 669 820 collaudabo
699 783 742 820 te
766 779 911 820 Deum
932 778 1021 820 Sal-

200 812 307 862 &32
332 837 532 877 vatorem
564 848 720 877 meum.
767 835 1021 877 Confitebor

194 892 359 933 nomini
392 897 485 933 tuo:
525 892 732 944 quoniam
772 892 946 945 adjutor
979 897 1021 934 et

193 950 422 1001 protector
450 949 591 990 factus
624 962 670 990 es
697 948 823 999 mihi,
852 954 896 991 et
917 948 1021 991 libe-

193 1005 300 1046 rasti
320 1018 482 1058 corpus
501 1018 647 1047 meum
667 1018 692 1047 a
710 1005 972 1059 perditione,
997 1019 1022 1047 a

193 1061 351 1113 laqueo
378 1062 538 1114 linguae
564 1062 743 1114 iniquae,
772 1067 815 1104 et
844 1075 869 1104 a
893 1062 1021 1104 labiis

194 1119 472 1171 operantium
487 1118 775 1170 mendacium,
797 1124 840 1161 et
857 1119 901 1160 in
921 1132 1020 1161 con-

194 1177 349 1228 spectu
383 1176 619 1217 astantium
659 1175 800 1221 factus
836 1189 882 1218 es
915 1175 1021 1216 mihi

194 1231 378 1284 adjutor.
406 1233 462 1274 Et
480 1231 678 1274 liberasti
694 1245 765 1274 me
780 1232 1022 1275 secundum

194 1288 520 1331 multitudinem
543 1289 859 1331 misericordiae
885 1289 1020 1331 nomi-

193 1345 261 1386 nis
298 1345 363 1387 tui
394 1359 419 1387 a
453 1346 725 1398 rugientibus
757 1347 1020 1399 praeparatis

194 1401 250 1443 ad
267 1415 422 1452 escam,
443 1402 498 1444 de
512 1402 713 1444 manibus
732 1403 1021 1455 quaerentium

193 1459 382 1500 animam
399 1472 557 1511 meam,
587 1464 631 1501 et
651 1459 706 1501 de
725 1460 867 1512 portis
886 1459 1019 1501 tribu-

193 1514 416 1566 lationum,
429 1529 527 1568 quae
542 1515 925 1558 circumdederunt
935 1529 1020 1558 me:

193 1585 219 1613 a
251 1576 458 1625 pressura
486 1573 685 1623 flammae,
714 1586 813 1625 quae
840 1573 1019 1615 circum-

194 1628 317 1671 dedit
341 1642 429 1679 me,
464 1634 508 1671 et
539 1630 584 1670 in
614 1629 760 1671 medio
792 1630 904 1682 ignis
932 1643 1020 1671 non

194 1699 290 1727 sum
314 1688 514 1728 aestuata:
534 1686 589 1728 de
604 1686 835 1728 altitudine
854 1687 1020 1728 ventris

192 1742 329 1792 inferi,
359 1747 402 1784 et
430 1756 454 1784 a
482 1743 630 1795 lingua
655 1743 948 1796 coinquinata,
977 1748 1020 1785 et

193 1811 219 1840 a
246 1799 381 1841 verbo
409 1799 644 1854 mendacii,
675 1813 701 1841 a
727 1813 830 1852 rege
857 1801 1019 1853 iniquo,

194 1860 237 1897 et
256 1869 282 1897 a
305 1856 453 1908 lingua
471 1857 641 1909 injusta.

253 1921 298 1972 Rg.
322 1922 438 1964 Veni
462 1935 625 1975 sponsa
653 1922 836 1974 Christi,
868 1923 1020 1976 accipe

193 1980 412 2030 coronam,
434 1992 565 2031 quam
581 1979 663 2021 tibi
678 1979 893 2021 Dominus
910 1993 1019 2033 prae-

194 2036 367 2088 paravit
393 2036 437 2077 in
463 2038 689 2077 aeternum:
721 2049 803 2089 pro
833 2037 953 2088 cujus
978 2049 1019 2077 a·

193 2094 316 2134 more
336 2093 591 2158 sanguinem
610 2098 735 2134 tuum
749 2093 911 2144 fudisti,
929 2093 950 2114 *
963 2093 1020 2135 Et

194 2161 293 2190 cum
321 2149 503 2210 Angelis
535 2150 579 2190 in
606 2149 860 2203 paradisum
887 2125 1019 2191 i⁷ntro-

194 2205 277 2246 isti.
312 2198 357 2248 ,Υ
377 2206 492 2248 Veni
512 2206 652 2248 electa
670 2219 778 2256 mea,
799 2210 843 2248 et
858 2219 1020 2259 ponam

195 2261 238 2301 in
257 2266 301 2303 te
320 2262 527 2304 thronum
546 2276 707 2313 meum,
735 2262 837 2315 quia
862 2275 1019 2304 concu-

195 2318 305 2369 pivit
328 2319 425 2360 Rex
450 2320 644 2372 speciem
669 2324 800 2361 tuam.
837 2319 895 2362 Et
921 2332 1019 2361 cum

195 2373 384 2425 Angelis.

511 2429 660 2469 Lectio
682 2430 719 2468 ii.

266 2490 445 2533 audabit
471 2505 610 2544 usque
637 2493 693 2535 ad
719 2499 908 2535 mortem
931 2494 1018 2535 ani-

285 2560 355 2588 ma
374 2560 471 2589 mea
485 2549 732 2600 Dominum,
753 2554 796 2591 et
815 2550 905 2591 vita
922 2563 1019 2592 mea
1076 2552 1164 2601 &sp-22²

197 2606 558 2656 appropinquans
582 2611 675 2647 erat
694 2606 739 2647 in
760 2607 927 2648 inferno
948 2606 1019 2648 de·
1082 2614 1083 2617 ’
1104 2602 1148 2662 ζ]

197 2662 356 2701 orsum.
391 2660 783 2704 Circumdederunt
805 2675 875 2704 me
896 2663 1018 2704 undi-
1133 2657 1137 2666 ¹

198 2729 301 2769 que,
342 2722 386 2758 et
425 2729 513 2758 non
553 2723 645 2759 erat
677 2719 752 2770 qui
784 2719 1020 2772 adjuvaret.

1074 283 1336 336 Respiciens
1378 295 1498 325 eram
1537 282 1595 325 ad
1636 283 1902 336 adjutorium

1076 340 1317 391 hominum,
1345 343 1388 381 et
1402 351 1496 381 non
1518 344 1621 381 erat.
1656 339 1902 382 Memorata

1073 410 1170 438 sum
1188 396 1504 438 misericordiae
1523 401 1612 438 tuae
1632 396 1838 446 Domine,
1859 400 1903 437 et

1074 453 1344 506 operationis
1380 458 1486 505 tuae,
1531 465 1631 506 quae
1673 465 1700 494 a
1737 452 1901 495 saeculo

1073 515 1191 552 sunt:
1211 510 1419 563 quoniam
1437 510 1553 551 eruis
1573 509 1840 551 sustinentes
1857 513 1902 551 te

1072 567 1271 619 Domine,
1292 572 1336 609 et
1354 567 1516 609 liberas
1536 579 1613 609 eos
1629 566 1686 609 de
1700 565 1902 608 manibus

1073 624 1279 676 gentium.

1128 693 1177 732 R.
1213 689 1386 731 Diffusa
1418 694 1485 732 est
1519 690 1662 742 gratia
1692 689 1739 730 in
1769 688 1898 730 labiis

1073 746 1177 791 tuis·
1193 750 1213 771 *
1223 747 1467 817 Propterea
1483 746 1709 788 benedixit
1723 750 1769 788 te
1779 746 1901 787 Deus

1073 803 1117 844 in
1137 805 1359 845 aeternum.
1402 799 1447 851 Υ
1468 803 1624 856 Specie
1648 808 1725 845 tua
1745 807 1788 844 et
1806 801 1900 855 pul-

1074 859 1322 902 chritudine
1343 865 1433 911 tua,
1461 860 1656 910 intende,
1684 861 1900 913 prospere

1073 916 1277 969 procede,
1298 921 1341 959 et
1359 929 1502 968 regna.
1529 918 1784 970 Propterea.

1376 995 1527 1035 Lectio
1547 994 1602 1034 iii.

1158 1061 1336 1103 xaltasti
1371 1073 1504 1114 super
1535 1065 1698 1103 terram
1733 1059 1899 1102 habita-

1172 1119 1338 1160 tionem
1369 1131 1530 1168 meam,
1570 1123 1614 1160 et
1643 1129 1727 1171 pro
1758 1121 1900 1158 morte

1075 1175 1293 1217 defluente
1309 1175 1548 1228 deprecata
1563 1188 1669 1216 sum.
1690 1173 1901 1215 Invocavi

1074 1232 1311 1273 Dominum
1330 1232 1508 1273 Patrem
1526 1231 1706 1273 Domini
1723 1231 1828 1282 mei,
1851 1234 1901 1271 ut

1073 1302 1162 1330 non
1182 1289 1458 1342 derelinquat
1476 1302 1548 1331 me
1567 1289 1612 1330 in
1632 1288 1704 1331 die
1722 1287 1900 1330 tribula-

1073 1346 1205 1387 tionis
1230 1359 1358 1398 meae,
1387 1351 1430 1388 et
1458 1346 1502 1387 in
1527 1347 1728 1398 tempore
1750 1356 1900 1398 super-

1072 1402 1230 1444 borum
1268 1402 1361 1444 sine
1398 1402 1629 1455 adjutorio.
1686 1400 1899 1443 Laudabo

1072 1471 1233 1501 nomen
1251 1463 1375 1501 tuum
1395 1458 1586 1509 assidue,
1613 1463 1657 1500 et
1681 1457 1899 1500 collauda-

1072 1515 1131 1557 bo
1159 1515 1268 1557 illud
1294 1516 1338 1556 in
1367 1515 1663 1566 confessione,
1699 1519 1743 1557 et
1771 1526 1899 1556 exau-

1073 1572 1165 1614 dita
1192 1577 1259 1614 est
1287 1573 1430 1614 oratio
1462 1585 1571 1614 mea.
1611 1573 1669 1614 Et
1701 1570 1900 1613 liberasti

1071 1642 1143 1671 me
1165 1628 1220 1671 de
1243 1629 1509 1682 perditione,
1538 1633 1582 1671 et
1607 1627 1807 1682 eripuisti
1829 1639 1900 1668 me

1074 1685 1129 1728 de
1142 1687 1342 1739 tempore
1357 1686 1518 1738 iniquo.
1538 1686 1783 1739 Propterea
1799 1696 1899 1726 con-

1071 1742 1250 1792 fitebor,
1283 1747 1326 1784 et
1352 1742 1528 1784 laudem
1556 1742 1699 1784 dicam
1726 1740 1824 1792 tibi,
1856 1744 1901 1782 et

1072 1799 1330 1841 benedicam
1348 1799 1514 1841 nomini
1532 1798 1720 1841 Domini.

1131 1866 1177 1916 Rg.
1208 1865 1364 1918 Specie
1396 1870 1473 1907 tua
1505 1870 1548 1907 et
1574 1863 1900 1918 pulchritudine

1072 1927 1148 1965 tua
1179 1923 1200 1944 *
1225 1921 1427 1972 Intende,
1454 1924 1669 1975 prospere
1696 1920 1900 1974 procede,

1073 1985 1116 2022 et
1143 1991 1288 2029 regna.
1324 1975 1370 2026 ,Υ’.
1395 1978 1567 2022 Diffusa
1595 1983 1662 2020 est
1689 1978 1830 2029 gratia
1856 1978 1900 2018 in

1072 2036 1199 2078 labiis
1224 2038 1320 2089 tuis,
1346 2039 1583 2090 propterea
1606 2034 1833 2078 benedixit
1854 2038 1900 2076 te

1072 2094 1193 2135 Deus
1212 2094 1256 2135 in
1273 2095 1496 2135 aeternum.
1523 2091 1719 2135 Intende.
1749 2091 1900 2133 Gloria

1072 2151 1202 2191 Patri.
1230 2150 1426 2192 Intende.

1307 2237 1355 2274 In
1377 2236 1426 2274 ΙΙ.
1449 2236 1482 2274 N
1485 2236 1671 2274 octurno.

1078 2312 1142 2351 Ex
1164 2310 1279 2352 libro
1302 2311 1341 2352 S.
1366 2310 1588 2363 Cypriani,
1616 2307 1827 2361 Episcopi
1854 2312 1897 2348 et

1072 2367 1295 2420 Martyris,
1327 2367 1382 2409 de
1414 2366 1643 2419 disciplina
1674 2369 1717 2406 et
1745 2363 1899 2406 habitu

1366 2423 1607 2475 Virginum.

1183 2479 1214 2518 Ι
1219 2479 1332 2519 ectio
1357 2478 1407 2517 iv.

1168 2563 1287 2595 unc
1311 2550 1440 2592 nobis
1464 2549 1520 2591 ad
1539 2550 1731 2601 virgines
1753 2562 1896 2592 sermo

1197 2611 1305 2657 est,
1339 2618 1524 2658 quarum
1554 2619 1640 2658 quo
1670 2606 1897 2648 sublimior

1196 2669 1198 2674 ’
1218 2663 1359 2715 gloria
1378 2667 1455 2712 est,
1474 2663 1612 2715 major
1632 2668 1675 2705 et
1695 2676 1800 2705 cura
1820 2667 1896 2705 est.

1073 2719 1175 2761 Flos
1194 2724 1261 2761 est
1279 2718 1351 2761 ille
1372 2695 1660 2761 ecclesiastici
1678 2719 1896 2772 germinis,

1640 2479 1741 2528 (lap.
1761 2479 1796 2516 2.
