2040 2944
775 182 984 214 Commune
1013 180 1300 222 Apostolorum.

186 286 259 322 aut
276 280 379 333 quid
394 279 645 331 loquamini:
656 279 676 299 *
696 278 883 320 Dabitur
900 279 1013 320 enim

187 337 312 378 vobis
331 338 373 377 in
391 336 462 376 illa
482 335 607 385 hora,
637 335 743 388 quid
764 335 1013 388 loquamini.

188 391 234 441 δ”.
263 393 362 434 Non
391 393 505 434 enim
533 405 612 433 vos
641 392 746 433 estis
776 392 848 444 qui
877 392 1013 443 loqui-

184 450 303 491 mini:
323 449 401 491 sed
416 450 603 502 Spiritus
616 449 759 490 Patris
776 449 919 499 vestri,
941 449 1013 500 qui

185 506 377 558 lequitur
396 506 439 546 in
459 505 595 547 vobis.
627 505 826 546 Dabitur.
862 505 1014 546 Gleria

184 563 313 604 Patri.
349 562 546 604 Dabitur.

414 636 461 673 In
490 634 539 672 ΙΙ.
570 634 791 672 Nocturno.

243 704 272 740 λ
284 709 336 740 nt.
359 698 578 750 Principes
595 698 860 750 populerum
875 698 898 722 *
915 710 1014 738 con-

185 755 353 805 gregati
372 760 474 796 sunt
493 768 592 796 cum
611 755 709 795 Deo
729 753 964 795 Abraham.

458 824 649 863 psalmus
680 825 744 861 4⁶.

282 898 425 926 mnes
458 885 623 926 Gentes
657 885 853 937 plaudite
882 885 1014 925 mani-

327 942 423 983 bus:
451 942 474 967 *
507 941 684 993 jubilate
703 941 800 982 Deo
829 941 872 982 in
906 954 1014 982 voce

328 998 640 1040 exsultatienis.

239 1056 454 1106 Quoniam
468 1055 682 1095 Deminus
700 1053 909 1103 excelsus,
931 1059 1015 1095 ter-

186 1112 337 1154 ribilis:
348 1113 371 1138 *
383 1113 480 1153 Rex
498 1124 681 1162 magnus
697 1123 829 1163 super
842 1123 1015 1152 omnem

186 1174 359 1211 terram.

239 1225 429 1277 Subiecit
443 1225 633 1277 pepulos
649 1224 791 1266 nobis:
804 1225 827 1250 *
840 1229 883 1266 et
903 1224 1015 1265 Gen-

187 1288 254 1324 tes
282 1281 362 1323 sub
391 1281 578 1334 pedibus
606 1282 779 1323 nostris.

242 1338 384 1389 Elegit
403 1337 530 1379 nobis
552 1337 857 1379 haereditatem
878 1351 1017 1379 suam:

188 1396 211 1421 *
239 1395 432 1447 speciem
459 1394 608 1444 Jacob,
637 1408 767 1447 quam
797 1394 958 1435 dilexit.

241 1451 453 1492 Ascendit
468 1451 588 1492 Deus
604 1451 647 1491 in
664 1450 812 1502 jubilo:
829 1451 851 1476 *
870 1455 913 1492 et
929 1450 1016 1491 De-

188 1509 330 1549 minus
357 1508 400 1549 in
428 1520 538 1548 voce
565 1507 694 1549 tubae.

239 1563 419 1606 Psallite
446 1564 543 1605 Deo
576 1569 744 1613 nostro⁷
776 1563 966 1616 psallite:
994 1564 1017 1589 *

189 1620 362 1673 psallite
391 1620 502 1671 Regi
530 1625 694 1669 nostro,
721 1620 907 1672 psallite.

243 1677 457 1728 Quoniam
473 1677 570 1718 Rex
586 1677 725 1717 omnis
740 1682 870 1718 terrae
883 1677 1018 1718 Deus:

190 1735 213 1760 *
242 1733 417 1787 psallite
442 1733 674 1786 sapienter.

244 1790 463 1842 Regnabit
491 1791 612 1831 Deus
641 1803 773 1842 super
794 1790 976 1831 Gentes:
995 1790 1019 1816 *

191 1849 312 1889 Deus
337 1846 462 1889 sedet
485 1859 617 1899 super
646 1846 798 1888 sedem
823 1851 1020 1888 sanctam

193 1917 327 1946 suam.

243 1960 469 2013 Principes
484 1959 752 2013 popularum
766 1960 1021 2010 congregati

193 2022 294 2058 sunt
329 2029 428 2058 cum
460 2017 556 2058 Deo
590 2016 830 2058 Abraham:
863 2017 886 2042 *
917 2018 1020 2069 que-

193 2073 308 2114 niam
329 2073 389 2114 dii
411 2073 547 2114 fortes
572 2078 714 2123 terrae,
739 2073 1021 2115 vehementer

195 2129 353 2172 elevati
380 2135 490 2172 sunt.

195 895 278 977 :xj

252 2195 345 2234 Ant.
378 2196 598 2248 Principes
628 2196 894 2248 populorum
922 2209 1022 2238 con-

194 2252 360 2302 gregati
384 2257 484 2294 sunt
504 2265 603 2293 cum
622 2252 719 2293 Deo
741 2251 978 2294 Abraham.

251 2314 345 2352 Ant.
383 2313 556 2355 Dedisti
587 2313 891 2355 haereditatem
922 2314 946 2339 *
973 2313 1022 2355 ti-

195 2368 412 2410 mentibus
431 2383 590 2411 nomen
609 2374 733 2411 tuum
752 2370 951 2411 Demine.

462 2434 654 2473 l’sulmus
684 2436 754 2473 60.

198 2483 413 2587 Exaudi
432 2491 552 2532 Deus
569 2491 926 2545 deprecationem
944 2505 1025 2534 me-

300 2559 386 2587 am:
414 2549 437 2573 *
464 2547 640 2590 intende
671 2549 857 2590 oratieni
884 2562 1006 2590 meae.

250 2604 289 2643 A
316 2602 475 2644 finibus
507 2609 636 2646 terrae
665 2605 721 2646 ad
747 2611 792 2647 te
824 2605 1024 2647 clamavi:

198 2662 221 2686 ¹⁸¹
256 2659 359 2701 dum
392 2660 639 2702 anxiaretur
673 2675 750 2704 cor
783 2675 945 2711 meum,
981 2662 1023 2703 in

197 2720 322 2770 petra
350 2716 551 2758 exaltasti
579 2731 659 2759 me.

1117 278 1351 320 Deduxisti
1364 290 1445 328 me,
1464 278 1564 330 quia
1578 278 1718 319 factus
1730 291 1777 319 es
1793 290 1894 330 spes

1066 348 1180 376 mea:
1208 336 1231 362 *
1263 334 1394 376 turris
1426 333 1692 376 fortitudinis
1726 347 1752 376 a
1784 334 1895 376 facie

1066 391 1237 432 inimici.

1119 447 1380 489 Inhabitabo
1417 447 1461 488 in
1496 447 1780 489 tabernaculo
1817 453 1894 489 tuo

1068 505 1110 546 in
1127 504 1303 546 saecula:
1323 506 1347 531 *
1364 506 1572 557 pretegar
1590 504 1634 544 in
1650 503 1895 546 velamento

1068 561 1235 603 alarum
1262 563 1446 602 tuarum.

1121 618 1337 668 Qucniam
1365 614 1418 659 'tu
1451 618 1572 659 Deus
1609 629 1734 658 meus
1769 629 1896 658 exau-

1068 674 1170 716 disti
1181 675 1423 716 oratienem
1434 687 1593 716 meam:
1607 676 1630 702 *
1642 673 1802 715 dedisti
1811 673 1896 715 hae-

1068 731 1299 773 reditatem
1315 731 1568 772 timentibus
1588 743 1748 772 nomen
1763 735 1898 772 tuum.

1119 788 1226 830 Dies
1261 801 1393 840 super
1427 787 1520 830 dies
1558 788 1673 839 regis
1707 787 1898 839 adjicies:

1068 846 1091 872 *
1119 858 1256 886 annos
1285 845 1376 896 ejus
1396 858 1535 897 usque
1563 845 1607 885 in
1635 843 1751 886 diem
1771 856 1898 895 gene-

1068 902 1247 943 ratienis
1275 905 1319 942 et
1345 901 1649 951 generatienis.

1119 959 1352 999 Permanet
1390 958 1434 998 in
1470 960 1682 999 aeternum
1717 957 1761 997 in
1799 969 1898 998 con-

1069 1017 1225 1067 spectu
1264 1015 1363 1056 Dei:
1406 1016 1429 1042 *
1470 1013 1814 1056 misericerdiam
1857 1018 1900 1055 et

1069 1072 1298 1113 veritatem
1327 1071 1416 1123 ejus
1447 1071 1543 1124 quis
1571 1069 1785 1123 requiret?

1121 1128 1192 1169 Sic
1219 1127 1437 1180 psalmum
1465 1127 1607 1169 dicam
1632 1127 1797 1168 nemini
1823 1130 1899 1168 tuo

1068 1185 1111 1225 in
1145 1184 1355 1226 saeculum
1391 1184 1556 1226 saeculi:
1583 1186 1607 1211 *
1635 1188 1683 1225 ut
1718 1182 1901 1225 reddam

1070 1246 1172 1283 vota
1199 1254 1297 1283 mea
1325 1241 1380 1283 de
1409 1241 1479 1283 die
1506 1242 1550 1282 in
1579 1240 1706 1282 diem.

1125 1311 1157 1350 Α
1167 1318 1221 1350 nt.
1239 1306 1413 1350 Dedisti
1428 1306 1735 1348 haereditatem
1749 1305 1900 1346 timen-

1069 1363 1187 1406 tibus
1205 1376 1366 1405 nomen
1385 1369 1508 1405 tuum
1526 1363 1726 1404 Demine.

1125 1432 1159 1470 A
1167 1437 1223 1470 nt.
1237 1429 1614 1470 Annuntiaverunt
1625 1428 1648 1454 *
1660 1430 1796 1480 <Spera
1806 1427 1900 1476 Dei,

1071 1490 1114 1527 et
1133 1485 1247 1527 facta
1266 1486 1356 1537 ejus
1376 1485 1694 1527 intellexerunt.

1348 1579 1543 1619 psalmus
1565 1580 1629 1620 63.

1074 1640 1287 1745 Exaudi
1323 1644 1446 1685 Deus
1482 1644 1726 1685 orationem
1758 1655 1902 1684 meam

1169 1713 1267 1741 cum
1297 1699 1524 1752 deprecor:
1552 1700 1575 1726 *
1604 1713 1630 1741 a
1657 1700 1814 1741 timere
1841 1699 1902 1740 in-

1072 1757 1187 1798 imici
1208 1757 1328 1809 eripe
1349 1757 1537 1798 animam
1555 1769 1710 1798 meam.

1124 1813 1362 1855 Protexisti
1388 1826 1459 1855 me
1489 1826 1514 1855 a
1542 1815 1760 1855 conventu
1783 1812 1902 1853 mali-

1073 1870 1312 1921 gnantium:
1331 1870 1354 1896 *
1375 1883 1400 1911 a
1423 1869 1700 1912 multitudine
1720 1871 1902 1922 operan-

1073 1928 1181 1968 tium
1199 1927 1484 1979 iniquitatem.

1128 1984 1238 2034 Quia
1258 1985 1525 2025 exacuerunt
1548 1988 1596 2024 ut
1614 1982 1808 2034 gladium
1826 1981 1902 2023 lin-

1075 2053 1182 2091 guas
1223 2053 1338 2081 suas:
1374 2040 1398 2066 *
1434 2039 1712 2082 intenderunt
1754 2051 1903 2080 arcum

1075 2110 1167 2138 rem
1195 2099 1408 2147 amaram,
1442 2101 1491 2138 ut
1523 2099 1730 2148 sagittent
1760 2095 1804 2136 in
1832 2107 1902 2136 oc-

1076 2154 1203 2195 cultis
1230 2153 1568 2195 immaculatum.

1127 2209 1280 2252 Subito
1307 2209 1575 2261 sagittabunt
1599 2222 1714 2258 eum,
1748 2213 1903 2250 et‘non

1075 2266 1309 2308 timebunt:
1337 2267 1360 2292 *
1389 2266 1671 2308 firmaverunt
1702 2264 1784 2306 sibi
1816 2277 1902 2306 ser-

1075 2325 1250 2365 menem
1269 2335 1469 2375 nequam.

1127 2380 1427 2421 Narraverunt
1445 2383 1494 2420 ut
1509 2377 1831 2420 abscenderent
1845 2377 1903 2419 la-

1078 2449 1229 2489 queos:
1240 2437 1263 2462 *
1275 2435 1490 2477 dixerunt:
1505 2434 1611 2484 Quis
1626 2433 1792 2475 videbit
1803 2432 1903 2475 eos?

1127 2493 1317 2534 Scrutati
1338 2496 1439 2533 sunt
1460 2490 1726 2543 iniquitates:
1746 2491 1769 2515 *
1789 2490 1904 2532 defe-

1077 2551 1229 2591 cerunt
1248 2550 1493 2590 scrutantes
1513 2547 1732 2588 scrutinio.

1128 2604 1325 2647 Accedet
1351 2604 1484 2645 homo
1513 2603 1570 2644 ad
1598 2616 1674 2644 cor
1702 2603 1853 2645 altum:
1881 2603 1904 2629 *

1078 2667 1121 2704 et
1141 2660 1403 2704 exaltabitur
1421 2660 1554 2701 Deus.

1128 2719 1307 2770 Sagittae
1335 2716 1616 2771 parvulerum
1649 2717 1776 2758 factae
1805 2720 1905 2758 sunt
