2040 2944
203 234 266 270 164

201 331 339 382 gloria
359 332 459 382 ejus.
495 323 543 374 V.
563 329 674 370 Tres
694 333 794 369 sunt
814 328 888 380 qui
906 327 1024 370 testi-

201 388 393 428 monium
413 385 519 427 dant
537 385 579 425 in
600 385 731 433 coelo,
750 385 897 433 Pater,
917 384 1025 426 Ver-

111 449 121 458 '
202 442 315 491 bum,
335 448 379 483 et
393 442 580 494 Spiritus
600 447 791 483 sanctus:
812 446 855 482 et
873 440 918 482 hi
936 446 1025 483 tres

200 512 333 540 unum
352 503 462 539 sunt.
494 499 689 539 Sanctus.
723 497 876 538 Gloria
895 497 1025 538 Patri.

198 555 342 596 Plena.

253 613 352 646 Infra
380 614 567 648 Hebdom.
594 615 704 649 Fer-ia
724 616 771 649 iv.
797 620 834 649 et
855 616 1025 650 Sabbato

202 668 288 704 post
315 662 349 695 ii.
377 668 411 696 et
440 663 490 696 iii.
516 663 737 698 Lectionem
764 665 904 698 dicitur
929 665 965 698 ii.
991 670 1027 699 et

200 711 250 743 iii.
280 711 581 754 lx'espimsorium
610 713 806 755 sequentis
831 712 913 746 Fer.
939 714 976 747 ii.

252 759 517 802 lx‘cspsmsoria
562 761 674 800 huius
715 761 930 795 Dominicze
971 762 1025 795 di-

199 813 334 840 cuntur
366 808 400 840 in
432 820 536 851 sequ.
570 809 782 843 Dominicis
819 820 940 853 usquc
976 810 1025 843 ad

197 854 439 890 Dominicam
466 857 490 890 I.
517 857 760 891 Novembris.

349 950 533 986 Feria
571 949 869 987 Secunda.

239 1005 303 1044 De
322 1003 435 1045 libro
455 1003 597 1056 primo
617 1003 984 1045 Machabaeorum.

299 1066 451 1107 Lectio
473 1068 496 1107 i.
721 1068 823 1121 Cap.
841 1070 869 1108 1.
886 1082 919 1109 c.

205 1126 298 1187 *Vaut
324 1123 526 1174 paratum
553 1127 620 1164 est
643 1135 825 1173 regnum
851 1122 893 1162 in
920 1135 1020 1164 con-

205 1180 271 1215 1J
297 1180 452 1231 spectu
476 1178 701 1228 Antiochi,
730 1184 773 1220 et
797 1179 934 1231 coepit
957 1192 1020 1221 re-

193 1238 327 1285 gnare
346 1236 390 1276 in
408 1241 526 1277 terra
544 1235 727 1288 AEgypti
750 1240 798 1276 ut
817 1238 1022 1287 regnaret

193 1304 325 1344 super
358 1291 455 1333 duo·
478 1305 622 1342 regna.
681 1291 737 1333 Et
768 1292 947 1333 intravit
976 1293 1019 1333 in

193 1349 437 1401 AEgthum
455 1349 499 1389 in
517 1348 794 1390 multitudine
812 1349 951 1399 gravi,
976 1350 1020 1390 in

193 1405 409 1453 curribus,
441 1410 484 1446 et
510 1405 768 1458 elephantis,
799 1411 842 1447 et
867 1406 1019 1458 equiti-

191 1461 291 1512 bus,
321 1467 364 1503 et
384 1462 566 1514 copiosa
584 1462 760 1503 navium
779 1463 1019 1505 multitudi-

190 1531 262 1560 ne:
291 1524 334 1560 et
363 1519 589 1560 constituit
616 1519 780 1561 bellum
808 1519 1019 1561 adversus

190 1575 478 1616 Ptolemaeum
498 1588 647 1626 regem
666 1577 866 1629 AEgJ'thi,
886 1582 930 1618 et
949 1579 1018 1618 ve-

190 1632 298 1673 ritus
327 1638 394 1673 est
420 1632 687 1674 Ptolemaeus
720 1645 744 1674 a
771 1633 882 1675 facie
912 1634 1018 1685 ejus,

190 1694 234 1730 et
270 1689 396 1739 fugit,
435 1694 479 1730 et
513 1688 767 1731 ceciderunt
802 1689 1019 1733 vulnerati

188 1745 322 1787 multi.
363 1745 420 1786 Et
453 1745 789 1799 comprehendit
819 1747 1018 1790 civitates

188 1804 376 1843 munitas
399 1802 443 1842 in
466 1807 583 1843 terra
601 1803 801 1856 AEg5⁷pti=
828 1809 871 1845 et
897 1807 1017 1846 acce-

188 1858 254 1910 pit
274 1858 415 1910 spolia
433 1863 563 1899 terrae
583 1859 778 1912 AEgthi.

245 1913 294 1963 Rg.
311 1914 433 1955 Dixit
447 1915 472 1955 J
474 1914 583 1955 udas
600 1915 765 1957 Simoni
784 1916 905 1958 fratri
921 1930 1016 1959 suo:

188 1970 313 2021 Elige
349 1970 430 2012 tibi
466 1971 600 2020 viros,
639 1977 682 2014 et
714 1972 842 2022 vade,
878 1973 1016 2016 libera

187 2027 344 2069 fratres
370 2032 470 2069 tuos
494 2028 538 2068 in
563 2028 806 2070 Galilaeam:
835 2042 916 2081 ego
943 2043 1015 2072 au-

187 2088 293 2133 tem,
322 2089 365 2125 et
392 2084 415 2124 J
420 2084 604 2126 onathas
632 2085 766 2127 frater
793 2091 910 2135 tuuS‚
938 2086 1015 2129 ibi-

187 2153 284 2181 mus
308 2140 351 2181 in
376 2139 657 2182 Galaaditim:
684 2144 706 2168 *
732 2143 853 2184 Sicut
885 2143 1016 2186 fuerit

189 2197 390 2238 voluntas
419 2197 463 2238 in
491 2197 621 2248 coelo,
650 2198 712 2239 sic
739 2199 825 2241 fiat.
858 2193 909 2245 Y.
931 2201 1014 2242 Ac-

189 2253 408 2303 cingimini
436 2253 515 2295 filii
542 2256 763 2307 potentes,
801 2261 844 2298 et
872 2259 1014 2299 estote

187 2310 346 2362 parati:
375 2311 582 2362 quoniam
610 2311 764 2353 melius
793 2319 859 2355 est
885 2313 1014 2355 nobis

188 2366 300 2407 mori
327 2366 370 2406 in
398 2366 533 2416 bello,
564 2381 694 2420 quam
722 2369 871 2411 videre
900 2370 1014 2412 mala

187 2422 329 2472 gentis
342 2428 517 2472 nostrae,
537 2430 580 2466 et
595 2427 856 2467 sanctorum.
882 2427 1013 2469 Sicut.

499 2483 649 2525 Lectio
670 2485 708 2524 ii.

269 2539 287 2576 t
329 2537 545 2578 convertit
587 2538 849 2589 Antiochus,
893 2545 1012 2592 post-

283 2604 413 2643 quam
444 2595 663 2645 percussit
693 2596 937 2648 AEgyptum
968 2597 1011 2637 in

188 2648 426 2689 centesimo
452 2654 495 2690 et
519 2650 855 2702 quadragesimo
880 2653 1011 2694 tertio

187 2716 315 2745 anno:
358 2710 402 2746 et
439 2705 635 2747 ascendit
677 2707 734 2749 ad
770 2707 925 2757 Israel,
968 2714 1012 2749 et

186 2760 384 2802 ascendit
407 2761 726 2814 Jerosolymam
750 2764 794 2804 in
821 2764 1011 2806 multitu—

715 228 815 261 Infra
845 228 1136 262 llebdonmdam
1163 230 1183 263 i.
1209 230 1398 265 Octobris.

1079 327 1179 369 dine
1199 328 1332 379 gravi.
1371 329 1428 370 Et
1450 329 1629 371 intravit
1650 329 1694 370 in
1718 331 1906 372 sanctifi-

1079 384 1296 426 cationem
1315 397 1415 426 cum
1433 385 1653 438 superbia,
1673 391 1717 428 et
1736 387 1908 440 aceepit

1079 441 1215 482 altare
1236 444 1432 491 aureum,
1453 447 1496 483 et
1515 441 1826 485 candelabrum
1843 443 1905 485 lu-

1078 498 1221 547 minis,
1262 503 1306 539 et
1338 498 1542 540 universa
1575 511 1680 540 vasa
1712 500 1820 551 ejus,
1863 505 1907 542 et

1077 566 1275 596 mensam
1308 555 1642 608 propositionis,
1675 560 1720 598 et
1751 555 1906 598 libato-

1078 610 1159 661 ria,
1189 615 1233 652 et
1261 610 1450 664 phialas,
1478 616 1522 653 et
1548 612 1805 654 mortariola
1833 616 1905 654 au-

1078 679 1167 717 rea,
1191 672 1235 709 et
1254 667 1416 717 velum,
1436 674 1480 710 et
1499 670 1701 718 eoronaS,
1720 674 1764 710 et
1783 681 1906 711 orna-

1077 725 1271 765 mentum
1286 727 1467 766 aureum
1483 724 1603 777 quod
1617 725 1659 765 in
1675 725 1785 767 facie
1800 730 1906 767 tem-

1077 780 1139 833 pli
1159 786 1266 823 erat:
1286 786 1330 823 et
1349 782 1605 823 comminuit
1624 782 1780 824 omnia.

1132 837 1181 889 R.
1198 837 1475 880 Ornaverunt
1492 838 1648 879 faciem
1666 839 1820 892 templi
1835 851 1906 881 co-

1077 893 1196 934 ronis
1207 895 1361 943 aureiS,
1377 900 1420 937 et
1435 894 1751 937 dedicaverunt
1768 895 1906 938 altare

1076 949 1284 993 Domino:
1307 951 1329 975 *
1346 952 1404 994 Et
1421 951 1537 994 facta
1561 958 1628 994 est
1646 952 1799 994 laetitia
1818 965 1906 994 ma-

1075 1018 1160 1057 gna
1192 1007 1237 1047 in
1270 1008 1450 1061 populo.
1492 1002 1544 1054 V.
1574 1009 1625 1049 In
1658 1008 1829 1061 hymnis
1861 1013 1906 1050 et

1075 1063 1425 1106 confessionibus
1460 1064 1782 1107 benedicebant
1817 1065 1906 1107 Do-

1075 1120 1249 1161 minum.
1277 1122 1343 1163 Et.

1379 1177 1530 1218 Lectio
1551 1178 1606 1218 iii.

1156 1238 1175 1275 t
1199 1235 1371 1287 accepit
1395 1237 1642 1286 argentum,
1672 1239 1716 1276 et
1740 1247 1906 1287 aurum,

1165 1296 1210 1332 et
1233 1304 1339 1333 vasa
1366 1291 1739 1344 concupiscibilia:
1767 1297 1812 1334 et
1836 1305 1903 1334 ac-

1074 1347 1193 1399 cepit
1211 1348 1444 1390 thesauros
1465 1348 1682 1398 occultos,
1709 1361 1821 1401 quos
1843 1349 1903 1390 in-

1073 1404 1207 1445 venit:
1234 1410 1277 1446 et
1300 1405 1483 1447 sublatis
1508 1404 1710 1447 omnibus
1734 1405 1842 1447 abiit
1859 1406 1903 1446 in

1071 1465 1234 1502 terram
1253 1474 1387 1502 suam.
1423 1462 1480 1503 Et
1504 1461 1608 1503 fecit
1632 1460 1801 1503 caedem
1826 1461 1901 1504 ho-

1072 1518 1254 1567 minum,
1283 1523 1326 1560 et
1351 1518 1526 1560 locutus
1547 1523 1614 1560 est
1633 1519 1678 1559 in
1697 1518 1903 1572 superbia

1072 1587 1242 1626 magna.
1269 1575 1326 1617 Et
1344 1575 1485 1617 faetus
1506 1580 1573 1617 est
1590 1575 1796 1628 planctus
1814 1588 1902 1617 ma-

1071 1643 1182 1682 gnus
1201 1631 1246 1672 in
1264 1632 1418 1682 Israel,
1446 1637 1490 1674 et
1508 1632 1552 1672 in
1572 1632 1691 1674 omni
1710 1632 1811 1675 loco
1832 1634 1902 1674 eo-

1071 1701 1182 1729 rum:
1207 1693 1251 1730 et
1269 1688 1573 1739 ingemuerunt
1591 1689 1832 1741 principeS,
1858 1694 1902 1732 et

1071 1744 1283 1786 seniores:
1301 1745 1509 1796 virgines,
1529 1750 1573 1786 et
1591 1746 1769 1797 juvenes
1786 1746 1901 1787 infir-

1069 1801 1176 1843 mati
1195 1806 1309 1843 sunt:
1329 1806 1373 1843 et
1392 1802 1652 1855 speciositas
1671 1802 1902 1844 mulierum

1069 1857 1298 1900 immutata
1318 1863 1394 1900 est.
1423 1858 1576 1900 Omnis
1589 1861 1771 1900 maritus
1787 1871 1900 1900 sum-

1068 1914 1159 1966 psit
1189 1913 1442 1956 lamentum:
1476 1920 1520 1956 et
1553 1927 1653 1968 quae
1686 1914 1902 1957 sedebant

1068 1971 1112 2010 in
1125 1970 1255 2012 thoro
1272 1971 1470 2021 maritali,
1485 1971 1709 2023 lugebant:
1725 1976 1769 2013 et
1784 1983 1899 2013 com-

1067 2029 1187 2069 mota
1208 2032 1275 2069 est
1292 2033 1410 2070 terra
1433 2041 1567 2081 super
1585 2027 1834 2070 habitantes
1855 2027 1899 2069 in

1069 2096 1137 2133 ea,
1171 2089 1214 2126 et
1244 2085 1450 2126 universa
1482 2084 1640 2126 domus
1666 2083 1806 2126 Jacob
1836 2087 1897 2126 in-

1068 2139 1163 2182 duit
1181 2141 1494 2182 confusionem.

1122 2196 1172 2248 R2.
1205 2197 1257 2238 In
1280 2197 1452 2250 hymnis
1480 2203 1523 2240 et
1547 2197 1897 2241 confessionibus

1066 2252 1387 2295 benedicebant
1436 2255 1690 2296 Dominum:
1739 2257 1763 2282 *
1814 2255 1899 2306 Qui

1066 2322 1225 2361 magna
1243 2310 1347 2352 fecit
1365 2310 1409 2351 in
1428 2311 1579 2361 Israel,
1606 2316 1650 2353 et
1668 2311 1897 2353 victoriam

1067 2365 1189 2408 dedit
1225 2366 1309 2408 illis
1345 2367 1561 2409 Dominus
1605 2370 1896 2420 omnipotens.

1069 2419 1119 2471 Y.
1149 2423 1428 2465 Ornaverunt
1456 2424 1614 2466 faciem
1641 2423 1796 2477 templi
1825 2436 1895 2466 co-

1065 2479 1184 2520 ronis
1217 2480 1379 2530 aureis,
1412 2484 1456 2521 et
1488 2479 1804 2522 dedicaverunt
1836 2480 1894 2522 al-

1065 2538 1159 2578 tare
1192 2536 1394 2578 Domino.
1441 2536 1536 2586 Qui.
1581 2536 1732 2578 Gloria
1763 2537 1894 2579 Patri.

1065 2594 1160 2643 Qui.

1121 2654 1386 2698 Responsoria
1418 2654 1532 2698 hujus
1563 2654 1600 2690 ii.
1632 2655 1755 2690 Feriae
1786 2666 1894 2699 repe-

1068 2706 1198 2736 tuntur
1237 2703 1274 2736 in
1318 2703 1404 2736 aliis
1441 2703 1478 2737 ii.
1514 2703 1637 2738 Feriis
1678 2714 1801 2748 usquc
1843 2703 1893 2738 ad

1068 2750 1218 2784 Domin.
1244 2750 1269 2784 I.
1294 2750 1537 2785 Novembris.
