2040 2944
833 184 1042 218 Commune
1068 183 1280 225 Virginum.

260 283 358 321 Ant.
389 280 499 320 Haec
519 281 586 319 est
605 290 703 329 quae
723 278 909 319 nescivit
927 278 951 303 *
970 282 1034 319 to-

209 350 303 378 rum
322 336 365 376 in
385 334 560 376 delicto:
589 333 768 375 habebit
785 334 974 376 fructum
992 333 1035 374 in

209 391 485 445 respectione
509 390 750 431 animarum
775 393 1034 432 sanctarum.

473 469 669 510 Psalmus
691 470 766 508 121.

272 533 430 573 aetatus
463 543 559 571 sum
589 531 632 571 in
660 530 745 580 his,
789 542 887 582 quae
917 529 1035 571 dicta

294 592 395 629 sunt
419 587 540 628 mihi:
559 587 641 627 *in
662 586 840 628 domum
856 586 1034 628 Domini

206 645 377 686 ibimus.

259 701 433 742 Stantes
463 704 586 742 erant
612 699 750 752 pedes
778 699 930 749 nostri,
949 699 972 725 *
991 699 1034 739 in

207 758 329 800 atriis
349 757 436 799 tuis
455 756 708 798 Jerusalem.

261 814 515 863 Jerusalem,
534 826 633 865 quae
651 813 894 854 aedificatur
911 817 960 854 ut
980 813 1034 853 ci-

208 871 335 912 vitas:
361 871 384 896 *
414 870 534 922 cujus
562 869 843 922 participatio
873 870 963 922 ejus
991 869 1035 909 in

207 927 410 980 idipsum.

260 983 371 1025 Illuc
406 983 520 1024 enim
554 981 847 1024 ascenderunt
881 981 1035 1031 tribus,

207 1039 348 1081 tribus
405 1039 604 1080 Domini:
658 1039 681 1065 *
735 1038 1036 1080 testimonium

207 1096 344 1137 Israel
367 1096 423 1138 ad
449 1095 746 1138 confitendum
764 1095 930 1136 nomini
948 1095 1035 1136 Do-

206 1153 322 1194 mini.

263 1209 375 1259 Quia
403 1209 493 1250 illic
522 1208 731 1250 sederunt
759 1208 887 1250 sedes
912 1208 957 1248 in
978 1209 1036 1260 ju-

210 1266 337 1315 dicio,
353 1266 376 1291 *
391 1266 520 1307 sedes
538 1278 669 1318 super
686 1264 865 1306 domum
879 1264 1036 1306 David.

260 1323 434 1374 Rogate
463 1335 562 1374 quae
591 1321 649 1363 ad
672 1334 827 1374 pacem
848 1326 950 1363 sunt
970 1321 1036 1362 Je-

210 1379 414 1420 rusalem:
429 1379 452 1405 *
471 1384 514 1420 et
533 1377 801 1420 abundantia
821 1377 1036 1430 diligenti-

212 1435 293 1478 bus
311 1440 372 1477 te:

261 1492 360 1533 Fiat
387 1505 475 1544 pax
496 1492 539 1533 in
559 1492 722 1533 virtute
739 1495 830 1532 tua:
849 1491 872 1517 *
894 1495 937 1532 et
964 1491 1035 1532 ab·

209 1548 420 1590 undantia
439 1549 483 1589 in
504 1548 699 1590 turribus
718 1547 817 1589 tuis.

261 1606 452 1658 Propter
470 1605 628 1647 fratres
651 1617 792 1654 meOS,
822 1609 866 1646 et
890 1604 1036 1657 proxi-

210 1675 306 1703 mos
322 1674 457 1712 meos,
470 1662 494 1688 *
508 1661 723 1714 loquebar
737 1673 893 1713 pacem
908 1660 963 1702 de
977 1666 1037 1702 te:

261 1719 449 1771 Propter
471 1718 651 1760 domum
665 1717 845 1759 Domini
859 1717 943 1759 Dei
962 1730 1036 1759 no-

211 1776 301 1826 stri,
321 1776 344 1801 *
363 1775 547 1827 quaesivi
565 1775 683 1816 bona
701 1773 793 1815 tibi.

267 1839 362 1877 Ant.
397 1838 504 1877 Haec
536 1840 603 1878 est
631 1848 730 1888 quae
762 1835 946 1877 nescivit
973 1840 1036 1876 to-

211 1905 306 1933 rum
325 1892 369 1933 in
389 1891 565 1934 delicto:
589 1891 767 1933 habebit
787 1891 974 1933 fructum
993 1891 1037 1932 in

210 1949 486 2001 respectione
510 1949 751 1990 animarum
779 1951 1038 1990 sanctarum.

268 2018 360 2056 ⁴int.
397 2014 502 2056 Veni
530 2014 669 2056 electa
696 2027 808 2064 mea,
836 2014 860 2039 *
889 2019 933 2056 et
960 2027 1037 2067 po-

210 2084 310 2112 nam
328 2072 372 2112 in
390 2076 434 2113 te
453 2071 658 2112 thronum
677 2083 838 2120 meum,
857 2070 1037 2123 alleluja.

478 2140 672 2180 psalmus
696 2141 778 2179 126.

213 2195 358 2300 Nisi
389 2206 606 2247 Dominus
643 2204 928 2247 aedificaverit
963 2205 1037 2247 do-

327 2275 460 2312 mum,
495 2263 519 2288 *
555 2262 598 2303 in
626 2275 785 2303 vanum
816 2261 1037 2304 laborave-

212 2322 311 2359 runt
332 2319 405 2370 qui
426 2318 645 2360 aedificant
667 2331 772 2359 eam.

263 2374 359 2416 Nisi
374 2375 589 2417 Dominus
610 2374 870 2417 custodierit
890 2374 1037 2416 civita-

211 2435 312 2480 tem,
330 2431 353 2456 *
373 2431 532 2473 frustra
560 2431 711 2483 vigilat
740 2432 814 2483 qui
843 2431 1038 2473 custodit

213 2499 319 2528 eam.

263 2543 437 2591 Vanum
481 2549 547 2585 est
583 2544 711 2586 vobis
754 2549 855 2586 ante
894 2544 1037 2585 lucem

214 2603 408 2651 surgere:
427 2600 450 2625 *
468 2601 633 2651 surgite
657 2606 892 2653 postquam
917 2600 1037 2641 sede-

213 2657 328 2709 ritis,
372 2656 443 2708 qui
473 2657 748 2709 manducatis
775 2670 933 2710 panem
963 2656 1036 2697 do-

212 2713 329 2754 loris.

1141 275 1251 317 Cum
1287 275 1459 318 dederit
1500 276 1672 319 dilectis
1714 277 1805 319 suis
1847 289 1914 318 so-

1088 346 1253 373 mnum:
1280 333 1304 358 *
1333 345 1435 375 ecce
1468 332 1704 375 haereditas
1736 333 1914 375 Domini

1089 389 1183 430 filii:
1201 402 1382 440 merces,
1402 390 1571 432 fructus
1590 390 1769 432 ventris.

1140 446 1262 488 Sicut
1287 449 1459 498 sagittae
1485 447 1529 488 in
1549 459 1680 488 manu
1703 446 1914 500 potentis:

1088 502 1112 528 *
1132 502 1192 544 ita
1210 503 1289 544 filii
1309 505 1605 545 excussorum.

1141 559 1305 601 Beatus
1332 560 1398 602 vir
1424 560 1497 612 qui
1522 559 1720 613 implevit
1745 559 1914 602 deside-

1088 616 1201 657 rium
1222 630 1347 658 suum
1368 630 1421 658 ex
1440 617 1565 670 ipsis:
1586 617 1609 643 *
1627 629 1714 658 non
1738 616 1914 658 confun-

1089 672 1217 714 detur
1252 686 1351 714 cum
1378 674 1582 726 loquetur
1610 673 1796 715 inimicis
1824 673 1915 714 suis

1088 730 1131 770 in
1150 734 1290 782 porta.
1306 740 1308 742 ·

1139 805 1234 845 Ant.
1270 803 1378 845 Veni
1398 802 1537 844 electa
1555 815 1669 852 mea,
1690 806 1734 844 et
1753 815 1916 855 ponam

1088 859 1131 900 in
1149 864 1194 902 te
1212 859 1418 902 thronum
1435 872 1591 910 meum,
1612 858 1793 911 alleluja.

1144 938 1241 976 Ant.
1272 936 1362 975 Ista
1385 937 1452 975 est
1475 933 1677 986 speciosa
1695 934 1718 960 *
1738 933 1850 975 inter
1869 932 1916 974 fi-

1088 989 1167 1031 lias
1186 990 1439 1032 Jerusalem.

1353 1072 1550 1113 Psalmus
1570 1072 1655 1111 147.

1089 1134 1275 1239 Lauda
1319 1137 1562 1180 Jerusalem
1605 1138 1857 1180 Dominum:
1892 1138 1917 1165 *

1175 1196 1198 1221 *
1218 1195 1348 1237 lauda
1366 1195 1510 1237 Deum
1527 1199 1651 1237 tuum
1669 1196 1784 1237 Sion.

1143 1253 1360 1303 Quoniam
1384 1252 1648 1294 confortavit
1672 1265 1793 1294 seras
1817 1264 1916 1305 por-

1088 1312 1232 1350 tarum
1267 1311 1456 1350 tuarum:
1491 1309 1516 1334 *
1550 1308 1775 1351 benedixit
1818 1308 1917 1350 filiis

1088 1366 1174 1407 tuis
1193 1366 1236 1406 in
1256 1370 1311 1407 te.

1141 1423 1225 1473 Qui
1252 1422 1400 1475 posuit
1426 1421 1536 1463 fines
1563 1426 1664 1463 tuos
1692 1435 1866 1475 pacem:
1893 1423 1918 1449 *

1090 1483 1133 1521 et
1160 1478 1290 1532 adipe
1318 1478 1523 1520 frumenti
1550 1479 1681 1520 satiat
1707 1483 1762 1520 te.

1141 1535 1224 1586 Qui
1253 1535 1410 1577 emittit
1437 1535 1660 1587 eloquium
1687 1548 1813 1577 suum
1834 1539 1917 1577 ter-

1089 1605 1165 1633 rae:
1193 1592 1216 1618 *
1244 1592 1454 1633 velociter
1482 1592 1616 1633 currit
1643 1604 1788 1634 sermo
1817 1592 1919 1644 ejus,

1141 1649 1225 1699 Qui
1262 1647 1337 1690 dat
1372 1649 1517 1690 nivem
1554 1649 1667 1690 sicut
1701 1648 1861 1690 lanam:
1893 1649 1917 1675 *

1089 1705 1293 1747 nebulam
1321 1705 1433 1746 sicut
1461 1707 1651 1747 cinerem
1679 1705 1858 1759 spargit.

1141 1762 1274 1803 Mittit
1289 1761 1543 1814 crystallum
1559 1775 1682 1804 suam
1694 1762 1806 1804 sicut
1814 1761 1917 1804 buc-

1091 1818 1236 1860 cellas:
1260 1819 1284 1844 *
1312 1823 1413 1860 ante
1440 1818 1597 1860 faciem
1624 1819 1798 1870 frigoris
1827 1819 1917 1871 ejus

1091 1876 1187 1927 quis
1207 1873 1460 1917 sustinebit?

1141 1932 1324 1974 Emittet
1342 1931 1525 1974 verbum
1549 1946 1690 1982 suum,
1719 1937 1763 1974 et
1783 1931 1917 1985 lique-

1090 1987 1220 2030 faciet
1248 2001 1314 2030 ea:
1333 1989 1356 2015 *
1382 1989 1504 2031 flabit
1534 1990 1713 2042 spiritus
1742 1989 1846 2041 ejus»,
1871 1993 1919 2031 >et

1090 2045 1227 2087 fluent
1246 2058 1384 2098 aquae.

1143 2102 1226 2152 Qui
1249 2103 1477 2144 annuntiat
1498 2102 1682 2144 verbum
1706 2115 1831 2153 suum
1849 2103 1874 2144 J
1876 2115 1917 2144 a·

1090 2158 1190 2200 cob:
1200 2159 1224 2185 *
1234 2159 1429 2211 justitias,
1445 2164 1489 2201 et
1502 2158 1660 2211 judicia
1676 2172 1755 2200 sua
1771 2159 1919 2200 Israel.

1141 2215 1242 2256 Non
1265 2215 1368 2257 fecit
1390 2215 1536 2258 taliter
1560 2216 1678 2257 omni
1695 2215 1876 2256 nationi:
1894 2215 1918 2241 *

1091 2276 1134 2313 et
1152 2271 1311 2323 judicia
1331 2285 1409 2314 sua
1427 2285 1515 2314 non
1533 2271 1827 2318 manifestavit
1845 2272 1918 2313 eis.

1150 2343 1244 2382 Ant.
1284 2343 1371 2383 Ista
1406 2347 1473 2383 est
1504 2342 1706 2395 speciosa
1733 2341 1844 2382 inter
1873 2341 1918 2382 fi-

1090 2398 1169 2439 lias
1197 2398 1451 2440 Jerusalem.

1185 2471 1442 2522 Capitulum.
1548 2471 1582 2510 2.
1601 2470 1694 2510 Cor.
1712 2472 1773 2509 10.
1791 2469 1828 2511 d.

1089 2538 1322 2645 Fratres:
1351 2543 1435 2592 Qui
1458 2540 1685 2593 gloriatur,
1710 2541 1753 2582 in
1770 2541 1917 2582 Domi-

1198 2612 1254 2641 no
1291 2599 1509 2650 glorietur.
1554 2598 1655 2639 Non
1693 2598 1807 2639 enim
1845 2598 1918 2650 qui

1091 2658 1283 2708 seipsum
1303 2654 1595 2703 commendat,
1614 2654 1686 2695 ille
1704 2654 1918 2707 probatus

1091 2717 1171 2754 est:
1200 2711 1278 2753 sed
1298 2724 1428 2764 quem
1447 2712 1569 2753 Deus
1587 2710 1875 2752 commendat.
