2040 2944
204 164 296 208 [256]

482 257 550 294 Ad
573 258 758 294 Nonam.

260 313 357 352 Ant.
382 312 473 361 lego
494 309 678 352 dormio.

287 376 547 427 Capitulum.
744 375 874 415 Eccli.
891 376 957 414 24.

206 435 282 539 In
314 436 433 478 omni
459 441 578 478 terra
607 435 726 486 steti,
763 439 808 476 et
840 434 885 474 in
917 433 1036 474 omni

274 493 458 547 papum,
482 497 526 534 et
549 492 593 532 in
617 490 820 533 omnibus
839 489 1036 542 requiem

207 550 406 604 quaesivi,
435 555 478 591 et
505 549 550 590 in
574 547 834 590 haereditate
859 547 1037 589 Domini

205 607 425 649 morabor.

259 665 307 715 Rg.
333 663 393 703 br.
422 663 518 714 Ego
543 663 565 686 *
588 662 763 703 Dilecto
786 672 898 701 meo.
930 660 1037 710 Ego.

207 716 255 767 V.
279 720 336 761 Et
355 719 412 761 ad
434 731 504 760 me
529 718 759 760 conversio
785 718 888 769 ejus.
921 715 1036 757 Dile-

207 782 290 819 cto.
318 776 472 817 Gloria
491 775 622 816 Patri.
651 775 759 826 Ego.

260 833 309 884 V.
330 837 414 888 Qui
432 849 503 878 me
521 835 747 884 invenerit,
766 834 959 875 inveniet
978 833 1038 874 vi-

205 900 307 936 tam.
336 895 387 945 R.
410 894 466 935 Et
484 892 656 934 hauriet
675 891 862 933 salutem
881 903 907 931 a
925 890 1038 931 Dfio.

417 967 479 1007 In
496 966 557 1007 11.
576 963 828 1016 vesperis.

260 1024 396 1058 Omnia
421 1029 461 1058 ut
486 1023 524 1056 in
549 1022 574 1056 Ι.
591 1021 708 1064 Vesp.
737 1022 839 1066 [251]‚
860 1025 1001 1063 praeter

260 1076 309 1122 V.
352 1076 483 1118 Viam
518 1075 828 1116 mandatorum
862 1074 1040 1115 tuorum

208 1133 391 1176 cucurri.
407 1134 456 1173 R.
467 1132 576 1173 Cum
588 1130 783 1173 dilatasti
797 1142 873 1172 cor
883 1141 1039 1170 meum.
1100 1161 1141 1171 ,
1159 1162 1177 1165 ,γ

263 1194 331 1234 Ad
352 1194 524 1243 Magnis.
558 1194 656 1234 Ant.
685 1191 938 1233 Exsultavit
963 1201 1040 1230 cor
1097 1192 1103 1214 '³
1122 1192 1147 1207 ”’
1158 1188 1203 1229 '2:1¹

208 1264 355 1293 meum
381 1251 425 1291 in
452 1250 550 1291 Deo
579 1248 762 1290 salutari
788 1260 905 1289 meo:
938 1245 1041 1298 quia
1100 1256 1146 1288 ’ἐς
1202 1259 1203 1263 ’

209 1309 312 1350 fecit
329 1307 435 1348 mihi
453 1318 613 1358 magna
633 1305 706 1358 qui
724 1309 886 1358 potens
905 1308 982 1345 est.

263 1369 307 1402 Et
332 1368 371 1401 fit
397 1378 593 1401 commem.
619 1367 770 1400 Domin.
797 1376 941 1400 occurr.

327 1445 559 1487 Dominica
577 1444 690 1486 infra
709 1443 925 1485 Octavam

211 1504 303 1545 sive
325 1507 429 1556 post
452 1502 613 1544 festum
631 1501 779 1543 Sancti
798 1498 1041 1551 Augustini.

211 1568 262 1609 B.
291 1567 468 1609 Mariae
495 1567 553 1608 V.
587 1566 648 1607 de
678 1564 1041 1607 Consolatione.

468 1624 623 1668 Duplex
647 1625 780 1667 majus,

429 1688 491 1728 In
507 1687 544 1728 Ι.
564 1686 815 1738 vesperis.

264 1747 352 1780 Ant.
378 1751 414 1780 ct
432 1746 555 1790 Capit.
581 1746 628 1780 dc
646 1745 765 1780 Laud.
790 1743 894 1787 [259]‚
916 1744 978 1778 Ps.
1004 1748 1040 1778 et

212 1795 358 1837 reliqua
388 1795 450 1828 hic
482 1806 557 1829 non
587 1794 747 1838 propria
776 1798 816 1827 ut
848 1793 885 1827 in
913 1792 1039 1827 Festis

212 1842 252 1875 B.
277 1842 409 1876 Maria:
433 1843 476 1876 V.
503 1840 594 1884 [133]

264 1895 473 1946 Hymnus.
503 1896 592 1935 Ave
610 1891 755 1933 maris,
774 1891 878 1944 [135]

265 1949 312 2000 Y.
338 1952 567 2006 Numquid
594 1953 879 1995 obliviscetur
902 1953 1042 2004 Virgo

214 2010 457 2052 ornamenti
482 2008 571 2051 sui?
604 2013 655 2064 R.
678 2009 769 2051 Aut
792 2022 957 2061 sponsa
982 2009 1041 2050 fa-

213 2068 316 2109 sciae
335 2066 574 2120 pectoralis
594 2064 710 2108 suae?

268 2126 337 2168 Ad
367 2127 539 2176 Magnis.
573 2128 673 2169 Ant.
707 2128 869 2168 Sancta
895 2126 1043 2175 Maria,

214 2187 419 2225 succurre
455 2183 644 2234 miseris,
687 2184 786 2236 juva
821 2182 1042 2235 pusillani-

214 2252 318 2289 mes,
338 2240 487 2281 refove
506 2240 686 2290 flebiles,
707 2252 785 2281 ora
803 2251 885 2291 pro
906 2241 1044 2291 popu-

215 2295 274 2344 lo,
302 2296 515 2337 interveni
541 2309 624 2349 pro
653 2296 788 2344 clero,
820 2295 1043 2337 intercede

214 2364 297 2403 pro
322 2350 484 2393 devoto
505 2353 692 2394 femineo
713 2365 831 2401 sexu,
854 2352 1045 2393 sentiant

216 2419 367 2448 omnes
390 2413 513 2449 tuum
538 2410 752 2460 juvamen,
780 2408 1045 2460 quicumque

216 2463 439 2505 celebrant
480 2469 601 2506 tuam
647 2470 843 2507 sanctam
883 2464 1044 2506 festivi-

217 2522 366 2561 tatem.

550 2576 714 2617 Oratio.

217 2627 452 2731 Demine
478 2632 502 2672 J
505 2645 583 2673 esu
600 2633 791 2682 Christe,
818 2637 945 2685 pater
969 2633 1044 2673 mi-

338 2687 678 2731 sericordiarum
702 2694 746 2730 et
763 2690 885 2731 Deus
907 2691 1044 2731 totius

738 163 776 196 B.
803 162 935 195 Mariae
960 161 1003 194 V.
1030 161 1076 194 dc
1103 159 1391 194 Consolatione.

1089 254 1424 296 consolationis:
1457 252 1652 295 concede
1683 252 1920 306 propitius3

1087 316 1136 353 ut
1155 311 1269 353 sicut
1292 310 1467 352 lumbos
1490 310 1718 363 praecincti
1740 309 1919 362 purissi-

1089 381 1206 409 mam
1222 367 1491 409 Genitricem
1505 371 1627 408 tuam
1639 366 1823 407 Mariam
1838 364 1920 407 sub

1089 424 1404 466 consolationis
1430 423 1557 466 titulo
1582 422 1824 474 gaudentes
1848 434 1919 464 ve-

1089 484 1293 522 neramur
1310 481 1355 521 in
1373 481 1512 532 terris,
1531 480 1592 522 ita
1610 479 1793 532 perenni
1811 478 1920 531 ejus-

1090 538 1191 579 dem
1223 537 1448 579 consortio
1475 536 1644 590 perfrui
1675 537 1921 578 mereamur

1088 595 1132 636 in
1160 595 1300 637 coelis:
1328 594 1414 646 Qui
1439 594 1563 636 vivis.

1145 658 1190 692 Et
1215 658 1255 692 fit
1280 667 1476 692 commem.
1501 655 1652 690 Domin.
1677 665 1822 690 occurr.

1257 723 1345 765 Ad
1371 721 1759 766 matutinum.

1144 784 1316 825 Invitat.
1346 784 1496 823 Jesum
1521 793 1603 834 per
1629 780 1814 821 Mariam
1839 791 1921 820 nos

1091 839 1395 881 consolantem
1418 842 1440 866 *
1457 838 1618 880 Venite
1636 836 1882 878 adoremus.

1143 896 1213 936 Ps.
1241 896 1406 945 Venite,
1425 894 1706 937 exsultemus.
1724 894 1762 934 2.

1336 966 1384 1005 In
1403 966 1433 1004 I.
1457 966 1679 1005 Nocturno.

1210 1030 1277 1070 De
1299 1026 1489 1069 Canticis
1509 1025 1799 1068 Canticorum.

1172 1094 1324 1135 Lectio
1345 1094 1368 1134 i.
1689 1092 1793 1144 Gap·
1808 1093 1846 1132 4·

1154 1177 1161 1193 x
1227 1167 1359 1207 quam
1381 1153 1567 1207 pulchra
1589 1165 1638 1194 es
1657 1153 1797 1193 amica
1814 1163 1923 1200 mea,

1097 1225 1100 1239 ι
1152 1239 1153 1242 ,
1166 1222 1170 1240 ζ
1180 1241 1183 1244 ⁴
1650 1208 1659 1239 l
1822 1208 1831 1216 ⁸
1912 1207 1921 1216 ⁰

1097 1243 1100 1256 ·
1145 1238 1203 1293 Ἣ
1227 1207 1925 1318 ἓὲῗιῗηξέἒὲἓῗῖὴζέηεῖῧῗὲηὲἘ

1093 1326 1354 1367 intrinsecus
1380 1325 1498 1366 latet.
1537 1323 1694 1377 Capilli
1721 1322 1786 1364 tui
1813 1321 1926 1363 sicut

1093 1395 1251 1434 greges
1283 1383 1533 1434 caprarum,
1576 1393 1676 1433 quae
1717 1377 1924 1421 ascende-

1093 1444 1195 1480 runt
1214 1438 1269 1480 de
1290 1442 1441 1480 monte
1461 1436 1643 1479 Galaad.
1674 1436 1842 1477 Dentes
1861 1434 1926 1476 tui

1094 1496 1207 1537 sicut
1224 1507 1380 1546 greges
1399 1496 1637 1541 tonsarum,
1657 1505 1757 1545 quae
1777 1503 1925 1533 ascen-

1094 1551 1253 1594 derunt
1273 1551 1328 1593 de
1347 1551 1537 1600 lavacro,
1558 1561 1711 1604 omnes
1729 1547 1926 1600 gemellis

1094 1608 1290 1659 foetibus,
1322 1612 1367 1650 et
1399 1606 1560 1649 sterilis
1593 1618 1681 1647 non
1714 1609 1782 1647 est
1813 1604 1927 1646 inter

1095 1678 1180 1707 eas.
1208 1665 1329 1706 Sicut
1343 1664 1454 1706 vitta
1469 1665 1678 1705 coccinea
1691 1661 1818 1711 labia,
1836 1666 1926 1703 tua:

1094 1727 1138 1764 et
1174 1721 1399 1774 eloquium
1433 1725 1579 1770 tuum,
1613 1718 1753 1762 dulce.
1806 1717 1926 1760 Sicut

1094 1779 1292 1831 fragmen
1309 1777 1415 1819 mali
1427 1777 1587 1830 punici,
1606 1776 1668 1818 ita
1685 1788 1810 1828 genae
1825 1779 1926 1825 tuae,

1095 1835 1263 1887 absque
1289 1847 1354 1885 eo,
1379 1833 1500 1886 quod
1523 1833 1786 1875 intrinsecus
1807 1831 1926 1873 latet.

1094 1892 1215 1934 Sicut
1250 1891 1383 1933 turris
1413 1889 1559 1932 David
1594 1889 1757 1931 collum
1791 1893 1926 1937 tuum,

1096 1962 1195 2001 quae
1220 1948 1439 1990 aedificata
1463 1952 1530 1989 est
1553 1959 1653 1988 cum
1675 1946 1925 1999 propugna-

1095 2005 1220 2047 culis:
1249 2004 1367 2045 mille
1397 2004 1540 2056 clypei
1562 2001 1758 2056 pendent
1782 2014 1838 2043 ex
1863 2013 1925 2051 ea,

1096 2062 1238 2103 omnis
1266 2063 1487 2102 armatura
1513 2060 1702 2102 fortium.

1150 2125 1199 2175 Κ».
1216 2123 1378 2164 Sancta
1396 2126 1440 2163 et
1458 2120 1740 2162 immaculata
1754 2118 1925 2170 virgini-

1096 2184 1175 2229 tas,
1196 2178 1354 2230 quibus
1375 2182 1420 2219 te
1435 2177 1638 2219 laudibus
1658 2175 1837 2217 efferam
1855 2176 1925 2216 ne-

1097 2236 1205 2277 scio:
1228 2238 1250 2261 *
1269 2234 1381 2284 Quia
1398 2247 1529 2286 quem
1545 2233 1645 2275 coeli
1664 2234 1824 2285 capere
1838 2243 1926 2272 non

1095 2288 1927 2389 134³{32410{3⁰..g{3¹³33?.1.{3¹1323¹‡¹⁸{t

1096 2383 1356 2446 benedictus
1367 2404 1534 2445 fructus
1545 2402 1710 2444 ventris
1720 2402 1794 2444 tui.
1805 2376 1926 2451 Qiiia.

1407 2465 1558 2506 Lectio
1578 2464 1618 2504 ii.

1099 2518 1253 2623 Tota
1281 2521 1467 2574 pulchra
1494 2533 1540 2561 es
1567 2521 1708 2561 amica
1734 2531 1850 2568 mea,
1883 2523 1927 2560 et

1200 2577 1372 2618 macula
1395 2589 1486 2617 non
1510 2581 1577 2617 est
1595 2576 1638 2616 in
1658 2581 1718 2617 te:
1736 2575 1851 2617 Veni
1870 2575 1926 2616 de

1096 2633 1265 2675 Libano
1289 2646 1455 2686 sponsa
1473 2645 1582 2682 mea,
1604 2632 1706 2674 veni
1724 2631 1779 2674 de
1798 2630 1925 2672 Liba-

1097 2702 1174 2740 no,
1211 2690 1329 2731 veni:
1365 2688 1649 2731 coronaberis
1686 2688 1742 2730 de
1781 2687 1926 2740 capite
