2040 2944
751 209 960 243 Commune
988 207 1276 250 Apostolorum.

1803 203 1872 248 [11]

163 309 266 350 lum:
297 308 321 334 *
355 306 548 348 custodit
577 305 792 347 Dominus
825 304 991 345 animas

164 366 415 406 sanctorum
441 365 635 412 suorum,
664 362 719 403 de
741 374 873 402 manu
892 373 991 413 pec-

164 421 324 463 catoris
343 420 547 462 liberabit
567 432 654 460 eos.

215 478 313 519 Lux
341 482 439 518 orta
467 481 533 518 est
565 477 696 528 justo,
724 475 747 500 *
784 479 828 516 et
859 474 992 514 rectis

165 534 298 576 corde
326 533 488 574 laetitia.

215 590 445 631 Laetamini
472 589 573 640 justi
599 588 643 628 in
669 587 877 628 Domino:
901 587 924 612 *
950 590 993 627 et

165 647 432 689 confitemini
446 645 670 687 memoriae
686 643 991 685 sanctificatio-

165 705 232 744 nis
253 705 354 756 ejus.

214 763 313 802 Ant.
341 762 439 801 Lux
459 763 555 800 orta
575 762 642 799 est
660 759 787 810 justo,
811 756 992 808 alleluja,

165 817 297 858 rectis
317 815 453 857 corde
472 815 636 863 laetitia,
664 814 845 865 alleluja.

216 876 314 916 Ant.
345 870 664 915 Custodiebant
691 871 714 896 *
742 869 993 911 testimonia

166 930 267 982 ejus,
296 933 338 970 et
357 930 583 981 praeee'pta
605 928 707 979 ejus,
735 926 916 979 alleluja.

436 987 635 1027 Psalmus
655 987 720 1026 98.

257 1042 427 1083 ominus
442 1041 650 1091 regnavit,
661 1041 904 1081 irascantur
917 1041 994 1092 po-

276 1098 382 1151 puli:
401 1098 424 1123 *
445 1098 519 1150 qui
539 1096 663 1138 sedet
682 1110 814 1149 super
835 1096 994 1138 Cheru-

165 1155 265 1205 bim,
293 1156 523 1196 moveatur
543 1158 671 1195 terra.

216 1212 432 1253 Dominus
463 1211 506 1251 in
534 1211 639 1252 Sion
666 1222 865 1260 magnus:
897 1210 920 1235 *
953 1214 996 1250 et

168 1268 366 1310 excelsus
386 1280 518 1320 super
539 1279 690 1308 omnes
709 1266 911 1319 populos.

221 1325 523 1366 Confiteantur
543 1323 707 1364 nomini
725 1328 802 1364 tuo
822 1335 995 1373 magno:

169 1382 375 1434 quoniam
393 1380 603 1429 terribile,
633 1384 676 1421 et
695 1384 895 1420 sanctum
915 1384 995 1420 θεῖε

167 1439 190 1464 *
211 1442 254 1480 θῖ
271 1437 413 1479 honor
433 1437 548 1488 regis
569 1436 775 1488 judicium
795 1435 946 1487 diligit.

219 1495 288 1536 Tu
320 1494 487 1547 parasti
522 1493 803 1535 directiones:
835 1493 858 1518 *
890 1492 996 1544 judi-

169 1552 284 1593 cium
299 1556 342 1592 et
355 1550 562 1603 justitiam
575 1550 620 1590 in
630 1549 767 1591 Jacob
783 1554 832 1590 tu
846 1550 996 1591 fecisti.

219 1607 421 1649 Exaltate
461 1606 699 1647 Dominum
738 1607 881 1647 Deum
922 1619 997 1647 no-

169 1669 317 1713 strum,
329 1668 372 1705 et
385 1663 564 1704 adorate
581 1662 820 1703 scabellum
834 1662 998 1715 pedum

171 1721 274 1773 ejus:
292 1721 316 1746 *
337 1720 544 1772 quoniam
564 1723 765 1760 sanctum
785 1724 861 1760 est.

219 1777 397 1829 Moyses
412 1781 456 1817 et
469 1776 620 1816 Aaron
634 1775 678 1815 in
694 1775 997 1817 sacerdotibus

170 1834 274 1886 ejus:
293 1834 317 1859 *
337 1837 381 1874 et
399 1831 574 1874 Samuel
591 1832 703 1873 inter
723 1844 815 1881 eos,
846 1832 920 1884 qui
938 1834 997 1872 in-

169 1894 330 1931 vocant
348 1901 508 1930 nomen
528 1889 634 1940 ejus:

219 1945 491 1988 Invocabant
527 1945 783 1994 Dominum,
826 1949 870 1986 et
903 1945 998 1997 ipse

170 2002 432 2045 exaudiebat
448 2014 537 2043 eos:
554 2001 577 2026 *
594 2001 637 2041 in
653 2001 856 2042 columna
870 2000 998 2043 nubis

169 2059 431 2112 loquebatur
451 2057 508 2099 ad
530 2070 619 2099 eos.

223 2115 539 2158 Custodiebant
564 2114 815 2155 testimonia
843 2115 949 2166 ejus,
974 2114 998 2140 *

172 2177 215 2214 et
233 2174 506 2226 praeceptum
526 2171 647 2222 quod
667 2170 788 2212 dedit
806 2171 902 2212 illis.

221 2230 409 2271 Domine
424 2229 544 2269 Deus
562 2232 712 2268 noster
730 2232 779 2268 tu
798 2227 998 2269 exaudie-

170 2285 250 2328 bas
274 2299 366 2327 eos:
384 2286 408 2311 *
427 2286 548 2326 Deus
567 2288 615 2325 tu
638 2284 854 2336 propitius
881 2285 999 2326 fuisti

172 2343 244 2392 eis,
263 2347 306 2384 et
324 2342 539 2383 ulciscens
559 2340 604 2380 in
623 2353 775 2382 omnes
795 2341 999 2383 adinven-

171 2399 313 2440 tiones
333 2401 496 2440 eorum.

223 2455 426 2496 Exaltate
467 2455 706 2496 Dominum
741 2454 885 2494 Deum
925 2466 998 2494 no-

175 2516 323 2560 strum,
352 2516 395 2552 et
414 2511 596 2553 adorate
615 2511 658 2551 in
677 2514 826 2551 monte
847 2514 999 2551 sancto

175 2569 280 2619 ejus:
308 2568 331 2593 *
362 2568 568 2619 quoniam
587 2571 765 2608 sanctus
784 2566 999 2607 Dominus

173 2624 295 2665 Deus
314 2627 476 2664 noster.

226 2683 325 2723 Ant.
355 2679 671 2722 Custodiebant
692 2679 941 2721 testimonia
960 2692 999 2720 θ-

173 2736 250 2786 jus,
279 2740 322 2776 et
341 2737 568 2788 praecepta
586 2738 688 2788 ejus,
716 2735 897 2787 alleluja.

1097 297 1145 348 N.
1165 302 1305 343 Nimis
1320 302 1526 343 honorati
1545 305 1646 342 sunt
1666 300 1794 341 amici
1812 300 1876 340 tui

1044 358 1176 399 Deus.
1232 359 1279 409 R.
1318 358 1461 399 Nimis
1498 358 1771 399 confortatus
1809 360 1876 397 θεῖ

1044 415 1316 468 principatus
1337 417 1500 456 eorum.

1102 474 1229 513 Pater
1248 476 1408 513 noster.

1099 530 1341 571 Absolutio.
1373 531 1406 569 Α
1434 528 1629 569 vinculis.

1096 583 1145 634 V.
1175 585 1287 626 Jube
1308 584 1480 626 domne.

1103 644 1259 684 Bened
1290 643 1325 682 F
1330 642 1554 693 vangelica
1573 641 1715 682 lectio.

1042 704 1077 744 L
1085 703 1198 744 ectio
1224 703 1362 744 sancti
1385 701 1612 753 Evangelii
1635 700 1876 743 secundum

1321 759 1591 800 Matthaeum.

1123 819 1273 860 Lectio
1296 815 1795 866 xii.(]1p.19.d.

1094 887 1122 914 n
1146 873 1220 914 illo
1245 875 1460 925 ternpore:
1494 872 1617 913 Dixit
1640 873 1796 913 Petrus
1821 871 1878 912 ad

1116 931 1140 971 J
1143 943 1280 971 esum:
1307 930 1424 970 Ecce
1448 941 1530 970 nos
1554 928 1808 980 reliquimus
1833 930 1876 969 o-

1046 988 1174 1037 mnia,
1194 992 1238 1028 et
1253 986 1392 1028 secuti
1407 998 1556 1026 sumus
1572 990 1630 1026 te:
1651 984 1756 1037 quid
1772 998 1876 1035 ergo

1048 1044 1129 1085 erit
1147 1042 1296 1085 nobis?
1325 1044 1382 1084 Et
1401 1043 1579 1095 reliqua.

1052 1105 1241 1146 Homilia
1270 1105 1310 1146 S
1334 1104 1593 1169 Hieronymi
1616 1102 1878 1155 Presbyteri.

1210 1163 1291 1197 Lib
1308 1163 1337 1196 3.
1356 1164 1395 1196 in
1412 1162 1542 1197 Matth.
1562 1172 1644 1205 cup.
1665 1162 1713 1195 19.

1054 1209 1327 1286 3rand1s
1351 1208 1526 1249 fiducia!
1559 1209 1716 1249 Petrus
1739 1207 1878 1276 pisca-

1205 1271 1276 1307 tor
1305 1270 1415 1314 erat,
1457 1264 1579 1306 dives
1611 1277 1699 1305 non
1726 1264 1879 1313 fuerat,

1142 1318 1174 1342 ³*
1205 1322 1327 1364 cibos
1360 1335 1491 1362 manu
1520 1326 1563 1362 et
1591 1326 1684 1362 arte
1714 1322 1879 1372 quaere-

1048 1339 1138 1420 bat:
1158 1384 1201 1420 et
1218 1384 1365 1420 tamen
1384 1378 1579 1431 loquitur
1595 1377 1880 1419 confidenter:

1048 1436 1323 1488 Reliquimus
1361 1436 1517 1477 omnia.
1562 1436 1619 1476 Et
1655 1435 1756 1487 quia
1792 1447 1881 1475 non

1050 1493 1210 1534 sufficit
1242 1498 1412 1534 tantum
1444 1492 1707 1544 relinquere,
1746 1491 1882 1543 jungit

1051 1550 1171 1602 quod
1195 1550 1439 1602 perfectum
1462 1554 1542 1590 est:
1579 1550 1636 1590 Et
1655 1548 1794 1589 secuti
1814 1561 1880 1588 su-

1050 1620 1146 1647 mus
1161 1611 1215 1648 te.
1230 1607 1432 1647 Fecimus
1450 1605 1570 1658 quod
1584 1605 1760 1657 jussisti:
1777 1604 1882 1656 quid

1049 1664 1179 1715 igitur
1206 1663 1333 1704 nobis
1363 1662 1489 1704 dabis
1517 1661 1711 1715 praemii?
1753 1661 1880 1702 Jesus

1050 1725 1197 1761 autem
1217 1719 1325 1761 dixit
1344 1719 1442 1760 illis:
1470 1719 1613 1760 Amen
1629 1718 1728 1759 dico
1744 1717 1881 1767 vobis,

1052 1776 1170 1828 quod
1198 1789 1279 1817 vos
1310 1776 1384 1828 qui
1412 1775 1551 1817 secuti
1579 1775 1683 1816 estis
1712 1787 1802 1823 me,
1838 1774 1880 1814 in

1050 1833 1396 1883 regeneratione,
1431 1845 1530 1874 cum
1558 1831 1721 1873 sederit
1746 1830 1882 1871 Filius

1051 1889 1238 1930 hominis
1279 1890 1323 1930 in
1360 1889 1465 1931 sede
1500 1888 1740 1940 majestatis
1777 1900 1879 1937 suae,

1051 1945 1260 1987 sedebitis
1289 1950 1332 1987 θῖ
1357 1959 1437 1987 vos
1463 1958 1596 1998 super
1621 1944 1750 1986 sedes
1775 1943 1880 1985 duo-

1052 2002 1204 2052 decim,
1223 2002 1464 2054 judicantes
1486 2001 1720 2043 duodecim
1740 1999 1880 2041 tribus

1049 2058 1198 2099 Israel.
1238 2059 1341 2100 Non
1369 2058 1493 2100 dixit:
1532 2058 1617 2108 Qui
1643 2056 1880 2108 reliquistis

1051 2116 1210 2165 omnia3
1251 2115 1337 2156 hoc
1370 2115 1484 2156 enim
1517 2119 1560 2156 et
1593 2114 1745 2155 Crates
1779 2112 1881 2153 fecit

1051 2171 1357 2224 philosophus,
1386 2176 1429 2213 et
1456 2171 1580 2212 multi
1608 2170 1681 2211 alii
1706 2169 1880 2210 divitias

1051 2230 1427 2281 contempserunt:
1473 2227 1570 2277 sed,
1617 2227 1701 2276 Qui
1742 2225 1881 2267 secuti

1052 2285 1156 2325 estis
1180 2297 1265 2325 me:
1295 2284 1415 2337 quod
1437 2284 1618 2337 proprie
1642 2282 1880 2335 Apostolo-

1051 2354 1147 2382 rum
1168 2346 1244 2390 est,
1270 2346 1402 2393 atque
1422 2340 1703 2382 credentium.

1106 2400 1155 2439 R.
1172 2373 1251 2438 Ist⁷i
1266 2402 1366 2438 sunt
1382 2398 1456 2449 qui
1470 2398 1541 2438 viv
1545 2397 1692 2438 entes‘
1681 2410 1725 2437 1n
1741 2409 1881 2445 carne,

1051 2453 1358 2505 plantaverunt
1393 2453 1636 2495 Ecclesiam
1672 2453 1881 2503 sanguine

1053 2523 1146 2551 suo:
1163 2513 1185 2536 *
1201 2510 1392 2551 Calicem
1410 2510 1588 2551 Domini
1607 2509 1821 2558 biberunt,
1839 2513 1882 2549 et

1053 2567 1179 2607 amici
1197 2567 1281 2607 Dei
1299 2567 1403 2608 facti
1422 2572 1532 2608 sunt.
1568 2561 1614 2612 Xf.
1636 2567 1687 2607 In
1708 2578 1881 2607 omnem

1052 2628 1214 2664 terram
1242 2623 1375 2664 exivit
1403 2636 1536 2665 sonus
1562 2626 1730 2672 eorum,
1768 2626 1810 2663 et
1837 2621 1880 2660 in

1052 2680 1161 2721 fines
1208 2679 1328 2721 orbis
1375 2685 1504 2721 terrae
1542 2680 1677 2722 verba
1718 2680 1879 2719 eorum.

1056 2736 1257 2777 Calicem.
