2040 2944
193 176 263 220 [94]

191 273 308 314 milis
326 286 423 315 esse
441 273 733 316 denuntiatur.
751 275 803 315 In
819 287 905 327 qua
917 274 1018 327 quia

192 329 295 371 mali
323 342 422 371 cum
449 329 596 380 bonis,
631 335 675 372 et
706 330 887 383 reprobi
919 344 1017 372 cum

193 386 344 428 electis
369 385 553 427 admixti
575 391 692 438 sunt,
720 392 840 430 recte
864 388 1017 429 similis

193 442 433 494 virginibus
474 442 764 495 prudentibus
809 450 853 486 et
886 445 1016 487 fatuis

193 511 290 540 esse
307 498 573 551 perhibetur.
601 500 710 542 Sunt
725 514 913 553 namque
928 501 1018 554 ple-

191 558 316 607 rique
336 556 630 606 continentes,
650 557 724 609 qui
744 557 798 599 ab
818 560 1017 610 appetitu

192 624 240 653 se
264 612 472 654 exteriori
494 613 766 664 custodiunt,
795 619 839 656 et
863 627 941 667 spe
960 614 1017 655 ad

192 668 402 710 interiora
420 669 665 722 rapiuntur,
684 684 860 712 carnem
877 673 1017 712 mace-

192 730 306 776 rant,
335 730 379 767 et
406 730 504 767 toto
535 726 755 769 desiderio
784 727 841 770 ad
870 729 1017 780 super-

192 795 294 823 nam
340 784 529 835 patriam
578 783 801 834 anhelant,
855 786 1019 826 aeterna

193 839 376 892 praemia
412 841 640 892 expetunt,
677 853 760 893 pro
792 840 1019 882 laboribus

193 895 283 936 suis
308 898 505 948 recipere
531 896 684 938 laudes
708 897 920 939 humanas
942 910 1018 939 no-

192 952 297 994 lunt.
350 953 409 993 Hi
443 953 647 994 nimirum
677 953 862 1005 gluriam
896 967 1019 996 suam

193 1022 282 1050 non
306 1009 350 1050 in
378 1021 454 1051 ore
477 1009 704 1051 hominum
726 1015 914 1063 ponunt,
940 1011 1020 1053 sed

192 1066 308 1107 intra
337 1066 650 1108 conscientiam
676 1069 926 1119 contegunt.
962 1068 1019 1110 Et

194 1127 295 1164 sunt
313 1122 530 1175 plerique,
550 1124 625 1175 qui
645 1136 806 1177 corpus
824 1137 904 1177 per
924 1124 1019 1166 abs-

194 1179 422 1221 tinentiam
437 1180 646 1231 affligunt,
665 1180 744 1222 sed
760 1180 815 1222 de
829 1181 927 1233 ipsa
942 1194 1021 1223 sua

194 1235 459 1278 abstinentia
490 1236 705 1278 humanos
739 1237 913 1279 favores
949 1239 1020 1279 ex-

193 1297 359 1345 petunt.

246 1352 310 1391 'Fe
326 1350 470 1391 Deum
489 1349 728 1392 laudamus.
746 1351 805 1391 14.

457 1431 536 1473 Ad
562 1431 758 1474 Laudes

398 1497 446 1524 ct
486 1501 583 1534 per
626 1493 817 1526 Horas.

246 1548 343 1587 Ant.
363 1548 390 1586 1.
421 1548 532 1588 Haec
552 1551 619 1588 est
633 1546 772 1599 Virgo
792 1547 978 1600 sapiens,
997 1547 1020 1573 *

195 1607 239 1644 01
257 1616 343 1644 11113
363 1602 418 1645 de
436 1606 619 1644 numero
639 1603 917 1656 prudentum.

246 1661 401 1701 Psalm.
436 1660 651 1701 Dominus
678 1660 888 1712 regnavit.
921 1674 1017 1700 cum

195 1716 343 1767 reliqu.
375 1717 435 1757 15.

245 1774 279 1812 2.
300 1773 409 1815 Haec
426 1778 493 1815 est
501 1773 641 1825 Virgo
657 1773 843 1826 sapiens,
854 1774 878 1800 *
891 1787 1022 1827 quam

194 1829 410 1871 Dominus
430 1830 683 1882 vigilantem
701 1831 879 1876 invenit.

246 1887 281 1926 3.
311 1887 420 1928 Haec
437 1891 504 1928 est
521 1900 618 1939 quae
634 1888 819 1930 nescivit
834 1888 858 1914 *
875 1893 1022 1930 torum

195 1942 239 1982 in
260 1941 437 1984 delicto:
465 1943 646 1985 habebit
670 1944 860 1986 fructum
887 1945 932 1986 in
957 1957 1021 1987 10-

196 1999 424 2051 8ρο0110110
443 2000 684 2042 animarum
701 2003 961 2043 sanctarum.

248 2055 282 2092 4.
315 2056 426 2098 Veni
453 2056 593 2098 electa
617 2070 731 2108 mea,
749 2058 772 2084 *
795 2062 838 2100 et
859 2071 1022 2111 ponam

195 2112 238 2152 in
258 2116 302 2153 te
321 2111 529 2154 thronum
548 2126 703 2164 meum,
723 2114 906 2167 alleluia.

247 2172 284 2209 5.
313 2171 405 2210 Ista
430 2174 496 2211 est
515 2170 717 2223 speciosa
735 2171 759 2197 *
777 2171 891 2213 inter
908 2171 1021 2212 filias

196 2224 448 2267 Jerusalem.

274 2293 532 2343 Capitulum.
660 2295 695 2333 2.
711 2294 807 2334 Cor.
826 2295 887 2334 10.
904 2294 942 2334 d.

275 2355 429 2393 ratres:
466 2353 550 2403 Qui
586 2353 815 2405 gloriatur,
852 2354 896 2395 in
933 2354 1023 2396 Do-

288 2407 406 2449 mino
427 2409 649 2460 glorietur.
685 2410 785 2452 Non
811 2411 926 2453 enim
948 2411 1022 2463 qui

198 2465 391 2516 seipsum
411 2467 699 2518 commendat,
719 2468 794 2509 ille
808 2467 1022 2521 probatus

199 2524 280 2562 est:
300 2520 380 2562 sed
399 2534 529 2573 quem
546 2523 666 2565 Deus
687 2518 986 2566 commendat.⁰

502 2587 710 2637 Hymnus.

321 2656 397 2685 esu
416 2645 579 2685 0010113
597 2645 839 2698 Virginum,

337 2700 477 2750 Quem
496 2706 635 2743 mater
654 2702 729 2744 illa
746 2704 950 2757 concipit,

817 181 1026 214 Commune
1052 180 1262 223 virginum.

1174 274 1283 324 Quae
1302 273 1397 315 sola
1414 273 1555 325 Virgo
1574 274 1780 327 parturit:

1173 331 1284 372 Haec
1302 334 1406 372 vota
1425 329 1616 373 clemens
1636 331 1798 384 accipe.

1124 401 1210 453 Qui
1228 399 1378 452 pergis
1397 400 1511 442 inter
1529 399 1630 450 lilia,

1173 457 1333 510 Septus
1353 456 1527 498 choreis
1546 456 1787 508 Virginum,

1173 514 1371 567 Sponsus
1392 513 1580 555 decorus
1599 513 1750 564 gluria,

1173 571 1445 623 Sponsisque
1463 569 1655 612 reddens
1673 571 1866 622 praemia.

1123 639 1413 689 Quocumque
1431 634 1588 684 10111118,
1607 635 1813 686 Virgines

1173 693 1436 744 Sequuntur,
1457 696 1590 744 atque
1607 690 1811 733 laudibus

1173 749 1283 790 Post
1302 754 1346 790 te
1366 750 1574 790 canentes
1594 748 1816 798 cursitant,

1172 806 1462 858 Hymnosque
1483 804 1635 846 dulces
1649 806 1898 857 personant.

1124 876 1188 917 Te
1207 874 1497 928 deprecamur
1516 874 1751 927 supplices,

1171 931 1349 973 Nostris
1367 936 1416 972 ut
1435 930 1574 972 addas
1595 930 1807 982 sensibus,

1174 989 1357 1030 Nescire
1375 1000 1557 1041 prorsus
1577 987 1724 1029 omnia

1175 1044 1482 1098 corruptionis
1499 1044 1692 1086 vulnera.

1130 1115 1288 1165 Virtus,
1307 1114 1462 1165 honor,
1479 1113 1587 1163 laus,
1604 1113 1746 1165 gloria

1175 1173 1272 1214 Deo
1292 1171 1414 1213 Patri
1434 1183 1534 1212 cum
1550 1170 1676 1221 Filio,

1176 1229 1338 1270 Sancto
1357 1227 1487 1269 simul
1504 1227 1737 1278 Paraclito,

1144 1302 1149 1305 ⁴
1175 1286 1227 1327 In
1248 1285 1511 1383 saecxlgrum
1530 1284 1701 1326 saecula.

1421 1354 1485 1383 en.

1126 1409 1175 1457 ΥΤ.
1211 1407 1384 1449 Diffusa
1415 1411 1483 1449 est
1518 1407 1660 1459 gratia
1692 1407 1738 1448 in
1768 1407 1898 1449 labiis

1072 1465 1171 1507 tuis.
1229 1468 1277 1518 Rg.
1312 1465 1558 1517 Propterea
1593 1463 1820 1506 benedixit
1855 1469 1900 1506 te

1072 1522 1193 1564 Deus
1218 1521 1263 1562 in
1288 1523 1512 1564 aeternum.

1128 1592 1194 1633 Ad
1224 1592 1380 1633 Bened.
1423 1592 1522 1632 Ant.
1564 1589 1712 1632 Simile
1740 1593 1808 1631 est
1834 1601 1899 1632 re-

1072 1661 1206 1700 gnum
1230 1647 1445 1690 coelorum
1466 1647 1490 1673 *
1513 1646 1680 1688 homini
1705 1646 1899 1697 negotia-

1072 1705 1161 1747 tori
1198 1704 1412 1758 quaerenti
1446 1703 1588 1746 bonas
1623 1705 1900 1755 margaritas:

1073 1763 1250 1804 inventa
1266 1775 1352 1803 una
1369 1761 1580 1814 pretiosa,
1605 1759 1728 1802 dedit
1754 1759 1900 1801 emnia

1074 1832 1167 1869 sua,
1193 1823 1237 1861 et
1256 1818 1531 1871 comparavit
1551 1830 1658 1859 eam.

1406 1889 1570 1931 Oratio.

1160 1962 1252 2000 eus,
1281 1949 1356 2002 qui
1379 1949 1494 1991 inter
1517 1949 1664 1990 cetera
1686 1947 1899 2001 potentiae

1180 2011 1268 2048 tuae
1303 2005 1514 2047 miracula
1551 2004 1684 2047 etiam
1715 2004 1759 2045 in
1792 2016 1901 2046 sexu

1073 2063 1216 2116 fragili
1240 2063 1471 2105 victoriam
1494 2061 1692 2114 martyrii
1719 2060 1900 2103 contuli-

1073 2121 1144 2162 sti:
1172 2119 1367 2162 concede
1390 2118 1624 2172 propitius3
1655 2122 1705 2160 ut
1731 2117 1806 2170 qui
1827 2117 1900 2159 be-

1074 2180 1158 2219 atae
1190 2177 1239 2217 N.
1263 2176 1458 2228 Virginis
1493 2180 1536 2218 et
1571 2174 1778 2227 Martyris
1810 2178 1899 2215 tuae

1073 2233 1271 2275 natalitia
1298 2233 1501 2282 colimus,
1537 2244 1618 2285 per
1650 2232 1741 2284 ejus
1770 2229 1826 2272 ad
1854 2235 1899 2272 te

1074 2290 1275 2343 exempla
1293 2289 1556 2342 gradiamur.
1591 2288 1676 2330 Per
1695 2287 1821 2328 Dfim.

1350 2360 1448 2401 Alia
1470 2358 1634 2400 Oratio.

1121 2420 1421 2472 ndulgentiam
1456 2417 1602 2467 nobis,
1649 2419 1899 2470 quaesumus

1138 2477 1339 2527 Demine,
1357 2476 1490 2518 beata
1506 2476 1555 2517 N.
1568 2474 1708 2525 Virgo
1730 2478 1773 2515 et
1788 2473 1899 2515 Mar-

1074 2540 1144 2587 tyr
1163 2534 1384 2587 imploret:
1412 2545 1511 2584 quae
1537 2531 1618 2574 tibi
1641 2535 1767 2582 grata
1791 2543 1899 2572 sem-

1074 2605 1154 2644 per
1173 2590 1341 2632 exstitit
1361 2594 1405 2631 et
1422 2589 1580 2631 merito
1602 2587 1832 2637 castitatis,
1856 2591 1900 2628 et

1074 2653 1163 2690 tuae
1188 2646 1464 2701 professione
1488 2646 1673 2688 virtutis.
1709 2645 1794 2686 Per
1812 2644 1900 2685 Do-

1075 2705 1239 2746 minum
1258 2707 1469 2745 nostrum.
