<?xml version="1.0" encoding="UTF-8"?>
<!DOCTYPE html PUBLIC "-//W3C//DTD XHTML 1.0 Transitional//EN"
    "http://www.w3.org/TR/xhtml1/DTD/xhtml1-transitional.dtd">
<html xmlns="http://www.w3.org/1999/xhtml" xml:lang="en" lang="en">
 <head>
  <title>
</title>
<meta http-equiv="Content-Type" content="text/html;charset=utf-8" />
  <meta name='ocr-system' content='tesseract 3.04.00' />
  <meta name='ocr-capabilities' content='ocr_page ocr_carea ocr_par ocr_line ocrx_word'/>
</head>
<body>
  <div class='ocr_page' id='page_1' title='image "./p4breviariumroma00cathuoft_0280.png"; bbox 0 0 2040 2944; ppageno 0'>
   <div class='ocr_carea' id='block_1_1' title="bbox 111 107 1942 2772">
    <p class='ocr_par' dir='ltr' id='par_1_1' title="bbox 111 107 1942 2772">
     <span class='ocr_line' id='line_1_1' title="bbox 119 107 1942 236; baseline 0 -3"><span class='ocrx_word' id='word_1_1' title='bbox 119 107 1934 151; x_wconf 95' lang='lat' dir='ltr'>  </span> <span class='ocrx_word' id='word_1_2' title='bbox 1587 144 1942 236; x_wconf 95' lang='lat' dir='ltr'>   </span> 
     </span>
     <span class='ocr_line' id='line_1_2' title="bbox 1919 236 1942 406; baseline 0 -4"><span class='ocrx_word' id='word_1_3' title='bbox 1919 236 1942 406; x_wconf 95' lang='lat' dir='ltr'>   </span> 
     </span>
     <span class='ocr_line' id='line_1_3' title="bbox 1919 406 1942 627; baseline 0 -60"><span class='ocrx_word' id='word_1_4' title='bbox 1919 406 1942 627; x_wconf 95' lang='lat' dir='ltr'>    </span> 
     </span>
     <span class='ocr_line' id='line_1_4' title="bbox 1919 634 1942 803; baseline 0 -3"><span class='ocrx_word' id='word_1_5' title='bbox 1919 634 1942 803; x_wconf 95' lang='lat' dir='ltr'>   </span> 
     </span>
     <span class='ocr_line' id='line_1_5' title="bbox 1919 803 1942 1076; baseline 0 -110"><span class='ocrx_word' id='word_1_6' title='bbox 1919 803 1942 1076; x_wconf 95' lang='lat' dir='ltr'>     </span> 
     </span>
     <span class='ocr_line' id='line_1_6' title="bbox 111 1076 1942 1266; baseline 0 -56"><span class='ocrx_word' id='word_1_7' title='bbox 111 1159 126 1266; x_wconf 95' lang='lat' dir='ltr'>   </span> <span class='ocrx_word' id='word_1_8' title='bbox 1919 1076 1942 1266; x_wconf 95' lang='lat' dir='ltr'>    </span> 
     </span>
     <span class='ocr_line' id='line_1_7' title="bbox 111 1266 1942 1479; baseline 0 -42"><span class='ocrx_word' id='word_1_9' title='bbox 111 1266 126 1479; x_wconf 95' lang='lat' dir='ltr'>    </span> <span class='ocrx_word' id='word_1_10' title='bbox 1919 1266 1942 1479; x_wconf 95' lang='lat' dir='ltr'>    </span> 
     </span>
     <span class='ocr_line' id='line_1_8' title="bbox 111 1479 1942 1778; baseline 0 -165"><span class='ocrx_word' id='word_1_11' title='bbox 111 1479 127 1778; x_wconf 95' lang='lat' dir='ltr'>     </span> <span class='ocrx_word' id='word_1_12' title='bbox 1919 1479 1942 1778; x_wconf 95' lang='lat' dir='ltr'>     </span> 
     </span>
     <span class='ocr_line' id='line_1_9' title="bbox 112 1803 1942 2090; baseline 0 -151"><span class='ocrx_word' id='word_1_13' title='bbox 112 1803 129 2090; x_wconf 95' lang='lat' dir='ltr'>    </span> <span class='ocrx_word' id='word_1_14' title='bbox 1919 1803 1942 2090; x_wconf 95' lang='lat' dir='ltr'>    </span> 
     </span>
     <span class='ocr_line' id='line_1_10' title="bbox 114 2090 1942 2292; baseline 0 -45"><span class='ocrx_word' id='word_1_15' title='bbox 114 2090 130 2292; x_wconf 95' lang='lat' dir='ltr'>     </span> <span class='ocrx_word' id='word_1_16' title='bbox 1919 2090 1942 2292; x_wconf 95' lang='lat' dir='ltr'>     </span> 
     </span>
     <span class='ocr_line' id='line_1_11' title="bbox 115 2292 1942 2355; baseline 0 -38"><span class='ocrx_word' id='word_1_17' title='bbox 115 2292 130 2317; x_wconf 95' lang='lat' dir='ltr'> </span> <span class='ocrx_word' id='word_1_18' title='bbox 1919 2292 1942 2355; x_wconf 95' lang='lat' dir='ltr'>  </span> 
     </span>
     <span class='ocr_line' id='line_1_12' title="bbox 115 2317 1942 2602; baseline 0 -101"><span class='ocrx_word' id='word_1_19' title='bbox 115 2317 131 2602; x_wconf 95' lang='lat' dir='ltr'>        </span> <span class='ocrx_word' id='word_1_20' title='bbox 1919 2355 1942 2602; x_wconf 95' lang='lat' dir='ltr'>       </span> 
     </span>
     <span class='ocr_line' id='line_1_13' title="bbox 116 2602 1942 2772; baseline 0 -107"><span class='ocrx_word' id='word_1_21' title='bbox 116 2602 170 2772; x_wconf 95' lang='lat' dir='ltr'>    </span> <span class='ocrx_word' id='word_1_22' title='bbox 1919 2602 1942 2674; x_wconf 95' lang='lat' dir='ltr'>   </span> 
     </span>
    </p>
   </div>
   <div class='ocr_carea' id='block_1_2' title="bbox 466 171 731 211">
    <p class='ocr_par' dir='ltr' id='par_1_2' title="bbox 466 171 731 211">
     <span class='ocr_line' id='line_1_14' title="bbox 466 171 731 211; baseline -0.004 -7"><span class='ocrx_word' id='word_1_23' title='bbox 466 172 532 205; x_wconf 75' lang='lat' dir='ltr'>Dic</span> <span class='ocrx_word' id='word_1_24' title='bbox 557 173 609 203; x_wconf 58' lang='grc' dir='ltr'>ΞΕ).</span> <span class='ocrx_word' id='word_1_25' title='bbox 636 171 731 211; x_wconf 57' lang='lat' dir='ltr'>Aug.</span> 
     </span>
    </p>
   </div>
   <div class='ocr_carea' id='block_1_3' title="bbox 194 224 1878 295">
    <p class='ocr_par' dir='ltr' id='par_1_3' title="bbox 194 224 1878 295">
     <span class='ocr_line' id='line_1_15' title="bbox 194 224 1878 295; baseline 0.001 -59"><span class='ocrx_word' id='word_1_26' title='bbox 194 224 1878 295; x_wconf 95' lang='lat' dir='ltr'>   </span> 
     </span>
    </p>
   </div>
   <div class='ocr_carea' id='block_1_4' title="bbox 163 263 993 1051">
    <p class='ocr_par' dir='ltr' id='par_1_4' title="bbox 163 263 993 1051">
     <span class='ocr_line' id='line_1_16' title="bbox 166 263 991 318; baseline -0.007 -8"><span class='ocrx_word' id='word_1_27' title='bbox 166 269 232 318; x_wconf 89' lang='lat' dir='ltr'>sit,</span> <span class='ocrx_word' id='word_1_28' title='bbox 255 274 303 310; x_wconf 93' lang='lat' dir='ltr'>ut</span> <span class='ocrx_word' id='word_1_29' title='bbox 320 268 432 309; x_wconf 90' lang='lat' dir='ltr'>inter</span> <span class='ocrx_word' id='word_1_30' title='bbox 455 265 617 317; x_wconf 84' lang='lat' dir='ltr'>digitos</span> <span class='ocrx_word' id='word_1_31' title='bbox 635 270 736 306; x_wconf 89' lang='lat' dir='ltr'>tuos</span> <span class='ocrx_word' id='word_1_32' title='bbox 755 264 837 306; x_wconf 91' lang='lat' dir='ltr'>rivi</span> <span class='ocrx_word' id='word_1_33' title='bbox 857 263 991 305; x_wconf 92' lang='lat' dir='ltr'>deflu-</span> 
     </span>
     <span class='ocr_line' id='line_1_17' title="bbox 167 321 992 373; baseline -0.007 -6"><span class='ocrx_word' id='word_1_34' title='bbox 167 330 241 367; x_wconf 87' lang='lat' dir='ltr'>ant</span> <span class='ocrx_word' id='word_1_35' title='bbox 260 324 372 366; x_wconf 90' lang='lat' dir='ltr'>sacri</span> <span class='ocrx_word' id='word_1_36' title='bbox 391 322 569 364; x_wconf 91' lang='lat' dir='ltr'>cruoris.</span> <span class='ocrx_word' id='word_1_37' title='bbox 601 322 658 363; x_wconf 91' lang='lat' dir='ltr'>Et</span> <span class='ocrx_word' id='word_1_38' title='bbox 678 321 885 373; x_wconf 90' lang='lat' dir='ltr'>quoniam</span> <span class='ocrx_word' id='word_1_39' title='bbox 904 333 992 362; x_wconf 93' lang='lat' dir='ltr'>non</span> 
     </span>
     <span class='ocr_line' id='line_1_18' title="bbox 167 377 991 430; baseline -0.007 -7"><span class='ocrx_word' id='word_1_40' title='bbox 167 379 406 424; x_wconf 88' lang='lat' dir='ltr'>exsaturari</span> <span class='ocrx_word' id='word_1_41' title='bbox 439 377 581 430; x_wconf 90' lang='lat' dir='ltr'>epulis</span> <span class='ocrx_word' id='word_1_42' title='bbox 616 378 770 427; x_wconf 91' lang='lat' dir='ltr'>fames,</span> <span class='ocrx_word' id='word_1_43' title='bbox 805 390 894 418; x_wconf 94' lang='lat' dir='ltr'>non</span> <span class='ocrx_word' id='word_1_44' title='bbox 928 389 991 418; x_wconf 90' lang='lat' dir='ltr'>re-</span> 
     </span>
     <span class='ocr_line' id='line_1_19' title="bbox 166 433 992 488; baseline -0.005 -10"><span class='ocrx_word' id='word_1_45' title='bbox 166 436 325 487; x_wconf 87' lang='lat' dir='ltr'>stingui</span> <span class='ocrx_word' id='word_1_46' title='bbox 341 434 511 488; x_wconf 91' lang='lat' dir='ltr'>poculis</span> <span class='ocrx_word' id='word_1_47' title='bbox 525 435 669 487; x_wconf 91' lang='lat' dir='ltr'>potuit</span> <span class='ocrx_word' id='word_1_48' title='bbox 687 433 894 476; x_wconf 76' lang='lat' dir='ltr'>inauditae</span> <span class='ocrx_word' id='word_1_49' title='bbox 914 446 992 475; x_wconf 82' lang='lat' dir='ltr'>sae-</span> 
     </span>
     <span class='ocr_line' id='line_1_20' title="bbox 166 491 992 542; baseline -0.005 -7"><span class='ocrx_word' id='word_1_50' title='bbox 166 494 281 535; x_wconf 85' lang='lat' dir='ltr'>vitiae</span> <span class='ocrx_word' id='word_1_51' title='bbox 307 492 416 534; x_wconf 88' lang='lat' dir='ltr'>sitis:</span> <span class='ocrx_word' id='word_1_52' title='bbox 443 491 545 533; x_wconf 84' lang='lat' dir='ltr'>bibe</span> <span class='ocrx_word' id='word_1_53' title='bbox 573 491 828 542; x_wconf 87' lang='lat' dir='ltr'>sanguinem</span> <span class='ocrx_word' id='word_1_54' title='bbox 852 496 992 533; x_wconf 90' lang='lat' dir='ltr'>scatu-</span> 
     </span>
     <span class='ocr_line' id='line_1_21' title="bbox 165 547 991 592; baseline -0.005 -1"><span class='ocrx_word' id='word_1_55' title='bbox 165 549 374 592; x_wconf 90' lang='lat' dir='ltr'>rientibus</span> <span class='ocrx_word' id='word_1_56' title='bbox 407 547 550 590; x_wconf 88' lang='lat' dir='ltr'>adhuc</span> <span class='ocrx_word' id='word_1_57' title='bbox 578 548 701 589; x_wconf 91' lang='lat' dir='ltr'>venis</span> <span class='ocrx_word' id='word_1_58' title='bbox 730 547 897 589; x_wconf 91' lang='lat' dir='ltr'>exsecti</span> <span class='ocrx_word' id='word_1_59' title='bbox 925 550 991 588; x_wconf 90' lang='lat' dir='ltr'>ca-</span> 
     </span>
     <span class='ocr_line' id='line_1_22' title="bbox 165 604 992 660; baseline -0.002 -14"><span class='ocrx_word' id='word_1_60' title='bbox 165 606 268 659; x_wconf 91' lang='lat' dir='ltr'>pitis</span> <span class='ocrx_word' id='word_1_61' title='bbox 287 606 588 660; x_wconf 85' lang='lat' dir='ltr'>profluentem.</span> <span class='ocrx_word' id='word_1_62' title='bbox 618 605 757 646; x_wconf 84' lang='lat' dir='ltr'>Cerne</span> <span class='ocrx_word' id='word_1_63' title='bbox 778 604 931 646; x_wconf 90' lang='lat' dir='ltr'>oculos</span> <span class='ocrx_word' id='word_1_64' title='bbox 948 604 992 644; x_wconf 91' lang='lat' dir='ltr'>in</span> 
     </span>
     <span class='ocr_line' id='line_1_23' title="bbox 164 661 992 715; baseline -0.002 -12"><span class='ocrx_word' id='word_1_65' title='bbox 164 663 260 715; x_wconf 89' lang='lat' dir='ltr'>ipsa</span> <span class='ocrx_word' id='word_1_66' title='bbox 279 667 420 703; x_wconf 91' lang='lat' dir='ltr'>morte</span> <span class='ocrx_word' id='word_1_67' title='bbox 436 662 614 703; x_wconf 89' lang='lat' dir='ltr'>sceleris</span> <span class='ocrx_word' id='word_1_68' title='bbox 628 661 691 702; x_wconf 80' lang='lat' dir='ltr'>tui</span> <span class='ocrx_word' id='word_1_69' title='bbox 706 666 853 710; x_wconf 86' lang='lat' dir='ltr'>testes,</span> <span class='ocrx_word' id='word_1_70' title='bbox 873 673 992 702; x_wconf 88' lang='lat' dir='ltr'>aver-</span> 
     </span>
     <span class='ocr_line' id='line_1_24' title="bbox 165 716 993 771; baseline 0 -11"><span class='ocrx_word' id='word_1_71' title='bbox 165 721 311 761; x_wconf 87' lang='lat' dir='ltr'>santes</span> <span class='ocrx_word' id='word_1_72' title='bbox 375 721 659 771; x_wconf 89' lang='lat' dir='ltr'>conspectum</span> <span class='ocrx_word' id='word_1_73' title='bbox 726 716 993 760; x_wconf 86' lang='lat' dir='ltr'>deliciarum.</span> 
     </span>
     <span class='ocr_line' id='line_1_25' title="bbox 166 774 993 817; baseline -0.001 -1"><span class='ocrx_word' id='word_1_74' title='bbox 166 775 438 817; x_wconf 82' lang='lat' dir='ltr'>Clauduntur</span> <span class='ocrx_word' id='word_1_75' title='bbox 454 775 617 816; x_wconf 83' lang='lat' dir='ltr'>lumina</span> <span class='ocrx_word' id='word_1_76' title='bbox 630 787 717 815; x_wconf 92' lang='lat' dir='ltr'>non</span> <span class='ocrx_word' id='word_1_77' title='bbox 731 778 822 814; x_wconf 91' lang='lat' dir='ltr'>tam</span> <span class='ocrx_word' id='word_1_78' title='bbox 837 774 993 816; x_wconf 91' lang='lat' dir='ltr'>mortis</span> 
     </span>
     <span class='ocr_line' id='line_1_26' title="bbox 164 830 992 884; baseline -0.002 -11"><span class='ocrx_word' id='word_1_79' title='bbox 164 832 446 881; x_wconf 69' lang='lat' dir='ltr'>necessitate,</span> <span class='ocrx_word' id='word_1_80' title='bbox 486 844 616 884; x_wconf 89' lang='lat' dir='ltr'>quam</span> <span class='ocrx_word' id='word_1_81' title='bbox 652 830 835 872; x_wconf 89' lang='lat' dir='ltr'>horrore</span> <span class='ocrx_word' id='word_1_82' title='bbox 871 830 992 871; x_wconf 82' lang='lat' dir='ltr'>luxu-</span> 
     </span>
     <span class='ocr_line' id='line_1_27' title="bbox 163 887 993 938; baseline -0.001 -8"><span class='ocrx_word' id='word_1_83' title='bbox 163 889 251 930; x_wconf 80' lang='lat' dir='ltr'>riae.</span> <span class='ocrx_word' id='word_1_84' title='bbox 303 888 364 930; x_wconf 91' lang='lat' dir='ltr'>Os</span> <span class='ocrx_word' id='word_1_85' title='bbox 401 892 580 930; x_wconf 80' lang='lat' dir='ltr'>aureum</span> <span class='ocrx_word' id='word_1_86' title='bbox 615 887 722 928; x_wconf 92' lang='lat' dir='ltr'>illud</span> <span class='ocrx_word' id='word_1_87' title='bbox 761 889 993 938; x_wconf 84' lang='lat' dir='ltr'>exsangue,</span> 
     </span>
     <span class='ocr_line' id='line_1_28' title="bbox 165 944 992 998; baseline -0.002 -11"><span class='ocrx_word' id='word_1_88' title='bbox 165 947 285 998; x_wconf 91' lang='lat' dir='ltr'>cujus</span> <span class='ocrx_word' id='word_1_89' title='bbox 301 945 561 988; x_wconf 77' lang='lat' dir='ltr'>sententiam</span> <span class='ocrx_word' id='word_1_90' title='bbox 577 944 689 986; x_wconf 89' lang='lat' dir='ltr'>ferre</span> <span class='ocrx_word' id='word_1_91' title='bbox 705 957 792 985; x_wconf 92' lang='lat' dir='ltr'>non</span> <span class='ocrx_word' id='word_1_92' title='bbox 802 947 992 996; x_wconf 93' lang='lat' dir='ltr'>poteras,</span> 
     </span>
     <span class='ocr_line' id='line_1_29' title="bbox 165 1000 864 1051; baseline -0.003 -7"><span class='ocrx_word' id='word_1_93' title='bbox 165 1002 431 1051; x_wconf 78' lang='lat' dir='ltr'>conticescit,</span> <span class='ocrx_word' id='word_1_94' title='bbox 451 1007 494 1043; x_wconf 95' lang='lat' dir='ltr'>et</span> <span class='ocrx_word' id='word_1_95' title='bbox 514 1000 657 1043; x_wconf 90' lang='lat' dir='ltr'>adhuc</span> <span class='ocrx_word' id='word_1_96' title='bbox 676 1001 864 1042; x_wconf 91' lang='lat' dir='ltr'>timetur.</span> 
     </span>
    </p>
   </div>
   <div class='ocr_carea' id='block_1_5' title="bbox 137 1075 995 1458">
    <p class='ocr_par' dir='ltr' id='par_1_5' title="bbox 223 1075 991 1131">
     <span class='ocr_line' id='line_1_30' title="bbox 223 1075 991 1131; baseline -0.005 -12"><span class='ocrx_word' id='word_1_97' title='bbox 223 1082 272 1131; x_wconf 60' lang='lat' dir='ltr'>lx’g.</span> <span class='ocrx_word' id='word_1_98' title='bbox 294 1076 541 1117; x_wconf 90' lang='lat' dir='ltr'>Honestum</span> <span class='ocrx_word' id='word_1_99' title='bbox 567 1075 669 1116; x_wconf 88' lang='lat' dir='ltr'>fecit</span> <span class='ocrx_word' id='word_1_100' title='bbox 695 1075 817 1116; x_wconf 92' lang='lat' dir='ltr'>illum</span> <span class='ocrx_word' id='word_1_101' title='bbox 843 1075 991 1116; x_wconf 90' lang='lat' dir='ltr'>Domi-</span> 
     </span>
    </p>

    <p class='ocr_par' dir='ltr' id='par_1_6' title="bbox 165 1131 993 1184">
     <span class='ocr_line' id='line_1_31' title="bbox 165 1131 993 1184; baseline -0.002 -10"><span class='ocrx_word' id='word_1_102' title='bbox 165 1147 259 1184; x_wconf 87' lang='lat' dir='ltr'>nus,</span> <span class='ocrx_word' id='word_1_103' title='bbox 287 1139 330 1174; x_wconf 93' lang='lat' dir='ltr'>et</span> <span class='ocrx_word' id='word_1_104' title='bbox 349 1131 584 1174; x_wconf 91' lang='lat' dir='ltr'>custodivit</span> <span class='ocrx_word' id='word_1_105' title='bbox 604 1145 703 1173; x_wconf 92' lang='lat' dir='ltr'>eum</span> <span class='ocrx_word' id='word_1_106' title='bbox 722 1132 776 1174; x_wconf 94' lang='lat' dir='ltr'>ab</span> <span class='ocrx_word' id='word_1_107' title='bbox 798 1132 993 1179; x_wconf 91' lang='lat' dir='ltr'>inimicis,</span> 
     </span>
    </p>

    <p class='ocr_par' dir='ltr' id='par_1_7' title="bbox 137 1188 995 1231">
     <span class='ocr_line' id='line_1_32' title="bbox 137 1188 995 1231; baseline -0.003 0"><span class='ocrx_word' id='word_1_108' title='bbox 137 1193 139 1195; x_wconf 77' lang='grc'><strong>’</strong></span> <span class='ocrx_word' id='word_1_109' title='bbox 166 1195 210 1231; x_wconf 88' lang='lat' dir='ltr'>et</span> <span class='ocrx_word' id='word_1_110' title='bbox 238 1203 263 1231; x_wconf 91' lang='lat' dir='ltr'>a</span> <span class='ocrx_word' id='word_1_111' title='bbox 292 1189 598 1230; x_wconf 91' lang='lat' dir='ltr'>seductoribus</span> <span class='ocrx_word' id='word_1_112' title='bbox 626 1189 784 1230; x_wconf 87' lang='lat' dir='ltr'>tutavit</span> <span class='ocrx_word' id='word_1_113' title='bbox 807 1188 943 1229; x_wconf 90' lang='lat' dir='ltr'>illum:</span> <span class='ocrx_word' id='word_1_114' title='bbox 974 1198 995 1220; x_wconf 83' lang='lat'>*</span> 
     </span>
    </p>

    <p class='ocr_par' dir='ltr' id='par_1_8' title="bbox 166 1245 992 1288">
     <span class='ocr_line' id='line_1_33' title="bbox 166 1245 992 1288; baseline 0 -2"><span class='ocrx_word' id='word_1_115' title='bbox 166 1246 222 1288; x_wconf 89' lang='lat' dir='ltr'>Et</span> <span class='ocrx_word' id='word_1_116' title='bbox 254 1245 375 1288; x_wconf 87' lang='lat' dir='ltr'>dedit</span> <span class='ocrx_word' id='word_1_117' title='bbox 406 1245 468 1286; x_wconf 92' lang='lat' dir='ltr'>illi</span> <span class='ocrx_word' id='word_1_118' title='bbox 501 1245 742 1287; x_wconf 90' lang='lat' dir='ltr'>claritatem</span> <span class='ocrx_word' id='word_1_119' title='bbox 774 1247 992 1287; x_wconf 76' lang='lat' dir='ltr'>aeternam.</span> 
     </span>
    </p>

    <p class='ocr_par' dir='ltr' id='par_1_9' title="bbox 173 1300 992 1355">
     <span class='ocr_line' id='line_1_34' title="bbox 173 1300 992 1355; baseline -0.006 -8"><span class='ocrx_word' id='word_1_120' title='bbox 173 1303 220 1355; x_wconf 54' lang='grc' dir='ltr'>δ”.</span> <span class='ocrx_word' id='word_1_121' title='bbox 255 1300 582 1354; x_wconf 90' lang='lat' dir='ltr'>Descenditque</span> <span class='ocrx_word' id='word_1_122' title='bbox 615 1315 713 1343; x_wconf 90' lang='lat' dir='ltr'>cum</span> <span class='ocrx_word' id='word_1_123' title='bbox 745 1302 821 1343; x_wconf 90' lang='lat' dir='ltr'>illo</span> <span class='ocrx_word' id='word_1_124' title='bbox 857 1302 902 1342; x_wconf 91' lang='lat' dir='ltr'>in</span> <span class='ocrx_word' id='word_1_125' title='bbox 932 1302 992 1343; x_wconf 88' lang='lat' dir='ltr'>fo-</span> 
     </span>
    </p>

    <p class='ocr_par' dir='ltr' id='par_1_10' title="bbox 167 1358 994 1458">
     <span class='ocr_line' id='line_1_35' title="bbox 167 1358 994 1411; baseline -0.001 -10"><span class='ocrx_word' id='word_1_126' title='bbox 167 1372 305 1408; x_wconf 87' lang='lat' dir='ltr'>veam,</span> <span class='ocrx_word' id='word_1_127' title='bbox 325 1365 368 1400; x_wconf 91' lang='lat' dir='ltr'>et</span> <span class='ocrx_word' id='word_1_128' title='bbox 387 1359 430 1399; x_wconf 92' lang='lat' dir='ltr'>in</span> <span class='ocrx_word' id='word_1_129' title='bbox 450 1359 632 1400; x_wconf 89' lang='lat' dir='ltr'>vinculis</span> <span class='ocrx_word' id='word_1_130' title='bbox 652 1372 739 1400; x_wconf 91' lang='lat' dir='ltr'>non</span> <span class='ocrx_word' id='word_1_131' title='bbox 761 1358 994 1411; x_wconf 83' lang='lat' dir='ltr'>dereliquit</span> 
     </span>
     <span class='ocr_line' id='line_1_36' title="bbox 168 1415 794 1458; baseline -0.003 0"><span class='ocrx_word' id='word_1_132' title='bbox 168 1429 277 1458; x_wconf 90' lang='lat' dir='ltr'>eum.</span> <span class='ocrx_word' id='word_1_133' title='bbox 304 1416 370 1458; x_wconf 84' lang='lat' dir='ltr'>Et.</span> <span class='ocrx_word' id='word_1_134' title='bbox 402 1416 550 1457; x_wconf 86' lang='lat' dir='ltr'>Gloria</span> <span class='ocrx_word' id='word_1_135' title='bbox 570 1416 699 1457; x_wconf 87' lang='lat' dir='ltr'>Patri.</span> <span class='ocrx_word' id='word_1_136' title='bbox 726 1415 794 1457; x_wconf 84' lang='lat' dir='ltr'>Et.</span> 
     </span>
    </p>
   </div>
   <div class='ocr_carea' id='block_1_6' title="bbox 395 1513 778 1552">
    <p class='ocr_par' dir='ltr' id='par_1_11' title="bbox 395 1513 778 1552">
     <span class='ocr_line' id='line_1_37' title="bbox 395 1513 778 1552; baseline 0 -1"><span class='ocrx_word' id='word_1_137' title='bbox 395 1514 442 1552; x_wconf 89' lang='lat' dir='ltr'>In</span> <span class='ocrx_word' id='word_1_138' title='bbox 464 1513 534 1551; x_wconf 90' lang='grc' dir='ltr'>ΙΙΙ.</span> <span class='ocrx_word' id='word_1_139' title='bbox 556 1513 778 1552; x_wconf 77' lang='lat' dir='ltr'>Nocturno.</span> 
     </span>
    </p>
   </div>
   <div class='ocr_carea' id='block_1_7' title="bbox 168 1579 993 1678">
    <p class='ocr_par' dir='ltr' id='par_1_12' title="bbox 168 1579 993 1678">
     <span class='ocr_line' id='line_1_38' title="bbox 168 1579 993 1630; baseline -0.001 -7"><span class='ocrx_word' id='word_1_140' title='bbox 168 1580 320 1623; x_wconf 92' lang='lat' dir='ltr'>Lectio</span> <span class='ocrx_word' id='word_1_141' title='bbox 345 1580 484 1621; x_wconf 90' lang='lat' dir='ltr'>sancti</span> <span class='ocrx_word' id='word_1_142' title='bbox 503 1579 728 1630; x_wconf 82' lang='lat' dir='ltr'>Evangelii</span> <span class='ocrx_word' id='word_1_143' title='bbox 754 1580 993 1623; x_wconf 81' lang='lat' dir='ltr'>secundum</span> 
     </span>
     <span class='ocr_line' id='line_1_39' title="bbox 476 1637 683 1678; baseline -0.005 0"><span class='ocrx_word' id='word_1_144' title='bbox 476 1637 683 1678; x_wconf 88' lang='lat' dir='ltr'>Marcum.</span> 
     </span>
    </p>
   </div>
   <div class='ocr_carea' id='block_1_8' title="bbox 165 1717 992 1950">
    <p class='ocr_par' dir='ltr' id='par_1_13' title="bbox 165 1717 992 1886">
     <span class='ocr_line' id='line_1_40' title="bbox 248 1717 917 1768; baseline -0.003 -10"><span class='ocrx_word' id='word_1_145' title='bbox 248 1718 399 1758; x_wconf 86' lang='lat' dir='ltr'>Lectio</span> <span class='ocrx_word' id='word_1_146' title='bbox 422 1718 487 1757; x_wconf 79' lang='lat' dir='ltr'>vii.</span> <span class='ocrx_word' id='word_1_147' title='bbox 704 1717 806 1768; x_wconf 83' lang='lat' dir='ltr'>Cap.</span> <span class='ocrx_word' id='word_1_148' title='bbox 827 1718 863 1757; x_wconf 76' lang='lat'>6.</span> <span class='ocrx_word' id='word_1_149' title='bbox 885 1729 917 1756; x_wconf 92' lang='lat' dir='ltr'>c.</span> 
     </span>
     <span class='ocr_line' id='line_1_41' title="bbox 165 1779 992 1886; baseline 0.004 -62"><span class='ocrx_word' id='word_1_150' title='bbox 165 1779 240 1886; x_wconf 88' lang='lat' dir='ltr'>In</span> <span class='ocrx_word' id='word_1_151' title='bbox 274 1783 348 1826; x_wconf 93' lang='lat' dir='ltr'>illo</span> <span class='ocrx_word' id='word_1_152' title='bbox 381 1786 594 1836; x_wconf 86' lang='lat' dir='ltr'>tempore:</span> <span class='ocrx_word' id='word_1_153' title='bbox 626 1784 745 1825; x_wconf 89' lang='lat' dir='ltr'>Misit</span> <span class='ocrx_word' id='word_1_154' title='bbox 777 1785 992 1835; x_wconf 82' lang='lat' dir='ltr'>Heredes,</span> 
     </span>
    </p>

    <p class='ocr_par' dir='ltr' id='par_1_14' title="bbox 167 1841 992 1950">
     <span class='ocr_line' id='line_1_42' title="bbox 231 1841 992 1891; baseline 0.003 -10"><span class='ocrx_word' id='word_1_155' title='bbox 231 1853 282 1882; x_wconf 88' lang='lat' dir='ltr'>ac</span> <span class='ocrx_word' id='word_1_156' title='bbox 300 1841 439 1882; x_wconf 91' lang='lat' dir='ltr'>tenuit</span> <span class='ocrx_word' id='word_1_157' title='bbox 457 1841 481 1882; x_wconf 92' lang='lat' dir='ltr'><strong>J</strong></span> <span class='ocrx_word' id='word_1_158' title='bbox 483 1843 650 1891; x_wconf 77' lang='lat' dir='ltr'>oafiem,</span> <span class='ocrx_word' id='word_1_159' title='bbox 675 1847 718 1883; x_wconf 91' lang='lat' dir='ltr'>et</span> <span class='ocrx_word' id='word_1_160' title='bbox 737 1842 874 1883; x_wconf 89' lang='lat' dir='ltr'>vinxit</span> <span class='ocrx_word' id='word_1_161' title='bbox 893 1855 992 1883; x_wconf 91' lang='lat' dir='ltr'>eum</span> 
     </span>
     <span class='ocr_line' id='line_1_43' title="bbox 167 1897 992 1950; baseline 0.004 -13"><span class='ocrx_word' id='word_1_162' title='bbox 167 1897 210 1937; x_wconf 94' lang='lat' dir='ltr'>in</span> <span class='ocrx_word' id='word_1_163' title='bbox 243 1899 433 1947; x_wconf 86' lang='lat' dir='ltr'>carcere,</span> <span class='ocrx_word' id='word_1_164' title='bbox 470 1902 653 1950; x_wconf 90' lang='lat' dir='ltr'>propter</span> <span class='ocrx_word' id='word_1_165' title='bbox 682 1897 992 1949; x_wconf 89' lang='lat' dir='ltr'>Herodiadem‚</span> 
     </span>
    </p>
   </div>
   <div class='ocr_carea' id='block_1_9' title="bbox 167 1954 993 2063">
    <p class='ocr_par' dir='ltr' id='par_1_15' title="bbox 167 1954 993 2063">
     <span class='ocr_line' id='line_1_44' title="bbox 167 1954 993 2008; baseline 0.004 -14"><span class='ocrx_word' id='word_1_166' title='bbox 167 1955 349 1995; x_wconf 90' lang='lat' dir='ltr'>uxorem</span> <span class='ocrx_word' id='word_1_167' title='bbox 376 1954 567 2006; x_wconf 89' lang='lat' dir='ltr'>Philippi</span> <span class='ocrx_word' id='word_1_168' title='bbox 597 1954 744 1995; x_wconf 87' lang='lat' dir='ltr'>fratris</span> <span class='ocrx_word' id='word_1_169' title='bbox 777 1955 858 2005; x_wconf 91' lang='lat' dir='ltr'>sui,</span> <span class='ocrx_word' id='word_1_170' title='bbox 892 1956 993 2008; x_wconf 84' lang='lat' dir='ltr'>quia</span> 
     </span>
     <span class='ocr_line' id='line_1_45' title="bbox 169 2009 786 2063; baseline 0.002 -12"><span class='ocrx_word' id='word_1_171' title='bbox 169 2009 354 2052; x_wconf 77' lang='lat' dir='ltr'>duxerat</span> <span class='ocrx_word' id='word_1_172' title='bbox 382 2023 488 2052; x_wconf 90' lang='lat' dir='ltr'>eam.</span> <span class='ocrx_word' id='word_1_173' title='bbox 523 2011 580 2052; x_wconf 91' lang='lat' dir='ltr'>Et</span> <span class='ocrx_word' id='word_1_174' title='bbox 607 2010 786 2063; x_wconf 89' lang='lat' dir='ltr'>reliqua.</span> 
     </span>
    </p>
   </div>
   <div class='ocr_carea' id='block_1_10' title="bbox 284 2110 882 2275">
    <p class='ocr_par' dir='ltr' id='par_1_16' title="bbox 284 2110 882 2275">
     <span class='ocr_line' id='line_1_46' title="bbox 284 2110 882 2163; baseline 0.005 -12"><span class='ocrx_word' id='word_1_175' title='bbox 284 2110 472 2151; x_wconf 86' lang='lat' dir='ltr'>llomilia</span> <span class='ocrx_word' id='word_1_176' title='bbox 492 2111 630 2153; x_wconf 88' lang='lat' dir='ltr'>sancti</span> <span class='ocrx_word' id='word_1_177' title='bbox 650 2111 882 2163; x_wconf 84' lang='lat' dir='ltr'>Augustini</span> 
     </span>
     <span class='ocr_line' id='line_1_47' title="bbox 470 2168 693 2221; baseline 0.004 -13"><span class='ocrx_word' id='word_1_178' title='bbox 470 2168 693 2221; x_wconf 90' lang='lat' dir='ltr'>Episcopi.</span> 
     </span>
     <span class='ocr_line' id='line_1_48' title="bbox 309 2240 856 2275; baseline 0.002 -1"><span class='ocrx_word' id='word_1_179' title='bbox 309 2240 424 2274; x_wconf 88' lang='lat' dir='ltr'>Scrm.</span> <span class='ocrx_word' id='word_1_180' title='bbox 448 2241 503 2274; x_wconf 84' lang='lat'>10.</span> <span class='ocrx_word' id='word_1_181' title='bbox 528 2241 567 2274; x_wconf 91' lang='lat' dir='ltr'>in</span> <span class='ocrx_word' id='word_1_182' title='bbox 591 2241 714 2275; x_wconf 72' lang='lat' dir='ltr'>novis.</span> <span class='ocrx_word' id='word_1_183' title='bbox 739 2240 856 2275; x_wconf 85' lang='lat' dir='ltr'>Scrm.</span> 
     </span>
    </p>
   </div>
   <div class='ocr_carea' id='block_1_11' title="bbox 169 2304 996 2690">
    <p class='ocr_par' dir='ltr' id='par_1_17' title="bbox 169 2304 996 2690">
     <span class='ocr_line' id='line_1_49' title="bbox 175 2304 994 2362; baseline 0.011 -23"><span class='ocrx_word' id='word_1_184' title='bbox 175 2311 195 2355; x_wconf 50' lang='grc' dir='ltr'>ς·</span> <span class='ocrx_word' id='word_1_185' title='bbox 220 2311 279 2362; x_wconf 55' lang='lat'>4²33</span> <span class='ocrx_word' id='word_1_186' title='bbox 290 2315 360 2342; x_wconf 93' lang='lat' dir='ltr'>um</span> <span class='ocrx_word' id='word_1_187' title='bbox 373 2307 570 2345; x_wconf 89' lang='lat' dir='ltr'>sanctum</span> <span class='ocrx_word' id='word_1_188' title='bbox 583 2304 868 2355; x_wconf 88' lang='lat' dir='ltr'>Evangelium</span> <span class='ocrx_word' id='word_1_189' title='bbox 881 2305 994 2357; x_wconf 89' lang='lat' dir='ltr'>lege-</span> 
     </span>
     <span class='ocr_line' id='line_1_50' title="bbox 176 2359 995 2435; baseline 0.009 -38"><span class='ocrx_word' id='word_1_190' title='bbox 176 2360 280 2435; x_wconf 25' lang='grc' dir='ltr'>βέῃ</span> <span class='ocrx_word' id='word_1_191' title='bbox 305 2360 438 2408; x_wconf 89' lang='lat' dir='ltr'>retur,</span> <span class='ocrx_word' id='word_1_192' title='bbox 483 2359 659 2402; x_wconf 89' lang='lat' dir='ltr'>crudele</span> <span class='ocrx_word' id='word_1_193' title='bbox 696 2362 995 2413; x_wconf 69' lang='lat' dir='ltr'>spectaculum</span> 
     </span>
     <span class='ocr_line' id='line_1_51' title="bbox 178 2400 994 2461; baseline 0.009 -7"><span class='ocrx_word' id='word_1_194' title='bbox 178 2400 277 2439; x_wconf 33' lang='lat'>⁵54</span> <span class='ocrx_word' id='word_1_195' title='bbox 305 2420 403 2456; x_wconf 90' lang='lat' dir='ltr'>ante</span> <span class='ocrx_word' id='word_1_196' title='bbox 423 2416 576 2458; x_wconf 90' lang='lat' dir='ltr'>oculos</span> <span class='ocrx_word' id='word_1_197' title='bbox 595 2422 771 2460; x_wconf 89' lang='lat' dir='ltr'>nostros</span> <span class='ocrx_word' id='word_1_198' title='bbox 787 2419 994 2461; x_wconf 73' lang='lat' dir='ltr'>constita-</span> 
     </span>
     <span class='ocr_line' id='line_1_52' title="bbox 170 2474 995 2524; baseline 0.006 -12"><span class='ocrx_word' id='word_1_199' title='bbox 170 2476 262 2513; x_wconf 91' lang='lat' dir='ltr'>tum</span> <span class='ocrx_word' id='word_1_200' title='bbox 294 2477 375 2513; x_wconf 89' lang='lat' dir='ltr'>est:</span> <span class='ocrx_word' id='word_1_201' title='bbox 407 2477 540 2524; x_wconf 89' lang='lat' dir='ltr'>caput</span> <span class='ocrx_word' id='word_1_202' title='bbox 571 2474 709 2516; x_wconf 90' lang='lat' dir='ltr'>sancti</span> <span class='ocrx_word' id='word_1_203' title='bbox 740 2475 920 2516; x_wconf 86' lang='lat' dir='ltr'>Joannis</span> <span class='ocrx_word' id='word_1_204' title='bbox 951 2476 995 2517; x_wconf 92' lang='lat' dir='ltr'>in</span> 
     </span>
     <span class='ocr_line' id='line_1_53' title="bbox 171 2527 996 2577; baseline 0.007 -9"><span class='ocrx_word' id='word_1_205' title='bbox 171 2527 312 2577; x_wconf 90' lang='lat' dir='ltr'>disco,</span> <span class='ocrx_word' id='word_1_206' title='bbox 348 2527 493 2569; x_wconf 84' lang='lat' dir='ltr'>feralis</span> <span class='ocrx_word' id='word_1_207' title='bbox 529 2530 686 2571; x_wconf 88' lang='lat' dir='ltr'>missus</span> <span class='ocrx_word' id='word_1_208' title='bbox 724 2531 996 2574; x_wconf 65' lang='lat' dir='ltr'>crudelitatis</span> 
     </span>
     <span class='ocr_line' id='line_1_54' title="bbox 169 2583 996 2638; baseline 0.007 -14"><span class='ocrx_word' id='word_1_209' title='bbox 169 2589 354 2638; x_wconf 90' lang='lat' dir='ltr'>propter</span> <span class='ocrx_word' id='word_1_210' title='bbox 397 2583 546 2626; x_wconf 92' lang='lat' dir='ltr'>odium</span> <span class='ocrx_word' id='word_1_211' title='bbox 586 2587 792 2629; x_wconf 86' lang='lat' dir='ltr'>veritatis.</span> <span class='ocrx_word' id='word_1_212' title='bbox 846 2588 996 2630; x_wconf 91' lang='lat' dir='ltr'>Puella</span> 
     </span>
     <span class='ocr_line' id='line_1_55' title="bbox 171 2640 996 2690; baseline 0.007 -9"><span class='ocrx_word' id='word_1_213' title='bbox 171 2640 312 2690; x_wconf 75' lang='lat' dir='ltr'>Saltat,</span> <span class='ocrx_word' id='word_1_214' title='bbox 326 2646 370 2682; x_wconf 91' lang='lat' dir='ltr'>et</span> <span class='ocrx_word' id='word_1_215' title='bbox 384 2642 509 2683; x_wconf 85' lang='lat' dir='ltr'>saevit</span> <span class='ocrx_word' id='word_1_216' title='bbox 522 2648 674 2684; x_wconf 87' lang='lat' dir='ltr'>mater:</span> <span class='ocrx_word' id='word_1_217' title='bbox 690 2649 733 2686; x_wconf 92' lang='lat' dir='ltr'>et</span> <span class='ocrx_word' id='word_1_218' title='bbox 747 2645 859 2687; x_wconf 91' lang='lat' dir='ltr'>inter</span> <span class='ocrx_word' id='word_1_219' title='bbox 873 2645 996 2687; x_wconf 86' lang='lat' dir='ltr'>lasci-</span> 
     </span>
    </p>
   </div>
   <div class='ocr_carea' id='block_1_12' title="bbox 170 2696 995 2743">
    <p class='ocr_par' dir='ltr' id='par_1_18' title="bbox 170 2696 995 2743">
     <span class='ocr_line' id='line_1_56' title="bbox 170 2696 995 2743; baseline 0.005 -4"><span class='ocrx_word' id='word_1_220' title='bbox 170 2697 262 2739; x_wconf 85' lang='lat' dir='ltr'>vias</span> <span class='ocrx_word' id='word_1_221' title='bbox 295 2702 338 2740; x_wconf 90' lang='lat' dir='ltr'>et</span> <span class='ocrx_word' id='word_1_222' title='bbox 370 2696 548 2739; x_wconf 85' lang='lat' dir='ltr'>delicias</span> <span class='ocrx_word' id='word_1_223' title='bbox 581 2700 904 2743; x_wconf 90' lang='lat' dir='ltr'>convivantium</span> <span class='ocrx_word' id='word_1_224' title='bbox 935 2704 995 2743; x_wconf 91' lang='lat' dir='ltr'>te-</span> 
     </span>
    </p>
   </div>
   <div class='ocr_carea' id='block_1_13' title="bbox 167 2299 289 2442">
    <p class='ocr_par' dir='ltr' id='par_1_19' title="bbox 167 2299 289 2442">
     <span class='ocr_line' id='line_1_57' title="bbox 167 2299 289 2442; baseline 0 0"><span class='ocrx_word' id='word_1_225' title='bbox 167 2299 289 2442; x_wconf 95' lang='lat' dir='ltr'>  </span> 
     </span>
    </p>
   </div>
   <div class='ocr_carea' id='block_1_14' title="bbox 780 165 1587 208">
    <p class='ocr_par' dir='ltr' id='par_1_20' title="bbox 780 165 1587 208">
     <span class='ocr_line' id='line_1_58' title="bbox 780 165 1587 208; baseline -0.005 -6"><span class='ocrx_word' id='word_1_226' title='bbox 780 169 820 202; x_wconf 80' lang='lat' dir='ltr'>ln</span> <span class='ocrx_word' id='word_1_227' title='bbox 849 168 1112 202; x_wconf 69' lang='lat' dir='ltr'>Dccollationc</span> <span class='ocrx_word' id='word_1_228' title='bbox 1138 167 1173 200; x_wconf 68' lang='grc' dir='ltr'>ὃ.</span> <span class='ocrx_word' id='word_1_229' title='bbox 1199 166 1363 199; x_wconf 76' lang='lat' dir='ltr'>¹loannis</span> <span class='ocrx_word' id='word_1_230' title='bbox 1389 165 1587 208; x_wconf 61' lang='lat' dir='ltr'>Baptistae.</span> 
     </span>
    </p>
   </div>
   <div class='ocr_carea' id='block_1_15' title="bbox 1875 237 1878 294">
    <p class='ocr_par' dir='ltr' id='par_1_21' title="bbox 1875 237 1878 294">
     <span class='ocr_line' id='line_1_59' title="bbox 1875 237 1878 294; baseline 0 2650"><span class='ocrx_word' id='word_1_231' title='bbox 1875 237 1878 294; x_wconf 95' lang='lat' dir='ltr'> </span> 
     </span>
    </p>
   </div>
   <div class='ocr_carea' id='block_1_16' title="bbox 1044 264 1914 942">
    <p class='ocr_par' dir='ltr' id='par_1_22' title="bbox 1044 264 1914 942">
     <span class='ocr_line' id='line_1_60' title="bbox 1044 264 1875 318; baseline 0.002 -14"><span class='ocrx_word' id='word_1_232' title='bbox 1044 275 1164 305; x_wconf 89' lang='lat' dir='ltr'>mere</span> <span class='ocrx_word' id='word_1_233' title='bbox 1190 264 1366 315; x_wconf 85' lang='lat' dir='ltr'>juratur,</span> <span class='ocrx_word' id='word_1_234' title='bbox 1391 269 1435 306; x_wconf 92' lang='lat' dir='ltr'>et</span> <span class='ocrx_word' id='word_1_235' title='bbox 1460 265 1594 318; x_wconf 90' lang='lat' dir='ltr'>impie</span> <span class='ocrx_word' id='word_1_236' title='bbox 1620 264 1740 317; x_wconf 92' lang='lat' dir='ltr'>quod</span> <span class='ocrx_word' id='word_1_237' title='bbox 1766 265 1875 316; x_wconf 87' lang='lat' dir='ltr'>jura-</span> 
     </span>
     <span class='ocr_line' id='line_1_61' title="bbox 1045 320 1875 373; baseline 0.004 -13"><span class='ocrx_word' id='word_1_238' title='bbox 1045 325 1126 369; x_wconf 89' lang='lat' dir='ltr'>tur,</span> <span class='ocrx_word' id='word_1_239' title='bbox 1152 320 1368 373; x_wconf 91' lang='lat' dir='ltr'>impletur.</span> <span class='ocrx_word' id='word_1_240' title='bbox 1405 321 1589 363; x_wconf 89' lang='lat' dir='ltr'>Factum</span> <span class='ocrx_word' id='word_1_241' title='bbox 1614 326 1682 363; x_wconf 90' lang='lat' dir='ltr'>est</span> <span class='ocrx_word' id='word_1_242' title='bbox 1706 321 1731 363; x_wconf 92' lang='lat' dir='ltr'><strong>J</strong></span> <span class='ocrx_word' id='word_1_243' title='bbox 1734 321 1875 371; x_wconf 88' lang='lat' dir='ltr'>oanni,</span> 
     </span>
     <span class='ocr_line' id='line_1_62' title="bbox 1047 375 1874 430; baseline 0.002 -13"><span class='ocrx_word' id='word_1_244' title='bbox 1047 375 1167 428; x_wconf 92' lang='lat' dir='ltr'>quod</span> <span class='ocrx_word' id='word_1_245' title='bbox 1185 377 1279 429; x_wconf 92' lang='lat' dir='ltr'>ipse</span> <span class='ocrx_word' id='word_1_246' title='bbox 1294 378 1572 430; x_wconf 75' lang='lat' dir='ltr'>praedixerat.</span> <span class='ocrx_word' id='word_1_247' title='bbox 1600 378 1668 420; x_wconf 91' lang='lat' dir='ltr'>De</span> <span class='ocrx_word' id='word_1_248' title='bbox 1683 378 1874 420; x_wconf 91' lang='lat' dir='ltr'>Domino</span> 
     </span>
     <span class='ocr_line' id='line_1_63' title="bbox 1047 433 1877 477; baseline 0.004 -4"><span class='ocrx_word' id='word_1_249' title='bbox 1047 433 1161 474; x_wconf 92' lang='lat' dir='ltr'>enim</span> <span class='ocrx_word' id='word_1_250' title='bbox 1187 433 1291 475; x_wconf 91' lang='lat' dir='ltr'>Jesu</span> <span class='ocrx_word' id='word_1_251' title='bbox 1320 434 1494 477; x_wconf 90' lang='lat' dir='ltr'>Christo</span> <span class='ocrx_word' id='word_1_252' title='bbox 1529 434 1716 476; x_wconf 85' lang='lat' dir='ltr'>dixerat:</span> <span class='ocrx_word' id='word_1_253' title='bbox 1747 434 1877 476; x_wconf 91' lang='lat' dir='ltr'>Illum</span> 
     </span>
     <span class='ocr_line' id='line_1_64' title="bbox 1047 491 1876 542; baseline 0.002 -12"><span class='ocrx_word' id='word_1_254' title='bbox 1047 491 1226 542; x_wconf 91' lang='lat' dir='ltr'>oportet</span> <span class='ocrx_word' id='word_1_255' title='bbox 1246 493 1454 541; x_wconf 85' lang='lat' dir='ltr'>crescere,</span> <span class='ocrx_word' id='word_1_256' title='bbox 1478 504 1548 532; x_wconf 90' lang='lat' dir='ltr'>me</span> <span class='ocrx_word' id='word_1_257' title='bbox 1567 496 1714 534; x_wconf 87' lang='lat' dir='ltr'>autem</span> <span class='ocrx_word' id='word_1_258' title='bbox 1731 491 1876 532; x_wconf 88' lang='lat' dir='ltr'>minui.</span> 
     </span>
     <span class='ocr_line' id='line_1_65' title="bbox 1045 546 1875 600; baseline 0.004 -14"><span class='ocrx_word' id='word_1_259' title='bbox 1045 546 1136 588; x_wconf 89' lang='lat' dir='ltr'>Iste</span> <span class='ocrx_word' id='word_1_260' title='bbox 1155 546 1346 589; x_wconf 82' lang='lat' dir='ltr'>minutus</span> <span class='ocrx_word' id='word_1_261' title='bbox 1367 553 1434 589; x_wconf 91' lang='lat' dir='ltr'>est</span> <span class='ocrx_word' id='word_1_262' title='bbox 1452 548 1496 588; x_wconf 91' lang='lat' dir='ltr'>in</span> <span class='ocrx_word' id='word_1_263' title='bbox 1516 547 1672 600; x_wconf 87' lang='lat' dir='ltr'>capite,</span> <span class='ocrx_word' id='word_1_264' title='bbox 1694 547 1767 589; x_wconf 92' lang='lat' dir='ltr'>ille</span> <span class='ocrx_word' id='word_1_265' title='bbox 1787 560 1875 589; x_wconf 92' lang='lat' dir='ltr'>cre-</span> 
     </span>
     <span class='ocr_line' id='line_1_66' title="bbox 1046 602 1877 657; baseline 0.004 -14"><span class='ocrx_word' id='word_1_266' title='bbox 1046 602 1110 644; x_wconf 88' lang='lat' dir='ltr'>vit</span> <span class='ocrx_word' id='word_1_267' title='bbox 1134 603 1178 644; x_wconf 90' lang='lat' dir='ltr'>in</span> <span class='ocrx_word' id='word_1_268' title='bbox 1204 616 1344 645; x_wconf 90' lang='lat' dir='ltr'>cruce.</span> <span class='ocrx_word' id='word_1_269' title='bbox 1382 604 1544 646; x_wconf 91' lang='lat' dir='ltr'>Odium</span> <span class='ocrx_word' id='word_1_270' title='bbox 1572 604 1744 657; x_wconf 89' lang='lat' dir='ltr'>peperit</span> <span class='ocrx_word' id='word_1_271' title='bbox 1769 604 1877 646; x_wconf 87' lang='lat' dir='ltr'>veri-</span> 
     </span>
     <span class='ocr_line' id='line_1_67' title="bbox 1046 659 1877 713; baseline 0.005 -14"><span class='ocrx_word' id='word_1_272' title='bbox 1046 663 1127 700; x_wconf 88' lang='lat' dir='ltr'>tas.</span> <span class='ocrx_word' id='word_1_273' title='bbox 1158 659 1260 701; x_wconf 94' lang='lat' dir='ltr'>Non</span> <span class='ocrx_word' id='word_1_274' title='bbox 1282 662 1427 713; x_wconf 91' lang='lat' dir='ltr'>potuit</span> <span class='ocrx_word' id='word_1_275' title='bbox 1451 674 1582 713; x_wconf 90' lang='lat' dir='ltr'>aequo</span> <span class='ocrx_word' id='word_1_276' title='bbox 1604 661 1750 702; x_wconf 90' lang='lat' dir='ltr'>animo</span> <span class='ocrx_word' id='word_1_277' title='bbox 1769 661 1877 703; x_wconf 89' lang='lat' dir='ltr'>tole·</span> 
     </span>
     <span class='ocr_line' id='line_1_68' title="bbox 1046 715 1878 768; baseline 0.005 -13"><span class='ocrx_word' id='word_1_278' title='bbox 1046 715 1146 765; x_wconf 88' lang='lat' dir='ltr'>rari,</span> <span class='ocrx_word' id='word_1_279' title='bbox 1173 717 1294 768; x_wconf 90' lang='lat' dir='ltr'>quod</span> <span class='ocrx_word' id='word_1_280' title='bbox 1319 717 1460 759; x_wconf 73' lang='lat' dir='ltr'>hom0·</span> <span class='ocrx_word' id='word_1_281' title='bbox 1478 718 1561 759; x_wconf 93' lang='lat' dir='ltr'>Dei</span> <span class='ocrx_word' id='word_1_282' title='bbox 1585 723 1763 759; x_wconf 89' lang='lat' dir='ltr'>sanctus</span> <span class='ocrx_word' id='word_1_283' title='bbox 1787 730 1878 759; x_wconf 92' lang='lat' dir='ltr'>mo-</span> 
     </span>
     <span class='ocr_line' id='line_1_69' title="bbox 1045 772 1914 827; baseline 0.003 -15"><span class='ocrx_word' id='word_1_284' title='bbox 1045 772 1192 815; x_wconf 88' lang='lat' dir='ltr'>nebat:</span> <span class='ocrx_word' id='word_1_285' title='bbox 1227 774 1301 826; x_wconf 91' lang='lat' dir='ltr'>qui</span> <span class='ocrx_word' id='word_1_286' title='bbox 1329 775 1480 827; x_wconf 80' lang='lat' dir='ltr'>utique</span> <span class='ocrx_word' id='word_1_287' title='bbox 1509 775 1697 816; x_wconf 82' lang='lat' dir='ltr'>salutem</span> <span class='ocrx_word' id='word_1_288' title='bbox 1726 776 1879 816; x_wconf 91' lang='lat' dir='ltr'>eorum</span> <span class='ocrx_word' id='word_1_289' title='bbox 1911 795 1914 798; x_wconf 46' lang='lat'><strong>⁴</strong></span> 
     </span>
     <span class='ocr_line' id='line_1_70' title="bbox 1049 829 1878 883; baseline 0.004 -14"><span class='ocrx_word' id='word_1_290' title='bbox 1049 829 1285 881; x_wconf 89' lang='lat' dir='ltr'>quaerebat,</span> <span class='ocrx_word' id='word_1_291' title='bbox 1316 844 1426 883; x_wconf 89' lang='lat' dir='ltr'>quos</span> <span class='ocrx_word' id='word_1_292' title='bbox 1456 833 1519 873; x_wconf 88' lang='lat' dir='ltr'>sic</span> <span class='ocrx_word' id='word_1_293' title='bbox 1544 831 1762 873; x_wconf 91' lang='lat' dir='ltr'>monebat.</span> <span class='ocrx_word' id='word_1_294' title='bbox 1794 831 1878 872; x_wconf 88' lang='lat' dir='ltr'>Re-</span> 
     </span>
     <span class='ocr_line' id='line_1_71' title="bbox 1048 885 1796 942; baseline 0.003 -16"><span class='ocrx_word' id='word_1_295' title='bbox 1048 885 1323 938; x_wconf 87' lang='lat' dir='ltr'>sponderunt</span> <span class='ocrx_word' id='word_1_296' title='bbox 1341 887 1404 928; x_wconf 91' lang='lat' dir='ltr'>illi</span> <span class='ocrx_word' id='word_1_297' title='bbox 1422 888 1536 930; x_wconf 87' lang='lat' dir='ltr'>mala</span> <span class='ocrx_word' id='word_1_298' title='bbox 1555 901 1637 942; x_wconf 92' lang='lat' dir='ltr'>pro</span> <span class='ocrx_word' id='word_1_299' title='bbox 1658 887 1796 929; x_wconf 89' lang='lat' dir='ltr'>bonis.</span> 
     </span>
    </p>
   </div>
   <div class='ocr_carea' id='block_1_17' title="bbox 1046 956 1956 2747">
    <p class='ocr_par' dir='ltr' id='par_1_23' title="bbox 1046 956 1879 1348">
     <span class='ocr_line' id='line_1_72' title="bbox 1104 956 1878 1010; baseline 0.001 -11"><span class='ocrx_word' id='word_1_300' title='bbox 1104 960 1153 1010; x_wconf 61' lang='grc' dir='ltr'>Κ.</span> <span class='ocrx_word' id='word_1_301' title='bbox 1179 956 1460 999; x_wconf 90' lang='lat' dir='ltr'>Desiderium</span> <span class='ocrx_word' id='word_1_302' title='bbox 1493 959 1650 1000; x_wconf 90' lang='lat' dir='ltr'>animae</span> <span class='ocrx_word' id='word_1_303' title='bbox 1683 959 1774 1010; x_wconf 92' lang='lat' dir='ltr'>ejus</span> <span class='ocrx_word' id='word_1_304' title='bbox 1805 958 1878 1000; x_wconf 88' lang='lat' dir='ltr'>tri-</span> 
     </span>
     <span class='ocr_line' id='line_1_73' title="bbox 1046 1011 1878 1065; baseline 0.004 -11"><span class='ocrx_word' id='word_1_305' title='bbox 1046 1011 1180 1054; x_wconf 92' lang='lat' dir='ltr'>buisti</span> <span class='ocrx_word' id='word_1_306' title='bbox 1213 1013 1252 1055; x_wconf 93' lang='lat' dir='ltr'>ei</span> <span class='ocrx_word' id='word_1_307' title='bbox 1279 1014 1486 1065; x_wconf 85' lang='lat' dir='ltr'>Domine,</span> <span class='ocrx_word' id='word_1_308' title='bbox 1519 1018 1542 1042; x_wconf 87' lang='grc'>*</span> <span class='ocrx_word' id='word_1_309' title='bbox 1567 1015 1624 1057; x_wconf 92' lang='lat' dir='ltr'>Et</span> <span class='ocrx_word' id='word_1_310' title='bbox 1653 1015 1878 1058; x_wconf 86' lang='lat' dir='ltr'>voluntate</span> 
     </span>
     <span class='ocr_line' id='line_1_74' title="bbox 1046 1068 1879 1123; baseline 0.005 -13"><span class='ocrx_word' id='word_1_311' title='bbox 1046 1068 1264 1111; x_wconf 86' lang='lat' dir='ltr'>labiorum</span> <span class='ocrx_word' id='word_1_312' title='bbox 1293 1072 1384 1123; x_wconf 91' lang='lat' dir='ltr'>ejus</span> <span class='ocrx_word' id='word_1_313' title='bbox 1411 1084 1498 1113; x_wconf 91' lang='lat' dir='ltr'>non</span> <span class='ocrx_word' id='word_1_314' title='bbox 1525 1071 1738 1114; x_wconf 79' lang='lat' dir='ltr'>fraudasti</span> <span class='ocrx_word' id='word_1_315' title='bbox 1768 1085 1879 1114; x_wconf 89' lang='lat' dir='ltr'>eum.</span> 
     </span>
     <span class='ocr_line' id='line_1_75' title="bbox 1054 1127 1878 1181; baseline 0.006 -15"><span class='ocrx_word' id='word_1_316' title='bbox 1054 1127 1102 1178; x_wconf 57' lang='lat' dir='ltr'>V,</span> <span class='ocrx_word' id='word_1_317' title='bbox 1117 1127 1334 1176; x_wconf 83' lang='lat' dir='ltr'>Quoniam</span> <span class='ocrx_word' id='word_1_318' title='bbox 1351 1129 1607 1181; x_wconf 81' lang='lat' dir='ltr'>praevenisti</span> <span class='ocrx_word' id='word_1_319' title='bbox 1627 1142 1727 1170; x_wconf 91' lang='lat' dir='ltr'>eum</span> <span class='ocrx_word' id='word_1_320' title='bbox 1742 1129 1787 1170; x_wconf 92' lang='lat' dir='ltr'>in</span> <span class='ocrx_word' id='word_1_321' title='bbox 1805 1129 1878 1171; x_wconf 94' lang='lat' dir='ltr'>be-</span> 
     </span>
     <span class='ocr_line' id='line_1_76' title="bbox 1046 1182 1879 1238; baseline 0.005 -15"><span class='ocrx_word' id='word_1_322' title='bbox 1046 1182 1370 1225; x_wconf 91' lang='lat' dir='ltr'>nedictionibus</span> <span class='ocrx_word' id='word_1_323' title='bbox 1401 1184 1656 1227; x_wconf 90' lang='lat' dir='ltr'>dulcedinis:</span> <span class='ocrx_word' id='word_1_324' title='bbox 1693 1186 1879 1238; x_wconf 88' lang='lat' dir='ltr'>posuisti</span> 
     </span>
     <span class='ocr_line' id='line_1_77' title="bbox 1047 1239 1878 1295; baseline 0.006 -16"><span class='ocrx_word' id='word_1_325' title='bbox 1047 1239 1090 1279; x_wconf 92' lang='lat' dir='ltr'>in</span> <span class='ocrx_word' id='word_1_326' title='bbox 1119 1241 1263 1292; x_wconf 90' lang='lat' dir='ltr'>capite</span> <span class='ocrx_word' id='word_1_327' title='bbox 1293 1242 1384 1291; x_wconf 87' lang='lat' dir='ltr'>ejus</span> <span class='ocrx_word' id='word_1_328' title='bbox 1412 1244 1622 1283; x_wconf 90' lang='lat' dir='ltr'>coronam</span> <span class='ocrx_word' id='word_1_329' title='bbox 1651 1241 1706 1284; x_wconf 93' lang='lat' dir='ltr'>de</span> <span class='ocrx_word' id='word_1_330' title='bbox 1730 1241 1878 1295; x_wconf 88' lang='lat' dir='ltr'>lapide</span> 
     </span>
     <span class='ocr_line' id='line_1_78' title="bbox 1047 1297 1360 1348; baseline 0.006 -11"><span class='ocrx_word' id='word_1_331' title='bbox 1047 1297 1256 1348; x_wconf 88' lang='lat' dir='ltr'>pretioso.</span> <span class='ocrx_word' id='word_1_332' title='bbox 1292 1297 1360 1339; x_wconf 89' lang='lat' dir='ltr'>Et.</span> 
     </span>
    </p>

    <p class='ocr_par' dir='ltr' id='par_1_24' title="bbox 1339 1374 1596 1415">
     <span class='ocr_line' id='line_1_79' title="bbox 1339 1374 1596 1415; baseline -0.004 0"><span class='ocrx_word' id='word_1_333' title='bbox 1339 1375 1491 1415; x_wconf 87' lang='lat' dir='ltr'>Lectio</span> <span class='ocrx_word' id='word_1_334' title='bbox 1512 1374 1596 1415; x_wconf 80' lang='lat' dir='ltr'>viii.</span> 
     </span>
    </p>

    <p class='ocr_par' dir='ltr' id='par_1_25' title="bbox 1055 1427 1877 1551">
     <span class='ocr_line' id='line_1_80' title="bbox 1055 1427 1877 1551; baseline 0.006 -70"><span class='ocrx_word' id='word_1_335' title='bbox 1055 1427 1211 1551; x_wconf 72' lang='lat' dir='ltr'>Quid</span> <span class='ocrx_word' id='word_1_336' title='bbox 1238 1441 1351 1482; x_wconf 92' lang='lat' dir='ltr'>enim</span> <span class='ocrx_word' id='word_1_337' title='bbox 1378 1441 1450 1484; x_wconf 92' lang='lat' dir='ltr'>ille</span> <span class='ocrx_word' id='word_1_338' title='bbox 1477 1442 1653 1491; x_wconf 90' lang='lat' dir='ltr'>diceret,</span> <span class='ocrx_word' id='word_1_339' title='bbox 1679 1444 1764 1485; x_wconf 89' lang='lat' dir='ltr'>nisi</span> <span class='ocrx_word' id='word_1_340' title='bbox 1790 1458 1877 1497; x_wconf 93' lang='lat' dir='ltr'>quo</span> 
     </span>
    </p>

    <p class='ocr_par' dir='ltr' id='par_1_26' title="bbox 1046 1497 1956 2335">
     <span class='ocr_line' id='line_1_81' title="bbox 1157 1497 1877 1552; baseline 0.007 -14"><span class='ocrx_word' id='word_1_341' title='bbox 1157 1497 1315 1551; x_wconf 91' lang='lat' dir='ltr'>plenus</span> <span class='ocrx_word' id='word_1_342' title='bbox 1344 1498 1462 1540; x_wconf 88' lang='lat' dir='ltr'>erat?</span> <span class='ocrx_word' id='word_1_343' title='bbox 1503 1500 1560 1541; x_wconf 87' lang='lat' dir='ltr'>Et</span> <span class='ocrx_word' id='word_1_344' title='bbox 1589 1499 1694 1552; x_wconf 86' lang='lat' dir='ltr'>quid</span> <span class='ocrx_word' id='word_1_345' title='bbox 1722 1501 1785 1542; x_wconf 89' lang='lat' dir='ltr'>illi</span> <span class='ocrx_word' id='word_1_346' title='bbox 1813 1514 1877 1544; x_wconf 89' lang='lat' dir='ltr'>re-</span> 
     </span>
     <span class='ocr_line' id='line_1_82' title="bbox 1048 1554 1877 1609; baseline 0.004 -14"><span class='ocrx_word' id='word_1_347' title='bbox 1048 1554 1328 1607; x_wconf 89' lang='lat' dir='ltr'>sponderent,</span> <span class='ocrx_word' id='word_1_348' title='bbox 1355 1555 1439 1596; x_wconf 92' lang='lat' dir='ltr'>nisi</span> <span class='ocrx_word' id='word_1_349' title='bbox 1469 1569 1556 1608; x_wconf 93' lang='lat' dir='ltr'>quo</span> <span class='ocrx_word' id='word_1_350' title='bbox 1583 1556 1703 1609; x_wconf 92' lang='lat' dir='ltr'>pleni</span> <span class='ocrx_word' id='word_1_351' title='bbox 1732 1556 1877 1599; x_wconf 86' lang='lat' dir='ltr'>erant?</span> 
     </span>
     <span class='ocr_line' id='line_1_83' title="bbox 1047 1611 1878 1668; baseline 0.005 -16"><span class='ocrx_word' id='word_1_352' title='bbox 1047 1611 1128 1652; x_wconf 93' lang='lat' dir='ltr'>Ille</span> <span class='ocrx_word' id='word_1_353' title='bbox 1152 1611 1344 1653; x_wconf 92' lang='lat' dir='ltr'>triticum</span> <span class='ocrx_word' id='word_1_354' title='bbox 1364 1613 1606 1663; x_wconf 87' lang='lat' dir='ltr'>seminavit,</span> <span class='ocrx_word' id='word_1_355' title='bbox 1630 1613 1710 1655; x_wconf 92' lang='lat' dir='ltr'>sed</span> <span class='ocrx_word' id='word_1_356' title='bbox 1729 1614 1878 1668; x_wconf 92' lang='lat' dir='ltr'>spinas</span> 
     </span>
     <span class='ocr_line' id='line_1_84' title="bbox 1046 1668 1880 1721; baseline 0.006 -13"><span class='ocrx_word' id='word_1_357' title='bbox 1046 1668 1221 1710; x_wconf 89' lang='lat' dir='ltr'>invenit.</span> <span class='ocrx_word' id='word_1_358' title='bbox 1272 1668 1460 1711; x_wconf 89' lang='lat' dir='ltr'>Dicebat</span> <span class='ocrx_word' id='word_1_359' title='bbox 1496 1670 1603 1721; x_wconf 89' lang='lat' dir='ltr'>regi:</span> <span class='ocrx_word' id='word_1_360' title='bbox 1638 1670 1741 1712; x_wconf 93' lang='lat' dir='ltr'>Non</span> <span class='ocrx_word' id='word_1_361' title='bbox 1776 1671 1880 1714; x_wconf 91' lang='lat' dir='ltr'>licet</span> 
     </span>
     <span class='ocr_line' id='line_1_85' title="bbox 1047 1724 1883 1777; baseline 0.004 -11"><span class='ocrx_word' id='word_1_362' title='bbox 1047 1724 1127 1766; x_wconf 92' lang='lat' dir='ltr'>tibi</span> <span class='ocrx_word' id='word_1_363' title='bbox 1158 1724 1320 1767; x_wconf 93' lang='lat' dir='ltr'>habere</span> <span class='ocrx_word' id='word_1_364' title='bbox 1353 1728 1537 1768; x_wconf 89' lang='lat' dir='ltr'>uxorem</span> <span class='ocrx_word' id='word_1_365' title='bbox 1568 1726 1714 1769; x_wconf 90' lang='lat' dir='ltr'>fratris</span> <span class='ocrx_word' id='word_1_366' title='bbox 1748 1727 1823 1769; x_wconf 88' lang='lat' dir='ltr'>tui.</span> <span class='ocrx_word' id='word_1_367' title='bbox 1857 1726 1883 1777; x_wconf 65' lang='grc' dir='ltr'><strong>ἒ</strong></span> 
     </span>
     <span class='ocr_line' id='line_1_86' title="bbox 1047 1781 1879 1834; baseline 0.005 -11"><span class='ocrx_word' id='word_1_368' title='bbox 1047 1781 1266 1824; x_wconf 91' lang='lat' dir='ltr'>Vincebat</span> <span class='ocrx_word' id='word_1_369' title='bbox 1284 1783 1398 1824; x_wconf 90' lang='lat' dir='ltr'>enim</span> <span class='ocrx_word' id='word_1_370' title='bbox 1412 1785 1566 1834; x_wconf 81' lang='lat' dir='ltr'>&#39;regem</span> <span class='ocrx_word' id='word_1_371' title='bbox 1584 1783 1738 1826; x_wconf 92' lang='lat' dir='ltr'>libido:</span> <span class='ocrx_word' id='word_1_372' title='bbox 1761 1787 1879 1827; x_wconf 89' lang='lat' dir='ltr'>tene-</span> 
     </span>
     <span class='ocr_line' id='line_1_87' title="bbox 1048 1837 1879 1893; baseline 0.006 -14"><span class='ocrx_word' id='word_1_373' title='bbox 1048 1837 1125 1880; x_wconf 92' lang='lat' dir='ltr'>bat</span> <span class='ocrx_word' id='word_1_374' title='bbox 1157 1838 1276 1891; x_wconf 88' lang='lat' dir='ltr'>apud</span> <span class='ocrx_word' id='word_1_375' title='bbox 1311 1852 1358 1880; x_wconf 90' lang='lat' dir='ltr'>se</span> <span class='ocrx_word' id='word_1_376' title='bbox 1392 1840 1662 1893; x_wconf 89' lang='lat' dir='ltr'>prohibitam</span> <span class='ocrx_word' id='word_1_377' title='bbox 1694 1843 1879 1884; x_wconf 82' lang='lat' dir='ltr'>uxerem</span> 
     </span>
     <span class='ocr_line' id='line_1_88' title="bbox 1049 1895 1956 1940; baseline 0.007 -5"><span class='ocrx_word' id='word_1_378' title='bbox 1049 1895 1194 1936; x_wconf 87' lang='lat' dir='ltr'>fratris</span> <span class='ocrx_word' id='word_1_379' title='bbox 1220 1896 1298 1936; x_wconf 87' lang='lat' dir='ltr'>sui.</span> <span class='ocrx_word' id='word_1_380' title='bbox 1333 1895 1421 1938; x_wconf 88' lang='lat' dir='ltr'>Sed</span> <span class='ocrx_word' id='word_1_381' title='bbox 1447 1909 1546 1938; x_wconf 92' lang='lat' dir='ltr'>eum</span> <span class='ocrx_word' id='word_1_382' title='bbox 1571 1902 1719 1939; x_wconf 90' lang='lat' dir='ltr'>tamen</span> <span class='ocrx_word' id='word_1_383' title='bbox 1743 1899 1806 1940; x_wconf 92' lang='lat' dir='ltr'>sic</span> <span class='ocrx_word' id='word_1_384' title='bbox 1830 1898 1878 1940; x_wconf 87' lang='lat' dir='ltr'>li·</span> <span class='ocrx_word' id='word_1_385' title='bbox 1949 1903 1956 1908; x_wconf 87' lang='lat'>&#39;</span> 
     </span>
     <span class='ocr_line' id='line_1_89' title="bbox 1049 1951 1879 2002; baseline 0.006 -9"><span class='ocrx_word' id='word_1_386' title='bbox 1049 1951 1192 2002; x_wconf 86' lang='lat' dir='ltr'>bebat,</span> <span class='ocrx_word' id='word_1_387' title='bbox 1215 1957 1263 1994; x_wconf 91' lang='lat' dir='ltr'>ut</span> <span class='ocrx_word' id='word_1_388' title='bbox 1285 1965 1373 1994; x_wconf 94' lang='lat' dir='ltr'>non</span> <span class='ocrx_word' id='word_1_389' title='bbox 1397 1956 1583 1996; x_wconf 82' lang='lat' dir='ltr'>saeviret.</span> <span class='ocrx_word' id='word_1_390' title='bbox 1617 1955 1879 1998; x_wconf 89' lang='lat' dir='ltr'>Honorabat</span> 
     </span>
     <span class='ocr_line' id='line_1_90' title="bbox 1049 2010 1879 2062; baseline 0.004 -11"><span class='ocrx_word' id='word_1_391' title='bbox 1049 2021 1148 2051; x_wconf 93' lang='lat' dir='ltr'>eum</span> <span class='ocrx_word' id='word_1_392' title='bbox 1181 2022 1206 2050; x_wconf 90' lang='lat' dir='ltr'>a</span> <span class='ocrx_word' id='word_1_393' title='bbox 1236 2022 1322 2062; x_wconf 93' lang='lat' dir='ltr'>quo</span> <span class='ocrx_word' id='word_1_394' title='bbox 1355 2022 1508 2051; x_wconf 89' lang='lat' dir='ltr'>verum</span> <span class='ocrx_word' id='word_1_395' title='bbox 1542 2010 1766 2053; x_wconf 88' lang='lat' dir='ltr'>audiebat:</span> <span class='ocrx_word' id='word_1_396' title='bbox 1798 2012 1879 2054; x_wconf 90' lang='lat' dir='ltr'>sed</span> 
     </span>
     <span class='ocr_line' id='line_1_91' title="bbox 1048 2066 1878 2111; baseline 0.006 -5"><span class='ocrx_word' id='word_1_397' title='bbox 1048 2066 1204 2108; x_wconf 78' lang='lat' dir='ltr'>mulier</span> <span class='ocrx_word' id='word_1_398' title='bbox 1240 2066 1514 2109; x_wconf 86' lang='lat' dir='ltr'>detestabilis</span> <span class='ocrx_word' id='word_1_399' title='bbox 1552 2067 1703 2110; x_wconf 91' lang='lat' dir='ltr'>odium</span> <span class='ocrx_word' id='word_1_400' title='bbox 1735 2069 1878 2111; x_wconf 91' lang='lat' dir='ltr'>conci-</span> 
     </span>
     <span class='ocr_line' id='line_1_92' title="bbox 1047 2122 1878 2176; baseline 0.006 -13"><span class='ocrx_word' id='word_1_401' title='bbox 1047 2122 1208 2175; x_wconf 90' lang='lat' dir='ltr'>piebat,</span> <span class='ocrx_word' id='word_1_402' title='bbox 1234 2123 1354 2176; x_wconf 91' lang='lat' dir='ltr'>quod</span> <span class='ocrx_word' id='word_1_403' title='bbox 1378 2123 1617 2176; x_wconf 87' lang='lat' dir='ltr'>aliquando</span> <span class='ocrx_word' id='word_1_404' title='bbox 1643 2125 1748 2167; x_wconf 88' lang='lat' dir='ltr'>dato</span> <span class='ocrx_word' id='word_1_405' title='bbox 1772 2128 1878 2168; x_wconf 91' lang='lat' dir='ltr'>tem·</span> 
     </span>
     <span class='ocr_line' id='line_1_93' title="bbox 1047 2181 1878 2235; baseline 0.005 -15"><span class='ocrx_word' id='word_1_406' title='bbox 1047 2192 1156 2232; x_wconf 93' lang='lat' dir='ltr'>pore</span> <span class='ocrx_word' id='word_1_407' title='bbox 1180 2181 1367 2232; x_wconf 88' lang='lat' dir='ltr'>pareret.</span> <span class='ocrx_word' id='word_1_408' title='bbox 1400 2181 1586 2230; x_wconf 88' lang='lat' dir='ltr'>Quando</span> <span class='ocrx_word' id='word_1_409' title='bbox 1611 2186 1758 2224; x_wconf 89' lang='lat' dir='ltr'>autem</span> <span class='ocrx_word' id='word_1_410' title='bbox 1781 2195 1878 2235; x_wconf 87' lang='lat' dir='ltr'>par-</span> 
     </span>
     <span class='ocr_line' id='line_1_94' title="bbox 1047 2236 1878 2290; baseline 0.005 -14"><span class='ocrx_word' id='word_1_411' title='bbox 1047 2236 1250 2286; x_wconf 88' lang='lat' dir='ltr'>turiebat,</span> <span class='ocrx_word' id='word_1_412' title='bbox 1275 2238 1447 2290; x_wconf 90' lang='lat' dir='ltr'>peperit</span> <span class='ocrx_word' id='word_1_413' title='bbox 1471 2237 1616 2288; x_wconf 87' lang='lat' dir='ltr'>filiam,</span> <span class='ocrx_word' id='word_1_414' title='bbox 1641 2238 1776 2280; x_wconf 87' lang='lat' dir='ltr'>filiam</span> <span class='ocrx_word' id='word_1_415' title='bbox 1798 2239 1878 2281; x_wconf 89' lang='lat' dir='ltr'>sal-</span> 
     </span>
     <span class='ocr_line' id='line_1_95' title="bbox 1048 2295 1226 2335; baseline -0.006 0"><span class='ocrx_word' id='word_1_416' title='bbox 1048 2295 1226 2335; x_wconf 87' lang='lat' dir='ltr'>tantem.</span> 
     </span>
    </p>

    <p class='ocr_par' dir='ltr' id='par_1_27' title="bbox 1048 2362 1903 2747">
     <span class='ocr_line' id='line_1_96' title="bbox 1104 2362 1880 2415; baseline 0.005 -12"><span class='ocrx_word' id='word_1_417' title='bbox 1104 2365 1155 2415; x_wconf 65' lang='lat' dir='ltr'>R!-</span> <span class='ocrx_word' id='word_1_418' title='bbox 1173 2362 1297 2404; x_wconf 88' lang='lat' dir='ltr'>Stola</span> <span class='ocrx_word' id='word_1_419' title='bbox 1316 2363 1598 2415; x_wconf 86' lang='lat' dir='ltr'>jucunditatis</span> <span class='ocrx_word' id='word_1_420' title='bbox 1616 2363 1760 2406; x_wconf 89' lang='lat' dir='ltr'>induit</span> <span class='ocrx_word' id='word_1_421' title='bbox 1779 2377 1880 2407; x_wconf 92' lang='lat' dir='ltr'>eum</span> 
     </span>
     <span class='ocr_line' id='line_1_97' title="bbox 1048 2419 1879 2474; baseline 0.005 -14"><span class='ocrx_word' id='word_1_422' title='bbox 1048 2419 1281 2461; x_wconf 83' lang='lat' dir='ltr'>Dominus:</span> <span class='ocrx_word' id='word_1_423' title='bbox 1317 2421 1340 2445; x_wconf 87' lang='lat'>*</span> <span class='ocrx_word' id='word_1_424' title='bbox 1369 2421 1426 2462; x_wconf 91' lang='lat' dir='ltr'>Et</span> <span class='ocrx_word' id='word_1_425' title='bbox 1454 2422 1663 2462; x_wconf 90' lang='lat' dir='ltr'>coronam</span> <span class='ocrx_word' id='word_1_426' title='bbox 1690 2421 1879 2474; x_wconf 91' lang='lat' dir='ltr'>pulchri-</span> 
     </span>
     <span class='ocr_line' id='line_1_98' title="bbox 1048 2475 1880 2532; baseline 0.005 -15"><span class='ocrx_word' id='word_1_427' title='bbox 1048 2475 1213 2518; x_wconf 83' lang='lat' dir='ltr'>tudinis</span> <span class='ocrx_word' id='word_1_428' title='bbox 1248 2477 1399 2530; x_wconf 84' lang='lat' dir='ltr'>posuit</span> <span class='ocrx_word' id='word_1_429' title='bbox 1435 2490 1569 2530; x_wconf 89' lang='lat' dir='ltr'>super</span> <span class='ocrx_word' id='word_1_430' title='bbox 1607 2484 1740 2530; x_wconf 91' lang='lat' dir='ltr'>caput</span> <span class='ocrx_word' id='word_1_431' title='bbox 1777 2481 1880 2532; x_wconf 90' lang='lat' dir='ltr'>ejus.</span> 
     </span>
     <span class='ocr_line' id='line_1_99' title="bbox 1055 2529 1880 2589; baseline 0.005 -15"><span class='ocrx_word' id='word_1_432' title='bbox 1055 2529 1102 2581; x_wconf 68' lang='lat' dir='ltr'>V.</span> <span class='ocrx_word' id='word_1_433' title='bbox 1136 2533 1309 2575; x_wconf 85' lang='lat' dir='ltr'>Cibavit</span> <span class='ocrx_word' id='word_1_434' title='bbox 1350 2533 1474 2575; x_wconf 85' lang='lat' dir='ltr'>illum</span> <span class='ocrx_word' id='word_1_435' title='bbox 1509 2534 1725 2577; x_wconf 89' lang='lat' dir='ltr'>Dominus</span> <span class='ocrx_word' id='word_1_436' title='bbox 1765 2549 1880 2589; x_wconf 88' lang='lat' dir='ltr'>pane</span> 
     </span>
     <span class='ocr_line' id='line_1_100' title="bbox 1050 2589 1879 2646; baseline 0.005 -15"><span class='ocrx_word' id='word_1_437' title='bbox 1050 2590 1151 2632; x_wconf 89' lang='lat' dir='ltr'>vitae</span> <span class='ocrx_word' id='word_1_438' title='bbox 1171 2595 1215 2632; x_wconf 91' lang='lat' dir='ltr'>et</span> <span class='ocrx_word' id='word_1_439' title='bbox 1232 2589 1495 2632; x_wconf 89' lang='lat' dir='ltr'>intellectus:</span> <span class='ocrx_word' id='word_1_440' title='bbox 1515 2595 1559 2632; x_wconf 92' lang='lat' dir='ltr'>et</span> <span class='ocrx_word' id='word_1_441' title='bbox 1577 2603 1691 2643; x_wconf 87' lang='lat' dir='ltr'>aqua</span> <span class='ocrx_word' id='word_1_442' title='bbox 1711 2593 1879 2646; x_wconf 89' lang='lat' dir='ltr'>sapien-</span> 
     </span>
     <span class='ocr_line' id='line_1_101' title="bbox 1049 2647 1903 2700; baseline 0.005 -12"><span class='ocrx_word' id='word_1_443' title='bbox 1049 2647 1124 2688; x_wconf 89' lang='lat' dir='ltr'>tiae</span> <span class='ocrx_word' id='word_1_444' title='bbox 1165 2647 1370 2689; x_wconf 84' lang='lat' dir='ltr'>salutaris</span> <span class='ocrx_word' id='word_1_445' title='bbox 1410 2648 1583 2700; x_wconf 90' lang='lat' dir='ltr'>potavit</span> <span class='ocrx_word' id='word_1_446' title='bbox 1622 2648 1755 2690; x_wconf 82' lang='lat' dir='ltr'>illum.</span> <span class='ocrx_word' id='word_1_447' title='bbox 1813 2650 1903 2692; x_wconf 87' lang='lat' dir='ltr'>Et..</span> 
     </span>
     <span class='ocr_line' id='line_1_102' title="bbox 1053 2703 1464 2747; baseline 0.005 -4"><span class='ocrx_word' id='word_1_448' title='bbox 1053 2703 1203 2746; x_wconf 86' lang='lat' dir='ltr'>Gloria</span> <span class='ocrx_word' id='word_1_449' title='bbox 1229 2703 1361 2746; x_wconf 87' lang='lat' dir='ltr'>Patri.</span> <span class='ocrx_word' id='word_1_450' title='bbox 1396 2704 1464 2747; x_wconf 90' lang='lat' dir='ltr'>Et.</span> 
     </span>
    </p>
   </div>
   <div class='ocr_carea' id='block_1_18' title="bbox 117 2674 1942 2803">
    <p class='ocr_par' dir='ltr' id='par_1_28' title="bbox 117 2674 1942 2803">
     <span class='ocr_line' id='line_1_103' title="bbox 1464 2674 1942 2772; baseline 0 -46"><span class='ocrx_word' id='word_1_451' title='bbox 1464 2674 1942 2772; x_wconf 95' lang='lat' dir='ltr'>  </span> 
     </span>
     <span class='ocr_line' id='line_1_104' title="bbox 117 2772 1942 2803; baseline 0 141"><span class='ocrx_word' id='word_1_452' title='bbox 117 2772 1942 2803; x_wconf 95' lang='lat' dir='ltr'> </span> 
     </span>
    </p>
   </div>
  </div>
 </body>
</html>
