2040 2944
840 184 1050 218 Commune
1079 185 1286 226 Virginum.

208 287 333 326 versa
361 289 494 326 terra:
521 284 545 310 *
577 282 709 324 dieite
740 282 785 322 in
818 281 1032 323 Gentibus

207 341 309 393 quia
336 340 550 381 DOminus
577 338 785 390 regnavit.

257 398 432 439 Etenim
472 395 664 437 correxit
705 394 859 436 orbem
900 399 1030 436 terrae

207 455 280 506 qui
312 467 399 495 non
428 451 789 494 commovebitur:
821 453 844 479 *
872 451 1030 503 judiea-

206 510 270 552 bit
298 509 487 562 populos
515 510 558 550 in
587 509 806 560 aequitate.

256 567 480 608 Laetentur
501 565 611 616 coeli,
633 570 676 607 et
694 565 883 607 exsfiltet
901 569 1031 606 terra:

205 625 534 665 commoveatur
562 635 696 671 mare,
732 627 775 664 et
801 621 1030 674 plenitl'ldo

206 681 313 732 ejus:
333 682 356 707 *
374 679 628 731 gaudebunt
650 678 804 731 campi,
823 683 866 719 et
885 679 1031 719 omnia

207 749 306 788 quae
334 737 377 777 in
405 737 467 778 eis
495 742 606 777 sunt.

256 794 381 835 Tunc
416 793 694 835 exsultabunt
731 793 875 834 omnia
914 792 1031 843 ligna

204 850 413 891 silvarum
437 862 462 890 a
484 850 594 891 facie
616 850 804 899 Domini,
834 849 936 901 quia
960 861 1030 890 ve-

204 906 280 948 nit:
306 909 329 934 *
357 906 564 959 quoniam
587 906 706 947 venit
730 905 921 958 judicare
946 910 1029 947 ter-

203 976 307 1004 ram.

255 1019 477 1062 Judiceibit
504 1020 656 1062 orbem
681 1024 811 1061 terrae
835 1020 879 1060 in
899 1019 1030 1071 aequi-

202 1078 303 1127 tate⁷
322 1078 346 1103 *
372 1082 415 1118 et
442 1077 634 1130 populos
661 1076 704 1117 in
728 1076 913 1118 veritate
941 1088 1030 1116 sua.

258 1135 357 1174 Ant.
399 1134 532 1185 Nigra
564 1147 676 1183 sum,
714 1133 793 1174 sed
826 1133 1029 1183 formoSa,

203 1190 305 1230 filiae
338 1190 597 1232 Jerusalem:
633 1190 734 1232 ideo
772 1190 926 1231 dilexit
958 1202 1030 1230 me

205 1247 319 1296 Rex,
348 1252 392 1289 et
416 1247 661 1289 introdfixit
686 1260 756 1288 me
783 1247 827 1287 in
856 1246 1029 1288 cubicu-

202 1303 291 1344 lum
311 1317 447 1345 suum.

260 1364 355 1402 Ant.
376 1361 520 1402 Trahe
540 1366 610 1402 nie
629 1366 733 1414 post
754 1366 808 1411 te,
823 1361 905 1400 *in
924 1359 1029 1402 odo-

202 1429 294 1457 rem
327 1419 552 1459 curremus
583 1419 905 1469 unguentOrum
935 1419 1029 1458 tuo-

201 1485 312 1513 rum:
341 1473 485 1515 oleum
510 1475 696 1516 efftisum
714 1487 873 1516 nomen
895 1479 1028 1515 tuum.

471 1533 669 1574 Psalmus
699 1534 765 1574 96.

205 1585 462 1691 Dominus
478 1588 687 1639 regnavit,
699 1588 889 1630 exsnltet
898 1593 1029 1630 terra:

325 1646 348 1670 *
376 1645 581 1686 laetentur
608 1644 762 1686 insulae
791 1645 952 1686 multae.

253 1701 416 1751 Nubes,
437 1707 480 1743 et
499 1702 640 1753 caligo
657 1702 701 1742 in
721 1701 905 1743 cireliitu
923 1703 1030 1754 ejus:

202 1759 226 1784 *
262 1758 441 1810 justitia⁷
483 1763 527 1800 et
568 1758 774 1810 judicium
812 1759 1029 1800 correctio

204 1814 322 1856 sedis
352 1816 454 1867 ejus.

257 1872 375 1922 Ignis
414 1876 513 1913 ante
552 1871 696 1924 ipsum
731 1871 973 1924 praecedet,
1007 1873 1030 1897 *

206 1933 250 1968 et
276 1928 517 1970 inflaffizibit
548 1928 592 1968 in
619 1928 803 1970 circnitu
830 1929 1030 1970 inimicos

207 1984 307 2035 ejus.

257 2040 498 2082 IHuxerunt
520 2040 692 2092 falgura
716 2042 805 2093 ejus
829 2041 927 2083 orbi
947 2046 1031 2083 ter-

206 2110 281 2138 rae:
303 2099 326 2124 *
349 2097 469 2147 vidit,
494 2103 538 2139 et
562 2099 782 2139 commota
810 2102 877 2139 est
903 2103 1032 2139 terra.

257 2153 446 2204 Montes,
480 2155 592 2196 sicut
626 2167 727 2196 cera
759 2154 980 2196 fluxerunt
1007 2168 1032 2196 a

206 2210 316 2252 feieie
352 2211 543 2252 Domini:
580 2213 604 2238 *
641 2224 667 2252 a
703 2211 813 2252 facie
853 2212 1032 2253 Domini

207 2267 348 2309 omnis
376 2272 504 2309 terra.

258 2323 637 2365 Annuntiaverunt
680 2324 781 2365 eoeli
827 2325 1033 2377 iustitiam

208 2379 311 2430 ejus:
343 2381 366 2406 *
400 2385 443 2421 et
471 2380 673 2422 viderunt
701 2393 851 2423 omnes
879 2381 1033 2434 pOpuli

205 2434 389 2486 gloriam
417 2437 517 2487 ejus.

260 2491 589 2534 Confundzintur
629 2506 796 2543 omnes,
843 2494 917 2546 qui
960 2493 1032 2535 ad-

208 2550 334 2589 orant
358 2549 592 2601 sculptilia:
625 2552 648 2577 *
676 2557 720 2592 et
747 2551 820 2603 qui
847 2550 1031 2602 glorian-

207 2610 277 2646 tur
306 2605 348 2645 in
376 2606 618 2647 simulacris
647 2608 747 2648 suis.

259 2661 455 2703 Adorate
473 2675 570 2703 eum
588 2675 738 2705 omnes
754 2664 911 2715 Angeli
927 2665 1032 2716 ejus:

207 2720 231 2744 *
258 2718 437 2767 audivit,
466 2724 509 2759 et
536 2718 684 2760 laetzita
713 2725 779 2761 est
806 2721 921 2762 Sion.

1136 282 1194 322 Et
1226 282 1555 324 exsultaverunt
1586 283 1690 325 fssiae
1716 283 1859 336 Judae,
1887 286 1911 312 *

1084 343 1269 390 propter
1296 337 1454 390 judicia
1481 343 1558 380 tua
1583 339 1786 382 Domine:

1137 394 1352 444 Quouiam
1370 400 1418 437 tu
1430 395 1644 438 Dominus
1659 397 1910 439 Altissimus

1085 463 1215 503 super
1243 464 1418 493 omnem
1441 457 1616 494 terram:
1640 455 1664 480 *
1686 454 1813 495 nimis
1839 467 1910 496 ex-

1084 507 1244 549 altatus
1273 521 1319 549 es
1348 522 1480 561 super
1508 522 1659 551 omnes
1687 509 1807 552 deos.

1136 565 1220 614 Qui
1235 564 1414 616 diligitis
1429 565 1676 616 D6minum,
1691 566 1812 608 odite
1822 579 1910 608 ma-

1083 620 1187 662 lum:
1215 623 1238 648 *
1271 621 1466 663 custodit
1496 623 1711 664 D6minus
1744 623 1910 665 animas

1083 679 1334 719 sanetOrum
1361 681 1551 730 su6rum,
1580 679 1635 721 de
1659 692 1791 720 manu
1811 692 1910 732 pec·

1083 735 1244 776 catoris
1271 734 1474 777 liberabit
1503 748 1590 777 eos

1134 791 1231 832 Lux
1259 796 1356 833 orta
1389 797 1456 833 est
1482 793 1670 844 justo‚*

1083 848 1218 889 eorde
1246 848 1409 890 laetitia.

1134 904 1365 946 Laetzimini
1392 906 1493 957 justi
1520 905 1563 946 in
1589 905 1795 947 Domino:
1820 907 1844 933 *
1867 910 1910 948 et

1083 961 1350 1003 confitemini
1376 962 1601 1003 memoriae
1634 962 1908 1004 sanctificati-

1083 1018 1178 1059 6nis
1207 1020 1308 1071 ejus.

1140 1079 1239 1119 Ant.
1267 1075 1410 1116 Trahe
1433 1088 1502 1117 me
1525 1081 1630 1128 post
1652 1080 1712 1126 te,
1740 1075 1785 1116 in
1804 1075 1909 1117 odo-

1082 1145 1174 1173 rem
1205 1133 1431 1173 curre'mus
1465 1134 1789 1183 unguentorum
1815 1134 1910 1174 tuo-

1082 1202 1193 1230 rum:
1222 1189 1366 1230 oleum
1393 1188 1578 1230 effi'lsum
1597 1201 1757 1230 nomen
1775 1194 1910 1231 tuum.

1134 1248 1230 1288 Ant.
1260 1246 1368 1287 Veni
1397 1258 1560 1298 sponsa
1588 1245 1767 1296 Christi,
1791 1246 1814 1271 *
1841 1247 1908 1287 zic-

1082 1302 1179 1355 cipe
1200 1305 1424 1352 eoronam‚
1446 1315 1577 1354 quam
1596 1301 1677 1344 tibi
1695 1303 1910 1344 D6minus

1081 1359 1347 1411 praeparavit
1367 1360 1411 1400 in
1433 1360 1658 1401 aeternum.

1359 1417 1559 1458 Psalmus
1581 1418 1645 1457 97.

1088 1468 1317 1577 Cantate
1350 1472 1542 1514 Domino
1577 1473 1795 1514 canticum
1836 1484 1909 1513 no-

1177 1542 1293 1569 vum:
1312 1529 1335 1554 *
1357 1529 1459 1580 quia
1476 1528 1693 1570 mirabilia
1712 1528 1827 1570 fecit.

1133 1585 1327 1626 Salvz'wit
1355 1585 1439 1626 sibi
1473 1585 1656 1627 dextera
1683 1586 1789 1637 ejus:
1812 1585 1836 1610 *
1865 1591 1911 1626 et

1080 1641 1309 1683 brachium
1331 1646 1529 1683 sanctum
1552 1643 1653 1694 ejus.

1132 1703 1300 1744 Notum
1332 1703 1436 1744 fecit
1464 1703 1680 1744 Dominus
1717 1702 1909 1744 salutare

1083 1773 1223 1800 suum:
1242 1760 1265 1785 *
1285 1759 1329 1800 in
1349 1761 1591 1812 conspectu
1612 1759 1819 1801 Gentium
1845 1771 1910 1800 re-

1082 1815 1245 1857 velavit
1264 1816 1473 1868 justitiam
1493 1829 1626 1858 suam.

1134 1872 1411 1914 Recordatus
1471 1878 1538 1915 est
1590 1871 1907 1914 miseri06rdiae

1084 1942 1189 1980 suae,
1211 1930 1234 1955 *
1255 1934 1298 1971 et
1326 1930 1524 1972 veritatis
1553 1942 1645 1971 suae
1673 1929 1824 1971 domui
1847 1929 1909 1970 Is-

1083 1986 1186 2027 raeL

1135 2042 1355 2085 Viderunt
1373 2056 1525 2085 omnes
1548 2042 1721 2084 termini
1739 2046 1871 2084 terrae
1885 2041 1910 2067 '⁸'

1085 2099 1275 2142 salutare
1293 2100 1377 2142 Dei
1395 2099 1545 2141 nostri.

1135 2157 1158 2197 J
1161 2156 1326 2198 ubile'lte
1342 2157 1440 2198 Deo
1461 2156 1602 2198 omnis
1623 2159 1754 2197 terra:
1773 2155 1797 2180 *
1813 2167 1909 2195 can-

1084 2215 1187 2263 tate,
1208 2218 1252 2255 et
1274 2213 1500 2262 exsultate,
1519 2217 1563 2254 et
1578 2211 1764 2265 psallite.

1136 2269 1316 2311 Psallite
1343 2269 1535 2311 Domino
1567 2269 1611 2310 in
1647 2267 1829 2318 cithara,
1866 2267 1910 2307 in

1084 2326 1251 2368 eithara
1280 2330 1323 2367 et
1350 2339 1460 2368 voce
1486 2324 1659 2378 psalmi:
1678 2324 1701 2349 *
1726 2323 1770 2364 in
1789 2323 1909 2364 tubis

1085 2382 1334 2432 ductilibus,
1355 2387 1398 2424 et
1417 2394 1527 2423 voce
1544 2380 1664 2423 tubae
1683 2382 1866 2421 corneae.

1136 2439 1326 2480 Jubilate
1352 2439 1396 2479 in
1419 2439 1660 2490 conspeetu
1685 2436 1801 2488 regis
1820 2437 1908 2477 Do-

1083 2496 1203 2536 mini:
1223 2497 1246 2521 *
1266 2497 1494 2536 moveatur
1511 2506 1642 2543 mare,
1663 2498 1706 2534 et
1724 2493 1909 2546 plenitfi-

1085 2552 1142 2594 do
1162 2553 1266 2604 ejus:
1290 2551 1410 2593 orbis
1429 2552 1658 2599 terrarum,
1677 2554 1721 2591 et
1742 2549 1816 2602 qui
1834 2548 1907 2590 hai-

1083 2609 1226 2650 bitant
1245 2608 1290 2648 in
1310 2620 1374 2649 eo.

1135 2664 1336 2706 Flamina
1362 2662 1574 2716 plaudent
1600 2675 1742 2711 manu,
1780 2660 1908 2702 simul

1084 2726 1257 2762 montes
1292 2719 1573 2761 exsultabunt
1609 2732 1634 2760 a
1667 2719 1910 2770 conspectu

1703 797 1747 834 et
1778 792 1910 835 rectis
