2040 2944
484 257 487 260 ‚
542 212 655 246 Feria
679 213 727 247 iv.
753 212 924 253 Quatuor
947 213 1179 257 Temporum
1205 215 1450 258 Septembris,

1795 216 1858 251 145

149 313 387 352 numquam
414 301 459 342 in
486 301 643 343 eodem
670 307 786 344 statu
809 316 978 355 perma-

149 358 319 405 nentes,
345 371 461 399 nunc
479 357 537 399 ad
559 357 673 408 haec,
698 372 813 400 nunc
832 359 888 401 ad
905 361 978 402 illa

149 412 254 454 vitia
272 414 438 463 mutati,
459 418 661 455 crescunt
680 419 812 467 atque
831 415 978 457 decre-

150 474 287 511 scunt.
339 470 423 520 Qui
450 471 559 512 muti
587 476 704 520 sunt,
731 484 820 512 non
846 473 994 513 confir

149 525 286 567 tendo
305 526 453 567 fidem:
479 526 617 576 surdi,
642 539 725 568 nec
742 527 887 580 ipsum
906 529 978 569 ali-

151 584 368 634 quatenus
403 582 600 624 veritatis
636 582 854 625 audiendo
891 597 977 625 ser-

148 640 334 680 monem.
355 639 570 691 Spumant
584 644 741 689 autem,
763 653 862 681 cum
876 641 978 682 stul-

148 695 245 736 titia
279 695 522 737 tabescunt.
583 695 826 737 Stultorum
861 710 978 737 nam-

150 763 251 802 que,
281 756 325 792 et
348 751 661 802 languentium,
689 757 822 804 atque
847 752 976 795 hebe—

148 811 242 848 tum
262 812 344 857 est,
370 819 549 860 spumas
570 807 806 849 salivarum
826 821 880 850 ex
901 822 977 852 ore

150 862 380 905 dimittere.
417 863 613 905 Strident
638 863 852 914 dentibus,
878 878 976 906 cum

149 917 387 961 iracundiae
443 919 591 961 furore
654 920 975 963 flammescunt:

150 977 369 1026 arescunt,
402 989 502 1017 cum
534 977 625 1018 otio
658 978 861 1029 torpente
888 978 975 1018 lan-

147 1033 377 1082 guescunt,
416 1037 459 1074 et
494 1032 613 1073 nulla
645 1033 817 1075 virtutis
851 1033 974 1075 indu-

148 1087 254 1129 stria
273 1088 508 1130 confortati
527 1089 743 1130 enerviter
761 1089 922 1131 vivunt.

196 1153 248 1204 Rz.
275 1148 611 1190 Tribulationes.
629 1150 716 1190 143.

455 1222 607 1265 Lectio
627 1224 666 1263 ii.

228 1286 319 1329 uod
338 1291 485 1328 autem
504 1286 579 1327 ait:
601 1286 659 1328 Et
678 1286 768 1328 dixi
788 1287 973 1340 discipu-

249 1342 303 1384 lis
336 1342 424 1384 tuis
451 1347 500 1384 ut
527 1343 732 1394 ejicerent
760 1343 899 1394 illum,
932 1350 975 1386 et

144 1411 233 1441 non
251 1400 504 1451 potuerunt;
523 1398 711 1440 latenter
731 1400 974 1452 Apostolos

145 1458 342 1505 accusat,
389 1467 488 1496 cum
532 1455 865 1507 impossibilitas
904 1469 973 1498 cu-

144 1511 286 1561 randi,
314 1511 534 1552 interdum
558 1524 646 1552 non
671 1510 727 1553 ad
750 1511 972 1554 imbecilli-

143 1569 281 1610 tatem
312 1568 574 1618 curantium,
619 1567 699 1609 sed
732 1568 788 1609 ad
821 1570 974 1610 eorum

146 1624 220 1676 qui
243 1623 425 1666 curandi
449 1628 564 1674 sunt,
590 1623 724 1666 fidem
748 1624 973 1675 referatur,

145 1680 317 1722 dicente
344 1681 551 1722 Domino:
582 1680 680 1722 Fiat
710 1680 790 1721 tibi
822 1685 971 1722 secun-

145 1736 249 1778 dum
267 1736 401 1778 fidem
423 1742 555 1778 tuam.
592 1736 675 1787 Qui
699 1736 972 1789 respondens

145 1793 218 1842 eis,
252 1793 377 1834 dixit:
410 1792 447 1834 O
480 1793 705 1843 generatio
737 1793 972 1843 incredula,

146 1848 356 1901 quamdiu
379 1849 499 1902 apud
522 1861 603 1890 vos
628 1847 728 1890 ero?
764 1849 973 1900 quamdiu

145 1917 225 1946 vos
253 1904 419 1958 patiar?
460 1905 563 1946 Non
591 1903 712 1956 quod
740 1904 876 1947 taedio
905 1919 972 1947 su-

143 1963 324 2014 peratus
357 1961 430 2011 sit,
470 1963 724 2003 mansuetus
761 1974 812 2002 ac
844 1962 972 2011 mitis,

145 2017 220 2070 qui
237 2030 326 2059 non
345 2018 517 2070 aperuit
537 2018 650 2059 sicut
668 2030 805 2069 agnus
825 2030 973 2059 coram

144 2073 356 2116 tondente
389 2086 439 2115 os
472 2087 614 2124 suum,
649 2087 731 2116 nec
762 2074 806 2114 in
837 2072 973 2116 verba

143 2130 305 2172 furoris
325 2131 484 2183 erupit:
509 2130 589 2172 sed
609 2143 697 2182 quo
716 2130 760 2171 in
778 2130 972 2172 similitu-

144 2186 292 2228 dinem
318 2186 492 2239 medici,
520 2187 558 2227 si
586 2188 801 2238 aegrotum
825 2185 973 2228 videat

144 2248 298 2285 contra
317 2256 396 2284 sua
413 2244 639 2295 praecepta
657 2255 704 2284 se
723 2244 892 2293 gerere,
913 2243 972 2284 di-

144 2304 228 2341 cat:
242 2299 484 2351 Usquequo
499 2298 708 2340 accedam
722 2298 779 2340 ad
793 2298 972 2340 domum

141 2354 285 2397 tuam?
333 2358 562 2407 quousque
594 2354 701 2395 artis
734 2367 844 2395 meae
876 2367 972 2407 per-

143 2410 244 2453 dam
263 2411 536 2462 industriam,
556 2424 627 2452 me
648 2410 767 2452 aliud
787 2409 971 2462 jubente,

142 2473 186 2509 et
205 2474 249 2511 te
270 2468 390 2509 aliud
409 2465 715 2521 perpetrante?

196 2528 247 2579 Ιῖι.
272 2529 402 2570 Omni
419 2530 630 2580 tempore.
649 2528 728 2567 141.

444 2595 597 2636 Lectio
618 2595 672 2634 iii.

233 2665 252 2702 t
271 2660 380 2703 dixit
400 2662 497 2703 illis:
516 2662 618 2704 Hoc
636 2674 772 2714 genus
791 2661 833 2701 in
852 2660 971 2701 nullo

233 2722 383 2769 potest
397 2721 527 2768 exire,
547 2718 630 2759 nisi
648 2719 691 2758 in
711 2717 909 2759 oratione
924 2721 968 2757 et

1030 307 1197 358 jejunio.
1216 308 1332 349 Dum
1344 309 1475 351 docet
1484 310 1739 363 Apostolos,
1751 315 1855 363 quo-

1029 363 1163 404 modo
1189 363 1361 406 daemon
1385 367 1676 418 nequissimus
1697 366 1856 409 debeat

1031 419 1205 472 expelli,
1234 433 1386 463 omnes
1413 422 1598 464 instituit
1624 424 1679 465 ad
1706 424 1855 465 vitam:

1028 480 1077 516 ut
1109 476 1274 518 scilicet
1299 478 1565 528 noverimus,
1597 480 1855 530 gravissima

1030 543 1217 584 quaeque
1257 533 1327 574 vel
1368 534 1690 576 immundorum
1731 537 1853 589 spiri-

1028 592 1168 637 tuum,
1209 588 1279 630 vel
1316 588 1539 631 hominum
1575 594 1854 642 tentamenta,

1028 643 1195 694 jejuniis
1222 650 1266 686 et
1292 646 1562 687 orationibus
1587 660 1683 689 esse
1706 661 1853 701 super-

1029 699 1156 741 anda:
1187 701 1296 741 iram
1329 714 1504 753 quoque
1529 703 1720 753 Domini,
1755 717 1854 745 cum

1027 755 1071 795 in
1106 756 1316 798 ultionem
1352 760 1604 799 nostrorum
1640 760 1853 801 scelerum

1027 812 1157 853 fuerit
1177 815 1375 859 accensa,
1395 813 1480 855 hoc
1499 815 1692 856 remedio
1713 816 1852 866 singu-

1027 867 1107 908 lari
1125 881 1257 920 posse
1274 869 1448 921 placari.
1475 870 1501 911 J
1503 871 1690 921 ejunium
1707 878 1852 913 autem

1027 924 1231 974 generale
1257 931 1340 976 est,
1368 939 1455 966 non
1481 926 1622 967 solum
1649 927 1703 969 ab
1730 929 1852 978 escis,

1027 980 1107 1021 sed
1140 986 1183 1022 et
1215 994 1239 1022 a
1276 982 1442 1023 cunctis
1474 982 1690 1024 illecebris
1723 983 1851 1025 absti-

1026 1038 1130 1077 nere
1157 1037 1421 1086 carnalibus,
1452 1038 1539 1080 imo
1571 1039 1626 1080 ab
1652 1039 1852 1081 omnibus

1027 1092 1231 1134 vitiorum
1256 1094 1477 1135 continere
1499 1107 1546 1136 se
1566 1095 1852 1147 passionibus.

1026 1148 1098 1189 Sic
1123 1153 1167 1190 et
1191 1150 1333 1190 oratio
1358 1150 1573 1200 generalis
1591 1163 1679 1192 non
1698 1152 1741 1191 in
1759 1164 1851 1193 ver-

1026 1204 1094 1245 bis
1116 1204 1258 1246 solum
1278 1210 1355 1255 est,
1381 1206 1538 1257 quibus
1559 1206 1748 1248 divinam
1769 1208 1851 1249 cle-

1026 1261 1234 1301 mentiam
1258 1261 1527 1312 invocamus,
1553 1276 1704 1304 verum
1723 1263 1852 1304 etiam

1025 1316 1070 1356 in
1089 1316 1301 1366 omnibus,
1323 1330 1421 1368 quae
1440 1318 1483 1358 in
1503 1318 1760 1370 obsequium
1778 1332 1851 1360 no-

1027 1372 1105 1414 stri
1126 1373 1376 1414 Conditoris
1400 1373 1504 1415 fidei
1529 1374 1763 1416 devotione
1782 1378 1851 1426 ge-

1026 1442 1171 1469 rimus.

1078 1497 1130 1548 R.
1154 1494 1324 1535 Memor
1343 1499 1449 1536 esto.
1468 1496 1554 1536 142.

1078 1569 1149 1611 Ad
1184 1570 1343 1611 Bened.
1386 1571 1484 1611 Ant.
1530 1570 1628 1610 Hoc
1659 1582 1795 1620 genus
1828 1571 1851 1595 *

1026 1623 1344 1664 daemoniorum
1375 1624 1418 1664 in
1450 1625 1569 1666 nullo
1601 1630 1749 1676 potest
1781 1638 1850 1667 ex—

1024 1681 1098 1729 ire,
1117 1679 1199 1719 nisi
1218 1679 1261 1719 in
1281 1681 1478 1722 oratione
1498 1686 1541 1722 et
1559 1681 1724 1732 jejunio.

1076 1748 1127 1797 V.
1159 1747 1336 1801 Repleti
1361 1762 1511 1790 sumus
1535 1762 1662 1790 mane
1688 1750 1850 1791 miseri-

1025 1803 1176 1845 cordia
1206 1810 1292 1846 tua.
1347 1807 1397 1857 R.
1430 1805 1773 1856 ExsultavimuS,
1807 1811 1850 1848 et

1025 1858 1230 1902 delectati
1253 1874 1412 1902 sumus.

1076 1932 1226 2016 Dehffile
1251 1934 1429 1968 dicuntur
1448 1933 1601 1975 Preces,
1626 1936 1667 1966 ut
1688 1932 1725 1965 in
1744 1931 1849 1965 Psal—

1025 1984 1133 2014 terio.
1202 2009 1210 2016 .

1361 2044 1523 2085 Oratio.

1025 2109 1394 2214 Misericordiae
1410 2125 1497 2161 tuae
1512 2118 1727 2168 remediis,
1743 2121 1851 2171 quae·

1146 2189 1295 2217 sumus
1314 2176 1516 2225 Domine,
1542 2175 1752 2226 fragilitas
1775 2187 1849 2216 no-

1025 2237 1115 2274 stra
1142 2233 1366 2274 subsistat:
1394 2238 1442 2273 ut
1471 2245 1569 2284 quae
1598 2244 1675 2272 sua
1704 2230 1849 2272 condi-

1022 2289 1142 2330 tione
1157 2289 1366 2338 atteritur,
1385 2294 1462 2329 tua
1481 2286 1708 2329 clementia
1727 2299 1848 2339 repa-

1024 2346 1152 2385 retur.
1180 2345 1264 2385 Per
1283 2344 1528 2386 Dominum.

1076 2414 1123 2448 Et
1148 2414 1287 2448 dicitur
1310 2403 1379 2457 per
1403 2414 1529 2448 Horas
1555 2414 1631 2448 diei
1656 2418 1810 2448 tantum.

1077 2474 1139 2507 Ad
1171 2474 1380 2516 Vesperas,
1418 2474 1451 2507 si
1482 2475 1522 2508 fit
1554 2475 1601 2508 de
1632 2474 1758 2518 Fcria,
1793 2475 1846 2508 di-

1026 2526 1161 2555 cuntur
1186 2522 1322 2555 Preces
1351 2522 1515 2556 feriales.
1548 2523 1619 2558 111.
1648 2533 1733 2556 cum
1757 2522 1845 2556 Ora-

1024 2570 1127 2604 tione
1153 2570 1366 2603 Dominicae
1390 2570 1654 2613 praecedentis.
