2040 2944
191 182 291 226 [320]

193 278 314 329 beth3
335 283 458 319 erant
477 282 625 318 autem
641 276 742 327 justi
757 275 888 317 ambo
909 274 1028 328 apud

192 336 347 376 Deum.
380 333 526 374 Ambo
550 333 663 384 justi,
689 332 791 385 quia
814 332 859 372 in
878 330 1026 373 ambo-

193 391 276 433 bus
302 395 396 432 erat
421 402 507 431 una
530 389 706 441 justitia.
741 389 890 430 Ambo
914 388 1027 441 justi,

195 449 295 500 quia
329 446 563 488 constabat
594 446 706 488 inter
740 459 817 487 eos
849 459 939 487 non
971 444 1027 487 de

194 503 419 555 diligentia
442 501 523 544 sed
547 502 602 544 de
629 502 861 544 sanctitate
881 503 1027 554 conju-

193 561 322 612 gium.
359 559 505 600 Ambo
531 559 648 611 justi,
678 559 781 611 quia
807 571 915 600 sexu
941 558 1026 600 dis-

193 630 340 670 pareS,
377 629 508 668 pares
540 616 708 656 meritis
741 615 1027 657 habebantur.

195 673 341 715 Ambo
370 673 486 724 justi,
520 672 623 724 quia
650 677 698 713 ut
726 675 820 713 erat
849 672 893 712 in
922 671 1027 713 duo-

193 731 276 772 bus
301 742 387 771 una
415 742 538 779 caro,
567 729 630 770 sic
659 734 754 770 erat
781 729 824 769 in
853 728 1027 770 duebus

194 799 307 828 unus
337 786 528 839 spiritus.

244 845 296 897 R.
328 843 420 884 Iste
447 847 514 883 est
541 842 616 894 qui
641 847 742 884 ante
770 842 915 883 Deum
939 854 1027 882 ma-

195 913 303 951 gnas
327 900 513 941 virtutes
543 901 753 951 operatus
782 903 866 948 est,
900 902 944 939 et
973 897 1029 939 de

196 957 314 998 omni
352 954 487 997 corde
527 968 608 997 suo
644 955 842 997 laudavit
878 954 1028 995 Demi-

196 1027 316 1054 num:
332 1012 355 1035 *
372 1014 475 1065 Ipse
499 1012 745 1054 intercedat
770 1024 854 1064 pro
872 1013 1027 1064 pecca-

196 1070 253 1111 tis
282 1070 477 1111 emnium
503 1069 782 1122 populorum.
825 1060 877 1112 V.
910 1068 1028 1109 Ecce

195 1126 328 1168 homo
352 1126 445 1167 sine
469 1126 663 1177 querela,
687 1138 818 1167 verus
837 1125 922 1166 Dei
941 1124 1027 1166 cul-

195 1188 281 1232 tor,
317 1182 542 1224 abstinens
576 1195 624 1224 se
654 1182 710 1224 ab
744 1182 864 1223 omni
892 1183 1028 1233 Opere

196 1239 330 1289 malo,
359 1243 403 1280 et
425 1241 687 1291 permanens
709 1239 754 1280 in
777 1237 1028 1279 innocentia

196 1309 285 1337 sua.
319 1296 433 1348 Ipse.

480 1346 632 1387 Lectio
653 1346 736 1385 viii.

278 1413 392 1458 rant,
427 1409 584 1461 inquit,
623 1409 724 1459 justi
759 1407 890 1449 ambo
928 1413 1028 1449 ante

308 1465 463 1506 Deum.
499 1465 558 1506 Et
584 1464 661 1506 ubi
684 1469 751 1506 est
776 1464 901 1514 illud,
927 1465 1028 1506 Non

196 1521 503 1573 justificabitur
533 1521 577 1561 in
606 1523 850 1573 conspectu
877 1526 954 1563 tuo
985 1535 1028 1564 o-

196 1577 307 1617 mnis
334 1575 508 1619 vivens?
548 1578 665 1619 Ante
690 1577 890 1619 homines
915 1578 1028 1620 forte

198 1634 294 1685 quis
318 1635 498 1686 putetur
521 1634 670 1684 justus,
697 1634 799 1686 quia
816 1634 1028 1684 homines,

197 1695 244 1731 ut
265 1690 417 1742 culpas
438 1692 676 1742 corporum
694 1696 868 1741 norunt,
887 1691 950 1732 sic
969 1693 1028 1732 vi-

195 1746 256 1787 tia
286 1747 444 1788 mentis
478 1747 694 1798 ignerant.
740 1747 856 1790 Ante
884 1748 1029 1789 Deum

196 1815 313 1852 vero,
338 1803 407 1844 cui
431 1804 626 1856 pectoris
650 1804 842 1846 claustra
863 1810 1028 1857 patent,

199 1871 329 1910 quem
374 1860 689 1910 cogitationum
735 1863 906 1903 secreta
941 1874 1029 1903 non

195 1915 350 1965 latent,
387 1916 485 1967 quis
521 1918 731 1958 innocens
763 1917 950 1960 habetur
986 1923 1030 1959 et

197 1971 356 2022 justus?
384 1972 521 2014 Estne
534 1972 679 2022 homo,
701 1974 774 2026 qui
790 1973 925 2016 corde
940 1987 1029 2016 non

197 2033 362 2079 peccet,
388 2041 476 2069 non
501 2030 767 2080 cogitatione
792 2029 1029 2084 delinquat,

198 2096 285 2124 non
310 2083 505 2126 offendat
534 2085 825 2137 dubitatione,
854 2100 943 2129 non
970 2087 1029 2129 la-

198 2153 327 2191 psum
351 2140 659 2194 trepidationis
682 2142 900 2185 incurrat?
937 2144 1030 2185 Μό-

198 2208 299 2247 yses
320 2196 504 2247 dubitat,
522 2198 673 2240 Aaron
694 2199 853 2250 deviat,
873 2200 1029 2241 Petrus

199 2257 339 2301 negat,
359 2258 403 2294 et
422 2254 519 2305 quis
539 2255 697 2305 justus?
727 2256 784 2297 Et
804 2256 1029 2308 quomodo

201 2307 330 2348 ambo
342 2309 440 2359 justi
452 2315 553 2352 ante
564 2311 731 2352 Deum?
748 2312 863 2354 Ante
875 2313 1030 2362 Deum,

201 2362 280 2403 sed
290 2375 474 2416 semper.
489 2366 635 2408 Ambo
645 2368 743 2418 justi
753 2368 871 2420 apud
878 2369 1030 2418 Deum,

201 2431 289 2459 non
308 2419 471 2470 labore,
491 2423 571 2464 sed
591 2425 742 2474 gratia.
774 2423 893 2466 Audi
912 2425 1030 2477 Apo-

203 2474 381 2516 stolum:
408 2476 643 2520 Justificati
671 2481 806 2530 gratis
830 2493 910 2532 per
935 2483 1030 2531 gra-

202 2531 308 2572 tiam
332 2531 480 2583 ipsius.

255 2587 306 2639 R.
323 2588 416 2629 Sint
431 2588 567 2630 lumbi
582 2592 716 2632 vestri
730 2594 969 2644 praecincti,
989 2599 1032 2635 et

203 2643 393 2685 lucernae
426 2644 631 2687 ardentes
662 2647 706 2687 in
732 2650 934 2691 manibus
961 2663 1031 2691 ve-

204 2700 318 2741 stris:
349 2695 373 2719 *
402 2701 457 2741 Et
485 2713 566 2742 vos
594 2703 756 2744 similes
783 2704 1033 2747 hominibus

604 179 675 213 Dic
704 179 751 212 13.
778 178 875 211 Nov.
923 177 958 211 S.
984 176 1169 211 Stanislai
1194 176 1359 210 Kostkae
1385 176 1494 211 Conf.

1080 273 1439 326 exspectantibus
1494 271 1720 314 deminum
1773 285 1912 323 suum,

1081 329 1258 382 quando
1274 331 1523 371 revertatur
1538 342 1564 371 a
1577 329 1756 382 nuptiis.
1772 324 1823 377 V.
1835 329 1911 371 Vi-

1080 386 1214 437 gilate
1235 399 1354 437 ergo,
1376 386 1478 439 quia
1497 386 1676 427 nescitis
1696 397 1783 437 qua
1801 384 1913 427 hora

1080 443 1296 484 Deminus
1324 448 1472 485 vester
1499 445 1710 484 venturus
1737 442 1805 484 sit.
1844 442 1913 484 Et.

1080 499 1234 541 Gloria
1251 500 1383 542 Patri.
1411 500 1479 542 Et.

1382 564 1534 605 Lectio
1555 564 1609 604 ix.

1160 631 1276 676 rant,
1311 626 1468 678 inquit,
1505 625 1638 667 ambo
1675 625 1776 677 justi
1812 629 1915 666 ante

1193 684 1350 732 Deum,
1372 681 1628 724 incedentes
1645 682 1692 723 in
1711 680 1914 723 Omnibus

1080 739 1301 781 mandatis
1340 744 1383 781 et
1415 737 1799 791 justificatienibus
1830 737 1915 779 Dei

1081 796 1173 838 sine
1199 797 1388 849 querela.
1422 795 1698 845 Incedentes,
1723 793 1844 845 dixit,
1866 798 1916 836 ut

1082 865 1159 894 eos
1186 853 1442 895 ostenderet
1474 854 1721 895 cucurrisse
1747 851 1914 893 virtuti-

1081 909 1178 960 bus,
1203 923 1292 951 non
1317 912 1508 952 stetisse:
1534 914 1578 951 et
1601 908 1853 951 ambulasse
1870 907 1915 948 in

1082 966 1153 1007 via
1180 966 1373 1018 justitiae,
1405 979 1495 1009 non
1523 965 1709 1016 sedisse3
1740 977 1824 1006 nec
1850 976 1915 1006 re-

1081 1026 1295 1065 mansisse
1331 1024 1375 1064 in
1408 1024 1564 1064 itinere
1593 1021 1916 1071 mandaterum,

1083 1079 1162 1121 sed
1186 1078 1243 1121 ad
1265 1079 1575 1122 mandatorum
1598 1077 1917 1132 plenitudinem

1081 1139 1348 1189 pervenisse.
1373 1136 1638 1178 Incedentes
1651 1136 1695 1176 in
1712 1134 1916 1176 omnibus

1082 1192 1303 1234 mandatis
1341 1198 1385 1235 et
1416 1191 1799 1246 justificatienibus
1831 1190 1918 1232 Dei

1082 1250 1175 1291 sine
1202 1250 1391 1302 querela.
1424 1250 1554 1292 Beati
1579 1261 1692 1302 quos
1714 1247 1917 1301 percutit,

1081 1318 1170 1347 non
1196 1306 1399 1348 vnlnerat
1426 1307 1608 1357 crimen3
1641 1304 1723 1347 sed
1749 1305 1916 1347 beatio-

1081 1375 1153 1403 res
1180 1363 1269 1413 isti,
1303 1376 1415 1414 quos
1443 1363 1589 1414 tetigit
1615 1375 1698 1404 nec
1726 1360 1918 1414 querela.

1082 1419 1184 1460 Sine
1205 1419 1394 1471 querela.
1426 1419 1472 1460 Si
1491 1418 1693 1471 pueritia,
1713 1419 1751 1459 si
1770 1416 1916 1459 adole-

1083 1476 1269 1525 scentia,
1303 1476 1341 1516 si
1373 1476 1574 1528 juventus
1612 1475 1705 1516 sine
1739 1473 1919 1526 querela

1083 1537 1161 1582 est,
1178 1532 1319 1584 qualis
1334 1532 1493 1574 horum
1508 1529 1736 1574 senectus?
1770 1531 1816 1572 Si
1829 1529 1918 1572 tale

1082 1589 1270 1638 initium,
1305 1589 1446 1642 qualis
1478 1587 1600 1630 finis?
1647 1586 1918 1629 Ascendisse

1080 1645 1438 1696 justificationum
1448 1645 1649 1696 vertices,
1661 1644 1797 1686 colles
1807 1655 1920 1684 man-

1082 1700 1302 1751 daterum,
1328 1715 1411 1744 nec
1438 1703 1483 1743 in
1513 1702 1662 1754 aliquo
1689 1700 1918 1750 titubasse,

1082 1763 1150 1799 est
1187 1759 1342 1809 gratiae
1378 1759 1631 1810 singularis,
1671 1762 1739 1800 est
1775 1756 1918 1798 unicae

1082 1813 1304 1856 felicitatis
1329 1815 1510 1866 insigne.

1139 1876 1200 1916 Te
1219 1875 1364 1917 Deum
1384 1876 1627 1918 laudamus.
1648 1876 1708 1916 14.

1271 1963 1355 2004 Die
1375 1965 1433 2004 13.
1452 1962 1731 2005 Novembris.

1083 2031 1126 2072 S.
1145 2030 1388 2073 stanislai
1401 2032 1609 2128 {ossskae
1626 2033 1916 2075 Confessoris.

1454 2105 1504 2137 up
1524 2104 1581 2129 ex.

1136 2143 1273 2177 Omnia
1308 2144 1354 2178 de
1387 2145 1531 2180 Comm.
1561 2147 1670 2181 Conf.
1700 2157 1779 2182 non
1806 2145 1915 2180 Pont.

1085 2191 1153 2234 [67]
1179 2195 1322 2234 praeter
1346 2203 1452 2236 sequ.
1476 2193 1536 2234 (m.
1560 2197 1584 2227 t.
1608 2193 1657 2235 v.)

1421 2253 1586 2295 Oratio.

1175 2326 1263 2363 eus,
1289 2313 1363 2364 qui
1386 2313 1500 2354 inter
1524 2315 1671 2354 cetera
1690 2313 1917 2366 sapientiae

1203 2375 1292 2411 tuae
1311 2369 1534 2419 miracula,
1554 2370 1684 2411 etiam
1702 2369 1746 2409 in
1765 2371 1918 2410 tenera

1085 2428 1218 2468 aetate
1247 2429 1432 2467 maturae
1462 2425 1706 2467 sanctitatis
1731 2425 1917 2476 gratiam

1085 2482 1325 2524 contulisti:
1351 2481 1417 2533 da,
1438 2484 1706 2534 quaesumus3
1729 2487 1778 2523 ut
1797 2481 1917 2523 beati

1085 2538 1290 2579 Stanislai
1315 2538 1530 2591 exemplo,
1558 2543 1734 2590 tempus
1757 2538 1916 2579 instan-

1085 2599 1153 2635 ter
1180 2594 1408 2646 operando
1429 2593 1705 2642 redimentes,
1730 2593 1774 2634 in
1794 2595 1916 2635 aeter-

1087 2663 1188 2691 nam
1220 2650 1391 2703 ingredi
1423 2651 1622 2702 requiem
1650 2650 1916 2691 festinemus.

1085 2707 1170 2748 Per
1197 2707 1436 2748 Dominum
1462 2711 1675 2747 nostrum.
