2040 2944
699 188 902 222 Dominica
925 188 1031 222 XIII.
1058 193 1147 231 post
1172 188 1438 223 Pentecosten.

206 285 279 325 alii
326 283 558 336 prophetae
603 281 807 322 viderunt
851 281 1036 332 gleriam

204 340 397 381 Domini:
418 338 491 390 qui
510 342 553 378 et
570 338 807 390 propterea
820 336 1036 378 Videntes

207 400 308 437 sunt
343 393 568 447 appellati:
613 393 693 434 sed
733 392 778 433 hi
821 405 974 434 omnes
1011 406 1036 434 a

206 451 335 501 longe
381 449 644 501 aspicientes
690 453 733 490 et
779 449 1036 498 salutanteS,

205 520 285 559 per
312 506 540 558 speculum
568 510 612 546 et
642 505 685 545 in
714 507 947 556 aenigmate
976 505 1036 546 vi-

207 562 375 603 derunt.

496 618 647 658 Lectio
670 617 753 656 viii.

283 672 450 724 pestoli
473 677 619 714 autem
639 673 682 713 in
701 673 1038 724 praesentiarum

323 728 536 770 habentes
581 729 834 779 Deminum,
881 741 1037 770 conve-

207 787 467 836 scentesque
494 785 549 833 ei,
578 790 622 826 et
649 787 940 836 quaecumque
964 798 1038 826 vo-

206 842 390 882 luissent
440 840 756 891 interrogando
803 840 1038 890 discenteS,

206 899 487 949 nequaquam
514 909 594 949 per
619 896 832 947 Angelos,
866 902 941 938 aut
966 899 1038 938 va-

207 954 294 994 rias
320 953 537 994 visionum
566 953 738 1005 species
767 966 880 1005 opus
908 952 1038 994 habe-

208 1009 314 1050 bant
361 1008 522 1050 doceri.
577 1010 699 1059 Quos
744 1022 851 1050 vero
896 1009 1039 1050 Lucas

209 1065 370 1106 multos
407 1064 649 1117 prophetas
681 1069 725 1106 et
760 1078 886 1115 reges
918 1065 1039 1115 dicit,

209 1121 444 1162 Matthaeus
483 1121 677 1173 apertius
716 1121 959 1173 prophetas
997 1126 1040 1162 et

209 1178 348 1227 justos
385 1177 591 1229 appellat.
654 1178 746 1229 Ipsi
787 1182 888 1218 sunt
926 1177 1040 1218 enim

208 1246 335 1284 reges
383 1234 544 1283 magni:
598 1234 699 1285 quia
748 1233 1041 1275 tentatienum

209 1292 386 1331 suarum
404 1289 598 1331 metibus
618 1303 705 1331 non
722 1288 1040 1331 consentiendo

209 1346 517 1395 succumbere,
563 1346 643 1387 sed
689 1346 884 1397 regendo
930 1358 1040 1397 prae-

209 1404 305 1444 esse
324 1405 553 1444 noverunt.

511 1458 663 1499 Lectio
684 1458 738 1499 ix.

210 1509 306 1614 Et
326 1528 428 1557 ecce
453 1515 631 1567 quidam
652 1514 931 1567 legisperitus
950 1527 1040 1556 sur-

299 1572 426 1621 rexit,
454 1576 628 1613 tentans
657 1583 772 1620 eum,
801 1576 845 1612 et
873 1570 1040 1612 dicens:

207 1629 435 1678 Magister,
465 1627 570 1678 quid
598 1625 799 1668 faciendo
826 1627 961 1669 vitam
985 1640 1041 1668 ae-

207 1686 377 1725 ternam
409 1681 677 1736 possidebo?
729 1683 1040 1736 Legisperitus,

209 1741 283 1792 qui
309 1740 364 1781 de
385 1740 475 1781 vita
501 1741 666 1781 aeterna
684 1739 925 1780 Deminum
949 1744 1040 1781 ten-

207 1801 304 1837 tans
353 1796 608 1846 interrogat,
655 1795 948 1844 occasienem,
993 1801 1041 1837 ut

208 1865 319 1901 reor,
338 1851 536 1894 tentandi
556 1852 611 1893 de
628 1852 736 1904 ipsis
756 1852 934 1892 Demini
954 1865 1039 1893 ser·

206 1907 410 1948 menibus
430 1908 628 1960 sumpsit,
648 1908 723 1949 ubi
742 1908 816 1949 ait:
837 1907 1040 1949 Gaudete

207 1969 354 2005 autem
375 1962 495 2016 quod
513 1964 690 2005 nemina
709 1969 858 2005 vestra
878 1964 1041 2016 scripta

209 2024 310 2060 sunt
327 2020 371 2060 in
391 2020 527 2062 coelis.
564 2020 652 2062 Sed
678 2021 775 2073 ipsa
802 2033 880 2061 sua
903 2025 1040 2062 tenta-

206 2075 327 2117 tiene
353 2076 567 2125 declarat,
598 2089 730 2128 quam
756 2089 862 2117 vera
886 2077 942 2118 sit
967 2077 1041 2117 illa

207 2131 385 2173 Demini
405 2132 636 2182 confessio,
659 2145 746 2184 qua
764 2133 885 2174 Patri
902 2132 1040 2185 lequi-

208 2194 294 2230 tur:
327 2188 457 2238 Quod
489 2189 762 2231 abscondisti
793 2188 891 2230 haec
921 2202 947 2230 a
975 2202 1040 2230 sa-

208 2244 429 2296 pientibus
455 2251 499 2287 et
518 2245 828 2298 prudentibus,
857 2249 901 2286 et
920 2257 1040 2286 reve-

210 2299 311 2341 lasti
331 2313 382 2342 ea
400 2302 606 2353 parvulis.

267 2356 326 2397 Te
346 2357 487 2398 Deum
506 2357 746 2399 laudamus.
765 2358 824 2398 14.

264 2411 334 2451 Ad
354 2412 513 2453 Bened.
535 2414 635 2454 Ant.
654 2414 870 2464 Magister,
889 2413 913 2438 *
934 2412 1041 2464 quid

211 2467 411 2509 faciendo
439 2469 573 2510 vitam
607 2471 815 2511 aeternam
842 2467 1039 2521 posside-

210 2522 292 2565 bo?
329 2529 374 2565 at
401 2524 473 2565 ille
502 2525 613 2566 dixit
641 2525 698 2567 ad
721 2538 837 2567 eum:
869 2526 919 2565 In
943 2524 1040 2575 lege

213 2578 318 2632 quid
351 2580 563 2632 scriptum
597 2580 685 2622 est?
724 2580 950 2633 quemodo
983 2581 1040 2622 le-

210 2635 297 2686 gis?
316 2635 483 2686 Diliges
503 2637 740 2678 Deminum
754 2638 898 2679 Deum
917 2640 1041 2677 tuum

212 2704 266 2733 ex
285 2696 382 2733 toto
403 2691 539 2733 corde
558 2697 647 2742 tuo,
667 2693 850 2744 alleluja.

1149 277 1199 328 ΥΤ.
1222 280 1438 322 Deminus
1467 277 1682 330 regnavit,
1710 277 1918 320 decerem

1087 337 1238 379 induit.
1295 339 1346 390 R.
1374 335 1524 377 Induit
1551 334 1767 376 Dominus
1799 333 1917 376 forti-

1086 393 1299 442 tudinem,
1324 397 1368 434 et
1386 390 1618 444 praecinxit
1635 402 1683 431 se
1701 390 1874 432 virtute.

1147 453 1219 494 Ad
1243 454 1417 504 Magnif.
1446 453 1545 493 Ant.
1573 451 1715 492 Homo
1739 449 1920 502 quidam

1087 510 1111 535 *
1133 507 1431 550 descendebat
1451 507 1505 548 ab
1525 505 1772 548 Jerusalem
1789 506 1834 547 in
1852 506 1877 547 J
1879 507 1920 548 e-

1088 565 1229 614 richo,
1261 570 1305 606 et
1336 563 1490 605 incidit
1521 563 1565 603 in
1596 562 1808 613 latrenes3
1846 562 1921 614 qui

1089 621 1220 662 etiam
1240 620 1599 673 despoliaverunt
1618 631 1734 668 eum,
1762 623 1807 660 et
1830 618 1921 671 pla-

1088 678 1156 728 gis
1192 677 1413 730 impositis
1449 676 1669 724 abierunt,
1706 675 1920 716 semivivo

1089 733 1258 775 relicto.
1462 733 1471 741 ⁶

1149 788 1200 840 Y.
1211 793 1437 844 Dirigatur
1451 793 1641 834 Demine
1656 791 1799 833 oratio
1812 803 1922 832 mea.

1097 851 1147 901 R.
1175 849 1298 891 Sicut
1335 850 1563 891 incensum
1599 849 1643 889 in
1679 849 1923 900 conspectu

1089 910 1179 947 tuo.

1349 973 1561 1000 —Qgfl
1581 985 1664 988 —

1285 1047 1564 1097 Dominjoa
1584 1046 1729 1096 XIII.

1204 1114 1349 1161 post
1388 1108 1826 1151 Pentecosten.

1431 1178 1595 1220 Oratio.

1178 1240 1431 1290 mnipotens
1478 1237 1742 1289 sempiterne
1788 1236 1926 1287 Deus,

1189 1294 1247 1336 da
1273 1293 1402 1335 nobis
1430 1292 1554 1343 fidei,
1592 1293 1704 1345 spei,
1742 1297 1786 1334 et
1820 1292 1927 1334 cari-

1092 1351 1195 1392 tatis
1220 1351 1517 1401 augmentum:
1545 1354 1589 1390 et
1613 1354 1662 1390 ut
1680 1350 1927 1390 mereamur
1986 1396 1990 1401 .

1094 1407 1271 1458 assequi
1305 1406 1425 1458 quod
1458 1405 1697 1458 promittiS‚
1736 1404 1805 1446 fac
1843 1417 1926 1446 nos

1095 1465 1243 1504 amere
1263 1461 1384 1514 quod
1402 1461 1623 1514 praecipis.
1650 1461 1735 1502 Per
1752 1461 1880 1502 Dr‘im.

1098 1537 1248 1579 Lectio
1273 1536 1414 1577 sancti
1431 1534 1660 1587 Evangelii
1685 1535 1928 1576 secundum

1421 1592 1599 1633 Lucam.

1174 1655 1327 1697 Lectio
1349 1656 1419 1696 vii.
1481 1699 1486 1707 .
1624 1655 1729 1708 Cap.
1743 1655 1801 1696 17.
1817 1667 1852 1696 c.

1092 1708 1169 1814 In
1195 1713 1271 1755 illo
1299 1715 1517 1766 tempore:
1545 1714 1663 1754 Dum
1690 1713 1774 1754 iret
1798 1713 1927 1755 Jesus

1158 1769 1203 1810 in
1222 1769 1484 1820 Jerusalem,
1507 1769 1726 1811 transibat
1743 1782 1824 1822 per
1839 1771 1928 1810 me-

1094 1825 1212 1867 diam
1237 1825 1496 1876 Samariam,
1523 1831 1567 1868 et
1592 1825 1834 1867 Galilaeam.
1870 1825 1927 1868 Et

1093 1895 1194 1923 cum
1211 1881 1515 1933 ingrederetur
1530 1880 1757 1934 quoddam
1772 1881 1925 1924 castel-

1092 1937 1198 1987 lum,
1224 1940 1512 1980 occurrerunt
1536 1938 1575 1980 ei
1595 1937 1750 1979 decem
1767 1938 1851 1979 viri
1867 1937 1926 1979 le-

1092 1995 1227 2046 presi.
1255 1994 1312 2036 Et
1331 1994 1511 2047 reliqua.

1198 2067 1390 2110 Homilia
1416 2067 1558 2109 sancti
1586 2067 1823 2118 Augustini

1398 2123 1623 2176 Episcopi.

1183 2188 1267 2223 Lib.
1288 2189 1319 2224 2.
1345 2194 1480 2233 quaest.
1503 2189 1650 2232 Evang.
1676 2198 1759 2232 cap.
1781 2188 1842 2223 40.

1097 2252 1251 2330 ’τὴ
1281 2245 1436 2287 decem
1463 2245 1668 2298 lepresis,
1697 2257 1810 2309 quos
1836 2244 1925 2286 De-

1105 2297 1216 2383 {ss-'h
1244 2302 1388 2343 minus
1432 2302 1493 2344 ita
1537 2299 1779 2349 mundant,
1825 2313 1926 2341 cum

1106 2353 1109 2368 ¹
1152 2356 1170 2363 ²
1197 2365 1213 2383 ἐ
1243 2358 1320 2399 ait:
1340 2358 1425 2407 Ite,
1445 2356 1665 2399 ostendite
1684 2368 1765 2398 vos
1783 2368 1924 2398 sacer-

1094 2412 1289 2463 detibus3
1315 2414 1453 2466 quaeri
1476 2418 1642 2466 potest,
1669 2425 1747 2453 cur
1770 2424 1848 2454 eos
1868 2410 1925 2454 ad

1094 2469 1350 2511 sacerdetes
1378 2469 1562 2518 miserit,
1594 2473 1644 2510 ut
1671 2481 1772 2510 cum
1799 2469 1925 2519 irent,

1093 2525 1418 2568 mundarentur.
1438 2524 1619 2566 Nullum
1634 2524 1748 2565 enim
1761 2526 1924 2574 eerum,

1095 2581 1254 2632 quibus
1290 2581 1388 2622 haec
1424 2579 1674 2632 corporalia
1709 2579 1925 2622 beneficia

1093 2637 1317 2689 praestitit,
1343 2637 1562 2678 invenitur
1586 2636 1759 2678 misisse
1777 2636 1835 2685 ad
1858 2648 1924 2677 sa-

1094 2691 1315 2741 cerdeteS,
1347 2692 1431 2733 nisi
1463 2691 1678 2744 lepresos.
1731 2691 1847 2733 Nam
1879 2696 1925 2734 et
