2040 2944
175 192 241 227 24ss

567 190 639 224 Die
662 189 715 223 27.
741 190 839 232 Aug.
887 189 922 224 S.
947 189 1114 233 Josephi
1141 188 1379 224 Calasanctii
1406 187 1514 223 Conf.

179 287 305 336 datis,
325 284 625 328 ecclesiastica
642 283 874 336 disciplina
887 284 1010 325 resti-

177 346 284 392 tuta,
303 340 541 383 inimicitiis
562 342 843 392 cruentisque
862 340 1011 381 factio·

178 399 305 440 nibus
324 397 507 438 mirifice
528 396 767 437 exstinctis.
799 396 860 437 At
884 396 1010 437 coele-

179 456 232 496 sti
258 454 424 495 visione
449 458 493 494 et
516 453 600 494 Dei
625 465 737 494 voce
760 452 1012 504 frequenter

178 510 442 559 admonitus,
468 509 658 550 Romam
681 509 909 562 profectus
935 514 1012 550 est.

230 573 280 623 Re·
306 567 555 607 Honestum
584 565 688 607 fecit
716 565 839 606 illum
863 565 1011 606 Demi-

177 635 268 671 nuS‚
296 628 339 664 et
359 621 599 663 custodivit
619 633 719 662 eum
739 621 794 662 ab
816 621 1012 670 inimicis,

178 684 220 720 et
252 692 277 719 a
309 677 619 719 seductoribus
644 678 805 719 tutavit
828 677 963 718 illum:
987 683 1010 709 *

176 735 232 776 Et
265 734 387 776 dedit
420 734 482 775 illi
517 734 763 776 claritatem
791 736 1012 775 aeternam.

175 793 227 843 V,
261 791 435 832 Justum
468 790 651 832 deduxit
684 790 900 830 Dominus
934 803 1014 842 per

177 847 270 888 vias
290 852 445 897 rectas,
471 852 515 888 et
535 845 729 888 ostendit
750 846 811 886 illi
831 858 1013 897 regnum

176 904 270 945 Dei.
299 904 355 945 Et
376 902 509 945 dedit.

488 964 643 1006 Lectio
661 979 699 1005 v.

176 1016 251 1122 In
280 1015 401 1057 Urbe
431 1028 602 1056 summa
630 1015 732 1056 vitae
762 1015 1012 1067 asperitate,

242 1071 400 1122 vigiliis
437 1077 480 1114 et
512 1072 680 1124 jejuniis
713 1083 877 1123 corpus
906 1071 1012 1111 affli-

175 1140 299 1177 gens,
324 1127 368 1167 in
395 1127 668 1169 oratienibus
696 1132 738 1168 et
765 1126 1012 1168 coelestium

175 1196 322 1224 rerum
342 1184 714 1236 contemplatione
730 1183 825 1224 dies
840 1185 1011 1224 noctes-

177 1253 262 1292 que
294 1240 571 1289 versabatur,
612 1246 783 1292 septem
817 1239 1014 1291 ejusdem

176 1296 308 1338 Urbis
333 1296 543 1338 ecclesias
567 1296 747 1347 singulis
767 1296 858 1337 fere
877 1296 1012 1337 nocti-

174 1352 258 1394 bus
285 1352 410 1394 obire
438 1353 608 1394 solitus:
638 1365 769 1405 quem
794 1352 896 1393 inde
922 1365 1011 1393 mo-

176 1422 269 1450 rem
319 1409 572 1462 complures
623 1422 760 1450 annos
809 1409 1013 1450 servavit.

176 1465 294 1507 Dato
340 1466 424 1518 piis
471 1465 783 1507 sodalitatibus
825 1465 1013 1515 nomine,

176 1522 335 1562 mirum
374 1527 539 1574 quanto
579 1522 738 1563 ardore
774 1525 1012 1574 pauperes,

175 1578 374 1619 infirmos
400 1579 697 1631 potissimum,
727 1584 802 1620 aut
831 1578 1011 1619 carceri-

175 1634 258 1675 bus
275 1634 479 1676 detentos
495 1634 788 1686 eleemesynis
805 1637 1012 1687 omnique

176 1691 354 1742 pietatis
373 1690 521 1733 officio
541 1691 804 1733 sublevaret.
825 1691 918 1733 Lue
933 1692 1012 1733 Ur-

175 1746 276 1788 bem
297 1746 608 1800 depopulante,
631 1760 718 1788 una
738 1760 837 1789 cum
857 1753 1012 1790 sancto

178 1803 378 1853 Camillo,
417 1809 540 1846 tanto
574 1804 654 1846 fuit
687 1809 811 1845 actus
844 1806 1012 1857 impetu

177 1860 385 1910 caritatiS,
406 1866 454 1902 ut
472 1866 636 1913 praeter
657 1859 855 1902 subsidia
874 1863 1011 1911 aegro-

175 1915 233 1957 tis
260 1916 529 1968 pauperibus
558 1917 678 1967 large
707 1916 883 1967 collata,
915 1917 1012 1970 ipsa

177 1972 308 2013 etiam
338 1972 644 2015 defunctorum
675 1973 894 2014 cadavera
923 1974 1012 2015 suis

177 2028 369 2070 humeris
427 2029 686 2071 tumulanda
744 2029 1013 2071 transferret.

176 2084 343 2126 Verum
377 2099 475 2127 cum
512 2085 718 2127 divinitus
752 2088 1012 2138 accepisset,

176 2153 224 2182 se
243 2140 300 2183 ad
319 2142 621 2184 informandos
641 2142 941 2193 intelligentiae
961 2156 1012 2184 ac

176 2198 354 2249 pietatis
365 2199 522 2251 spiritu
533 2199 901 2249 adolescentulos,
909 2212 1013 2252 prae-

176 2256 304 2306 cipue
318 2259 551 2308 pauperes,
572 2255 795 2305 destinari,
812 2255 1011 2297 ordinem

176 2310 447 2352 Clericorum
473 2312 738 2362 regularium
764 2315 1011 2364 pauperum

175 2365 330 2407 Matris
350 2367 434 2409 Dei
454 2368 707 2409 scholarum
727 2369 899 2420 piarum
919 2368 1009 2410 fun-

176 2421 312 2472 davit,
341 2423 415 2474 qui
434 2424 700 2476 peculiarem
725 2438 875 2466 curam
895 2425 1011 2466 circa

174 2481 414 2530 puerorum
438 2480 729 2523 eruditionem
750 2494 805 2523 ex
826 2482 1009 2534 preprio

174 2535 378 2577 instituto
410 2537 741 2588 profiterentur:
774 2538 1009 2590 ipsumque

176 2590 377 2633 ordinem
421 2606 445 2633 a
490 2593 715 2635 Clemente
760 2596 938 2643 octavo,
985 2607 1009 2635 a

175 2647 313 2689 Paulo
335 2648 486 2700 quinto
504 2649 688 2701 aliisque
704 2650 848 2691 Sumis
863 2651 1008 2692 Ponti-

176 2704 332 2746 ficibus
342 2707 611 2757 magnopere
622 2706 870 2757 probatum,
885 2706 1007 2748 brevi

1065 285 1265 335 tempore
1281 295 1361 335 per
1376 282 1590 335 plurimas
1599 281 1793 335 Europae
1808 294 1902 334 pro-

1066 339 1230 381 vincias
1251 345 1294 381 et
1313 352 1449 390 regna
1468 337 1726 380 mirabiliter
1740 351 1900 392 propa-

1065 396 1195 445 gavit.
1249 396 1299 436 In
1333 395 1418 436 hoc
1450 400 1596 436 autem
1629 399 1697 437 tot
1723 394 1901 436 labetes

1065 454 1304 505 perpessus
1324 457 1407 501 est,
1435 464 1486 493 ac
1511 456 1580 493 tot
1603 454 1821 492 aerumnas
1841 451 1900 492 in-

1066 511 1184 550 victo
1212 509 1357 550 animo
1386 508 1611 557 toleravit,
1639 513 1687 549 ut
1707 507 1902 549 emnium

1067 578 1175 607 voce
1220 565 1481 606 miraculum
1526 563 1813 614 fortitudinis,
1858 569 1903 606 et

1066 622 1204 663 sancti
1223 622 1247 662 J
1250 622 1324 663 obi
1344 620 1595 674 exemplum
1615 620 1846 662 diceretur.

1119 684 1171 736 R,
1196 678 1375 720 Amavit
1395 691 1495 719 eum
1514 677 1745 727 Deminus,
1770 681 1814 719 et
1834 689 1901 718 or-

1065 735 1186 775 navit
1222 747 1336 775 eum:
1378 734 1539 776 stolam
1571 733 1726 784 gloriae
1761 733 1902 774 induit

1067 803 1178 840 eum,
1202 798 1226 823 *
1257 790 1315 832 Et
1342 789 1399 832 ad
1426 795 1580 843 portas
1607 789 1801 843 paradisi
1832 803 1902 831 co-

1066 847 1239 888 ronavit
1268 859 1379 888 eum.
1421 849 1472 900 V,
1509 846 1658 888 Induit
1686 859 1786 888 eum
1814 847 1902 887 De-

1065 903 1209 944 minus
1249 903 1433 945 loricam
1474 903 1598 953 fidei,
1645 908 1689 944 et
1730 903 1903 944 ornavit

1067 972 1177 1001 eum.
1210 960 1267 1001 Et
1291 958 1347 1000 ad
1370 965 1536 1012 portas.

1372 1021 1526 1064 Lectio
1545 1022 1599 1063 vi.

1152 1072 1323 1113 uamvis
1348 1071 1493 1113 ordini
1515 1071 1722 1112 universo
1741 1073 1901 1123 praees-

1069 1058 1151 1183 Ω
1167 1133 1246 1177 set,
1264 1130 1459 1180 totisque
1479 1127 1647 1169 viribus
1666 1126 1723 1168 ad
1743 1127 1903 1168 anima-

1067 1197 1163 1225 rum
1175 1184 1362 1226 salutem
1372 1183 1656 1233 incumberet,
1664 1196 1903 1236 numquam

1066 1246 1213 1282 tamen
1243 1240 1479 1282 intermisit
1507 1243 1688 1293 puerOS,
1720 1242 1903 1292 praeser-

1065 1296 1144 1338 tim
1163 1297 1470 1349 pauperioreS,
1497 1295 1688 1346 erudire,
1715 1308 1903 1348 quorum

1067 1353 1243 1394 scholas
1279 1355 1472 1402 verrere,
1516 1354 1686 1406 eosque
1722 1352 1902 1394 domum

1067 1409 1269 1451 comitari
1289 1409 1530 1450 consuevit.
1565 1410 1617 1450 In
1641 1422 1695 1451 eo
1719 1422 1902 1450 summae

1066 1466 1293 1518 patientiae
1332 1471 1375 1507 et
1410 1465 1672 1508 humilitatis
1703 1469 1902 1515 munere,

1066 1521 1317 1564 valetudine
1344 1522 1476 1564 etiam
1501 1522 1691 1572 infirma,
1720 1521 1834 1563 duos
1858 1527 1902 1564 et

1068 1579 1383 1630 quinquaginta
1416 1591 1554 1620 annos
1582 1579 1903 1631 perseveravit:

1067 1635 1224 1686 dignus
1261 1637 1519 1688 propterea,
1566 1648 1698 1687 quem
1736 1635 1902 1677 crebris

1066 1692 1188 1733 Deus
1223 1692 1447 1733 miraculis
1489 1704 1639 1733 coram
1676 1691 1903 1744 discipulis

1065 1748 1317 1798 illustraret,
1338 1754 1381 1789 et
1401 1748 1471 1790 cui
1490 1747 1745 1790 beatissima
1761 1748 1901 1799 Virgo

1066 1818 1166 1846 cum
1183 1808 1323 1857 puero
1339 1805 1363 1845 J
1367 1817 1456 1854 esu,
1476 1804 1562 1846 illis
1583 1804 1810 1847 orantibus
1830 1805 1902 1847 be-

1065 1861 1310 1911 nedicente,
1331 1863 1576 1914 appareret.
1605 1861 1902 1913 Amplissimis

1065 1918 1239 1959 interim
1295 1917 1583 1969 dignitatibus
1639 1916 1902 1970 repudiatis,

1064 1974 1316 2027 prophetia,
1345 1973 1496 2016 abdita
1524 1973 1726 2015 cordium
1755 1979 1800 2016 et
1828 1974 1901 2016 ab·

1065 2031 1206 2073 sentia
1230 2029 1527 2082 cognoscendi
1553 2029 1683 2071 donis
1707 2035 1751 2072 et
1773 2031 1900 2072 mira-

1065 2087 1175 2128 culis
1221 2088 1382 2137 clarus,
1432 2087 1642 2139 Deiparae
1688 2087 1901 2138 Virginis,

1066 2156 1198 2195 quam
1225 2143 1434 2194 singulari
1460 2143 1627 2196 pietate
1654 2148 1698 2184 et
1721 2143 1818 2196 ipse
1844 2143 1900 2186 ab

1065 2200 1248 2241 infantia
1291 2200 1442 2250 effluit,
1489 2205 1533 2242 et
1576 2200 1667 2241 suis
1710 2200 1900 2242 maxime

1065 2256 1409 2306 commendavit,
1460 2256 1736 2308 aliorumque
1783 2257 1900 2298 co'eli—

1064 2318 1157 2354 tum
1192 2313 1410 2365 frequenti
1446 2312 1722 2366 apparitione
1751 2311 1899 2363 digna-

1063 2374 1151 2419 tus,
1181 2383 1280 2411 cum
1306 2369 1452 2411 Obitus
1471 2369 1538 2410 sui
1558 2368 1691 2417 diem,
1720 2373 1764 2410 et
1784 2369 1898 2411 ordi·

1063 2426 1129 2466 nis
1146 2431 1251 2468 tunc
1265 2438 1408 2479 prope
1422 2425 1565 2467 eversi
1575 2425 1900 2466 restitutionem

1063 2488 1197 2534 atque
1212 2483 1530 2524 incrementum
1546 2482 1898 2534 praenuntiasset,

1063 2538 1306 2581 secundum
1326 2543 1370 2580 et
1387 2538 1719 2589 nonagesimum
1739 2551 1899 2580 annum

1063 2608 1214 2646 agens,
1247 2596 1405 2636 Romae
1439 2593 1709 2636 obdormivit
1737 2595 1780 2634 in
1807 2595 1895 2636 Do-

1062 2652 1198 2701 mino,
1238 2653 1399 2692 octavo
1437 2650 1663 2692 Kalendas
1700 2651 1896 2703 Septem-

1061 2707 1168 2757 bris,
1189 2720 1302 2749 anno
1322 2707 1555 2748 millesimo
1575 2707 1896 2749 sexcentesimo
