2040 2944
758 195 962 229 Dominica
988 196 1038 229 ad
1061 196 1239 230 Primam.

139 290 278 331 mines
303 293 533 341 ressirgere
560 291 724 333 habent
752 305 851 333 eum
880 305 972 333 cor-

138 345 321 398 peribus
342 347 446 388 suis:
461 348 485 373 *
501 352 544 388 et
563 346 777 389 redditl'iri
797 353 898 389 sunt
917 348 972 390 de

138 401 265 443 factis
285 403 476 455 prepriis
495 404 721 445 rationem.

190 458 248 500 Et
281 459 355 511 qui
386 459 503 500 bona
536 461 734 510 egerunt,
772 460 897 502 ibunt
928 461 972 501 in

138 514 273 556 vitam
301 517 530 556 aeternam:
557 517 581 541 *
611 517 684 568 qui
712 530 818 558 vero
846 517 971 567 mala,

137 570 181 611 in
200 571 345 622 ignem
365 574 590 613 aeternum.

189 628 301 669 Haec
321 632 389 669 est
413 627 524 669 fides
545 628 776 678 catholica,
795 630 819 655 *
841 642 972 682 quam

137 683 220 725 nisi
254 684 439 736 quisque
475 683 663 726 fideliter
700 685 971 738 firmiterque

138 739 385 790 crediderit,
405 740 553 782 salvus
573 754 670 783 esse
689 755 777 783 non
796 743 970 795 poterit.

156 824 166 831 -
190 796 344 838 Gloria
361 797 492 838 Patri.

190 858 289 898 Ant.
323 857 517 910 Alleh'ija,
537 857 718 910 allelfija,
739 859 920 912 alleh'iJa.

217 922 477 974 Capitulum.
623 922 651 960 1.
673 921 782 960 Tim.
804 922 831 959 1.
853 919 891 960 d.

136 982 296 1089 Regi
312 988 575 1030 saeculorum
590 989 827 1030 immortali
847 994 890 1031 et
908 990 969 1030 in-

244 1044 414 1094 visibili,
435 1045 519 1087 soli
538 1046 635 1087 Deo
656 1045 797 1087 honor
817 1051 861 1087 et
879 1046 969 1096 glo-

137 1100 202 1141 ria
219 1101 263 1141 in
283 1101 446 1142 saecula
466 1102 739 1143 saeculorum.
768 1102 921 1144 Amen.

190 1159 241 1210 R
266 1157 365 1199 Deo
384 1158 561 1209 gratias.

189 1215 240 1266 Ην.
260 1214 323 1254 br.
346 1214 518 1256 Christe
538 1214 621 1255 Fili
633 1214 722 1256 ‘Dei
741 1214 839 1264 vivi,
854 1211 876 1234 *
892 1215 968 1255 Mi-

138 1271 285 1311 serere
303 1270 443 1312 nobis.
470 1270 527 1310 Et
547 1269 773 1321 repetitur:
797 1271 969 1312 Christe

138 1325 220 1366 Fili
230 1326 316 1367 Dei
326 1327 423 1377 vivi,
437 1327 646 1369 miserere
660 1326 800 1369 nobis.
818 1320 867 1371 V·
886 1328 969 1378 Qui

138 1381 267 1424 sedes
293 1382 349 1424 ad
374 1382 602 1425 dexteram
625 1384 780 1425 Patris.
816 1382 867 1433 Rz.
891 1384 969 1424 Mi-

138 1441 285 1480 serere
317 1439 456 1481 nobis.
497 1435 548 1487 V.
577 1440 730 1481 Gleria
756 1440 891 1489 Patri,
926 1445 969 1481 et

137 1494 261 1545 Filio,
281 1500 324 1537 et
339 1496 518 1548 Spiritui
536 1501 701 1538 sancto.
726 1496 776 1547 Ru
797 1496 968 1537 Christe

137 1551 220 1592 Fili
237 1552 322 1593 Dei
341 1553 439 1601 vivi,
458 1553 667 1594 miserere
686 1552 825 1594 nobis.

188 1602 458 1660 V Exss1rge
482 1608 669 1658 Christe,
695 1608 852 1660 adjuva
875 1621 968 1649 nos.

136 1664 187 1716 Rz.
218 1664 276 1705 Et
307 1664 446 1706 libera
479 1678 560 1706 nos
591 1670 776 1718 propter
808 1678 968 1706 nomen

135 1725 271 1762 tuum.

190 1783 404 1828 Sequentes
434 1785 575 1819 Preces
606 1795 683 1819 non
718 1786 899 1820 dicuntur
930 1787 968 1820 in

137 1831 250 1875 Dupl.
282 1843 353 1867 nec
384 1833 484 1867 infra
514 1832 610 1875 Oet.;
641 1833 711 1867 sed
741 1838 832 1868 tunc
864 1834 968 1868 dicto

135 1879 180 1924 R1.
204 1881 259 1914 br.
290 1880 432 1916 dicitur
461 1881 650 1916 Dominus
680 1882 894 1916 vobiscum.
933 1886 969 1916 et

137 1927 472 2011 Qfat5024D⁶mi¹¹e
500 1929 607 1964 Deus
640 1930 895 1974 omnipotens.
928 1934 970 1964 ut

136 1985 176 2009 in
194 1986 246 2010 ra.
313 2003 322 2012 .

136 2031 328 2138 Kyrie
361 2037 538 2079 eleison.
585 2037 757 2080 Christe
792 2038 968 2080 eleison.

270 2093 400 2146 Kyrie
420 2094 596 2135 eleison.

194 2149 320 2191 Pater
346 2154 507 2192 noster.
539 2158 710 2194 secreto
745 2166 884 2205 usque
913 2152 968 2194 ad

138 2200 189 2253 V.
215 2205 273 2247 Et
299 2219 354 2248 ne
382 2219 462 2248 nos
490 2206 673 2248 indlicas
697 2206 741 2247 in
765 2207 966 2248 tentatie-

136 2274 248 2303 nem.
275 2266 325 2317 R.
345 2262 433 2304 Sed
450 2262 589 2304 libera
607 2275 690 2304 nos
709 2275 735 2303 a
754 2263 881 2304 malo.

187 2317 332 2360 Credo
361 2319 405 2359 in
431 2319 587 2360 Deum.
623 2325 794 2361 secreto
829 2332 967 2371 usque

138 2374 194 2415 ad
206 2370 256 2422 V.
269 2375 421 2417 Carnis
436 2375 814 2416 resurrectienem.
835 2374 967 2428 Rv.Vi-

137 2434 228 2471 tam
248 2433 468 2472 aeternam.
497 2431 650 2472 Amen.

191 2484 242 2535 V.
256 2487 314 2528 Et
334 2500 417 2539 ego
438 2487 495 2528 ad
509 2492 553 2529 te
567 2487 756 2528 Domine
772 2486 967 2528 clamavi.

138 2543 252 2597 R:·Et
261 2556 389 2585 mane
401 2544 542 2585 oratio
553 2556 652 2585 mea
661 2543 903 2596 praeveniet
912 2548 967 2584 te.

191 2596 241 2647 V.
280 2599 522 2652 Repleatur
559 2612 610 2641 os
645 2612 791 2640 meum
827 2598 967 2640 laude.

139 2657 190 2708 R.
215 2654 276 2696 Ut
303 2661 475 2697 cantem
503 2655 687 2706 gloriam
710 2660 846 2704 tuam,
873 2659 968 2696 tota

139 2709 210 2752 die
228 2711 573 2762 magnittidinem
591 2717 721 2753 tuam.

1078 288 1129 339 V.
1160 293 1348 336 Demine
1377 297 1526 337 averte
1554 296 1711 337 faciem
1735 302 1855 338 tuam

1025 360 1050 388 a
1074 350 1268 400 peccatis
1292 351 1411 392 meis.
1451 350 1503 401 Rz.
1523 352 1579 393 Et
1604 365 1756 394 omnes
1780 354 1854 394 ini-

1026 405 1216 456 quitates
1236 419 1357 447 meas
1377 407 1485 449 dele.

1079 457 1129 509 V.
1147 461 1234 503 Cor
1249 463 1459 504 mundum
1475 477 1576 505 crea
1588 465 1630 505 in
1642 479 1711 507 me
1722 466 1853 507 Deus.

1027 516 1076 568 Ru
1106 517 1163 558 Et
1196 519 1396 570 spiritum
1428 525 1596 561 rectum
1623 524 1783 563 innova
1811 523 1854 563 in

1023 573 1265 615 visceribus
1285 576 1404 616 meis.

1078 625 1129 677 V.
1153 630 1221 671 Ne
1249 632 1453 683 projicias
1481 646 1551 674 me
1580 647 1605 674 a
1633 634 1742 676 facie
1768 640 1853 676 tua.

1026 687 1076 738 R·.
1101 686 1158 727 Et
1186 686 1395 739 Spiritum
1425 694 1623 730 sanctum
1651 696 1774 731 tuum
1799 705 1853 733 ne

1024 742 1195 784 anferas
1215 756 1239 784 a
1258 757 1339 785 me.

1078 793 1128 845 V.
1145 799 1300 841 Redde
1317 800 1421 841 mihi
1437 801 1634 843 laetitiam
1650 803 1852 845 salutaris

1022 855 1095 896 tui.
1143 856 1194 907 R.
1223 857 1280 897 Et
1312 858 1468 909 spiritu
1495 858 1725 911 principali
1754 873 1852 901 con-

1022 911 1149 953 firma
1167 926 1248 954 me.

1078 962 1128 1014 V.
1158 968 1437 1021 Adjutorium
1471 976 1670 1012 nostrum
1703 972 1746 1012 in
1778 975 1851 1013 no—

1022 1025 1137 1066 mine
1162 1026 1349 1066 Demini.
1386 1025 1435 1076 R
1457 1027 1540 1077 Qui
1566 1027 1667 1069 feeit
1692 1028 1853 1069 eoelum

1023 1087 1066 1122 et
1085 1086 1258 1123 terram.

1090 1145 1258 1185 Deinde
1278 1144 1663 1185 Hebdomadarius
1688 1144 1789 1184 facit

1273 1202 1611 1241 Confessionem.

1099 1261 1287 1302 onfiteor
1294 1262 1391 1303 Deo
1402 1263 1700 1315 omnipotenti,
1708 1264 1851 1305 beatae

1127 1318 1278 1359 Mariae
1305 1331 1480 1371 semper
1505 1320 1692 1370 Virgini,
1719 1320 1851 1361 beato

1021 1373 1223 1415 Michaeli
1238 1375 1527 1426 Archangelo,
1548 1375 1680 1417 beato
1696 1377 1720 1416 J
1723 1377 1852 1417 oanni

1022 1430 1247 1482 Baptistae,
1263 1432 1424 1472 sanctis
1432 1431 1661 1484 Apostolis
1668 1433 1800 1473 Petro
1810 1438 1852 1474 et

1021 1486 1177 1535 Paulo,
1207 1487 1408 1528 Omnibus
1437 1487 1626 1538 Sanctis,
1655 1494 1698 1530 et
1726 1489 1852 1529 vobis

1021 1542 1194 1584 fratres:
1220 1544 1320 1595 quia
1343 1545 1526 1596 peccavi
1544 1545 1671 1585 nimis
1692 1545 1852 1595 cogita-

1021 1599 1155 1648 tione,
1183 1599 1320 1641 verbo
1347 1605 1391 1641 et
1416 1602 1564 1653 opere:
1591 1614 1689 1642 mea
1713 1601 1851 1653 eulpa,

1021 1667 1119 1695 mea
1156 1655 1304 1708 culpa,
1349 1670 1447 1698 mea
1486 1657 1677 1697 maxima
1713 1657 1851 1709 culpa.

1020 1710 1128 1752 Ideo
1153 1724 1312 1763 precor
1335 1712 1511 1754 beatam
1534 1713 1717 1755 Mariam
1742 1726 1851 1753 sem-

1022 1780 1103 1819 per
1126 1768 1368 1818 Virginem,
1392 1768 1571 1810 beatum
1594 1768 1851 1810 Michaelem

1021 1823 1362 1875 Archangelum,
1415 1824 1594 1866 beatum
1637 1825 1660 1865 J
1665 1827 1850 1865 oannem

1021 1879 1284 1932 Baptistam,
1310 1886 1487 1922 sanctos
1507 1881 1750 1934 Apostolos
1773 1881 1850 1921 Pe-

1020 1939 1138 1976 trum
1168 1941 1211 1977 et
1238 1937 1437 1986 Paulum,
1475 1950 1626 1978 omnes
1654 1937 1850 1985 Sanctos,

1022 1996 1066 2032 et
1084 2005 1164 2033 vos
1179 1993 1347 2043 fratres,
1368 1995 1495 2035 orare
1509 2006 1590 2046 pro
1606 2006 1675 2034 me
1691 1992 1747 2034 ad
1762 1993 1849 2033 Do-

1020 2048 1185 2089 minum
1204 2049 1347 2090 Deum
1366 2054 1575 2091 nostrum.

1219 2108 1388 2148 Chorus
1408 2108 1661 2160 respondet:

1023 2160 1341 2265 Misereetur
1356 2170 1418 2210 tui
1429 2172 1705 2222 omnipotens
1716 2170 1848 2219 Deus,

1151 2229 1195 2266 et
1214 2224 1404 2266 dimissis
1423 2226 1616 2278 peccatis
1636 2226 1733 2275 tuis,
1754 2240 1848 2279 per-

1022 2280 1154 2322 diicat
1173 2285 1216 2322 te
1236 2280 1293 2322 ad
1312 2282 1446 2322 vitam
1465 2283 1684 2322 aeternam.

1076 2339 1126 2389 R.
1150 2337 1303 2377 Amen.

1074 2402 1224 2436 Deinde
1242 2402 1381 2445 repetit
1397 2402 1710 2437 Confessionem:
1730 2408 1767 2438 et
1782 2405 1847 2438 ubi

1024 2450 1164 2484 dicitur
1176 2448 1291 2483 vobis
1307 2448 1457 2492 fratres,
1477 2455 1513 2484 et
1528 2459 1601 2485 vos
1619 2450 1768 2493 fratreS,
1794 2452 1847 2485 di-

1023 2502 1140 2540 catur,
1153 2495 1225 2531 tibi
1241 2500 1362 2540 pater,
1379 2501 1416 2531 et
1431 2501 1468 2531 te
1484 2501 1603 2541 pater.

1022 2558 1139 2592 Facta
1158 2557 1413 2592 Confessione
1432 2569 1453 2592 a
1471 2558 1611 2601 Choro,
1628 2558 1846 2592 Hebdoma-

1307 2605 1439 2639 darius
1457 2606 1565 2639 dicit:

1127 2655 1340 2696 isereatur
1390 2655 1523 2696 vestri
1568 2658 1844 2707 omnipotens

1158 2712 1295 2760 Deus,
1336 2716 1380 2752 et
1421 2710 1611 2752 dimissis
1650 2711 1844 2762 peccatis
