<?xml version="1.0" encoding="UTF-8"?>
<!DOCTYPE html PUBLIC "-//W3C//DTD XHTML 1.0 Transitional//EN"
    "http://www.w3.org/TR/xhtml1/DTD/xhtml1-transitional.dtd">
<html xmlns="http://www.w3.org/1999/xhtml" xml:lang="en" lang="en">
 <head>
  <title>
</title>
<meta http-equiv="Content-Type" content="text/html;charset=utf-8" />
  <meta name='ocr-system' content='tesseract 3.04.00' />
  <meta name='ocr-capabilities' content='ocr_page ocr_carea ocr_par ocr_line ocrx_word'/>
</head>
<body>
  <div class='ocr_page' id='page_1' title='image "./p4breviariumroma00cathuoft_0674.png"; bbox 0 0 2040 2944; ppageno 0'>
   <div class='ocr_carea' id='block_1_1' title="bbox 184 166 277 211">
    <p class='ocr_par' dir='ltr' id='par_1_1' title="bbox 184 166 277 211">
     <span class='ocr_line' id='line_1_1' title="bbox 184 166 277 211; baseline 0.011 -10"><span class='ocrx_word' id='word_1_1' title='bbox 184 166 277 211; x_wconf 82' lang='lat'>[174]</span> 
     </span>
    </p>
   </div>
   <div class='ocr_carea' id='block_1_2' title="bbox 794 166 1279 201">
    <p class='ocr_par' dir='ltr' id='par_1_2' title="bbox 794 166 1279 201">
     <span class='ocr_line' id='line_1_2' title="bbox 794 166 1279 201; baseline 0 -1"><span class='ocrx_word' id='word_1_2' title='bbox 794 166 971 201; x_wconf 86' lang='lat' dir='ltr'><strong>Officium</strong></span> <span class='ocrx_word' id='word_1_3' title='bbox 994 166 1279 201; x_wconf 86' lang='lat' dir='ltr'><strong>Defunctorum.</strong></span> 
     </span>
    </p>
   </div>
   <div class='ocr_carea' id='block_1_3' title="bbox 180 225 1895 246">
    <p class='ocr_par' dir='ltr' id='par_1_3' title="bbox 180 225 1895 246">
     <span class='ocr_line' id='line_1_3' title="bbox 180 225 1895 246; baseline 0 2698"><span class='ocrx_word' id='word_1_4' title='bbox 180 225 1895 246; x_wconf 95' lang='lat' dir='ltr'><strong> </strong></span> 
     </span>
    </p>
   </div>
   <div class='ocr_carea' id='block_1_4' title="bbox 182 262 1018 2744">
    <p class='ocr_par' dir='ltr' id='par_1_4' title="bbox 183 262 1010 418">
     <span class='ocr_line' id='line_1_4' title="bbox 236 262 1010 314; baseline 0 -10"><span class='ocrx_word' id='word_1_5' title='bbox 236 263 539 304; x_wconf 85' lang='lat' dir='ltr'><strong>Exaltationes</strong></span> <span class='ocrx_word' id='word_1_6' title='bbox 562 262 648 304; x_wconf 91' lang='lat' dir='ltr'><strong>Dei</strong></span> <span class='ocrx_word' id='word_1_7' title='bbox 674 263 718 303; x_wconf 92' lang='lat' dir='ltr'><strong>in</strong></span> <span class='ocrx_word' id='word_1_8' title='bbox 741 266 917 314; x_wconf 83' lang='lat' dir='ltr'><strong>gutture</strong></span> <span class='ocrx_word' id='word_1_9' title='bbox 941 265 1010 304; x_wconf 84' lang='lat' dir='ltr'><strong>eo-</strong></span> 
     </span>
     <span class='ocr_line' id='line_1_5' title="bbox 184 318 1010 371; baseline 0 -11"><span class='ocrx_word' id='word_1_10' title='bbox 184 333 295 361; x_wconf 90' lang='lat' dir='ltr'><strong>rum:</strong></span> <span class='ocrx_word' id='word_1_11' title='bbox 313 320 337 345; x_wconf 83' lang='grc'>*</span> <span class='ocrx_word' id='word_1_12' title='bbox 357 324 402 361; x_wconf 91' lang='lat' dir='ltr'><strong>et</strong></span> <span class='ocrx_word' id='word_1_13' title='bbox 426 318 561 370; x_wconf 80' lang='lat' dir='ltr'><strong>gladii</strong></span> <span class='ocrx_word' id='word_1_14' title='bbox 585 319 798 371; x_wconf 80' lang='lat' dir='ltr'>ancipites</span> <span class='ocrx_word' id='word_1_15' title='bbox 817 319 861 360; x_wconf 94' lang='lat' dir='ltr'><strong>in</strong></span> <span class='ocrx_word' id='word_1_16' title='bbox 878 319 1010 360; x_wconf 82' lang='lat' dir='ltr'><strong>mani-</strong></span> 
     </span>
     <span class='ocr_line' id='line_1_6' title="bbox 183 376 450 418; baseline -0.011 0"><span class='ocrx_word' id='word_1_17' title='bbox 183 376 266 418; x_wconf 90' lang='lat' dir='ltr'><strong>bus</strong></span> <span class='ocrx_word' id='word_1_18' title='bbox 286 378 450 417; x_wconf 83' lang='lat' dir='ltr'><strong>eorum:</strong></span> 
     </span>
    </p>

    <p class='ocr_par' dir='ltr' id='par_1_5' title="bbox 182 431 1010 598">
     <span class='ocr_line' id='line_1_7' title="bbox 236 431 1010 474; baseline 0.001 -1"><span class='ocrx_word' id='word_1_19' title='bbox 236 431 309 473; x_wconf 92' lang='lat' dir='ltr'><strong>Ad</strong></span> <span class='ocrx_word' id='word_1_20' title='bbox 335 431 581 473; x_wconf 90' lang='lat' dir='ltr'><strong>faciendam</strong></span> <span class='ocrx_word' id='word_1_21' title='bbox 606 432 846 474; x_wconf 89' lang='lat' dir='ltr'><strong>vindictam</strong></span> <span class='ocrx_word' id='word_1_22' title='bbox 870 433 914 474; x_wconf 91' lang='lat' dir='ltr'><strong>in</strong></span> <span class='ocrx_word' id='word_1_23' title='bbox 939 445 1010 473; x_wconf 91' lang='lat' dir='ltr'><strong>na-</strong></span> 
     </span>
     <span class='ocr_line' id='line_1_8' title="bbox 183 488 1010 542; baseline 0.002 -13"><span class='ocrx_word' id='word_1_24' title='bbox 183 488 391 530; x_wconf 74' lang='lat' dir='ltr'><strong>tiOnibus:</strong></span> <span class='ocrx_word' id='word_1_25' title='bbox 427 489 451 514; x_wconf 86' lang='lat'>*</span> <span class='ocrx_word' id='word_1_26' title='bbox 486 489 809 541; x_wconf 84' lang='lat' dir='ltr'><strong>increpationes</strong></span> <span class='ocrx_word' id='word_1_27' title='bbox 850 490 894 530; x_wconf 89' lang='lat' dir='ltr'><strong>in</strong></span> <span class='ocrx_word' id='word_1_28' title='bbox 933 491 1010 542; x_wconf 74' lang='lat' dir='ltr'><strong>pe-</strong></span> 
     </span>
     <span class='ocr_line' id='line_1_9' title="bbox 182 545 309 598; baseline -0.008 -12"><span class='ocrx_word' id='word_1_29' title='bbox 182 545 309 598; x_wconf 91' lang='lat' dir='ltr'><strong>pulis.</strong></span> 
     </span>
    </p>

    <p class='ocr_par' dir='ltr' id='par_1_6' title="bbox 183 600 1012 756">
     <span class='ocr_line' id='line_1_10' title="bbox 235 600 1012 652; baseline 0 -9"><span class='ocrx_word' id='word_1_30' title='bbox 235 600 308 643; x_wconf 92' lang='lat' dir='ltr'><strong>Ad</strong></span> <span class='ocrx_word' id='word_1_31' title='bbox 339 600 584 652; x_wconf 81' lang='lat' dir='ltr'><strong>alligandos</strong></span> <span class='ocrx_word' id='word_1_32' title='bbox 620 614 747 652; x_wconf 85' lang='lat' dir='ltr'><strong>reges</strong></span> <span class='ocrx_word' id='word_1_33' title='bbox 785 604 937 644; x_wconf 85' lang='lat' dir='ltr'><strong>eorum</strong></span> <span class='ocrx_word' id='word_1_34' title='bbox 968 603 1012 643; x_wconf 91' lang='lat' dir='ltr'><strong>in</strong></span> 
     </span>
     <span class='ocr_line' id='line_1_11' title="bbox 185 657 1012 710; baseline 0.001 -11"><span class='ocrx_word' id='word_1_35' title='bbox 185 657 486 710; x_wconf 88' lang='lat' dir='ltr'><strong>compedibus:</strong></span> <span class='ocrx_word' id='word_1_36' title='bbox 500 658 523 683; x_wconf 85' lang='grc'>*</span> <span class='ocrx_word' id='word_1_37' title='bbox 543 663 587 699; x_wconf 92' lang='lat' dir='ltr'><strong>et</strong></span> <span class='ocrx_word' id='word_1_38' title='bbox 604 658 775 700; x_wconf 80' lang='lat' dir='ltr'><strong>nebiles</strong></span> <span class='ocrx_word' id='word_1_39' title='bbox 795 661 950 700; x_wconf 86' lang='lat' dir='ltr'><strong>eorum</strong></span> <span class='ocrx_word' id='word_1_40' title='bbox 967 659 1012 700; x_wconf 94' lang='lat' dir='ltr'><strong>in</strong></span> 
     </span>
     <span class='ocr_line' id='line_1_12' title="bbox 183 715 548 756; baseline 0.003 -1"><span class='ocrx_word' id='word_1_41' title='bbox 183 715 366 756; x_wconf 83' lang='lat' dir='ltr'><strong>manicis</strong></span> <span class='ocrx_word' id='word_1_42' title='bbox 385 715 548 756; x_wconf 88' lang='lat' dir='ltr'><strong>ferreis.</strong></span> 
     </span>
    </p>

    <p class='ocr_par' dir='ltr' id='par_1_7' title="bbox 184 771 1012 937">
     <span class='ocr_line' id='line_1_13' title="bbox 237 771 1012 824; baseline -0.001 -10"><span class='ocrx_word' id='word_1_43' title='bbox 237 772 296 814; x_wconf 91' lang='lat' dir='ltr'><strong>Ut</strong></span> <span class='ocrx_word' id='word_1_44' title='bbox 322 771 484 813; x_wconf 80' lang='lat' dir='ltr'><strong>faciant</strong></span> <span class='ocrx_word' id='word_1_45' title='bbox 510 772 554 812; x_wconf 89' lang='lat' dir='ltr'><strong>in</strong></span> <span class='ocrx_word' id='word_1_46' title='bbox 588 772 649 813; x_wconf 91' lang='lat' dir='ltr'><strong>eis</strong></span> <span class='ocrx_word' id='word_1_47' title='bbox 677 771 884 824; x_wconf 87' lang='lat' dir='ltr'><strong>judicium</strong></span> <span class='ocrx_word' id='word_1_48' title='bbox 911 784 1012 814; x_wconf 86' lang='lat' dir='ltr'><strong>con-</strong></span> 
     </span>
     <span class='ocr_line' id='line_1_14' title="bbox 184 828 1012 881; baseline 0 -12"><span class='ocrx_word' id='word_1_49' title='bbox 184 830 413 881; x_wconf 89' lang='lat' dir='ltr'><strong>scriptum:</strong></span> <span class='ocrx_word' id='word_1_50' title='bbox 440 829 464 854; x_wconf 89' lang='lat'>*</span> <span class='ocrx_word' id='word_1_51' title='bbox 491 828 630 879; x_wconf 84' lang='lat' dir='ltr'><strong>gloria</strong></span> <span class='ocrx_word' id='word_1_52' title='bbox 657 828 754 870; x_wconf 86' lang='lat' dir='ltr'><strong>haec</strong></span> <span class='ocrx_word' id='word_1_53' title='bbox 781 834 849 870; x_wconf 90' lang='lat' dir='ltr'><strong>est</strong></span> <span class='ocrx_word' id='word_1_54' title='bbox 878 829 1012 870; x_wconf 76' lang='lat' dir='ltr'><strong>emni-</strong></span> 
     </span>
     <span class='ocr_line' id='line_1_15' title="bbox 184 885 569 937; baseline 0 -11"><span class='ocrx_word' id='word_1_55' title='bbox 184 885 266 926; x_wconf 89' lang='lat' dir='ltr'><strong>bus</strong></span> <span class='ocrx_word' id='word_1_56' title='bbox 285 885 447 926; x_wconf 87' lang='lat' dir='ltr'><strong>sanctis</strong></span> <span class='ocrx_word' id='word_1_57' title='bbox 468 886 569 937; x_wconf 88' lang='lat' dir='ltr'><strong>ejus.</strong></span> 
     </span>
    </p>

    <p class='ocr_par' dir='ltr' id='par_1_8' title="bbox 238 941 852 994">
     <span class='ocr_line' id='line_1_16' title="bbox 238 941 852 994; baseline -0.002 -11"><span class='ocrx_word' id='word_1_58' title='bbox 238 945 322 985; x_wconf 84' lang='lat' dir='ltr'><strong>Hie</strong></span> <span class='ocrx_word' id='word_1_59' title='bbox 342 957 428 985; x_wconf 91' lang='lat' dir='ltr'><strong>non</strong></span> <span class='ocrx_word' id='word_1_60' title='bbox 450 944 608 985; x_wconf 83' lang='lat' dir='ltr'><strong>dieitur</strong></span> <span class='ocrx_word' id='word_1_61' title='bbox 624 941 852 994; x_wconf 73' lang='lat' dir='ltr'><strong>Requiem.</strong></span> 
     </span>
    </p>

    <p class='ocr_par' dir='ltr' id='par_1_9' title="bbox 184 1000 1011 1221">
     <span class='ocr_line' id='line_1_17' title="bbox 444 1000 755 1041; baseline -0.003 -1"><span class='ocrx_word' id='word_1_62' title='bbox 444 1000 642 1041; x_wconf 87' lang='lat' dir='ltr'><strong>Psalmus</strong></span> <span class='ocrx_word' id='word_1_63' title='bbox 662 1002 755 1041; x_wconf 85' lang='lat'>150.</span> 
     </span>
     <span class='ocr_line' id='line_1_18' title="bbox 187 1052 1011 1158; baseline 0.001 -62"><span class='ocrx_word' id='word_1_64' title='bbox 187 1052 423 1158; x_wconf 64' lang='lat' dir='ltr'><strong>Laud-ate</strong></span> <span class='ocrx_word' id='word_1_65' title='bbox 469 1056 707 1098; x_wconf 84' lang='lat' dir='ltr'><strong>Dominum</strong></span> <span class='ocrx_word' id='word_1_66' title='bbox 756 1056 801 1096; x_wconf 91' lang='lat' dir='ltr'><strong>in</strong></span> <span class='ocrx_word' id='word_1_67' title='bbox 849 1056 1011 1098; x_wconf 88' lang='lat' dir='ltr'><strong>sanctis</strong></span> 
     </span>
     <span class='ocr_line' id='line_1_19' title="bbox 289 1112 1011 1164; baseline 0.001 -11"><span class='ocrx_word' id='word_1_68' title='bbox 289 1113 395 1164; x_wconf 91' lang='lat' dir='ltr'><strong>ejus:</strong></span> <span class='ocrx_word' id='word_1_69' title='bbox 418 1114 441 1139; x_wconf 90' lang='lat'>*</span> <span class='ocrx_word' id='word_1_70' title='bbox 465 1112 642 1154; x_wconf 82' lang='lat' dir='ltr'><strong>laudate</strong></span> <span class='ocrx_word' id='word_1_71' title='bbox 672 1125 770 1154; x_wconf 92' lang='lat' dir='ltr'><strong>eum</strong></span> <span class='ocrx_word' id='word_1_72' title='bbox 799 1112 843 1153; x_wconf 91' lang='lat' dir='ltr'><strong>in</strong></span> <span class='ocrx_word' id='word_1_73' title='bbox 870 1113 1011 1154; x_wconf 91' lang='lat' dir='ltr'><strong>firma-</strong></span> 
     </span>
     <span class='ocr_line' id='line_1_20' title="bbox 184 1169 646 1221; baseline 0.004 -13"><span class='ocrx_word' id='word_1_74' title='bbox 184 1170 333 1210; x_wconf 90' lang='lat' dir='ltr'><strong>mento</strong></span> <span class='ocrx_word' id='word_1_75' title='bbox 352 1169 525 1210; x_wconf 84' lang='lat' dir='ltr'><strong>virtutis</strong></span> <span class='ocrx_word' id='word_1_76' title='bbox 545 1170 646 1221; x_wconf 89' lang='lat' dir='ltr'><strong>ejus.</strong></span> 
     </span>
    </p>

    <p class='ocr_par' dir='ltr' id='par_1_10' title="bbox 185 1224 1013 1390">
     <span class='ocr_line' id='line_1_21' title="bbox 236 1224 1013 1277; baseline 0.001 -12"><span class='ocrx_word' id='word_1_77' title='bbox 236 1224 435 1267; x_wconf 79' lang='lat' dir='ltr'><strong>Laudate</strong></span> <span class='ocrx_word' id='word_1_78' title='bbox 460 1238 559 1267; x_wconf 93' lang='lat' dir='ltr'><strong>eum</strong></span> <span class='ocrx_word' id='word_1_79' title='bbox 582 1226 626 1266; x_wconf 94' lang='lat' dir='ltr'><strong>in</strong></span> <span class='ocrx_word' id='word_1_80' title='bbox 650 1225 884 1267; x_wconf 86' lang='lat' dir='ltr'><strong>virtutibus</strong></span> <span class='ocrx_word' id='word_1_81' title='bbox 909 1226 1013 1277; x_wconf 87' lang='lat' dir='ltr'><strong>ejus:</strong></span> 
     </span>
     <span class='ocr_line' id='line_1_22' title="bbox 185 1281 1013 1324; baseline 0.001 -1"><span class='ocrx_word' id='word_1_82' title='bbox 185 1282 208 1307; x_wconf 88' lang='lat'>*</span> <span class='ocrx_word' id='word_1_83' title='bbox 233 1281 410 1323; x_wconf 80' lang='lat' dir='ltr'><strong>laudate</strong></span> <span class='ocrx_word' id='word_1_84' title='bbox 435 1294 534 1323; x_wconf 90' lang='lat' dir='ltr'><strong>eum</strong></span> <span class='ocrx_word' id='word_1_85' title='bbox 559 1282 801 1324; x_wconf 81' lang='lat' dir='ltr'><strong>secundum</strong></span> <span class='ocrx_word' id='word_1_86' title='bbox 823 1282 1013 1324; x_wconf 82' lang='lat' dir='ltr'><strong>multitu-</strong></span> 
     </span>
     <span class='ocr_line' id='line_1_23' title="bbox 187 1338 781 1390; baseline 0 -10"><span class='ocrx_word' id='word_1_87' title='bbox 187 1338 332 1380; x_wconf 84' lang='lat' dir='ltr'>dinem</span> <span class='ocrx_word' id='word_1_88' title='bbox 350 1338 660 1390; x_wconf 82' lang='lat' dir='ltr'><strong>magnitudinis</strong></span> <span class='ocrx_word' id='word_1_89' title='bbox 680 1339 781 1390; x_wconf 87' lang='lat' dir='ltr'><strong>ejus.</strong></span> 
     </span>
    </p>

    <p class='ocr_par' dir='ltr' id='par_1_11' title="bbox 186 1394 1014 1504">
     <span class='ocr_line' id='line_1_24' title="bbox 237 1394 1012 1436; baseline 0 0"><span class='ocrx_word' id='word_1_90' title='bbox 237 1394 436 1436; x_wconf 81' lang='lat' dir='ltr'><strong>Laudate</strong></span> <span class='ocrx_word' id='word_1_91' title='bbox 469 1408 568 1436; x_wconf 92' lang='lat' dir='ltr'><strong>eum</strong></span> <span class='ocrx_word' id='word_1_92' title='bbox 603 1396 646 1436; x_wconf 91' lang='lat' dir='ltr'><strong>in</strong></span> <span class='ocrx_word' id='word_1_93' title='bbox 684 1408 794 1436; x_wconf 91' lang='lat' dir='ltr'><strong>sono</strong></span> <span class='ocrx_word' id='word_1_94' title='bbox 826 1394 960 1436; x_wconf 91' lang='lat' dir='ltr'><strong>tubae:</strong></span> <span class='ocrx_word' id='word_1_95' title='bbox 989 1397 1012 1422; x_wconf 90' lang='lat'>*</span> 
     </span>
     <span class='ocr_line' id='line_1_25' title="bbox 186 1451 1014 1504; baseline 0 -12"><span class='ocrx_word' id='word_1_96' title='bbox 186 1451 362 1493; x_wconf 80' lang='lat' dir='ltr'><strong>laudate</strong></span> <span class='ocrx_word' id='word_1_97' title='bbox 379 1464 478 1492; x_wconf 92' lang='lat' dir='ltr'><strong>eum</strong></span> <span class='ocrx_word' id='word_1_98' title='bbox 494 1452 538 1492; x_wconf 88' lang='lat' dir='ltr'><strong>in</strong></span> <span class='ocrx_word' id='word_1_99' title='bbox 552 1451 762 1504; x_wconf 90' lang='lat' dir='ltr'><strong>psalterio</strong></span> <span class='ocrx_word' id='word_1_100' title='bbox 779 1457 823 1493; x_wconf 92' lang='lat' dir='ltr'><strong>et</strong></span> <span class='ocrx_word' id='word_1_101' title='bbox 838 1451 1014 1493; x_wconf 89' lang='lat' dir='ltr'><strong>eithara.</strong></span> 
     </span>
    </p>

    <p class='ocr_par' dir='ltr' id='par_1_12' title="bbox 188 1507 1015 1672">
     <span class='ocr_line' id='line_1_26' title="bbox 238 1507 1015 1561; baseline 0.003 -13"><span class='ocrx_word' id='word_1_102' title='bbox 238 1507 437 1549; x_wconf 84' lang='lat' dir='ltr'><strong>Laudate</strong></span> <span class='ocrx_word' id='word_1_103' title='bbox 479 1521 579 1549; x_wconf 92' lang='lat' dir='ltr'><strong>eum</strong></span> <span class='ocrx_word' id='word_1_104' title='bbox 619 1508 663 1549; x_wconf 93' lang='lat' dir='ltr'><strong>in</strong></span> <span class='ocrx_word' id='word_1_105' title='bbox 703 1510 930 1561; x_wconf 71' lang='lat' dir='ltr'><strong>tympano,</strong></span> <span class='ocrx_word' id='word_1_106' title='bbox 971 1514 1015 1550; x_wconf 90' lang='lat' dir='ltr'><strong>et</strong></span> 
     </span>
     <span class='ocr_line' id='line_1_27' title="bbox 188 1564 1014 1615; baseline -0.001 -9"><span class='ocrx_word' id='word_1_107' title='bbox 188 1564 339 1606; x_wconf 90' lang='lat' dir='ltr'><strong>choro:</strong></span> <span class='ocrx_word' id='word_1_108' title='bbox 363 1564 586 1607; x_wconf 81' lang='lat' dir='ltr'><strong>*laudate</strong></span> <span class='ocrx_word' id='word_1_109' title='bbox 621 1577 720 1606; x_wconf 91' lang='lat' dir='ltr'><strong>eum</strong></span> <span class='ocrx_word' id='word_1_110' title='bbox 750 1565 795 1605; x_wconf 92' lang='lat' dir='ltr'><strong>in</strong></span> <span class='ocrx_word' id='word_1_111' title='bbox 827 1564 1014 1615; x_wconf 83' lang='lat' dir='ltr'><strong>chordis,</strong></span> 
     </span>
     <span class='ocr_line' id='line_1_28' title="bbox 188 1623 428 1672; baseline -0.008 -9"><span class='ocrx_word' id='word_1_112' title='bbox 188 1626 231 1663; x_wconf 91' lang='lat' dir='ltr'><strong>et</strong></span> <span class='ocrx_word' id='word_1_113' title='bbox 251 1623 428 1672; x_wconf 85' lang='lat' dir='ltr'><strong>organo.</strong></span> 
     </span>
    </p>

    <p class='ocr_par' dir='ltr' id='par_1_13' title="bbox 188 1677 1016 1890">
     <span class='ocr_line' id='line_1_29' title="bbox 238 1677 1015 1731; baseline 0.003 -13"><span class='ocrx_word' id='word_1_114' title='bbox 238 1677 438 1720; x_wconf 83' lang='lat' dir='ltr'><strong>Laudate</strong></span> <span class='ocrx_word' id='word_1_115' title='bbox 463 1691 563 1719; x_wconf 91' lang='lat' dir='ltr'><strong>eum</strong></span> <span class='ocrx_word' id='word_1_116' title='bbox 586 1678 630 1719; x_wconf 92' lang='lat' dir='ltr'><strong>in</strong></span> <span class='ocrx_word' id='word_1_117' title='bbox 655 1678 866 1731; x_wconf 69' lang='lat' dir='ltr'><strong>cymbalis</strong></span> <span class='ocrx_word' id='word_1_118' title='bbox 886 1678 1015 1720; x_wconf 91' lang='lat' dir='ltr'><strong>bene-</strong></span> 
     </span>
     <span class='ocr_line' id='line_1_30' title="bbox 189 1734 1015 1787; baseline 0 -11"><span class='ocrx_word' id='word_1_119' title='bbox 189 1734 462 1776; x_wconf 81' lang='lat' dir='ltr'><strong>sonantibus:</strong></span> <span class='ocrx_word' id='word_1_120' title='bbox 498 1734 675 1776; x_wconf 79' lang='lat' dir='ltr'><strong>laudate</strong></span> <span class='ocrx_word' id='word_1_121' title='bbox 704 1748 804 1777; x_wconf 92' lang='lat' dir='ltr'><strong>eum</strong></span> <span class='ocrx_word' id='word_1_122' title='bbox 830 1735 873 1776; x_wconf 95' lang='lat' dir='ltr'><strong>in</strong></span> <span class='ocrx_word' id='word_1_123' title='bbox 902 1737 1015 1787; x_wconf 65' lang='lat' dir='ltr'><strong>cyrm·</strong></span> 
     </span>
     <span class='ocr_line' id='line_1_31' title="bbox 188 1791 1016 1845; baseline 0.001 -13"><span class='ocrx_word' id='word_1_124' title='bbox 188 1791 299 1833; x_wconf 92' lang='lat' dir='ltr'><strong>balis</strong></span> <span class='ocrx_word' id='word_1_125' title='bbox 323 1791 602 1843; x_wconf 84' lang='lat' dir='ltr'><strong>jubilationis:</strong></span> <span class='ocrx_word' id='word_1_126' title='bbox 624 1793 647 1818; x_wconf 84' lang='lat'>*</span> <span class='ocrx_word' id='word_1_127' title='bbox 671 1792 813 1833; x_wconf 91' lang='lat' dir='ltr'><strong>omnis</strong></span> <span class='ocrx_word' id='word_1_128' title='bbox 838 1792 1016 1845; x_wconf 88' lang='lat' dir='ltr'><strong>spiritus</strong></span> 
     </span>
     <span class='ocr_line' id='line_1_32' title="bbox 189 1847 605 1890; baseline 0.002 -2"><span class='ocrx_word' id='word_1_129' title='bbox 189 1847 338 1890; x_wconf 89' lang='lat' dir='ltr'><strong>laudet</strong></span> <span class='ocrx_word' id='word_1_130' title='bbox 356 1848 605 1889; x_wconf 78' lang='lat' dir='ltr'><strong>Deminum.</strong></span> 
     </span>
    </p>

    <p class='ocr_par' dir='ltr' id='par_1_14' title="bbox 241 1905 693 1957">
     <span class='ocr_line' id='line_1_33' title="bbox 241 1905 693 1957; baseline 0 -11"><span class='ocrx_word' id='word_1_131' title='bbox 241 1905 455 1957; x_wconf 91' lang='lat' dir='ltr'><strong>Requiem</strong></span> <span class='ocrx_word' id='word_1_132' title='bbox 475 1907 693 1946; x_wconf 81' lang='lat' dir='ltr'><strong>aeternam.</strong></span> 
     </span>
    </p>

    <p class='ocr_par' dir='ltr' id='par_1_15' title="bbox 189 1962 1016 2059">
     <span class='ocr_line' id='line_1_34' title="bbox 246 1962 1016 2014; baseline 0.001 -11"><span class='ocrx_word' id='word_1_133' title='bbox 246 1965 343 2004; x_wconf 79' lang='lat' dir='ltr'><strong>Ant.</strong></span> <span class='ocrx_word' id='word_1_134' title='bbox 374 1962 526 2003; x_wconf 76' lang='lat' dir='ltr'><strong>Omnis</strong></span> <span class='ocrx_word' id='word_1_135' title='bbox 555 1963 733 2014; x_wconf 91' lang='lat' dir='ltr'><strong>spiritus</strong></span> <span class='ocrx_word' id='word_1_136' title='bbox 757 1962 907 2004; x_wconf 88' lang='lat' dir='ltr'><strong>laudet</strong></span> <span class='ocrx_word' id='word_1_137' title='bbox 929 1962 1016 2003; x_wconf 77' lang='lat' dir='ltr'><strong>De-</strong></span> 
     </span>
     <span class='ocr_line' id='line_1_35' title="bbox 189 2031 363 2059; baseline 0 -1"><span class='ocrx_word' id='word_1_138' title='bbox 189 2031 363 2059; x_wconf 81' lang='lat' dir='ltr'><strong>minum.</strong></span> 
     </span>
    </p>

    <p class='ocr_par' dir='ltr' id='par_1_16' title="bbox 189 2070 1016 2230">
     <span class='ocr_line' id='line_1_36' title="bbox 246 2070 1015 2121; baseline 0.003 -6"><span class='ocrx_word' id='word_1_139' title='bbox 246 2070 292 2121; x_wconf 53' lang='grc' dir='ltr'><strong>δ”.</strong></span> <span class='ocrx_word' id='word_1_140' title='bbox 312 2074 472 2116; x_wconf 85' lang='lat' dir='ltr'><strong>Audivi</strong></span> <span class='ocrx_word' id='word_1_141' title='bbox 493 2088 649 2117; x_wconf 87' lang='lat' dir='ltr'><strong>vocem</strong></span> <span class='ocrx_word' id='word_1_142' title='bbox 669 2075 724 2117; x_wconf 92' lang='lat' dir='ltr'><strong>de</strong></span> <span class='ocrx_word' id='word_1_143' title='bbox 741 2075 855 2117; x_wconf 86' lang='lat' dir='ltr'><strong>coelo</strong></span> <span class='ocrx_word' id='word_1_144' title='bbox 872 2075 1015 2118; x_wconf 85' lang='lat' dir='ltr'><strong>dicen-</strong></span> 
     </span>
     <span class='ocr_line' id='line_1_37' title="bbox 189 2131 1016 2185; baseline 0.004 -14"><span class='ocrx_word' id='word_1_145' title='bbox 189 2136 278 2172; x_wconf 86' lang='lat' dir='ltr'><strong>tem</strong></span> <span class='ocrx_word' id='word_1_146' title='bbox 303 2131 421 2172; x_wconf 85' lang='lat' dir='ltr'><strong>mihi.</strong></span> <span class='ocrx_word' id='word_1_147' title='bbox 459 2134 507 2183; x_wconf 69' lang='lat' dir='ltr'><strong>R.</strong></span> <span class='ocrx_word' id='word_1_148' title='bbox 534 2132 661 2174; x_wconf 73' lang='lat' dir='ltr'><strong>Beati</strong></span> <span class='ocrx_word' id='word_1_149' title='bbox 684 2133 848 2174; x_wconf 79' lang='lat' dir='ltr'><strong>mertui</strong></span> <span class='ocrx_word' id='word_1_150' title='bbox 875 2133 948 2185; x_wconf 91' lang='lat' dir='ltr'><strong>qui</strong></span> <span class='ocrx_word' id='word_1_151' title='bbox 972 2133 1016 2174; x_wconf 93' lang='lat' dir='ltr'><strong>in</strong></span> 
     </span>
     <span class='ocr_line' id='line_1_38' title="bbox 190 2187 653 2230; baseline 0.004 -3"><span class='ocrx_word' id='word_1_152' title='bbox 190 2187 379 2229; x_wconf 85' lang='lat' dir='ltr'><strong>Domino</strong></span> <span class='ocrx_word' id='word_1_153' title='bbox 399 2189 653 2230; x_wconf 81' lang='lat' dir='ltr'><strong>moriuntur.</strong></span> 
     </span>
    </p>

    <p class='ocr_par' dir='ltr' id='par_1_17' title="bbox 192 2244 1018 2512">
     <span class='ocr_line' id='line_1_39' title="bbox 246 2244 1017 2296; baseline 0.005 -13"><span class='ocrx_word' id='word_1_154' title='bbox 246 2244 315 2284; x_wconf 76' lang='lat' dir='ltr'><strong>Ad</strong></span> <span class='ocrx_word' id='word_1_155' title='bbox 338 2245 496 2286; x_wconf 86' lang='lat' dir='ltr'><strong>Bened.</strong></span> <span class='ocrx_word' id='word_1_156' title='bbox 533 2247 631 2286; x_wconf 81' lang='lat' dir='ltr'><strong>Ant.</strong></span> <span class='ocrx_word' id='word_1_157' title='bbox 662 2246 757 2296; x_wconf 86' lang='lat' dir='ltr'><strong>Ego</strong></span> <span class='ocrx_word' id='word_1_158' title='bbox 783 2259 879 2286; x_wconf 93' lang='lat' dir='ltr'><strong>sum</strong></span> <span class='ocrx_word' id='word_1_159' title='bbox 904 2247 927 2272; x_wconf 87' lang='lat'>*</span> <span class='ocrx_word' id='word_1_160' title='bbox 954 2258 1017 2287; x_wconf 93' lang='lat' dir='ltr'><strong>re-</strong></span> 
     </span>
     <span class='ocr_line' id='line_1_40' title="bbox 192 2299 1016 2353; baseline 0.005 -14"><span class='ocrx_word' id='word_1_161' title='bbox 192 2299 405 2341; x_wconf 88' lang='lat' dir='ltr'><strong>surrectio</strong></span> <span class='ocrx_word' id='word_1_162' title='bbox 426 2306 469 2342; x_wconf 94' lang='lat' dir='ltr'><strong>et</strong></span> <span class='ocrx_word' id='word_1_163' title='bbox 488 2301 590 2342; x_wconf 90' lang='lat' dir='ltr'><strong>vita:</strong></span> <span class='ocrx_word' id='word_1_164' title='bbox 616 2301 689 2353; x_wconf 91' lang='lat' dir='ltr'><strong>qui</strong></span> <span class='ocrx_word' id='word_1_165' title='bbox 712 2301 852 2343; x_wconf 85' lang='lat' dir='ltr'><strong>credit</strong></span> <span class='ocrx_word' id='word_1_166' title='bbox 873 2302 917 2342; x_wconf 94' lang='lat' dir='ltr'><strong>in</strong></span> <span class='ocrx_word' id='word_1_167' title='bbox 935 2314 1016 2351; x_wconf 89' lang='lat' dir='ltr'><strong>me,</strong></span> 
     </span>
     <span class='ocr_line' id='line_1_41' title="bbox 193 2355 1018 2407; baseline 0.005 -12"><span class='ocrx_word' id='word_1_168' title='bbox 193 2355 323 2396; x_wconf 90' lang='lat' dir='ltr'><strong>etiam</strong></span> <span class='ocrx_word' id='word_1_169' title='bbox 351 2356 389 2396; x_wconf 92' lang='lat' dir='ltr'><strong>si</strong></span> <span class='ocrx_word' id='word_1_170' title='bbox 416 2359 615 2398; x_wconf 80' lang='lat' dir='ltr'><strong>mertuus</strong></span> <span class='ocrx_word' id='word_1_171' title='bbox 642 2357 787 2407; x_wconf 82' lang='lat' dir='ltr'><strong>fuerit,</strong></span> <span class='ocrx_word' id='word_1_172' title='bbox 815 2358 946 2399; x_wconf 91' lang='lat' dir='ltr'><strong>vivet:</strong></span> <span class='ocrx_word' id='word_1_173' title='bbox 975 2363 1018 2399; x_wconf 93' lang='lat' dir='ltr'><strong>et</strong></span> 
     </span>
     <span class='ocr_line' id='line_1_42' title="bbox 193 2411 1017 2463; baseline 0.006 -12"><span class='ocrx_word' id='word_1_174' title='bbox 193 2411 333 2452; x_wconf 91' lang='lat' dir='ltr'><strong>omnis</strong></span> <span class='ocrx_word' id='word_1_175' title='bbox 366 2413 440 2463; x_wconf 93' lang='lat' dir='ltr'><strong>qui</strong></span> <span class='ocrx_word' id='word_1_176' title='bbox 471 2413 577 2455; x_wconf 90' lang='lat' dir='ltr'><strong>vivit</strong></span> <span class='ocrx_word' id='word_1_177' title='bbox 609 2419 652 2455; x_wconf 89' lang='lat' dir='ltr'><strong>et</strong></span> <span class='ocrx_word' id='word_1_178' title='bbox 684 2413 824 2456; x_wconf 87' lang='lat' dir='ltr'><strong>eredit</strong></span> <span class='ocrx_word' id='word_1_179' title='bbox 854 2414 897 2455; x_wconf 93' lang='lat' dir='ltr'><strong>in</strong></span> <span class='ocrx_word' id='word_1_180' title='bbox 929 2427 1017 2463; x_wconf 89' lang='lat' dir='ltr'><strong>me,</strong></span> 
     </span>
     <span class='ocr_line' id='line_1_43' title="bbox 192 2469 811 2512; baseline 0.005 -4"><span class='ocrx_word' id='word_1_181' title='bbox 192 2480 280 2509; x_wconf 93' lang='lat' dir='ltr'><strong>non</strong></span> <span class='ocrx_word' id='word_1_182' title='bbox 298 2469 506 2510; x_wconf 91' lang='lat' dir='ltr'><strong>morietur</strong></span> <span class='ocrx_word' id='word_1_183' title='bbox 526 2470 570 2510; x_wconf 90' lang='lat' dir='ltr'><strong>in</strong></span> <span class='ocrx_word' id='word_1_184' title='bbox 589 2472 811 2512; x_wconf 87' lang='lat' dir='ltr'><strong>aetemum.</strong></span> 
     </span>
    </p>

    <p class='ocr_par' dir='ltr' id='par_1_18' title="bbox 251 2530 919 2574">
     <span class='ocr_line' id='line_1_44' title="bbox 251 2530 919 2574; baseline 0.003 -11"><span class='ocrx_word' id='word_1_185' title='bbox 251 2530 395 2563; x_wconf 78' lang='lat' dir='ltr'><strong>Deinde</strong></span> <span class='ocrx_word' id='word_1_186' title='bbox 421 2531 598 2565; x_wconf 85' lang='lat' dir='ltr'><strong>dicuntur</strong></span> <span class='ocrx_word' id='word_1_187' title='bbox 623 2533 733 2566; x_wconf 72' lang='lat' dir='ltr'><strong>flexis</strong></span> <span class='ocrx_word' id='word_1_188' title='bbox 758 2533 919 2574; x_wconf 69' lang='lat' dir='ltr'><strong>genibus</strong></span> 
     </span>
    </p>

    <p class='ocr_par' dir='ltr' id='par_1_19' title="bbox 253 2582 756 2625">
     <span class='ocr_line' id='line_1_45' title="bbox 253 2582 756 2625; baseline 0.004 -4"><span class='ocrx_word' id='word_1_189' title='bbox 253 2582 373 2622; x_wconf 85' lang='lat' dir='ltr'><strong>l&#39;ater</strong></span> <span class='ocrx_word' id='word_1_190' title='bbox 392 2586 553 2623; x_wconf 91' lang='lat' dir='ltr'><strong>noster.</strong></span> <span class='ocrx_word' id='word_1_191' title='bbox 575 2590 756 2625; x_wconf 86' lang='lat' dir='ltr'><strong>secreto.</strong></span> 
     </span>
    </p>

    <p class='ocr_par' dir='ltr' id='par_1_20' title="bbox 193 2633 1017 2744">
     <span class='ocr_line' id='line_1_46' title="bbox 252 2633 1016 2683; baseline 0.005 -7"><span class='ocrx_word' id='word_1_192' title='bbox 252 2633 297 2683; x_wconf 64' lang='lat' dir='ltr'><strong>X.</strong></span> <span class='ocrx_word' id='word_1_193' title='bbox 326 2637 383 2679; x_wconf 89' lang='lat' dir='ltr'><strong>Et</strong></span> <span class='ocrx_word' id='word_1_194' title='bbox 410 2650 463 2679; x_wconf 92' lang='lat' dir='ltr'><strong>ne</strong></span> <span class='ocrx_word' id='word_1_195' title='bbox 491 2651 572 2679; x_wconf 92' lang='lat' dir='ltr'><strong>nos</strong></span> <span class='ocrx_word' id='word_1_196' title='bbox 600 2638 782 2681; x_wconf 79' lang='lat' dir='ltr'><strong>inducas</strong></span> <span class='ocrx_word' id='word_1_197' title='bbox 810 2640 853 2680; x_wconf 92' lang='lat' dir='ltr'><strong>in</strong></span> <span class='ocrx_word' id='word_1_198' title='bbox 880 2644 1016 2681; x_wconf 91' lang='lat' dir='ltr'><strong>tenta-</strong></span> 
     </span>
     <span class='ocr_line' id='line_1_47' title="bbox 193 2693 1017 2744; baseline 0.001 -9"><span class='ocrx_word' id='word_1_199' title='bbox 193 2694 367 2735; x_wconf 79' lang='lat' dir='ltr'><strong>tienem.</strong></span> <span class='ocrx_word' id='word_1_200' title='bbox 407 2695 452 2744; x_wconf 54' lang='lat' dir='ltr'><strong>Ru</strong></span> <span class='ocrx_word' id='word_1_201' title='bbox 475 2693 563 2735; x_wconf 89' lang='lat' dir='ltr'><strong>Sed</strong></span> <span class='ocrx_word' id='word_1_202' title='bbox 587 2694 724 2736; x_wconf 87' lang='lat' dir='ltr'><strong>libera</strong></span> <span class='ocrx_word' id='word_1_203' title='bbox 746 2708 826 2737; x_wconf 92' lang='lat' dir='ltr'><strong>nos</strong></span> <span class='ocrx_word' id='word_1_204' title='bbox 850 2709 875 2737; x_wconf 91' lang='lat' dir='ltr'><strong>a</strong></span> <span class='ocrx_word' id='word_1_205' title='bbox 892 2695 1017 2736; x_wconf 87' lang='lat' dir='ltr'><strong>malo.</strong></span> 
     </span>
    </p>
   </div>
   <div class='ocr_carea' id='block_1_5' title="bbox 1324 262 1631 303">
    <p class='ocr_par' dir='ltr' id='par_1_21' title="bbox 1324 262 1631 303">
     <span class='ocr_line' id='line_1_48' title="bbox 1324 262 1631 303; baseline 0.003 -2"><span class='ocrx_word' id='word_1_206' title='bbox 1324 262 1523 302; x_wconf 88' lang='lat' dir='ltr'><strong>Psalmus</strong></span> <span class='ocrx_word' id='word_1_207' title='bbox 1545 263 1631 303; x_wconf 89' lang='lat'>129.</span> 
     </span>
    </p>
   </div>
   <div class='ocr_carea' id='block_1_6' title="bbox 1064 313 1896 1916">
    <p class='ocr_par' dir='ltr' id='par_1_22' title="bbox 1065 313 1890 476">
     <span class='ocr_line' id='line_1_49' title="bbox 1065 313 1889 418; baseline 0.011 -56"><span class='ocrx_word' id='word_1_208' title='bbox 1065 313 1176 418; x_wconf 89' lang='lat' dir='ltr'><strong>De</strong></span> <span class='ocrx_word' id='word_1_209' title='bbox 1200 322 1431 374; x_wconf 81' lang='lat' dir='ltr'><strong>profundis</strong></span> <span class='ocrx_word' id='word_1_210' title='bbox 1455 323 1638 367; x_wconf 80' lang='lat' dir='ltr'><strong>clamavi</strong></span> <span class='ocrx_word' id='word_1_211' title='bbox 1661 326 1717 369; x_wconf 91' lang='lat' dir='ltr'><strong>ad</strong></span> <span class='ocrx_word' id='word_1_212' title='bbox 1737 332 1782 370; x_wconf 89' lang='lat' dir='ltr'><strong>te</strong></span> <span class='ocrx_word' id='word_1_213' title='bbox 1801 328 1889 370; x_wconf 83' lang='lat' dir='ltr'><strong>Do-</strong></span> 
     </span>
     <span class='ocr_line' id='line_1_50' title="bbox 1158 379 1890 427; baseline 0.011 -8"><span class='ocrx_word' id='word_1_214' title='bbox 1158 379 1288 420; x_wconf 90' lang='lat' dir='ltr'><strong>mine:</strong></span> <span class='ocrx_word' id='word_1_215' title='bbox 1307 381 1331 407; x_wconf 85' lang='grc'>*</span> <span class='ocrx_word' id='word_1_216' title='bbox 1348 380 1539 423; x_wconf 79' lang='lat' dir='ltr'><strong>Demine</strong></span> <span class='ocrx_word' id='word_1_217' title='bbox 1558 382 1717 425; x_wconf 81' lang='lat' dir='ltr'><strong>exaudi</strong></span> <span class='ocrx_word' id='word_1_218' title='bbox 1735 396 1890 427; x_wconf 90' lang='lat' dir='ltr'><strong>vocem</strong></span> 
     </span>
     <span class='ocr_line' id='line_1_51' title="bbox 1065 447 1609 476; baseline 0.004 0"><span class='ocrx_word' id='word_1_219' title='bbox 1065 447 1222 476; x_wconf 89' lang='lat' dir='ltr'><strong>meam.</strong></span> <span class='ocrx_word' id='word_1_220' title='bbox 1607 467 1609 469; x_wconf 62' lang='lat'>.</span> 
     </span>
    </p>

    <p class='ocr_par' dir='ltr' id='par_1_23' title="bbox 1064 491 1890 602">
     <span class='ocr_line' id='line_1_52' title="bbox 1116 491 1890 547; baseline 0.009 -15"><span class='ocrx_word' id='word_1_221' title='bbox 1116 491 1244 533; x_wconf 87' lang='lat' dir='ltr'><strong>Fiant</strong></span> <span class='ocrx_word' id='word_1_222' title='bbox 1275 504 1404 534; x_wconf 90' lang='lat' dir='ltr'><strong>aures</strong></span> <span class='ocrx_word' id='word_1_223' title='bbox 1435 498 1524 535; x_wconf 86' lang='lat' dir='ltr'><strong>tuae</strong></span> <span class='ocrx_word' id='word_1_224' title='bbox 1551 495 1843 547; x_wconf 76' lang='lat' dir='ltr'><strong>intendenteS‚</strong></span> <span class='ocrx_word' id='word_1_225' title='bbox 1866 498 1890 523; x_wconf 91' lang='lat'>*</span> 
     </span>
     <span class='ocr_line' id='line_1_53' title="bbox 1064 548 1764 602; baseline 0.007 -13"><span class='ocrx_word' id='word_1_226' title='bbox 1064 548 1108 589; x_wconf 91' lang='lat' dir='ltr'><strong>in</strong></span> <span class='ocrx_word' id='word_1_227' title='bbox 1127 561 1282 590; x_wconf 88' lang='lat' dir='ltr'><strong>vocem</strong></span> <span class='ocrx_word' id='word_1_228' title='bbox 1302 548 1624 602; x_wconf 85' lang='lat' dir='ltr'><strong>deprecationis</strong></span> <span class='ocrx_word' id='word_1_229' title='bbox 1642 565 1764 594; x_wconf 90' lang='lat' dir='ltr'><strong>meae.</strong></span> 
     </span>
    </p>

    <p class='ocr_par' dir='ltr' id='par_1_24' title="bbox 1064 605 1892 716">
     <span class='ocr_line' id='line_1_54' title="bbox 1117 605 1892 657; baseline 0.009 -12"><span class='ocrx_word' id='word_1_230' title='bbox 1117 605 1162 646; x_wconf 91' lang='lat' dir='ltr'><strong>Si</strong></span> <span class='ocrx_word' id='word_1_231' title='bbox 1188 605 1440 657; x_wconf 69' lang='lat' dir='ltr'><strong>iniquitates</strong></span> <span class='ocrx_word' id='word_1_232' title='bbox 1473 607 1777 651; x_wconf 68' lang='lat' dir='ltr'><strong>observaveris</strong></span> <span class='ocrx_word' id='word_1_233' title='bbox 1803 610 1892 652; x_wconf 85' lang='lat' dir='ltr'><strong>Do-</strong></span> 
     </span>
     <span class='ocr_line' id='line_1_55' title="bbox 1064 661 1832 716; baseline 0.007 -14"><span class='ocrx_word' id='word_1_234' title='bbox 1064 661 1194 704; x_wconf 88' lang='lat' dir='ltr'><strong>mine:</strong></span> <span class='ocrx_word' id='word_1_235' title='bbox 1213 664 1236 688; x_wconf 85' lang='lat'>*</span> <span class='ocrx_word' id='word_1_236' title='bbox 1255 662 1444 705; x_wconf 85' lang='lat' dir='ltr'><strong>Domine</strong></span> <span class='ocrx_word' id='word_1_237' title='bbox 1465 665 1562 716; x_wconf 90' lang='lat' dir='ltr'><strong>quis</strong></span> <span class='ocrx_word' id='word_1_238' title='bbox 1581 665 1832 708; x_wconf 75' lang='lat' dir='ltr'><strong>sustinebit?</strong></span> 
     </span>
    </p>

    <p class='ocr_par' dir='ltr' id='par_1_25' title="bbox 1065 718 1892 874">
     <span class='ocr_line' id='line_1_56' title="bbox 1118 718 1892 774; baseline 0.008 -15"><span class='ocrx_word' id='word_1_239' title='bbox 1118 718 1229 768; x_wconf 85' lang='lat' dir='ltr'><strong>Quia</strong></span> <span class='ocrx_word' id='word_1_240' title='bbox 1258 719 1376 772; x_wconf 91' lang='lat' dir='ltr'><strong>apud</strong></span> <span class='ocrx_word' id='word_1_241' title='bbox 1402 726 1447 762; x_wconf 89' lang='lat' dir='ltr'><strong>te</strong></span> <span class='ocrx_word' id='word_1_242' title='bbox 1474 722 1729 774; x_wconf 65' lang='lat' dir='ltr'><strong>propitiatio</strong></span> <span class='ocrx_word' id='word_1_243' title='bbox 1757 728 1840 764; x_wconf 91' lang='lat' dir='ltr'><strong>est:</strong></span> <span class='ocrx_word' id='word_1_244' title='bbox 1868 725 1892 751; x_wconf 86' lang='lat'>*</span> 
     </span>
     <span class='ocr_line' id='line_1_57' title="bbox 1066 776 1892 828; baseline 0.006 -11"><span class='ocrx_word' id='word_1_245' title='bbox 1066 780 1110 817; x_wconf 91' lang='lat' dir='ltr'><strong>et</strong></span> <span class='ocrx_word' id='word_1_246' title='bbox 1131 781 1314 828; x_wconf 89' lang='lat' dir='ltr'><strong>propter</strong></span> <span class='ocrx_word' id='word_1_247' title='bbox 1337 776 1480 828; x_wconf 90' lang='lat' dir='ltr'><strong>legem</strong></span> <span class='ocrx_word' id='word_1_248' title='bbox 1502 784 1623 820; x_wconf 91' lang='lat' dir='ltr'><strong>tuam</strong></span> <span class='ocrx_word' id='word_1_249' title='bbox 1646 780 1830 821; x_wconf 88' lang='lat' dir='ltr'><strong>sustinui</strong></span> <span class='ocrx_word' id='word_1_250' title='bbox 1847 785 1892 822; x_wconf 87' lang='lat' dir='ltr'><strong>te</strong></span> 
     </span>
     <span class='ocr_line' id='line_1_58' title="bbox 1065 831 1265 874; baseline 0.005 -2"><span class='ocrx_word' id='word_1_251' title='bbox 1065 831 1265 874; x_wconf 74' lang='lat' dir='ltr'><strong>Demine.</strong></span> 
     </span>
    </p>

    <p class='ocr_par' dir='ltr' id='par_1_26' title="bbox 1066 888 1892 999">
     <span class='ocr_line' id='line_1_59' title="bbox 1116 888 1891 935; baseline 0.006 -5"><span class='ocrx_word' id='word_1_252' title='bbox 1116 888 1328 931; x_wconf 81' lang='lat' dir='ltr'><strong>Sustinuit</strong></span> <span class='ocrx_word' id='word_1_253' title='bbox 1365 890 1510 932; x_wconf 77' lang='lat' dir='ltr'><strong>anima</strong></span> <span class='ocrx_word' id='word_1_254' title='bbox 1544 904 1643 933; x_wconf 90' lang='lat' dir='ltr'><strong>mea</strong></span> <span class='ocrx_word' id='word_1_255' title='bbox 1677 893 1722 934; x_wconf 93' lang='lat' dir='ltr'><strong>in</strong></span> <span class='ocrx_word' id='word_1_256' title='bbox 1753 893 1891 935; x_wconf 90' lang='lat' dir='ltr'><strong>verbo</strong></span> 
     </span>
     <span class='ocr_line' id='line_1_60' title="bbox 1066 946 1892 999; baseline 0.005 -12"><span class='ocrx_word' id='word_1_257' title='bbox 1066 946 1172 997; x_wconf 88' lang='lat' dir='ltr'><strong>ejus:</strong></span> <span class='ocrx_word' id='word_1_258' title='bbox 1188 946 1211 972; x_wconf 88' lang='lat'>*</span> <span class='ocrx_word' id='word_1_259' title='bbox 1227 947 1422 999; x_wconf 85' lang='lat' dir='ltr'><strong>speravit</strong></span> <span class='ocrx_word' id='word_1_260' title='bbox 1441 948 1584 989; x_wconf 78' lang='lat' dir='ltr'><strong>anima</strong></span> <span class='ocrx_word' id='word_1_261' title='bbox 1602 962 1700 991; x_wconf 91' lang='lat' dir='ltr'><strong>mea</strong></span> <span class='ocrx_word' id='word_1_262' title='bbox 1718 950 1763 990; x_wconf 95' lang='lat' dir='ltr'><strong>in</strong></span> <span class='ocrx_word' id='word_1_263' title='bbox 1781 950 1892 992; x_wconf 79' lang='lat' dir='ltr'><strong>Dfio.</strong></span> 
     </span>
    </p>

    <p class='ocr_par' dir='ltr' id='par_1_27' title="bbox 1065 1003 1893 1112">
     <span class='ocr_line' id='line_1_61' title="bbox 1117 1003 1893 1059; baseline 0.006 -16"><span class='ocrx_word' id='word_1_264' title='bbox 1117 1003 1158 1043; x_wconf 93' lang='lat' dir='ltr'><strong>A</strong></span> <span class='ocrx_word' id='word_1_265' title='bbox 1191 1003 1392 1045; x_wconf 84' lang='lat' dir='ltr'><strong>custodia</strong></span> <span class='ocrx_word' id='word_1_266' title='bbox 1422 1007 1634 1047; x_wconf 89' lang='lat' dir='ltr'><strong>matutina</strong></span> <span class='ocrx_word' id='word_1_267' title='bbox 1664 1019 1805 1059; x_wconf 90' lang='lat' dir='ltr'><strong>usque</strong></span> <span class='ocrx_word' id='word_1_268' title='bbox 1835 1006 1893 1048; x_wconf 91' lang='lat' dir='ltr'><strong>ad</strong></span> 
     </span>
     <span class='ocr_line' id='line_1_62' title="bbox 1065 1061 1892 1112; baseline 0.006 -12"><span class='ocrx_word' id='word_1_269' title='bbox 1065 1063 1255 1101; x_wconf 89' lang='lat' dir='ltr'><strong>noctem:</strong></span> <span class='ocrx_word' id='word_1_270' title='bbox 1270 1061 1294 1087; x_wconf 90' lang='lat'>*</span> <span class='ocrx_word' id='word_1_271' title='bbox 1309 1065 1458 1112; x_wconf 89' lang='lat' dir='ltr'><strong>speret</strong></span> <span class='ocrx_word' id='word_1_272' title='bbox 1475 1061 1613 1102; x_wconf 78' lang='lat' dir='ltr'><strong>Israel</strong></span> <span class='ocrx_word' id='word_1_273' title='bbox 1631 1062 1676 1103; x_wconf 93' lang='lat' dir='ltr'><strong>in</strong></span> <span class='ocrx_word' id='word_1_274' title='bbox 1690 1063 1892 1105; x_wconf 82' lang='lat' dir='ltr'><strong>Demino.</strong></span> 
     </span>
    </p>

    <p class='ocr_par' dir='ltr' id='par_1_28' title="bbox 1067 1115 1893 1281">
     <span class='ocr_line' id='line_1_63' title="bbox 1122 1115 1892 1169; baseline 0.006 -13"><span class='ocrx_word' id='word_1_275' title='bbox 1122 1115 1233 1166; x_wconf 86' lang='lat' dir='ltr'><strong>Quia</strong></span> <span class='ocrx_word' id='word_1_276' title='bbox 1258 1116 1376 1169; x_wconf 92' lang='lat' dir='ltr'><strong>apud</strong></span> <span class='ocrx_word' id='word_1_277' title='bbox 1394 1116 1631 1159; x_wconf 82' lang='lat' dir='ltr'><strong>Dominum</strong></span> <span class='ocrx_word' id='word_1_278' title='bbox 1649 1119 1892 1161; x_wconf 83' lang='lat' dir='ltr'><strong>misericor-</strong></span> 
     </span>
     <span class='ocr_line' id='line_1_64' title="bbox 1067 1170 1893 1227; baseline 0.006 -14"><span class='ocrx_word' id='word_1_279' title='bbox 1067 1170 1153 1213; x_wconf 85' lang='lat' dir='ltr'><strong>dia:</strong></span> <span class='ocrx_word' id='word_1_280' title='bbox 1177 1174 1201 1199; x_wconf 85' lang='lat'>*</span> <span class='ocrx_word' id='word_1_281' title='bbox 1226 1178 1269 1214; x_wconf 94' lang='lat' dir='ltr'><strong>et</strong></span> <span class='ocrx_word' id='word_1_282' title='bbox 1301 1173 1484 1226; x_wconf 83' lang='lat' dir='ltr'><strong>eopiosa</strong></span> <span class='ocrx_word' id='word_1_283' title='bbox 1516 1174 1634 1227; x_wconf 92' lang='lat' dir='ltr'><strong>apud</strong></span> <span class='ocrx_word' id='word_1_284' title='bbox 1665 1188 1765 1217; x_wconf 91' lang='lat' dir='ltr'><strong>eum</strong></span> <span class='ocrx_word' id='word_1_285' title='bbox 1798 1174 1893 1218; x_wconf 88' lang='lat' dir='ltr'><strong>red-</strong></span> 
     </span>
     <span class='ocr_line' id='line_1_65' title="bbox 1067 1229 1696 1281; baseline 0.006 -12"><span class='ocrx_word' id='word_1_286' title='bbox 1067 1229 1244 1281; x_wconf 90' lang='lat' dir='ltr'><strong>emptio.</strong></span> <span class='ocrx_word' id='word_1_287' title='bbox 1693 1259 1696 1263; x_wconf 86' lang='lat'>-</span> 
     </span>
    </p>

    <p class='ocr_par' dir='ltr' id='par_1_29' title="bbox 1065 1285 1894 1397">
     <span class='ocr_line' id='line_1_66' title="bbox 1117 1285 1894 1339; baseline 0.006 -13"><span class='ocrx_word' id='word_1_288' title='bbox 1117 1285 1174 1327; x_wconf 90' lang='lat' dir='ltr'><strong>Et</strong></span> <span class='ocrx_word' id='word_1_289' title='bbox 1204 1286 1299 1338; x_wconf 92' lang='lat' dir='ltr'><strong>ipse</strong></span> <span class='ocrx_word' id='word_1_290' title='bbox 1331 1286 1517 1329; x_wconf 76' lang='lat' dir='ltr'><strong>redimet</strong></span> <span class='ocrx_word' id='word_1_291' title='bbox 1540 1288 1693 1339; x_wconf 79' lang='lat' dir='ltr'><strong>Israel,</strong></span> <span class='ocrx_word' id='word_1_292' title='bbox 1715 1290 1739 1315; x_wconf 88' lang='lat'>*</span> <span class='ocrx_word' id='word_1_293' title='bbox 1763 1302 1818 1332; x_wconf 87' lang='lat' dir='ltr'><strong>ex</strong></span> <span class='ocrx_word' id='word_1_294' title='bbox 1850 1291 1894 1331; x_wconf 90' lang='grc' dir='ltr'><strong>ό-</strong></span> 
     </span>
     <span class='ocr_line' id='line_1_67' title="bbox 1065 1341 1681 1397; baseline 0.006 -15"><span class='ocrx_word' id='word_1_295' title='bbox 1065 1341 1239 1383; x_wconf 91' lang='lat' dir='ltr'><strong>mnibus</strong></span> <span class='ocrx_word' id='word_1_296' title='bbox 1257 1343 1560 1395; x_wconf 80' lang='lat' dir='ltr'><strong>iniquitatibus</strong></span> <span class='ocrx_word' id='word_1_297' title='bbox 1580 1345 1681 1397; x_wconf 88' lang='lat' dir='ltr'><strong>ejus.</strong></span> 
     </span>
    </p>

    <p class='ocr_par' dir='ltr' id='par_1_30' title="bbox 1120 1399 1576 1451">
     <span class='ocr_line' id='line_1_68' title="bbox 1120 1399 1576 1451; baseline 0.004 -12"><span class='ocrx_word' id='word_1_298' title='bbox 1120 1399 1337 1451; x_wconf 89' lang='lat' dir='ltr'><strong>Requiem</strong></span> <span class='ocrx_word' id='word_1_299' title='bbox 1356 1401 1576 1441; x_wconf 74' lang='lat' dir='ltr'><strong>aeternam.</strong></span> 
     </span>
    </p>

    <p class='ocr_par' dir='ltr' id='par_1_31' title="bbox 1067 1464 1894 1564">
     <span class='ocr_line' id='line_1_69' title="bbox 1121 1464 1894 1522; baseline 0.005 -16"><span class='ocrx_word' id='word_1_300' title='bbox 1121 1467 1290 1509; x_wconf 85' lang='lat' dir='ltr'><strong>Deinde</strong></span> <span class='ocrx_word' id='word_1_301' title='bbox 1302 1464 1352 1515; x_wconf 68' lang='lat' dir='ltr'><strong>V.</strong></span> <span class='ocrx_word' id='word_1_302' title='bbox 1364 1465 1405 1506; x_wconf 91' lang='lat' dir='ltr'>A</span> <span class='ocrx_word' id='word_1_303' title='bbox 1415 1471 1544 1519; x_wconf 87' lang='lat' dir='ltr'><strong>porta</strong></span> <span class='ocrx_word' id='word_1_304' title='bbox 1557 1466 1694 1508; x_wconf 87' lang='lat' dir='ltr'><strong>inferi.</strong></span> <span class='ocrx_word' id='word_1_305' title='bbox 1718 1469 1768 1522; x_wconf 69' lang='lat' dir='ltr'><strong>R.</strong></span> <span class='ocrx_word' id='word_1_306' title='bbox 1778 1467 1894 1510; x_wconf 88' lang='lat' dir='ltr'><strong>Erue</strong></span> 
     </span>
     <span class='ocr_line' id='line_1_70' title="bbox 1067 1523 1622 1564; baseline 0.002 -1"><span class='ocrx_word' id='word_1_307' title='bbox 1067 1523 1254 1564; x_wconf 79' lang='lat' dir='ltr'><strong>Demine</strong></span> <span class='ocrx_word' id='word_1_308' title='bbox 1276 1523 1441 1564; x_wconf 83' lang='lat' dir='ltr'><strong>animas</strong></span> <span class='ocrx_word' id='word_1_309' title='bbox 1461 1525 1622 1564; x_wconf 80' lang='lat' dir='ltr'><strong>eerum.</strong></span> 
     </span>
    </p>

    <p class='ocr_par' dir='ltr' id='par_1_32' title="bbox 1123 1576 1895 1636">
     <span class='ocr_line' id='line_1_71' title="bbox 1123 1576 1895 1636; baseline 0.003 -16"><span class='ocrx_word' id='word_1_310' title='bbox 1123 1576 1173 1627; x_wconf 67' lang='lat' dir='ltr'><strong>V.</strong></span> <span class='ocrx_word' id='word_1_311' title='bbox 1182 1579 1479 1632; x_wconf 89' lang='lat' dir='ltr'><strong>Requiescant</strong></span> <span class='ocrx_word' id='word_1_312' title='bbox 1489 1580 1534 1620; x_wconf 94' lang='lat' dir='ltr'><strong>in</strong></span> <span class='ocrx_word' id='word_1_313' title='bbox 1543 1593 1663 1632; x_wconf 87' lang='lat' dir='ltr'><strong>pace.</strong></span> <span class='ocrx_word' id='word_1_314' title='bbox 1682 1583 1732 1636; x_wconf 73' lang='lat' dir='ltr'><strong>R.</strong></span> <span class='ocrx_word' id='word_1_315' title='bbox 1742 1580 1895 1622; x_wconf 87' lang='lat' dir='ltr'><strong>Amen.</strong></span> 
     </span>
    </p>

    <p class='ocr_par' dir='ltr' id='par_1_33' title="bbox 1067 1632 1895 1792">
     <span class='ocr_line' id='line_1_72' title="bbox 1123 1632 1895 1684; baseline 0 -6"><span class='ocrx_word' id='word_1_316' title='bbox 1123 1632 1172 1684; x_wconf 64' lang='lat' dir='ltr'><strong>V.</strong></span> <span class='ocrx_word' id='word_1_317' title='bbox 1214 1636 1402 1678; x_wconf 85' lang='lat' dir='ltr'><strong>Domine</strong></span> <span class='ocrx_word' id='word_1_318' title='bbox 1448 1636 1608 1678; x_wconf 80' lang='lat' dir='ltr'><strong>exaudi</strong></span> <span class='ocrx_word' id='word_1_319' title='bbox 1653 1637 1895 1679; x_wconf 84' lang='lat' dir='ltr'><strong>orationem</strong></span> 
     </span>
     <span class='ocr_line' id='line_1_73' title="bbox 1067 1692 1895 1747; baseline 0 -12"><span class='ocrx_word' id='word_1_320' title='bbox 1067 1706 1221 1735; x_wconf 91' lang='lat' dir='ltr'><strong>meam.</strong></span> <span class='ocrx_word' id='word_1_321' title='bbox 1270 1696 1320 1747; x_wconf 75' lang='lat' dir='ltr'><strong>R.</strong></span> <span class='ocrx_word' id='word_1_322' title='bbox 1349 1693 1406 1734; x_wconf 91' lang='lat' dir='ltr'><strong>Et</strong></span> <span class='ocrx_word' id='word_1_323' title='bbox 1432 1692 1598 1735; x_wconf 89' lang='lat' dir='ltr'><strong>elamor</strong></span> <span class='ocrx_word' id='word_1_324' title='bbox 1622 1697 1746 1735; x_wconf 88' lang='lat' dir='ltr'><strong>meus</strong></span> <span class='ocrx_word' id='word_1_325' title='bbox 1771 1693 1828 1735; x_wconf 91' lang='lat' dir='ltr'><strong>ad</strong></span> <span class='ocrx_word' id='word_1_326' title='bbox 1850 1698 1895 1736; x_wconf 89' lang='lat' dir='ltr'><strong>te</strong></span> 
     </span>
     <span class='ocr_line' id='line_1_74' title="bbox 1068 1750 1225 1792; baseline -0.013 0"><span class='ocrx_word' id='word_1_327' title='bbox 1068 1750 1225 1792; x_wconf 92' lang='lat' dir='ltr'><strong>veniat.</strong></span> 
     </span>
    </p>

    <p class='ocr_par' dir='ltr' id='par_1_34' title="bbox 1070 1805 1896 1916">
     <span class='ocr_line' id='line_1_75' title="bbox 1123 1805 1896 1859; baseline 0.003 -12"><span class='ocrx_word' id='word_1_328' title='bbox 1123 1805 1172 1855; x_wconf 65' lang='lat' dir='ltr'><strong>V.</strong></span> <span class='ocrx_word' id='word_1_329' title='bbox 1206 1806 1423 1848; x_wconf 79' lang='lat' dir='ltr'><strong>Deminus</strong></span> <span class='ocrx_word' id='word_1_330' title='bbox 1459 1806 1696 1849; x_wconf 88' lang='lat' dir='ltr'><strong>vobiscum.</strong></span> <span class='ocrx_word' id='word_1_331' title='bbox 1750 1808 1801 1859; x_wconf 67' lang='grc' dir='ltr'><strong>Ην.</strong></span> <span class='ocrx_word' id='word_1_332' title='bbox 1839 1807 1896 1849; x_wconf 86' lang='lat' dir='ltr'><strong>Et</strong></span> 
     </span>
     <span class='ocr_line' id='line_1_76' title="bbox 1070 1864 1459 1916; baseline 0 -11"><span class='ocrx_word' id='word_1_333' title='bbox 1070 1876 1169 1905; x_wconf 91' lang='lat' dir='ltr'><strong>cum</strong></span> <span class='ocrx_word' id='word_1_334' title='bbox 1192 1864 1348 1916; x_wconf 88' lang='lat' dir='ltr'><strong>spiritu</strong></span> <span class='ocrx_word' id='word_1_335' title='bbox 1371 1868 1459 1905; x_wconf 93' lang='lat' dir='ltr'><strong>tuo.</strong></span> 
     </span>
    </p>
   </div>
   <div class='ocr_carea' id='block_1_7' title="bbox 1142 1929 1567 1986">
    <p class='ocr_par' dir='ltr' id='par_1_35' title="bbox 1142 1929 1567 1986">
     <span class='ocr_line' id='line_1_77' title="bbox 1142 1929 1567 1986; baseline -0.009 -14"><span class='ocrx_word' id='word_1_336' title='bbox 1142 1978 1146 1986; x_wconf 33' lang='grc' dir='ltr'>ι</span> <span class='ocrx_word' id='word_1_337' title='bbox 1404 1929 1567 1971; x_wconf 86' lang='lat' dir='ltr'><strong>Oratio.</strong></span> 
     </span>
    </p>
   </div>
   <div class='ocr_carea' id='block_1_8' title="bbox 1070 1992 1897 2320">
    <p class='ocr_par' dir='ltr' id='par_1_36' title="bbox 1070 1992 1897 2320">
     <span class='ocr_line' id='line_1_78' title="bbox 1073 1992 1895 2097; baseline -0.001 -60"><span class='ocrx_word' id='word_1_338' title='bbox 1073 1992 1252 2097; x_wconf 81' lang='lat' dir='ltr'><strong>DeuS,</strong></span> <span class='ocrx_word' id='word_1_339' title='bbox 1289 1995 1364 2048; x_wconf 92' lang='lat' dir='ltr'><strong>qui</strong></span> <span class='ocrx_word' id='word_1_340' title='bbox 1392 1995 1506 2036; x_wconf 89' lang='lat' dir='ltr'><strong>inter</strong></span> <span class='ocrx_word' id='word_1_341' title='bbox 1532 1994 1803 2047; x_wconf 85' lang='lat' dir='ltr'><strong>apostolicos</strong></span> <span class='ocrx_word' id='word_1_342' title='bbox 1831 2007 1895 2036; x_wconf 93' lang='lat' dir='ltr'><strong>sa-</strong></span> 
     </span>
     <span class='ocr_line' id='line_1_79' title="bbox 1181 2050 1895 2104; baseline -0.003 -11"><span class='ocrx_word' id='word_1_343' title='bbox 1181 2051 1399 2101; x_wconf 80' lang='lat' dir='ltr'><strong>cerdetes‚</strong></span> <span class='ocrx_word' id='word_1_344' title='bbox 1418 2050 1603 2093; x_wconf 82' lang='lat' dir='ltr'><strong>famulos</strong></span> <span class='ocrx_word' id='word_1_345' title='bbox 1627 2055 1728 2092; x_wconf 92' lang='lat' dir='ltr'><strong>tuos</strong></span> <span class='ocrx_word' id='word_1_346' title='bbox 1754 2051 1895 2104; x_wconf 91' lang='lat' dir='ltr'><strong>ponti-</strong></span> 
     </span>
     <span class='ocr_line' id='line_1_80' title="bbox 1070 2107 1896 2159; baseline -0.002 -9"><span class='ocrx_word' id='word_1_347' title='bbox 1070 2108 1185 2150; x_wconf 78' lang='lat' dir='ltr'><strong>ficali</strong></span> <span class='ocrx_word' id='word_1_348' title='bbox 1211 2121 1288 2150; x_wconf 90' lang='lat' dir='ltr'><strong>seu</strong></span> <span class='ocrx_word' id='word_1_349' title='bbox 1307 2107 1570 2150; x_wconf 81' lang='lat' dir='ltr'><strong>sacerdotali</strong></span> <span class='ocrx_word' id='word_1_350' title='bbox 1597 2107 1738 2150; x_wconf 85' lang='lat' dir='ltr'><strong>fecisti</strong></span> <span class='ocrx_word' id='word_1_351' title='bbox 1762 2107 1896 2159; x_wconf 87' lang='lat' dir='ltr'><strong>digni-</strong></span> 
     </span>
     <span class='ocr_line' id='line_1_81' title="bbox 1071 2165 1897 2218; baseline -0.002 -11"><span class='ocrx_word' id='word_1_352' title='bbox 1071 2167 1163 2207; x_wconf 77' lang='lat' dir='ltr'><strong>tate</strong></span> <span class='ocrx_word' id='word_1_353' title='bbox 1182 2165 1342 2216; x_wconf 86' lang='lat' dir='ltr'><strong>vigere:</strong></span> <span class='ocrx_word' id='word_1_354' title='bbox 1366 2170 1544 2218; x_wconf 85' lang='lat' dir='ltr'><strong>praesta,</strong></span> <span class='ocrx_word' id='word_1_355' title='bbox 1565 2166 1830 2218; x_wconf 81' lang='lat' dir='ltr'><strong>quaesumus3</strong></span> <span class='ocrx_word' id='word_1_356' title='bbox 1848 2169 1897 2206; x_wconf 90' lang='lat' dir='ltr'><strong>ut</strong></span> 
     </span>
     <span class='ocr_line' id='line_1_82' title="bbox 1072 2221 1895 2274; baseline -0.004 -11"><span class='ocrx_word' id='word_1_357' title='bbox 1072 2224 1224 2264; x_wconf 78' lang='lat' dir='ltr'><strong>eerum</strong></span> <span class='ocrx_word' id='word_1_358' title='bbox 1243 2234 1419 2274; x_wconf 90' lang='lat' dir='ltr'><strong>quoque</strong></span> <span class='ocrx_word' id='word_1_359' title='bbox 1433 2223 1647 2274; x_wconf 90' lang='lat' dir='ltr'><strong>perpetuo</strong></span> <span class='ocrx_word' id='word_1_360' title='bbox 1662 2221 1895 2272; x_wconf 86' lang='lat' dir='ltr'><strong>aggregen-</strong></span> 
     </span>
     <span class='ocr_line' id='line_1_83' title="bbox 1070 2278 1396 2320; baseline 0 -1"><span class='ocrx_word' id='word_1_361' title='bbox 1070 2283 1140 2320; x_wconf 92' lang='lat' dir='ltr'><strong>tur</strong></span> <span class='ocrx_word' id='word_1_362' title='bbox 1161 2278 1396 2320; x_wconf 77' lang='lat' dir='ltr'><strong>consertio.</strong></span> 
     </span>
    </p>
   </div>
   <div class='ocr_carea' id='block_1_9' title="bbox 1068 2352 1897 2738">
    <p class='ocr_par' dir='ltr' id='par_1_37' title="bbox 1068 2352 1897 2738">
     <span class='ocr_line' id='line_1_84' title="bbox 1070 2352 1895 2459; baseline -0.004 -61"><span class='ocrx_word' id='word_1_363' title='bbox 1070 2352 1252 2459; x_wconf 87' lang='lat' dir='ltr'><strong>Deus,</strong></span> <span class='ocrx_word' id='word_1_364' title='bbox 1272 2357 1411 2398; x_wconf 87' lang='lat' dir='ltr'><strong>veniae</strong></span> <span class='ocrx_word' id='word_1_365' title='bbox 1430 2356 1611 2407; x_wconf 86' lang='lat' dir='ltr'><strong>largitor</strong></span> <span class='ocrx_word' id='word_1_366' title='bbox 1631 2360 1675 2397; x_wconf 91' lang='lat' dir='ltr'><strong>et</strong></span> <span class='ocrx_word' id='word_1_367' title='bbox 1692 2354 1895 2396; x_wconf 80' lang='lat' dir='ltr'><strong>humanae</strong></span> 
     </span>
     <span class='ocr_line' id='line_1_85' title="bbox 1171 2411 1895 2464; baseline -0.001 -9"><span class='ocrx_word' id='word_1_368' title='bbox 1171 2413 1323 2455; x_wconf 86' lang='lat' dir='ltr'><strong>salutis</strong></span> <span class='ocrx_word' id='word_1_369' title='bbox 1338 2415 1524 2455; x_wconf 81' lang='lat' dir='ltr'><strong>amator:</strong></span> <span class='ocrx_word' id='word_1_370' title='bbox 1544 2414 1794 2464; x_wconf 80' lang='lat' dir='ltr'><strong>quaesumus</strong></span> <span class='ocrx_word' id='word_1_371' title='bbox 1813 2411 1895 2454; x_wconf 89' lang='lat' dir='ltr'><strong>cle-</strong></span> 
     </span>
     <span class='ocr_line' id='line_1_86' title="bbox 1069 2470 1894 2519; baseline -0.002 -8"><span class='ocrx_word' id='word_1_372' title='bbox 1069 2470 1276 2511; x_wconf 91' lang='lat' dir='ltr'><strong>mentiam</strong></span> <span class='ocrx_word' id='word_1_373' title='bbox 1301 2475 1436 2519; x_wconf 81' lang='lat' dir='ltr'><strong>tuam3</strong></span> <span class='ocrx_word' id='word_1_374' title='bbox 1461 2474 1510 2510; x_wconf 90' lang='lat' dir='ltr'><strong>ut</strong></span> <span class='ocrx_word' id='word_1_375' title='bbox 1533 2474 1697 2510; x_wconf 88' lang='lat' dir='ltr'><strong>nostrae</strong></span> <span class='ocrx_word' id='word_1_376' title='bbox 1717 2480 1894 2519; x_wconf 87' lang='lat' dir='ltr'><strong>congre-</strong></span> 
     </span>
     <span class='ocr_line' id='line_1_87' title="bbox 1069 2524 1894 2578; baseline -0.001 -11"><span class='ocrx_word' id='word_1_377' title='bbox 1069 2527 1258 2578; x_wconf 82' lang='lat' dir='ltr'><strong>gati6nis</strong></span> <span class='ocrx_word' id='word_1_378' title='bbox 1275 2526 1447 2575; x_wconf 85' lang='lat' dir='ltr'><strong>fratres,</strong></span> <span class='ocrx_word' id='word_1_379' title='bbox 1466 2527 1742 2578; x_wconf 83' lang='lat' dir='ltr'><strong>propinquos</strong></span> <span class='ocrx_word' id='word_1_380' title='bbox 1762 2529 1806 2566; x_wconf 91' lang='lat' dir='ltr'><strong>et</strong></span> <span class='ocrx_word' id='word_1_381' title='bbox 1823 2524 1894 2566; x_wconf 89' lang='lat' dir='ltr'><strong>be-</strong></span> 
     </span>
     <span class='ocr_line' id='line_1_88' title="bbox 1069 2581 1897 2634; baseline -0.002 -10"><span class='ocrx_word' id='word_1_382' title='bbox 1069 2583 1324 2632; x_wconf 84' lang='lat' dir='ltr'><strong>nefactores,</strong></span> <span class='ocrx_word' id='word_1_383' title='bbox 1341 2582 1414 2634; x_wconf 84' lang='lat' dir='ltr'><strong>qui</strong></span> <span class='ocrx_word' id='word_1_384' title='bbox 1428 2594 1483 2623; x_wconf 83' lang='lat' dir='ltr'><strong>ex</strong></span> <span class='ocrx_word' id='word_1_385' title='bbox 1496 2581 1581 2622; x_wconf 89' lang='lat' dir='ltr'><strong>hoe</strong></span> <span class='ocrx_word' id='word_1_386' title='bbox 1592 2581 1754 2623; x_wconf 57' lang='lat' dir='ltr'><strong>saeculo</strong></span> <span class='ocrx_word' id='word_1_387' title='bbox 1765 2586 1897 2622; x_wconf 90' lang='lat' dir='ltr'><strong>trans-</strong></span> 
     </span>
     <span class='ocr_line' id='line_1_89' title="bbox 1069 2638 1894 2690; baseline -0.002 -10"><span class='ocrx_word' id='word_1_388' title='bbox 1069 2640 1220 2690; x_wconf 89' lang='lat' dir='ltr'><strong>ierunt,</strong></span> <span class='ocrx_word' id='word_1_389' title='bbox 1235 2639 1365 2681; x_wconf 82' lang='lat' dir='ltr'><strong>beata</strong></span> <span class='ocrx_word' id='word_1_390' title='bbox 1376 2638 1514 2679; x_wconf 90' lang='lat' dir='ltr'><strong>Maria</strong></span> <span class='ocrx_word' id='word_1_391' title='bbox 1529 2651 1703 2690; x_wconf 90' lang='lat' dir='ltr'><strong>semper</strong></span> <span class='ocrx_word' id='word_1_392' title='bbox 1713 2638 1894 2688; x_wconf 84' lang='lat' dir='ltr'><strong>Virgine</strong></span> 
     </span>
     <span class='ocr_line' id='line_1_90' title="bbox 1068 2694 1893 2738; baseline -0.002 0"><span class='ocrx_word' id='word_1_393' title='bbox 1068 2695 1366 2738; x_wconf 87' lang='lat' dir='ltr'><strong>intercedente</strong></span> <span class='ocrx_word' id='word_1_394' title='bbox 1385 2707 1483 2736; x_wconf 89' lang='lat' dir='ltr'><strong>eum</strong></span> <span class='ocrx_word' id='word_1_395' title='bbox 1505 2694 1706 2736; x_wconf 75' lang='lat' dir='ltr'><strong>emnibus</strong></span> <span class='ocrx_word' id='word_1_396' title='bbox 1724 2694 1893 2736; x_wconf 89' lang='lat' dir='ltr'><strong>Sanctis</strong></span> 
     </span>
    </p>
   </div>
  </div>
 </body>
</html>
