2040 2944
708 239 811 272 Infra
836 238 1131 271 llebdomadam
1157 237 1208 271 iii.
1233 236 1421 271 Octobris.

209 336 395 378 credidit
420 335 475 384 ei,
503 339 547 375 et
570 333 673 374 fecit
698 332 812 373 sicut
838 330 963 373 dixit:
992 336 1035 373 et

212 392 374 434 dimisit
402 390 657 438 exereitum,
694 394 738 430 et
766 387 966 429 abierunt
992 387 1036 428 in

208 456 369 491 terram
397 447 520 488 Juda.
562 445 759 487 Retinuit
792 450 939 486 autem
972 456 1036 485 se-

209 518 307 547 cum
326 505 408 546 tria
426 503 560 544 millia
575 503 784 543 virOrum:
804 514 858 542 ex
878 500 1036 553 quibus

209 561 374 603 remisit
409 561 452 600 in
489 559 718 601 Galilaeam
759 557 848 599 duo
883 557 1036 606 millia,

207 617 324 658 mille
343 622 490 658 autem
509 617 724 657 venerunt
743 627 842 656 011111
861 627 926 655 eo.

256 676 307 726 Rg.
338 673 615 714 Ornaverunt
633 671 800 712 faciem.
820 672 908 712 164.

500 725 654 766 Lectio
675 725 730 764 iii.

297 791 315 828 t
344 790 491 827 autem
514 785 693 826 intravit
716 783 1037 826 Ptolemaidam

319 842 548 891 JonathaS,
593 841 842 883 clauserunt
884 846 1037 893 portas

208 900 398 941 civitatis
421 898 738 940 Ptolemenses:
767 903 811 939 et
839 910 1036 950 compre-

207 955 452 998 henderunt
471 968 584 996 eum:
604 960 647 996 et
667 967 829 1003 omnes,
849 954 1038 1006 quicum

209 1025 262 1054 eo
301 1013 586 1062 intraverant,
626 1011 775 1062 gladio
812 1011 1036 1052 interfece-

209 1075 318 1111 runt.
351 1069 408 1110 Et
427 1069 544 1110 misit
563 1068 777 1122 Tryphon
798 1068 1038 1109 exercitum

209 1131 252 1167 et
272 1125 442 1177 equites
459 1125 504 1166 in
525 1125 768 1174 Galilaeam‚
795 1130 838 1166 et
860 1125 904 1165 in
924 1138 1036 1166 cam-

207 1195 312 1235 pum
331 1195 536 1233 magnum
561 1187 609 1224 ut
630 1181 866 1234 perderent
886 1195 1037 1223 omnes

208 1239 354 1280 socios
369 1239 394 1279 J
397 1239 581 1280 onathae.
610 1240 671 1280 At
686 1239 748 1280 illi
763 1252 862 1280 cum
877 1251 1037 1289 cogno-

208 1298 374 1337 vissent
395 1296 496 1348 quia
516 1296 859 1348 comprehensus
883 1301 949 1337 est
967 1296 991 1336 J
995 1298 1037 1337 o-

208 1352 375 1402 nathas,
395 1357 439 1394 et
452 1353 593 1405 periit,
610 1357 653 1394 et
668 1366 830 1404 omnes,
847 1353 922 1404 qui
939 1365 1038 1394 cum

209 1421 261 1451 eo
283 1414 423 1458 erant,
451 1409 615 1451 hortati
638 1415 738 1451 sunt
762 1412 1037 1462 semetipsos,

209 1471 252 1507 et
279 1466 478 1508 exierunt
503 1466 647 1518 parati
669 1467 713 1507 in
735 1466 948 1519 praelium.
980 1467 1038 1508 Et

209 1521 408 1563 videntes
439 1522 499 1572 hi,
532 1523 607 1574 qui
638 1523 824 1564 insecuti
856 1523 1038 1573 fuerant,

210 1579 311 1630 quia
329 1591 411 1631 pro
432 1579 576 1620 anima
591 1592 662 1620 res
678 1586 744 1621 est
758 1579 852 1629 illis,
873 1581 1039 1621 reversi

209 1640 323 1677 sunt:
362 1635 423 1676 illi
462 1641 609 1678 autem
641 1638 853 1678 venerunt
886 1649 1038 1678 omnes

210 1704 308 1733 cum
326 1704 436 1745 pace
456 1692 500 1732 in
518 1697 682 1734 terram
696 1693 720 1733 J
722 1693 820 1735 uda.
850 1693 904 1734 Et
919 1693 1038 1746 plan-

209 1749 364 1789 xerunt
382 1749 406 1789 J
410 1748 616 1799 (mathan,
646 1755 689 1791 et
716 1762 810 1800 eos,
841 1750 914 1802 qui
939 1762 1038 1791 011111

208 1804 307 1856 ipso
327 1805 509 1854 fuerant,
528 1805 668 1847 valde.

260 1862 311 1911 R.
338 1861 387 1901 In
408 1861 592 1913 hymnis.
611 1863 700 1903 164.

407 1971 578 2007 Feria
614 1971 838 2018 Quinta.

248 2022 314 2063 De
334 2021 447 2064 libro
468 2023 611 2075 primo
631 2022 999 2066 Machabaeorum.

312 2081 463 2121 Lectio
484 2080 506 2120 i.
755 2081 857 2132 Cap.
875 2082 932 2121 13.

216 2150 313 2194 ‘if‘aet
342 2144 509 2186 audivit
533 2145 682 2186 Simon
710 2145 831 2197 quod
860 2158 1038 2196 congre-

219 2167 285 2247 itgy'
317 2202 437 2253 gavit
461 2201 674 2254 Tryphon
701 2203 942 2243 exercitum
968 2215 1038 2244 οο-

209 2258 384 2310 piosum
407 2264 455 2300 ut
474 2260 641 2300 veniret
665 2259 709 2299 in
733 2264 896 2300 terram
914 2259 939 2299 J
941 2258 1038 2310 uda,

211 2319 254 2355 et
283 2315 490 2356 attereret
520 2328 627 2356 eam.
667 2314 837 2357 Videns
867 2316 969 2368 quia
995 2316 1038 2357 in

210 2372 402 2412 tremore
419 2371 611 2423 populus
632 2377 715 2422 est,
745 2378 788 2414 et
807 2373 850 2413 in
869 2373 1038 2423 timore,

211 2426 407 2468 ascendit
421 2427 676 2477 Jerusalem,
696 2434 739 2470 et
756 2429 1040 2481 congregavit

210 2483 439 2535 populum:
464 2490 507 2526 et
534 2483 771 2526 adhortans
792 2485 918 2528 dixit:
943 2487 1039 2527 Vos

210 2539 331 2581 scitis
361 2546 523 2591 quanta
550 2554 650 2592 ego,
683 2547 727 2583 et
754 2543 910 2584 fratres
938 2543 1039 2593 mei,

211 2601 255 2637 et
283 2595 440 2637 domus
468 2598 606 2649 patris
633 2599 719 2640 mei
743 2599 927 2640 fecimus
955 2612 1038 2652 pro

210 2651 396 2703 legibus,
425 2658 468 2694 et
498 2666 580 2706 pro
610 2656 771 2696 sanctis
798 2656 967 2708 praelia,
996 2661 1039 2698 et

210 2709 436 2760 angustias
466 2710 618 2762 quales
646 2711 848 2753 vidimus:
882 2711 1039 2753 horum

208 2765 349 2816 gratia
363 2765 587 2818 perierunt
606 2767 761 2809 fratres
779 2769 866 2810 mei
885 2781 1038 2810 omnes

1089 337 1274 384 propter
1293 333 1439 383 Israel,
1460 338 1504 375 et
1521 333 1699 375 relictus
1719 346 1815 375 sum
1836 346 1919 385 ego

1089 388 1220 429 solus.
1250 388 1308 431 Et
1330 403 1445 431 nunc
1463 402 1551 430 non
1570 389 1676 430 mihi
1695 393 1920 442 contingat

1089 446 1272 496 parcere
1297 446 1454 486 animae
1477 458 1588 486 meae
1612 446 1657 486 in
1677 446 1795 487 omni
1814 448 1919 488 tem-

1089 513 1199 554 pore
1226 501 1538 543 tribulationis:
1573 515 1662 544 non
1690 502 1805 544 enim
1833 504 1920 544 me·

1089 557 1172 598 lior
1191 571 1287 598 sum
1306 558 1514 600 fratribus
1532 558 1652 599 meis.
1669 557 1919 600 Vindicabo

1089 616 1237 666 itaque
1270 620 1446 666 gentem
1478 627 1638 664 meam,
1676 620 1720 656 et
1753 619 1920 665 sancta,

1089 675 1218 712 natos
1248 684 1425 724 quoque
1453 677 1645 722 nostros,
1674 676 1718 713 et
1741 673 1920 713 uxores:

1092 727 1193 778 quia
1238 730 1518 779 congregatae
1563 734 1664 770 sunt
1701 728 1919 769 universae

1092 783 1258 825 Gentes
1297 787 1526 826 conterere
1562 798 1645 826 nos
1681 784 1921 826 inimicitiae

1090 840 1242 891 gratia.

1139 897 1191 948 R.
1220 896 1464 949 Adaperiat
1482 897 1709 938 Dominus.
1729 898 1816 938 162.

1397 954 1549 995 Lectio
1569 954 1609 994 ii.

1167 1015 1186 1051 t
1217 1012 1428 1052 accensus
1461 1015 1529 1052 est
1560 1011 1740 1063 spiritus
1767 1010 1923 1064 populi

1195 1067 1324 1108 simul
1373 1071 1421 1108 ut
1476 1066 1644 1109 audivit
1695 1069 1922 1109 sermones
1994 1084 1996 1086 ’

1090 1124 1217 1165 istos:
1255 1129 1299 1166 et
1332 1122 1656 1176 responderunt
1689 1136 1800 1166 voce
1833 1137 1922 1165 ma-

1090 1193 1175 1230 gna
1209 1179 1419 1222 dicentes:
1455 1180 1525 1221 Tu
1561 1193 1609 1221 es
1646 1179 1736 1222 dux
1771 1185 1923 1222 noster

1090 1236 1191 1278 loco
1211 1236 1353 1287 Judae,
1383 1242 1427 1278 et
1445 1237 1470 1278 J
1473 1236 1649 1278 onathae
1671 1237 1819 1278 fratris
1843 1237 1922 1278 tui:

1090 1306 1237 1346 pugna
1258 1293 1458 1346 praelium
1472 1299 1686 1335 nostrum:
1707 1299 1751 1336 et
1765 1294 1922 1343 omnia,

1092 1354 1384 1402 quaecumque
1417 1350 1579 1392 dixeris
1611 1350 1756 1400 nobis,
1795 1350 1921 1392 facie-

1090 1421 1199 1448 mus.
1239 1407 1296 1449 Et
1325 1410 1596 1458 congregans
1625 1419 1777 1449 omnes
1805 1408 1924 1448 viros

1091 1463 1344 1514 bellatores,
1370 1463 1632 1506 acceleravit
1651 1466 1923 1506 consumma—

1092 1534 1140 1562 re
1163 1521 1393 1562 universos
1416 1533 1567 1562 muros
1591 1520 1852 1572 Jerusalem,
1881 1525 1925 1563 et

1091 1578 1275 1619 munivit
1299 1591 1396 1619 eam
1419 1578 1463 1618 in
1481 1590 1603 1630 gyro.
1637 1577 1695 1619 Et
1717 1577 1834 1620 misit
1852 1578 1878 1619 J
1880 1580 1924 1620 ό-

1091 1633 1254 1676 nathan
1273 1634 1411 1675 filium
1427 1634 1668 1683 Absalomi,
1688 1639 1732 1676 et
1751 1647 1851 1675 011111
1870 1646 1924 1676 00

1092 1691 1334 1732 exercitum
1365 1703 1530 1732 novum
1565 1691 1610 1732 in
1642 1691 1667 1732 J
1670 1703 1836 1744 oppen,
1881 1696 1926 1732 et

1092 1748 1241 1800 ejectis
1259 1747 1343 1797 his,
1364 1748 1439 1800 qui
1458 1752 1583 1789 erant
1601 1747 1646 1788 in
1666 1760 1733 1798 ea,
1757 1749 1923 1789 reman-

1092 1805 1148 1846 sit
1167 1804 1256 1846 illic
1275 1805 1383 1857 ipse.
1419 1805 1477 1845 Et
1500 1804 1641 1846 movit
1659 1803 1875 1857 Tryphon
1898 1816 1926 1846 a

1090 1861 1368 1903 Ptolemaida
1383 1874 1482 1902 cum
1498 1861 1694 1903 exercitu
1709 1861 1858 1911 multo,
1877 1865 1926 1902 ut

1091 1921 1260 1960 veniret
1274 1919 1317 1959 in
1332 1923 1496 1960 terram
1510 1918 1535 1959 J
1537 1917 1635 1968 uda,
1653 1923 1697 1960 et
1710 1918 1736 1959 J
1739 1917 1924 1959 onathas

1092 1989 1191 2017 cum
1216 1988 1270 2017 eo
1293 1975 1339 2016 in
1363 1975 1578 2017 custodia.
1609 1975 1759 2017 Simon
1778 1979 1924 2016 autem

1091 2032 1304 2085 applicuit
1331 2032 1375 2072 in
1401 2030 1558 2073 Addus
1586 2035 1740 2073 contra
1766 2030 1924 2072 faciem

1092 2102 1248 2142 campl.
1319 2118 1321 2120 -

1142 2147 1194 2197 R.
1223 2144 1442 2187 Exaudiat
1460 2145 1687 2186 Dominus.
1707 2145 1794 2186 162.

1394 2200 1547 2241 Lectio
1567 2200 1621 2240 iii.

1173 2265 1191 2301 t
1209 2264 1258 2301 ut
1273 2259 1481 2310 cognovit
1496 2259 1710 2312 Tryphon
1726 2259 1828 2311 quia
1843 2272 1926 2300 sur-

1183 2315 1295 2357 rexit
1314 2315 1463 2357 Simon
1482 2315 1583 2358 loco
1603 2315 1748 2358 fratris
1768 2315 1835 2356 sui
1853 2315 1878 2356 J
1881 2317 1924 2357 o-

1092 2371 1253 2414 nathae:
1277 2378 1320 2413 et
1346 2372 1447 2424 quia
1472 2372 1786 2414 commissurus
1807 2376 1925 2413 esset

1093 2442 1191 2471 cum
1212 2441 1265 2470 eo
1284 2428 1502 2480 praelium,
1530 2428 1648 2470 misit
1672 2427 1729 2469 ad
1749 2440 1848 2469 eum
1866 2428 1924 2470 le-

1091 2488 1236 2536 gatOS‚
1265 2484 1432 2527 dicens:
1459 2485 1547 2526 Pro
1573 2486 1772 2536 argento,
1802 2484 1925 2536 quod

1093 2541 1285 2584 debebat
1325 2542 1457 2584 frater
1493 2547 1594 2584 tuus
1632 2541 1844 2583 Jonathas
1880 2542 1924 2582 in

1092 2600 1262 2641 ratione
1277 2598 1403 2648 regis,
1418 2603 1601 2651 propter
1615 2598 1803 2648 negotia,
1825 2611 1923 2650 quae

1091 2655 1261 2706 habuit,
1289 2655 1554 2697 detinuimus
1581 2667 1691 2696 eum.
1728 2654 1785 2696 Et
1808 2667 1923 2696 nunc

1092 2713 1216 2754 mitte
1249 2711 1417 2762 argenti
1448 2710 1613 2753 talenta
1646 2716 1838 2762 centum,
1879 2715 1923 2753 et

1093 2768 1205 2811 duos
1237 2767 1353 2809 filios
1386 2769 1476 2820 ejus
1515 2767 1710 2818 obsideS‚
1751 2772 1799 2810 ut
1834 2776 1923 2809 non
