2040 2944
568 221 639 255 Die
664 222 694 255 2.
719 221 809 255 Dec.
857 220 892 254 S.
918 219 1095 254 Bibianae
1117 219 1223 260 virg.
1250 223 1286 252 et
1310 218 1417 251 Mart,

476 312 640 352 Oratio.

138 369 306 475 Deus
330 373 524 415 omnium
541 373 725 424 largitor
742 371 972 420 bonorum,

236 430 312 482 qui
329 430 373 470 in
392 428 555 471 famula
572 434 649 471 tua
667 428 855 470 Bibiana
873 440 974 469 cum

138 486 401 537 virginitatis
426 487 535 528 flore
558 485 755 537 martyrii
777 483 972 538 palmam

140 543 418 595 conjunxisti:
462 546 632 584 mentes
669 545 844 582 nostras
881 541 973 591 ejus

139 599 456 641 intercessione
481 599 562 640 tibi
588 598 771 640 caritate
797 597 972 648 conjim-

140 668 210 706 ge3
226 660 275 697 ut
289 656 448 697 amotis
462 654 669 708 periculis
683 653 866 707 praemia
881 665 975 694 con-

142 714 379 764 sequamur
405 714 580 770 aeterna.
615 711 700 753 Per
724 709 974 751 Dominum.

191 790 236 824 In
263 790 290 824 I.
318 789 520 824 Nocturno
550 789 756 824 Lectiones
791 787 838 822 de
870 787 970 822 Scri-

139 842 253 881 ptura
278 841 511 872 occurrente.

373 907 423 945 In
441 907 491 946 II.
511 906 735 946 Nocturno.

442 971 594 1013 Lectio
613 971 667 1011 iv.

152 1036 399 1078 *libiana
425 1036 551 1087 virgo
580 1036 799 1085 Romana,
837 1034 975 1076 nobili

154 1086 247 1142 l
269 1094 431 1144 genere
461 1097 580 1142 nata,
618 1091 854 1133 christiana
886 1090 974 1133 fide

197 1138 227 1151 κω
246 1146 247 1164 ¹

79 1178 82 1182 .
146 1148 247 1175 ’ὲ
270 1149 460 1191 nobilior
474 1149 565 1190 fuit.
591 1149 696 1201 Ejus
715 1148 830 1190 enim
847 1153 975 1200 pater

142 1205 378 1248 Flavianus
422 1205 504 1247 sub
543 1206 568 1247 J
570 1205 717 1247 uliano
754 1204 975 1257 Apostata

141 1262 403 1315 impiissimo
439 1264 629 1314 tyranno
666 1261 974 1315 expraefectus,

142 1318 465 1371 servilibasque
508 1319 627 1360 notis
673 1321 974 1370 companctus,

142 1374 200 1417 ad
247 1388 385 1428 aquas
428 1375 643 1417 Taurinas
697 1373 974 1427 deportatus,

141 1437 308 1484 martyr
340 1431 559 1474 occabuit.
599 1431 742 1473 Mater
773 1430 975 1481 Dafrosa,

143 1492 187 1529 et
221 1488 324 1530 filiae
355 1488 546 1541 primum
582 1487 804 1530 conchisae
837 1487 975 1537 domi,

141 1549 190 1586 ut
211 1543 358 1586 inedia
381 1544 717 1595 conficerentur;
745 1556 851 1585 mox
869 1542 975 1585 rele-

141 1602 246 1651 gata
281 1605 422 1642 mater
465 1606 590 1643 extra
625 1600 794 1642 Urbem
830 1599 976 1652 capite

142 1655 275 1708 plexa
296 1661 374 1698 est.
410 1657 598 1699 Mortuis
622 1661 769 1698 autem
793 1656 877 1708 piis
900 1669 975 1708 pa-

142 1712 356 1763 rentibus,
381 1713 569 1755 Bibiana
595 1726 694 1754 cum
720 1714 873 1754 sorore
898 1725 977 1753 sua

142 1769 368 1810 Demetria
385 1769 514 1811 bonis
535 1769 738 1810 omnibus
759 1768 974 1821 exspolia-

142 1829 229 1874 tur;
248 1825 532 1878 Apronianus
551 1825 685 1867 Urbis
703 1829 882 1877 praetor,
901 1837 975 1877 pe-

144 1881 283 1923 caniis
315 1882 503 1932 inhians,
543 1883 720 1922 sorores
753 1881 976 1933 persequi-

144 1942 230 1988 tur;
256 1951 365 1991 quas
383 1938 576 1979 humana
593 1950 778 1990 prorsus
798 1950 884 1990 ope
904 1936 975 1978 de-

144 1994 337 2044 stitiitas,
369 1994 467 2036 Deo
491 1993 768 2043 mirabiliter,
802 1993 877 2045 qui
901 1992 977 2035 dat

144 2063 291 2092 escam
303 2050 604 2100 esurientibus,
614 2049 868 2099 enutriente,
877 2062 977 2090 cum

143 2107 388 2148 vivaciores
424 2107 760 2158 vegetioresque
793 2118 976 2158 conspe-

143 2165 296 2214 xisset,
323 2163 607 2205 vehementer
630 2167 697 2204 est
724 2161 976 2204 admiratus.

193 2229 246 2280 R.
279 2229 470 2281 Propter
501 2227 748 2277 veritatem,
781 2232 825 2268 et
858 2240 975 2268 man-

145 2285 439 2334 suetndinem,
468 2289 512 2325 et
535 2283 759 2335 justitiam,
777 2284 800 2309 *
821 2283 879 2324 Et
904 2282 976 2324 de-

147 2341 280 2383 d1'1cet
313 2345 358 2382 te
390 2339 647 2382 mirabiliter
678 2339 861 2380 dextera
891 2343 977 2380 tua.

144 2390 196 2443 V.
218 2397 372 2449 Specie
395 2402 471 2438 tua
491 2401 534 2438 et
552 2394 878 2448 pulchritudine
902 2399 978 2436 tua

146 2452 339 2504 intende,
363 2455 580 2505 prospere
604 2450 814 2504 procede,
843 2455 886 2492 et
913 2463 977 2492 re-

145 2521 241 2559 gna.
267 2509 336 2550 Et.

454 2561 606 2603 Lectio
626 2575 665 2601 v.

148 2615 350 2723 Suadet
376 2623 657 2674 nihilominus
683 2623 976 2675 Apronianus,

235 2684 285 2721 ut
313 2682 575 2722 venerentur
608 2680 717 2721 deos
752 2679 978 2728 Gentium,

147 2737 329 2777 amissas
371 2735 474 2778 ideo
520 2749 646 2789 opeS,
697 2735 976 2787 imperatoris

1794 212 1858 247 471

1024 310 1226 362 gratiam,
1276 309 1639 362 praeclarissimas
1682 311 1859 363 nuptias

1025 369 1341 408 consecutarae.
1401 367 1446 407 Si
1491 379 1619 408 secus
1667 367 1859 416 fecerint,
1909 403 1911 406 ,

1024 423 1214 464 minatur
1240 426 1455 474 carceres,
1482 424 1644 474 virgas,
1670 427 1859 466 secares.

1025 479 1085 521 At
1103 479 1191 520 illae
1210 492 1354 531 neque
1370 480 1607 531 blanditiis,
1626 493 1770 533 neque
1784 481 1860 521 mi·
1909 512 1911 514 ψ

1025 536 1092 577 nis
1111 549 1137 577 a
1152 541 1273 578 recta
1287 536 1374 578 fide
1392 536 1672 586 declinantes,
1691 539 1859 590 paratae

1024 593 1174 644 potius
1193 593 1316 642 mori,
1337 605 1469 645 quam
1487 592 1645 634 foedari
1663 593 1860 635 moribus

1026 649 1320 699 ethnicorum,
1352 649 1557 702 praetoris
1585 650 1860 703 impietatem

1027 706 1382 747 constantissime
1398 705 1685 748 detestantur.
1715 707 1859 757 Quare
1908 744 1910 748 ,

1026 762 1253 804 Demetria
1286 762 1343 804 ob
1378 762 1531 804 oculos
1563 762 1762 805 Bibianae
1796 776 1860 805 re-

1026 821 1160 871 pente
1189 821 1415 869 corruens,
1446 819 1555 862 obiit
1582 819 1626 860 in
1653 820 1861 861 Domino:

1026 875 1212 916 Bibiana
1230 876 1405 917 Rufinae
1425 876 1596 917 mulieri
1615 876 1860 917 vaferrimae

1028 931 1280 973 seducenda
1298 932 1504 982 traditur,
1534 945 1633 985 quae
1660 932 1716 975 ab
1742 933 1858 974 incu-

1027 988 1201 1030 nabulis
1230 987 1409 1039 edocta,
1438 989 1700 1030 christianas
1727 989 1860 1040 leges,

1028 1049 1071 1086 et
1116 1044 1332 1087 illibatum
1379 1048 1557 1087 servare
1599 1046 1860 1097 virginitatis

1028 1101 1202 1151 florem,
1232 1115 1280 1143 se
1302 1102 1400 1154 ipsa
1423 1102 1581 1144 fortior
1600 1103 1773 1144 feminae
1793 1115 1860 1143 su·

1027 1159 1200 1209 peravit
1222 1158 1419 1209 insidias,
1446 1163 1490 1200 et
1513 1159 1719 1211 praetoris
1739 1163 1859 1200 astus
1907 1187 1910 1191 -

1028 1213 1201 1256 deliisit.

1078 1273 1130 1324 R.
1162 1271 1367 1313 Dilexisti
1395 1272 1622 1324 justitiam,
1656 1277 1700 1314 et
1728 1272 1862 1314 odisti

1027 1327 1321 1380 iniquitatem:
1344 1332 1367 1355 *
1395 1328 1639 1381 Propterea
1666 1329 1790 1370 unxit
1817 1334 1862 1370 te

1026 1384 1165 1435 Deus,
1218 1385 1341 1426 Deus
1390 1390 1491 1426 tuus
1538 1385 1637 1427 oleo
1683 1385 1862 1427 laetitiae.

1027 1436 1077 1488 V.
1104 1441 1294 1494 Propter
1314 1442 1564 1491 veritatem,
1593 1446 1637 1483 et
1663 1454 1861 1483 mansue-

1027 1497 1239 1548 tadinem,
1259 1502 1303 1539 et
1321 1498 1540 1550 justitiam.
1568 1499 1823 1551 Propterea.

1333 1555 1485 1596 Lectio
1506 1556 1558 1595 vi.
1911 1572 1913 1576 r

1026 1605 1200 1710 Nihil
1227 1615 1376 1652 autem
1402 1611 1662 1663 proficiente
1690 1611 1863 1661 Rufina,

1139 1679 1252 1718 quae,
1278 1672 1443 1719 praeter
1463 1666 1622 1709 dolosa
1639 1667 1791 1716 verba,
1816 1667 1862 1708 il-

1028 1722 1117 1763 lam
1137 1722 1335 1774 quotidie
1354 1722 1612 1764 verberibus
1629 1722 1862 1774 affligebat,

1028 1784 1077 1820 ut
1097 1778 1152 1820 de
1173 1785 1326 1821 sancto
1350 1779 1584 1832 proposito
1606 1778 1862 1828 dimoveret,

1030 1848 1110 1888 spe
1137 1848 1216 1877 sua
1237 1836 1474 1877 frustratus
1499 1840 1683 1888 praetor,
1712 1837 1862 1877 accen-

1030 1905 1104 1933 sus
1123 1892 1203 1941 ira,
1233 1892 1354 1944 quod
1377 1892 1422 1933 in
1440 1892 1629 1933 Bibiana
1646 1891 1862 1945 perdidis-

1030 1953 1098 1990 set
1127 1950 1325 2000 operam,
1354 1961 1380 1990 a
1406 1948 1636 1990 lictoribus
1663 1961 1761 1990 eam
1791 1948 1862 1990 de-

1030 2004 1203 2054 nudari,
1237 2005 1483 2057 vinctisque
1511 2004 1714 2046 manibus
1744 2004 1861 2046 colli-

1029 2074 1143 2101 mnae
1175 2061 1364 2112 alligari,
1403 2063 1591 2112 eamque
1623 2060 1863 2114 plumbatis

1031 2116 1143 2158 caedi
1160 2118 1291 2168 jubet,
1311 2117 1454 2159 donec
1473 2117 1645 2158 efflaret
1663 2117 1864 2157 animam.

1031 2173 1162 2225 Cujus
1181 2186 1355 2215 sacrum
1373 2186 1535 2225 corpus
1556 2173 1776 2225 objectum
1796 2175 1863 2214 ca-

1030 2229 1158 2270 nibus
1191 2229 1327 2271 biduo
1359 2230 1492 2281 jacuit
1522 2230 1566 2270 in
1593 2229 1688 2270 foro
1717 2229 1862 2279 Tauri,

1029 2285 1217 2326 illaesum
1234 2291 1398 2336 tamen,
1424 2291 1469 2328 et
1488 2285 1696 2327 divinitus
1717 2287 1862 2327 serva—

1029 2346 1137 2391 tum;
1158 2341 1279 2394 quod
1299 2341 1459 2384 deinde
1473 2342 1498 2383 J
1501 2344 1667 2383 oannes
1682 2341 1862 2394 presby-

1030 2402 1098 2439 ter
1139 2398 1344 2450 sepelivit
1384 2402 1521 2439 noctu
1556 2399 1677 2450 juxta
1718 2398 1862 2451 septil-

1031 2453 1185 2495 chrum
1209 2454 1393 2504 sororis,
1422 2459 1467 2495 et
1489 2454 1643 2495 matris
1667 2453 1724 2495 ad
1744 2454 1862 2507 pala-

1029 2510 1139 2552 tium
1175 2510 1466 2561 Licinianum,
1511 2510 1588 2552 ubi
1632 2523 1773 2562 usque
1818 2511 1862 2551 in

1029 2579 1228 2618 praesens
1253 2571 1398 2608 exstat
1421 2567 1608 2608 ecclesia
1626 2567 1741 2617 Deo,
1768 2579 1861 2607 san-

1031 2627 1114 2664 ctae
1130 2622 1330 2663 Bibianae
1345 2623 1532 2673 nomine,
1553 2622 1710 2671 dicata,
1731 2634 1861 2673 quam

1030 2678 1236 2720 Urbanus
1257 2680 1440 2719 octavus
1465 2678 1740 2727 instauravit,
1767 2690 1860 2717 san-

1031 2736 1200 2776 ctarum
1219 2733 1429 2785 Bibianae,
1446 2734 1697 2783 Demetriae,
1717 2737 1761 2774 et
1774 2733 1860 2772 Da-
