2040 2944
640 199 683 232 In
708 199 834 232 Festis
859 199 900 232 B.
926 199 1059 232 Mariae
1083 199 1126 233 V.
1152 210 1221 241 per
1246 210 1397 233 annum.

157 300 352 348 thronus,
389 297 600 339 Ecclesiae
636 301 802 338 nostrae
840 295 990 345 decus,

157 355 298 407 gleria
340 359 384 396 et
425 354 768 402 firmamentum,
814 351 990 393 assidue

157 424 240 464 pro
273 411 401 453 nobis
433 411 617 462 precare
648 410 673 450 J
676 422 799 450 esum
831 408 989 449 Filium

156 473 291 516 tuum,
307 472 350 508 et
364 466 604 507 Dominum
618 470 831 506 nostrum:
846 469 894 505 ut
908 476 988 516 per

156 529 200 565 te
234 522 583 565 misericerdiam
614 522 808 562 invenire
839 521 884 560 in
916 519 987 560 die

156 579 320 632 judicii,
353 584 397 620 et
431 591 530 631 quae
563 578 759 630 reposita
791 580 892 617 sunt
917 576 987 625 iis,

158 636 232 688 qui
251 635 436 686 diligunt
454 635 612 683 Deum,
638 633 757 675 bona
775 632 988 683 consequi

155 694 388 744 possimus,
402 691 545 741 gratia
559 694 603 731 et
616 689 888 740 benignitate
898 688 985 728 Do-

155 748 262 788 mini
285 747 425 789 nostri
443 747 468 787 J
470 759 549 788 esu
573 745 747 786 Christi:
773 758 874 786 curn
899 756 986 796 quo

155 804 277 845 Patri
303 803 431 844 simul
455 807 499 844 et
522 807 675 844 sancto
694 801 874 854 Spiritui
896 799 986 850 glo-

155 860 235 909 ria,
266 864 311 901 et
332 859 490 908 honor,
524 863 568 899 et
593 858 839 911 imperium,
871 869 986 897 nunc

156 920 201 957 et
231 928 405 968 semper
436 915 481 955 in
517 914 679 956 saecula
712 913 986 955 83661110111111.

154 972 308 1014 Amen.

207 1049 260 1100 Rz.
283 1050 497 1092 Ornatam
512 1049 747 1091 monilibus
766 1048 901 1089 filiam
920 1047 944 1088 J
947 1060 987 1088 e-

155 1106 348 1147 rusalem
366 1106 583 1147 Deminus
606 1104 873 1157 concupivit:
890 1107 913 1132 *
932 1104 988 1144 Ε1

156 1162 357 1204 videntes
386 1175 483 1204 eam
510 1162 614 1203 filiae
643 1162 763 1209 Sion,
790 1160 987 1201 beatissi-

155 1231 273 1260 mam
308 1218 679 1271 praedicaverunt,
715 1216 932 1258 dicentes:
962 1217 985 1241 *

156 1274 437 1325 Unguentum
461 1274 647 1315 effusum
669 1285 830 1314 nomen
854 1277 988 1313 tuum.

155 1324 206 1376 V.
236 1331 391 1372 Astitit
415 1333 566 1381 regina
591 1343 617 1371 a
642 1329 808 1371 dextris
832 1329 920 1369 tuis
945 1329 989 1368 in

156 1389 319 1428 vestitu
351 1386 585 1435 deaurato,
619 1383 890 1427 circumdata
917 1397 987 1425 va-

157 1443 324 1484 1161316.
360 1443 418 1483 Ε1
436 1442 647 1484 videntes.
684 1441 840 1482 Gloria
858 1440 988 1481 Patri.

156 1499 446 1549 Unguentum.

376 1586 427 1625 In
445 1586 517 1625 III.
536 1586 760 1626 Nocturno.

212 1657 312 1697 Ant.
340 1655 494 1697 Gaude
513 1656 653 1697 Maria
670 1656 821 1707 Virgo,
840 1657 864 1682 *
887 1669 987 1697 cun-

157 1717 251 1754 ctas
291 1711 483 1753 haereses
522 1711 618 1752 sola
654 1713 913 1753 interemisti
943 1713 987 1752 in

154 1769 362 1809 universo
381 1766 557 1808 mundo.

423 1840 622 1880 Psalmus
651 1841 718 1880 95.

161 1917 422 1973 :²
448 1914 640 1955 Demino
669 1914 888 1955 canticum
915 1927 988 1956 no-

161 2006 172 2026 ·.
286 1985 402 2012 vum:
412 1971 437 1997 *
449 1972 624 2012 63111316
638 1970 830 2011 Domino
847 1971 988 2012 omnis

285 2031 413 2068 terra.

210 2082 394 2124 Cantate
424 2082 632 2132 Demino,
665 2086 709 2123 et
739 2081 988 2124 benedicite

157 2139 322 2180 nemini
351 2140 459 2190 ejus:
487 2139 511 2165 *
538 2138 794 2179 annuntiate
827 2137 882 2180 de
916 2138 987 2180 die

157 2195 202 2236 in
229 2194 347 2236 diem
374 2194 566 2236 salutare
594 2195 696 2246 ejus.

210 2251 480 2292 Annuntiate
494 2251 608 2291 inter
623 2249 788 2291 Gentes
804 2250 990 2301 gloriam

160 2307 266 2358 eius,
297 2308 321 2334 *
353 2307 398 2347 in
426 2305 630 2348 Omnibus
657 2306 835 2358 pupulis
863 2307 989 2347 mira-

158 2362 263 2404 bilia
292 2363 393 2414 ejus.

213 2418 430 2468 Queniam
461 2430 645 2468 magnus
676 2417 911 2469 Dominus,
947 2423 991 2459 et

160 2473 392 2515 laudabilis
428 2474 574 2514 nimis:
613 2475 637 2500 *
674 2472 884 2514 terribilis
924 2478 991 2515 est

161 2541 293 2581 super
321 2541 472 2571 omnes
502 2529 621 2570 deos.

214 2585 431 2634 Quoniam
446 2598 597 2627 omnes
614 2585 673 2627 dii
684 2585 894 2626 Gentium
904 2585 989 2626 dae-

161 2640 323 2736 }nenia:
357 2642 381 2668 *
416 2641 633 2683 Dominus
671 2646 817 2683 autem
852 2641 990 2682 coelos

180 2696 276 2738 ecit.

1096 294 1334 343 Confessio,
1350 298 1393 335 et
1413 291 1696 346 pulchritudo
1712 291 1756 331 in
1772 302 1871 331 con-

1044 352 1198 403 spectu
1225 351 1331 401 ejus:
1356 351 1380 377 *
1406 347 1694 390 sanctimonia
1718 351 1762 387 et
1785 359 1871 386 ma-

1043 406 1293 458 gnificentia
1320 406 1363 446 in
1397 404 1741 446 sanctificatione
1770 403 1872 453 eius.

1094 462 1259 504 Afferte
1274 462 1466 503 Domino
1481 461 1639 514 patriae
1655 459 1872 508 Gentium,

1043 518 1196 560 afferte
1224 518 1415 559 Domino
1443 517 1630 568 gluriam
1663 519 1706 556 et
1735 514 1871 555 hono-

1043 587 1149 616 rem:
1169 576 1193 602 *
1212 574 1364 616 afferte
1383 573 1574 614 Domino
1594 571 1779 623 gloriam
1796 572 1871 611 no-

1041 631 1148 671 mini
1177 631 1278 681 ejus.

1096 686 1259 728 Tollite
1299 685 1486 736 hostias,
1524 690 1568 726 et
1609 685 1787 726 introite
1828 683 1872 723 in
1934 693 1937 696 ⁴

1043 743 1154 784 atria
1179 744 1283 794 ejus:
1307 743 1331 769 *
1357 742 1540 783 adorate
1561 741 1801 782 Dominum
1828 739 1872 779 in

1042 800 1154 840 atrio
1183 802 1335 840 sancto
1365 800 1466 850 ejus.

1096 855 1436 896 Commoveatur
1467 867 1493 895 a
1524 853 1635 894 facie
1665 854 1755 904 ejus
1782 851 1871 892 uni-

1041 913 1169 952 versa
1196 915 1330 952 terra:
1357 911 1382 937 *
1414 910 1547 951 dicite
1579 910 1623 949 in
1657 906 1871 949 Gentibus

1043 967 1145 1019 quia
1171 967 1387 1008 Deminus
1414 965 1622 1017 regnavit.

1095 1023 1271 1065 Etenim
1312 1022 1504 1063 correxit
1545 1020 1699 1062 orbem
1740 1024 1871 1060 terrae

1043 1080 1118 1131 qui
1149 1092 1237 1120 non
1266 1077 1629 1120 commovebitur:
1660 1078 1684 1104 *
1712 1075 1870 1127 judica·

1042 1135 1107 1177 bit
1134 1135 1325 1187 populos
1352 1135 1397 1174 in
1425 1133 1645 1185 aequitate.

1093 1191 1319 1232 Laetentur
1339 1190 1449 1240 coeli,
1472 1194 1515 1230 et
1533 1188 1722 1230 exsultet
1739 1192 1871 1228 terra:

1042 1249 1372 1289 commoveatur
1399 1258 1535 1295 mare,
1570 1250 1614 1286 et
1639 1242 1870 1296 plenitudo

1043 1305 1151 1355 ejus:
1171 1304 1195 1330 *
1213 1302 1467 1353 gaudebunt
1489 1301 1644 1353 campi,
1663 1305 1706 1341 et
1726 1299 1872 1340 omnia

1044 1372 1143 1411 quae
1171 1359 1215 1399 in
1244 1359 1305 1400 eis
1334 1363 1445 1399 sunt.

1094 1416 1220 1456 Tunc
1255 1414 1534 1456 exsultabunt
1571 1413 1715 1454 01111113
1755 1411 1873 1462 ligna

1042 1471 1252 1512 silvarum
1277 1483 1302 1511 a
1323 1470 1435 1511 facie
1457 1469 1645 1518 Domini,
1675 1468 1777 1520 quia
1802 1479 1872 1507 ve-

1041 1527 1118 1568 nit:
1144 1528 1168 1555 *
1196 1526 1404 1579 quoniam
1427 1526 1547 1567 venit
1570 1524 1762 1577 judicare
1787 1527 1871 1564 ter-

1041 1595 1145 1624 ram.

1093 1638 1316 1680 Judicabit
1343 1639 1497 1680 orbem
1522 1642 1653 1678 terrae
1677 1637 1722 1676 in
1742 1634 1872 1686 aequi-

1041 1696 1142 1744 1316,
1162 1695 1186 1721 *
1212 1699 1256 1735 61
1282 1694 1476 1746 pupulos
1502 1693 1546 1733 in
1569 1692 1756 1733 veritate
1783 1702 1873 1730 sua.

1094 1762 1194 1803 Ant.
1232 1761 1388 1803 Gaude
1415 1761 1555 1801 Maria
1581 1759 1738 1809 Virgo,
1771 1770 1871 1798 cun-

1043 1822 1136 1859 ctas
1171 1817 1364 1858 haereses
1401 1816 1495 1858 sola
1533 1813 1793 1857 interemisti
1828 1813 1871 1853 in

1042 1874 1245 1915 universo
1265 1872 1441 1914 mundo.

1096 1942 1196 1982 Ant.
1234 1942 1428 1993 Dignare
1455 1954 1525 1982 me
1553 1940 1577 1966 *
1603 1938 1784 1980 laudare
1811 1942 1871 1986 te,

1042 1999 1181 2049 Virgo
1214 2000 1401 2039 sacrata:
1438 1997 1496 2038 da
1526 1995 1634 2036 mihi
1665 1994 1872 2035 virtutem

1043 2059 1198 2096 contra
1216 2053 1368 2095 hostes
1387 2058 1499 2094 tuos.

1314 2125 1514 2166 Psalmus
1533 2126 1599 2165 96.

1132 2195 1303 2236 eminus
1318 2193 1526 2245 regnavit,
1538 2191 1727 2233 exsultet
1740 2195 1871 2232 terra:

1155 2251 1178 2276 *
1197 2250 1399 2291 laetentur
1418 2248 1571 2289 insulae
1589 2247 1750 2288 multae.

1094 2306 1258 2355 Nubes,
1278 2310 1321 2347 et
1340 2304 1481 2354 caligo
1500 2304 1544 2344 in
1564 2303 1748 2344 circuitu
1768 2303 1872 2354 ejus:

1043 2362 1260 2459 d‘jUStffia’
1289 2365 1332 2402 et
1348 2360 1554 2412 judicium
1573 2359 1789 2400 correctio
1808 2371 1871 2399 se-

1074 2431 1110 2458 18
1131 2430 1233 2469 ejus.

1094 2473 1213 2525 Ignis
1238 2477 1338 2513 ante
1357 2472 1502 2524 ipsum
1521 2470 1760 2524 praecedet,
1777 2470 1801 2496 *
1830 2474 1872 2511 et

1042 2528 1330 2570 inflammabit
1367 2528 1411 2568 in
1449 2527 1633 2569 circuitu
1673 2527 1871 2567 inimicos

1044 2599 1144 2637 eJus.

1094 2641 1337 2682 Illuxerunt
1360 2639 1531 2690 fulgura
1554 2640 1644 2692 ejus
1669 2637 1764 2679 orbi
1786 2641 1870 2677 ter-

1044 2710 1120 2738 rae:
1139 2697 1162 2723 *
1182 2695 1300 2746 vidit,
1329 2700 1372 2737 et
1391 2698 1613 2737 commeta
1632 2698 1699 2736 est
1716 2697 1844 2734 terra.
