2040 2944
678 192 750 226 Die
774 193 825 226 23.
851 193 930 227 Oet.
978 194 1034 228 Ss.
1059 194 1339 238 Redemptoris.

160 301 162 304 ’
206 284 233 325 J
232 284 431 327 udicabit
444 285 490 326 in
503 287 766 338 nationibus,
786 289 986 341 implebit

155 342 319 381 ruinas:
351 342 375 368 *
407 343 722 394 conquassabit
759 345 902 397 capita
941 346 986 387 in

154 400 274 437 terra
291 397 542 439 multorum.

206 453 275 494 De
299 455 496 496 torrente
520 455 565 496 in
591 455 663 496 via
684 454 824 498 bibet:
843 458 867 484 *
884 470 984 510 pro-

154 510 308 561 pterea
327 510 541 553 exaltabit
558 516 702 564 eaput.

207 571 306 612 Ant.
335 570 517 622 Virgam
542 572 718 614 virtutis
744 586 836 614 suae
865 576 984 616 emit-

154 629 220 666 tet
244 625 461 668 Dominus
486 640 540 669 ex
566 628 686 678 Sion,
714 634 759 671 et
783 630 984 681 regnabit

153 681 197 722 in
215 682 427 724 saeculum
437 684 606 726 saeculi.

207 743 306 783 Ant.
326 743 694 797 Redemptionem
708 746 826 788 misit
835 747 983 788 Domi-

153 811 235 839 nus
254 799 424 852 populo
441 813 538 842 suo:
557 801 783 845 mandavit
801 804 845 844 in
860 805 983 845 aeter-

154 868 258 896 num
275 858 587 899 testamentum
607 871 743 900 suum.

418 930 617 970 Psalnius
640 932 723 970 110.

155 986 453 1095 confitebor
483 995 565 1037 tibi
589 996 779 1039 Domine
812 997 856 1038 in
887 1002 983 1039 toto

245 1049 378 1092 corde
400 1063 514 1093 meo:
534 1052 620 1093 *in
644 1053 827 1096 consilio
852 1055 982 1106 justo-

152 1117 260 1156 rum,
282 1111 326 1148 et
346 1109 698 1159 congregatione.

205 1162 365 1213 Magna
397 1165 534 1216 opera
564 1165 757 1207 Domini:
784 1167 808 1192 *
836 1168 983 1220 exqui-

153 1219 237 1259 sita
253 1218 298 1259 in
317 1231 470 1261 omnes
490 1220 742 1263 voluntates
762 1223 865 1273 ejus.

205 1277 433 1321 Confessio
457 1284 501 1322 et
523 1281 847 1333 magnificentia
871 1296 983 1336 opus

153 1334 259 1386 ejus:
277 1334 301 1360 *
320 1339 365 1376 et
383 1335 547 1387 justitia
565 1338 657 1390 ejus
675 1343 823 1380 manet
841 1340 885 1380 in
905 1342 982 1381 sae-

153 1389 299 1431 culum
318 1391 480 1433 saeculi.

203 1446 463 1489 Memoriam
481 1448 585 1491 fecit
603 1449 868 1492 mirabilium
887 1453 983 1493 suo-

153 1514 267 1552 rum,
294 1503 545 1546 misericors
573 1510 617 1547 et
643 1506 877 1549 miserator
894 1508 983 1549 Do-

153 1558 311 1600 minus:
321 1560 345 1585 *
357 1572 504 1602 escam
519 1560 641 1604 dedit
655 1562 910 1604 timentibus
925 1577 983 1605 se.

205 1619 376 1662 Memor
413 1621 496 1662 erit
532 1621 577 1662 in
609 1623 819 1664 saeculum
851 1628 983 1665 testa-

153 1676 289 1717 menti
307 1677 388 1717 sui:
407 1678 431 1703 *
451 1677 659 1720 virtutem
680 1680 865 1731 operum
887 1682 982 1721 suo-

153 1743 251 1772 rum
268 1733 542 1775 annuntiabit
559 1735 727 1787 populo
747 1748 843 1777 suo:

205 1787 266 1829 Ut
305 1788 381 1830 det
415 1789 501 1830 illis
533 1789 839 1833 haereditatem
871 1792 983 1832 Gen—

153 1843 278 1884 tium:
306 1845 330 1871 *
358 1847 495 1897 opera
521 1848 729 1888 manuum
758 1848 848 1899 ejus
875 1848 983 1888 veri-

154 1903 234 1949 tas,
253 1904 296 1942 et
314 1900 531 1952 judicium.

205 1955 374 1998 Fidelia
387 1958 534 1999 omnia
543 1958 751 2001 mandata
763 1960 867 2011 ejus:
883 1972 982 2000 con-

154 2010 328 2053 firmata
345 2013 390 2053 in
414 2014 623 2055 saeculum
643 2015 807 2065 saeculi,
826 2015 850 2041 *
869 2015 984 2056 facta

154 2067 198 2107 in
217 2068 402 2110 veritate
422 2071 705 2122 etaequitate.

208 2128 577 2182 Redemptionem
586 2132 705 2173 misit
712 2131 879 2184 populo
889 2144 983 2172 suo:

154 2184 179 2211 *
197 2184 421 2227 mandavit
444 2186 489 2226 in
513 2189 727 2229 aeternum
752 2189 983 2230 testamen-

155 2243 248 2280 tum
268 2253 405 2282 suum.

206 2295 425 2348 Sanctum,
441 2303 485 2340 et
498 2299 693 2341 terribile
708 2312 868 2340 nomen
879 2299 984 2350 ejus:

155 2351 366 2394 *initium
390 2354 618 2406 sapientiae
642 2355 775 2396 timor
794 2355 983 2396 Domini.

206 2413 461 2455 Intellectus
500 2414 644 2457 bonus
687 2415 889 2457 omnibus
925 2415 983 2455 fa-

155 2468 370 2510 cientibus
391 2483 504 2512 eum:
523 2472 547 2497 *
565 2471 761 2513 laudatio
786 2472 877 2523 ejus
896 2483 983 2511 ma-

154 2529 228 2565 net
246 2524 290 2565 in
310 2526 520 2568 saeculum
540 2528 700 2569 saeculi.

205 2589 305 2631 Ant.
320 2590 689 2644 Redemptionem
702 2591 820 2632 misit
829 2590 976 2631 Domi-

153 2656 235 2685 nus
252 2646 422 2698 populo
441 2660 539 2688 suo:
558 2647 782 2688 mandavit
800 2647 844 2686 in
860 2647 983 2687 aeter-

152 2712 258 2742 num
274 2703 585 2744 testamentum
604 2716 740 2744 suum.

1772 202 1867 246 [299]

1096 297 1194 336 Ant.
1222 294 1524 336 Misericordia
1546 308 1658 345 mea,
1687 300 1732 338 et
1755 297 1866 338 refu-

1038 348 1158 398 gium
1193 362 1338 391 meum
1369 351 1598 393 Dominus:
1636 354 1868 405 susceptor

1038 417 1173 455 meus,
1202 411 1245 448 et
1271 406 1482 448 liberator
1508 420 1642 449 meus.

1306 479 1504 519 Psalmus
1526 481 1603 519 115.

1042 531 1279 638 Credidi,
1311 546 1494 594 propter
1533 543 1653 595 quod
1693 544 1866 586 locutus

1135 607 1249 636 sum:
1280 596 1304 622 *
1333 609 1414 648 ego
1442 603 1587 640 autem
1615 599 1866 642 humiliatus

1039 662 1135 691 sum
1159 665 1298 693 mmls.

1090 707 1184 758 Ego
1198 707 1288 749 dixi
1302 708 1345 749 in
1357 711 1541 751 excessu
1555 723 1653 752 meo
1662 712 1700 751 :*
1712 712 1864 754 Omnis

1038 761 1171 804 homo
1190 764 1390 806 mendax,

1091 819 1207 869 Quid
1234 821 1472 862 retribuam
1499 822 1705 873 Domino,
1731 824 1755 849 *
1782 838 1864 876 pro
1932 842 1938 846 ·

1039 875 1251 926 omnibus,
1281 890 1378 929 quae
1399 877 1599 920 retribuit
1617 879 1743 920 mihi?

1092 932 1283 974 Calicem
1303 933 1504 975 salutaris
1524 935 1750 987 accipiam:
1774 936 1797 961 ¹⁸¹
1821 941 1865 978 et

1037 1000 1196 1030 nomen
1215 989 1394 1031 Domini
1412 990 1640 1033 invocabo.

1089 1045 1207 1086 Vota
1238 1059 1336 1087 mea
1366 1047 1466 1088 Dfio
1500 1047 1683 1089 reddam
1715 1060 1864 1089 coram

1039 1101 1157 1141 omni
1192 1102 1358 1154 populo
1396 1104 1501 1155 ejus:
1533 1104 1556 1129 *
1590 1104 1785 1156 pretiosa
1820 1105 1864 1145 in

1037 1159 1277 1210 conspectu
1312 1159 1490 1201 Domini
1534 1174 1653 1202 mors
1694 1163 1862 1202 sancto·

1036 1226 1133 1254 rum
1153 1214 1259 1265 ejus:

1090 1269 1127 1310 O
1146 1270 1335 1313 Domine
1356 1271 1456 1324 quia
1476 1286 1556 1324 ego
1577 1286 1728 1316 servus
1747 1280 1863 1317 tuus:

1035 1326 1059 1351 *
1079 1338 1161 1376 ego
1181 1339 1334 1368 servus
1352 1333 1463 1379 tuus,
1488 1334 1531 1371 et
1555 1330 1670 1371 filius
1693 1332 1861 1373 ancillae

1036 1386 1135 1423 tu'ae.

1087 1439 1303 1492 Dirupisti
1321 1441 1493 1482 vincula
1516 1455 1628 1483 mea:
1650 1443 1674 1468 *
1698 1443 1777 1485 tibi
1797 1457 1861 1485 sa-

1038 1495 1246 1537 crificabo
1262 1495 1451 1538 hostiam
1469 1498 1621 1549 laudis,
1643 1504 1686 1541 et
1705 1513 1863 1542 nomen

1037 1551 1216 1592 Domini
1233 1552 1463 1594 invocabo.

1087 1607 1207 1648 Vota
1234 1621 1331 1649 mea
1356 1609 1456 1650 Dno
1487 1610 1669 1651 reddam
1694 1611 1738 1651 in
1764 1624 1863 1652 con-

1037 1664 1191 1715 spectu
1206 1665 1348 1704 omnis
1362 1665 1516 1717 populi
1530 1667 1635 1717 ejus:
1649 1667 1725 1707 *in
1742 1667 1862 1708 atriis

1037 1718 1194 1760 domus
1208 1719 1305 1769 Dffi,
1316 1719 1360 1759 in
1374 1719 1521 1762 medio
1534 1721 1597 1762 tui
1609 1722 1635 1762 J
1637 1722 1863 1763 erusalem.

1090 1783 1188 1822 Ant.
1217 1783 1516 1826 Misericordia
1545 1798 1657 1836 mea,
1686 1791 1730 1827 et
1752 1787 1863 1828 refu—

1036 1839 1155 1890 gium
1185 1851 1332 1880 meum
1363 1840 1598 1882 Dominus:
1634 1843 1865 1894 susceptor

1035 1908 1170 1944 meus,
1200 1899 1244 1936 et
1270 1894 1484 1937 liberator
1510 1909 1645 1938 meus.

1088 1953 1187 1994 Ant.
1219 1955 1349 2007 Apud
1366 1957 1603 1998 Dominum
1622 1957 1862 1998 misericor-

1037 2011 1125 2060 dia,
1153 2015 1196 2052 et
1221 2012 1403 2064 copiosa
1427 2011 1546 2064 apud
1572 2026 1671 2054 eum
1695 2012 1862 2054 redem-

1035 2067 1142 2119 ptio.

1298 2120 1496 2160 Psalmus
1517 2121 1601 2160 129.

1128 2199 1151 2228 e
1172 2185 1401 2239 profundis
1426 2188 1610 2229 clamavi
1632 2188 1689 2229 ad
1711 2193 1756 2229 te
1775 2189 1862 2229 Do-

1148 2243 1278 2284 mine:
1293 2244 1316 2270 *
1331 2243 1519 2285 Domine
1535 2243 1693 2285 exaudi
1707 2256 1862 2285 vocem

1035 2311 1192 2339 meam:

1087 2358 1214 2399 Fiant
1243 2370 1370 2398 aures
1397 2363 1485 2399 tuae
1512 2359 1806 2408 intendentes,
1838 2358 1861 2384 *

1035 2415 1078 2454 in
1098 2426 1254 2455 vocem
1274 2413 1597 2466 deprecationis
1615 2428 1737 2456 meae.

1086 2474 1131 2514 Si
1158 2474 1412 2525 iniquitates
1440 2474 1745 2516 observaveris
1772 2475 1859 2515 Do-

995 2559 997 2562 -
1035 2529 1165 2571 mine:
1184 2530 1207 2555 *
1226 2530 1413 2571 Domine
1434 2531 1530 2582 quis
1549 2529 1803 2572 sustinebit?

1088 2589 1198 2639 Quia
1226 2589 1344 2640 apud
1370 2595 1415 2631 te
1442 2589 1696 2642 propitiatio
1724 2592 1809 2629 est:
1834 2587 1858 2613 *

1036 2650 1080 2686 et
1102 2651 1285 2696 propter
1308 2644 1451 2695 legem
1475 2651 1594 2687 tuam
1613 2643 1795 2685 sustinui
1813 2646 1857 2683 te

1035 2700 1233 2741 Domine.
