2040 2944
186 169 282 214 [248]

394 270 454 311 In
476 269 538 311 11.
563 269 816 320 vesperis.

242 332 376 363 (minin
403 337 440 363 ut
468 330 502 363 in
531 330 555 363 1.
583 330 696 372 x'esp.
722 334 876 371 praeter:

245 383 309 423 Ad
339 383 509 430 Magnis.
542 384 639 422 Ant.
681 382 842 422 Sancta
867 380 1017 430 Maria,

186 439 209 464 *
233 440 439 479 succurre
462 436 651 486 miseris,
676 437 774 488 juva
794 436 1015 489 pusillani-

186 507 295 544 mes,
323 493 473 535 refove
501 492 688 542 flebiles,
722 506 800 535 ora
829 506 911 546 pro
939 495 1016 546 po-

185 551 302 604 pulo,
321 550 533 592 interveni
549 562 631 602 pro
648 550 778 600 clero,
795 549 1017 592 intercede

186 620 269 661 pro
290 607 453 649 devoto
472 606 662 648 femineo
683 620 805 649 sexu:
830 607 1017 648 sentiant

188 677 340 705 omnes
365 669 489 706 tuum
508 664 726 716 juvamen,
751 663 1017 716 quicumque

186 720 410 762 celebrant
436 725 558 762 tuam
583 725 780 762 sanctam
803 721 1015 762 Immacu-

187 777 321 819 latam
342 777 698 830 Conceptionem.

472 867 508 905 R
538 866 568 905 O
598 867 635 904 M
664 867 721 905 AE.

367 924 402 964 P
422 937 443 964 r
463 936 489 965 o
526 924 561 964 F
581 937 604 966 e
625 938 645 965 r
664 924 678 964 i
699 938 724 966 a
759 925 836 966 ΠΙ.

412 988 588 1022 Officium
613 988 788 1022 votivum

188 1040 248 1081 de
263 1041 333 1082 Ss.
348 1040 604 1091 Apostolis
618 1041 768 1083 Petro
784 1042 834 1084 et
848 1042 1017 1084 Paulo.

470 1102 728 1145 Scmiduplcx'.

238 1160 370 1193 Omnia
406 1159 451 1192 dc
479 1159 621 1193 Comm.
648 1160 925 1203 Apostolorum
968 1156 1015 1201 [2]

185 1214 325 1249 praeter
350 1215 560 1250 sequentia.

354 1264 404 1304 In
424 1264 617 1316 utrisque
637 1265 848 1317 Vesperis.

237 1329 285 1379 Y.
318 1330 568 1372 Constitues
597 1343 674 1372 eos
701 1332 923 1385 principes
950 1346 1018 1374 su·

187 1400 267 1440 per
296 1399 469 1428 omnem
495 1392 668 1429 terram.
711 1394 761 1452 R4.
798 1388 1018 1431 Memores

189 1448 315 1486 erunt
333 1443 519 1485 nominis
537 1444 601 1486 tui
619 1444 819 1486 Domine.

235 1510 305 1551 Ad
329 1511 499 1560 Magnif.
520 1511 618 1551 Ant.
651 1510 805 1548 Petrus
824 1506 1016 1559 Aposto-

187 1559 271 1610 lus,
299 1562 323 1587 *
350 1566 394 1603 et
417 1561 579 1603 Paulus
604 1562 774 1604 Doctor
801 1563 1017 1615 Gentium,

186 1616 271 1669 ipsi
281 1629 362 1659 nos
373 1616 617 1660 docuerunt
626 1618 769 1670 legem
778 1624 899 1662 tuam
908 1620 1017 1663 D1'1e.

517 1680 681 1720 Oratio.

275 1752 366 1790 eus,
392 1741 512 1794 cujus
536 1740 719 1784 dextera
740 1741 920 1784 beatum
938 1743 1016 1785 Pe-

297 1801 413 1839 trum
430 1796 726 1840 ambulantem
740 1798 784 1839 in
799 1799 1016 1850 fluctibus

185 1865 239 1894 ne
257 1855 538 1904 mergeretur,
557 1854 705 1904 erexit,
726 1860 769 1897 et
784 1858 1016 1909 coaposto-

185 1907 274 1949 lum
294 1910 384 1961 ejus
400 1910 593 1962 Paulum,
611 1911 742 1953 tertio
760 1912 1016 1964 naufragan-

185 1969 284 2015 tem,
309 1964 364 2008 de
387 1966 609 2020 profundo
632 1968 778 2021 pelagi
800 1968 1016 2012 liberavit:

187 2021 346 2064 exaudi
370 2036 451 2064 nos
474 2025 710 2077 propitius,
738 2030 782 2067 et
805 2025 1016 2077 concede3

186 2083 234 2119 ut
279 2078 506 2121 amborum
549 2081 715 2124 meritis
760 2082 1016 2125 aeternitatis

186 2133 369 2184 gloriam
390 2139 727 2189 consequamur:
756 2139 840 2190 Qui
859 2139 981 2181 vivis.

235 2198 274 2231 In
311 2198 334 2231 1.
367 2199 563 2232 Noc-turno
597 2200 799 2233 Lectiones
836 2201 881 2234 de
913 2202 1010 2235 Scri·

184 2251 293 2287 ptura
320 2255 551 2281 occurrente.

408 2309 455 2346 In
484 2310 533 2347 II.
563 2310 785 2349 Nocturno.

266 2371 417 2411 Sermo
445 2371 582 2413 sancti
609 2371 770 2414 Leonis
795 2374 941 2427 Papae.

208 2431 259 2463 Ex
291 2431 454 2463 nomilia
478 2432 531 2463 82.
560 2432 593 2464 in
622 2432 748 2466 Nutiv.
773 2432 828 2466 Ss.
853 2434 986 2476 Apost.

444 2478 542 2512 l'ctri
570 2485 604 2513 ct
630 2480 748 2514 l'auli.

487 2530 633 2570 Lectio
657 2533 707 2571 iv.

212 2604 226 2634 ·,
322 2585 466 2626 eronis
493 2585 612 2628 furor
634 2600 714 2640 per
739 2590 932 2632 omnium
955 2591 1013 2632 vi-

260 2641 313 2695 ’ἡῚ
342 2640 503 2682 tiorum
538 2642 831 2688 inflammatus
867 2649 1013 2689 exces-

282 2718 285 2719 ν
339 2710 435 2739 sum
453 2698 497 2739 in
515 2698 629 2741 hunc
652 2712 752 2743 eum
770 2715 909 2756 usque
927 2709 1014 2746 tor-

492 171 667 205 Ofticium
694 171 866 205 votivum
890 172 935 205 dc
960 173 1015 205 Sa.
1042 173 1245 215 Apostolis
1270 172 1384 206 I'ctro
1410 178 1446 206 ct
1471 173 1602 207 Paulo.

1068 268 1237 308 rentem
1265 279 1356 308 suae
1388 267 1683 320 praecipitavit
1708 268 1901 319 insaniae,

1069 327 1116 364 ut
1141 323 1308 376 primus
1332 323 1497 365 nomini
1523 323 1761 366 christiano
1787 330 1901 367 atro·

1070 379 1247 421 citatem
1267 380 1484 431 generalis
1503 381 1822 434 persecutionis
1840 382 1900 423 in-

1070 435 1216 486 ferret,
1246 436 1371 488 quasi
1397 449 1478 489 per
1505 440 1758 479 sanctorum
1781 439 1900 492 Apo-

1069 492 1284 534 stolorum
1302 493 1421 535 Petri
1445 499 1488 535 et
1507 494 1631 536 Pauli
1652 507 1783 537 neces
1805 498 1899 546 gra-

1069 549 1130 590 tia
1161 549 1245 591 Dei
1278 555 1433 603 posset
1469 551 1705 602 exstingui3
1743 551 1902 604 quibus

1069 604 1154 647 hoc
1176 606 1321 659 ipsum
1345 612 1439 649 erat
1461 608 1701 650 maximum
1722 607 1902 660 lucrum,

1069 666 1117 703 ut
1136 665 1416 716 contemptus
1433 664 1537 707 vitae
1551 663 1677 717 hujus
1692 664 1902 716 occiduae,

1069 720 1298 773 perceptio
1320 720 1447 763 fieret
1470 721 1689 764 felicitatis
1713 724 1902 764 aetemae.

1069 776 1269 818 Pretiosa
1284 782 1351 819 est
1369 790 1475 829 ergo
1494 778 1537 819 in
1557 780 1799 832 conspectu
1812 779 1900 821 Do-

1069 832 1173 873 mini
1187 846 1308 875 mors
1325 837 1577 876 sanctorum
1593 835 1699 887 ejus:
1716 848 1798 878 nec
1810 835 1901 878 ullo

1071 889 1343 933 crudelitatis
1372 893 1531 942 genere
1559 891 1727 935 destrui
1753 897 1904 945 potest

1071 949 1345 990 sacramento
1372 949 1513 991 crucis
1538 949 1699 992 Christi
1721 949 1904 993 fundata

1070 1003 1234 1054 religio.
1253 1004 1355 1046 Non
1367 1005 1576 1048 minuitur
1589 1006 1902 1059 persecutioni-

1069 1059 1152 1101 bus
1171 1060 1380 1111 Ecclesia‚
1405 1061 1484 1104 sed
1503 1064 1700 1114 augetur:
1727 1068 1772 1105 et
1793 1076 1903 1105 sem-

1071 1128 1151 1168 per
1171 1117 1430 1160 Dominicus
1455 1131 1559 1170 ager
1583 1121 1732 1171 segete
1757 1119 1904 1162 ditiori

1070 1175 1270 1225 vestitur,
1298 1173 1403 1217 dum
1426 1188 1578 1227 grana,
1608 1189 1708 1229 quae
1734 1177 1904 1229 singula

1071 1229 1257 1280 cadunt,
1313 1231 1604 1286 multiplicata
1655 1237 1904 1277 nascuntur.

1071 1285 1197 1328 Unde
1222 1286 1312 1329 duo
1335 1288 1419 1331 ista
1441 1289 1658 1342 praeclara
1681 1289 1817 1333 divini
1839 1293 1904 1334 se·

1070 1343 1197 1384 minis
1213 1345 1409 1395 germina
1423 1346 1466 1387 in
1482 1352 1689 1399 quantam
1703 1348 1904 1391 sobolem

1070 1400 1363 1452 germinarint,
1386 1401 1617 1445 beatorum
1637 1404 1773 1446 millia
1790 1405 1904 1446 Mar-

1069 1461 1215 1508 tyrum
1243 1461 1562 1510 protestantur,
1594 1460 1668 1513 qui
1695 1461 1903 1514 apostoli-

1071 1515 1223 1554 corum
1236 1515 1382 1556 aemuli
1393 1516 1726 1570 triumphorum,
1738 1517 1904 1561 Urbem

1070 1574 1267 1612 nostram
1289 1573 1556 1626 purpuratis,
1581 1579 1625 1616 et
1646 1574 1777 1626 longe
1798 1574 1902 1618 late-

1071 1638 1156 1678 que
1168 1627 1447 1671 rutilantibus
1457 1630 1635 1684 populis
1646 1631 1903 1683 ambierunt,

1070 1689 1114 1726 et
1132 1685 1257 1737 quasi
1276 1698 1331 1727 ex
1349 1686 1585 1729 multarum
1601 1687 1768 1731 honore
1786 1701 1902 1740 gem-

1069 1742 1239 1783 marum
1279 1745 1486 1786 conserto
1525 1757 1613 1787 uno
1653 1744 1902 1789 diademate

1070 1801 1348 1842 coronarunt.

1121 1880 1173 1931 Rt·
1192 1872 1297 1915 Vidi
1316 1875 1574 1927 conjunctos
1593 1876 1723 1927 viros,
1741 1876 1901 1919 haben-

1067 1934 1135 1971 tes
1164 1929 1419 1983 splendidas
1447 1937 1610 1983 vestes,
1639 1938 1682 1975 et
1705 1933 1901 1985 Angelus

1068 1985 1247 2027 Domini
1267 1986 1441 2030 locotus
1465 1994 1532 2031 est
1553 1988 1609 2031 ad
1627 2002 1709 2040 me,
1734 1989 1900 2033 dicens:

1068 2048 1091 2072 *
1119 2042 1198 2085 Isti
1229 2049 1329 2086 sunt
1361 2045 1442 2087 viri
1474 2046 1613 2088 sancti
1640 2046 1746 2089 facti
1772 2047 1900 2090 amici

1067 2098 1162 2141 Dei.
1190 2098 1242 2149 δ”.
1267 2099 1372 2143 Vidi
1391 2102 1610 2153 Angelum
1626 2102 1711 2145 Dei
1731 2103 1900 2154 fortem,

1068 2155 1290 2198 volantem
1303 2170 1383 2211 per
1396 2158 1590 2201 medium
1604 2159 1775 2211 coelum,
1789 2173 1900 2202 voce

1067 2225 1226 2264 magna
1240 2213 1502 2257 clamantem
1516 2221 1560 2258 et
1573 2216 1803 2259 dicentem.
1821 2217 1901 2260 Isti

1068 2275 1169 2312 sunt
1188 2270 1280 2312 viri.

1378 2360 1530 2401 Lectio
1553 2374 1588 2399 v.

1155 2435 1179 2464 e
1206 2435 1394 2475 quorum
1417 2423 1642 2477 praesidio,
1672 2423 1898 2467 dilectissi-

1178 2479 1253 2530 mi,
1282 2478 1489 2522 divinitus
1515 2480 1642 2522 nobis
1671 2479 1727 2523 ad
1756 2483 1897 2523 exem-

1066 2535 1188 2588 plum
1210 2536 1434 2589 patientiae
1453 2542 1499 2579 et
1521 2537 1898 2580 confirmationem

1067 2590 1171 2633 fidei
1194 2595 1456 2646 praeparato,
1479 2593 1784 2636 universaliter
1808 2595 1898 2647 qui-

1067 2647 1168 2690 dem
1199 2649 1243 2690 in
1275 2649 1467 2691 omnium
1494 2650 1754 2693 Sanctorum
1782 2664 1897 2694 com-

1066 2706 1382 2748 memoratione
1400 2705 1640 2749 laetandum
1660 2712 1742 2750 est:
1759 2708 1898 2751 sedin
