2040 2944
726 212 935 247 Commune
959 223 1037 247 non
1060 213 1271 256 virginum.

202 311 300 351 Ant.
322 306 477 359 Specie
495 311 570 348 tua
590 305 974 359 etpulchritudine

148 367 223 404 tua
240 362 431 413 intende,
460 365 672 416 prospere
693 361 901 415 procede,
930 366 973 404 et

149 432 299 531 Υθῗῑί.
319 484 556 538 Αᾶῇιινέὼίῒ
576 497 672 526 eam
681 484 705 510 *
715 483 836 525 Deus
850 483 972 525 vultu

150 553 245 581 suo:
263 541 384 583 Deus
403 542 447 583 in
465 540 611 582 medio
631 541 732 592 ejus,
750 552 839 581 non
858 552 972 581 com-

149 597 407 640 movebitur.

413 681 610 722 Psalmus
638 682 703 722 45.

148 745 316 851 Deus
341 750 490 787 noster
511 744 736 795 refugium,
759 748 802 786 et
821 743 972 785 virtus:

270 802 294 828 *
331 801 502 853 adjutor
536 801 581 842 in
611 800 972 847 tribulationibus,

151 871 249 911 quae
274 858 532 900 invenerunt
557 870 638 899 nos
665 857 802 897 nimis.

199 915 440 967 Propterea
472 926 561 955 non
593 912 840 955 timebimus
868 912 973 955 dum

148 970 393 1014 turbabitur
410 974 542 1012 terra:
558 970 582 995 *
598 975 641 1011 et
659 969 971 1012 transferentur

72 1077 75 1080 ¹
148 1031 319 1070 montes
346 1027 390 1067 in
418 1039 494 1068 cor
521 1026 663 1067 maris.

201 1084 457 1132 Sonuerunt‚
474 1087 517 1124 et
531 1082 719 1125 turbetae
736 1087 836 1125 sunt
846 1095 972 1135 aquae

150 1142 316 1182 eorum:
343 1140 367 1166 *
396 1139 643 1181 conturbati
675 1144 775 1181 sunt
801 1144 972 1181 montes

148 1197 192 1238 in
219 1195 472 1238 fortitudine
501 1195 601 1247 ejus.

201 1252 410 1294 Fluminis
437 1254 625 1304 impetus
652 1251 846 1294 laetificat
874 1252 972 1293 civi-

149 1311 285 1351 tatem
317 1308 415 1350 Dei:
449 1307 472 1334 *
510 1308 797 1350 sanctificavit
832 1308 972 1350 taber-

149 1365 351 1407 naculum
379 1377 504 1406 suum
530 1363 790 1406 Altissimus.

199 1421 320 1463 Deus
352 1421 396 1462 in
422 1419 568 1462 medio
597 1421 703 1472 ejus,
737 1433 825 1462 non
859 1433 972 1462 com-

148 1477 410 1520 movebitur:
433 1477 457 1503 *
481 1476 703 1529 adjuvabit
730 1489 826 1518 eam
852 1477 973 1519 Deus

148 1546 276 1575 mane
304 1532 506 1575 diluculo.

203 1589 485 1632 Conturbetae
515 1593 616 1630 sunt
639 1588 814 1638 GenteS,
846 1593 890 1630 et
913 1589 971 1629 in-

150 1646 310 1688 clinata
336 1650 436 1687 sunt
463 1657 611 1696 regna:
629 1644 652 1670 *
671 1643 793 1686 dedit
819 1657 973 1686 vocem

150 1715 284 1752 suam,
310 1706 431 1743 mota
458 1706 524 1742 est
550 1705 678 1742 terra.

200 1758 414 1799 Dominus
444 1757 653 1799 virtutum
679 1756 922 1798 nobiscum:
949 1757 973 1783 *

150 1816 379 1867 susceptor
405 1818 555 1855 noster
581 1813 702 1855 Deus
729 1812 877 1854 Jacob.

201 1871 370 1920 Venite,
395 1874 439 1912 et
462 1868 608 1911 videte
633 1871 768 1922 opera
785 1869 972 1919 Domini,

151 1940 249 1980 quae
267 1926 415 1980 posuit
432 1924 633 1979 prodigia
652 1937 783 1978 super
797 1930 973 1967 terram:

149 1985 174 2012 *
200 1983 400 2025 auferens
433 1981 549 2024 bella
582 1994 721 2034 usque
753 1981 810 2023 ad
842 1981 973 2024 finem

149 2044 291 2082 terrae.

201 2097 367 2138 Arcum
403 2098 617 2145 conteret,
655 2099 698 2136 et
732 2095 973 2145 confringet

151 2165 285 2194 arma:
311 2153 334 2178 *
363 2157 406 2194 et
433 2156 557 2193 scuta
584 2150 812 2193 comburet
838 2151 936 2202 igni.

201 2209 386 2258 Vacate,
415 2213 459 2250 et
485 2207 631 2249 videte
660 2208 864 2259 quoniam
892 2219 973 2258 ego

151 2278 247 2306 sum
260 2265 396 2306 Deus:
410 2265 434 2291 *
449 2263 676 2306 exaltabor
689 2263 734 2304 in
749 2264 973 2313 Gentibus,

152 2326 195 2363 et
222 2320 448 2363 exaltebor
475 2321 518 2361 in
545 2325 672 2362 terra.

202 2377 415 2418 Dominus
446 2377 655 2418 virtutum
681 2375 923 2417 nobiscum:
950 2375 974 2401 *

151 2434 379 2486 susceptor
406 2438 555 2475 noster
582 2431 702 2474 Deus
729 2431 877 2473 Jacob.

205 2496 304 2538 Ant.
331 2496 563 2549 Adiuvabit
592 2509 687 2538 eam
705 2496 826 2537 Deus
849 2495 973 2536 vultu

153 2565 248 2594 suo:
265 2553 386 2594 Deus
404 2553 449 2594 in
467 2553 612 2594 medio
633 2553 733 2603 ejus,
752 2564 840 2592 non
860 2564 973 2593 com-

152 2607 410 2650 movebitur.

203 2673 300 2714 Ant.
332 2673 471 2725 Aquae
496 2673 644 2716 multae
667 2675 691 2701 *
711 2686 798 2714 non
822 2674 972 2725 potue-

152 2734 252 2771 runt
271 2731 546 2781 exstinguere
566 2730 801 2771 caritatem.

1289 307 1487 347 Psalmus
1516 308 1579 348 47.

1129 373 1266 411 agnus
1290 361 1520 410 Dominus,
1549 366 1591 402 et
1618 360 1850 402 laudabilis

1146 417 1272 458 nimis
1291 418 1315 442 *
1334 417 1378 457 in
1405 417 1579 459 civitate
1598 417 1682 459 Dei
1700 417 1850 466 nostri,

1025 473 1069 514 in
1087 478 1236 514 monte
1257 478 1408 514 sancto
1429 474 1529 524 ejus.

1076 529 1303 571 Fundatur
1328 529 1616 571 exsultatione
1635 530 1850 570 universae

1025 591 1154 628 terrae
1189 599 1315 627 mons
1348 586 1468 636 Sion,
1496 586 1519 611 *
1546 585 1684 627 latera
1718 586 1850 637 Aqui-

1026 642 1149 692 lonis,
1179 642 1333 683 civitas
1352 643 1466 693 regis
1484 642 1639 692 magni.

1078 699 1199 740 Deus
1218 699 1261 739 in
1286 698 1488 740 domibus
1508 699 1597 750 ejus
1617 700 1849 749 cognosce-

1024 760 1105 805 tur,
1125 757 1149 783 *
1170 768 1269 797 cum
1290 755 1499 807 suscipiet
1518 767 1623 796 eam.

1081 812 1296 862 Quoniam
1324 824 1427 853 ecce
1455 824 1580 862 reges
1600 815 1729 853 terrae
1751 824 1850 853 con-

1025 868 1193 920 gregati
1239 873 1354 910 sunt:
1398 870 1422 895 *
1467 870 1763 909 convenerunt
1807 868 1850 908 in

1024 939 1168 966 unum.

1076 982 1167 1034 Ipsi
1193 980 1391 1022 videntes
1421 981 1483 1022 sic
1513 980 1713 1022 admirati
1741 986 1850 1030 sunt,

1026 1037 1276 1079 conturbati
1303 1041 1419 1086 sunt,
1451 1037 1659 1079 commoti
1686 1041 1799 1078 sunt:
1826 1038 1850 1063 *

1025 1098 1190 1136 tremor
1208 1092 1498 1146 apprehendit
1518 1106 1606 1134 eos.

1077 1150 1145 1192 Ibi
1173 1150 1348 1192 dolores
1375 1155 1424 1191 ut
1450 1150 1746 1202 parturientis:
1765 1151 1788 1177 *
1807 1150 1850 1190 in

1027 1207 1183 1260 spiritu
1210 1206 1457 1249 vehementi
1491 1208 1690 1248 conteres
1718 1219 1851 1248 naves

1025 1264 1217 1305 Tharsis.

1077 1321 1197 1362 Sicut
1223 1319 1483 1369 audivimus,
1511 1319 1575 1360 sic
1595 1319 1784 1361 vidimus
1809 1320 1851 1360 in

1026 1377 1203 1418 civitate
1227 1376 1406 1418 Domini
1431 1376 1657 1425 virtutum,
1684 1376 1728 1416 in
1753 1376 1851 1417 civi-

1024 1435 1116 1475 teite
1147 1434 1231 1475 Dei
1263 1433 1420 1474 nostri:
1448 1433 1471 1458 *
1499 1433 1620 1474 Deus
1655 1432 1852 1474 fundavit

1027 1503 1123 1532 eam
1141 1490 1185 1530 in
1204 1491 1425 1531 aeternum.

1077 1546 1356 1598 Suscepimus
1372 1546 1492 1587 Deus
1506 1544 1851 1587 misericordiam

1024 1607 1154 1653 tuam,
1172 1604 1196 1630 *
1214 1603 1257 1643 in
1276 1601 1422 1643 medio
1442 1601 1595 1654 templi
1615 1602 1689 1642 tui.

1076 1658 1324 1700 Secundum
1361 1671 1520 1700 nomen
1561 1662 1683 1698 tuum
1718 1658 1851 1706 Deus,

1026 1715 1089 1756 sic
1126 1719 1169 1756 et
1203 1715 1299 1756 laus
1336 1719 1410 1756 tua
1443 1715 1486 1754 in
1518 1714 1627 1755 fines
1655 1719 1799 1755 terrae:
1827 1715 1851 1740 *
1926 1723 1928 1725 ’

1024 1772 1186 1823 justitia
1202 1771 1333 1824 plena
1354 1776 1420 1812 est
1439 1770 1619 1812 dextera
1637 1775 1722 1811 tua.

1076 1828 1270 1869 Laetetur
1305 1840 1432 1868 mons
1467 1827 1592 1876 Sion,
1628 1831 1672 1868 et
1710 1826 1849 1867 exsul-

1024 1889 1117 1926 tent
1144 1884 1246 1925 ffliae
1273 1883 1415 1933 Judae,
1438 1884 1462 1911 *
1483 1887 1665 1936 propter
1692 1882 1850 1935 judicia

1026 1945 1100 1982 tua
1118 1941 1318 1982 Domine.

1078 1996 1357 2038 Circumdate
1381 1996 1500 2046 Sion,
1533 2000 1576 2037 et
1600 1995 1849 2048 complecti-

1025 2054 1129 2095 mini
1165 2066 1275 2095 eam:
1308 2054 1331 2080 *
1367 2054 1542 2094 narrate
1576 2052 1620 2092 in
1656 2051 1849 2094 turribus

1026 2123 1127 2163 ejus.

1077 2166 1232 2208 Ponite
1266 2165 1401 2207 corda
1434 2169 1581 2207 vestra
1612 2164 1657 2205 in
1687 2164 1849 2205 virtute

1027 2223 1131 2275 ejus:
1158 2223 1182 2250 *
1210 2221 1456 2264 distribuite
1485 2221 1639 2262 domos
1668 2220 1774 2272 ejus,
1802 2224 1850 2261 ut

1027 2278 1236 2321 enarretis
1256 2279 1299 2319 in
1318 2278 1527 2330 progenie
1547 2277 1695 2318 altera.

1079 2335 1295 2384 Quoniam
1329 2333 1400 2375 hic
1441 2338 1507 2375 est
1542 2333 1683 2383 Deus,
1728 2333 1849 2374 Deus

1026 2396 1176 2433 noster
1193 2391 1236 2431 in
1257 2392 1483 2440 aeternum,
1509 2394 1552 2431 et
1573 2390 1619 2430 in
1642 2389 1849 2431 saeculum

1027 2447 1190 2489 saeculi:
1208 2447 1232 2473 *
1250 2447 1344 2499 ipse
1368 2451 1490 2497 reget
1512 2458 1593 2487 nos
1616 2446 1659 2486 in
1678 2445 1849 2487 saecula.

1080 2503 1179 2543 Ant.
1217 2502 1356 2554 Aquae
1396 2502 1545 2543 multae
1578 2515 1666 2544 non
1698 2503 1849 2554 potue-

1027 2564 1128 2601 runt
1147 2561 1422 2610 exstinguere
1442 2559 1680 2600 caritatem.

1076 2612 1127 2663 V.
1167 2614 1405 2667 Adjuvebit
1440 2628 1536 2656 eam
1571 2616 1692 2656 Deus
1729 2613 1849 2654 vultu

1027 2685 1118 2713 suo.
1154 2673 1204 2724 R.
1233 2672 1354 2712 Deus
1382 2671 1424 2712 in
1452 2671 1598 2713 medio
1628 2672 1733 2722 ejus,
1760 2681 1847 2709 non

979 2778 982 2781 ἱ
1028 2727 1384 2770 commovebitur.
