2040 2944
748 187 953 223 Dominica
980 188 1029 222 ad
1054 188 1291 222 Matutinum.
1854 197 1876 232 9

159 289 245 330 ritu
272 293 424 330 sancto
452 289 561 329 vivis
587 294 630 330 et
657 301 814 339 regnas
842 289 885 329 in
913 291 991 330 sae-

160 345 257 386 cula
277 345 550 386 saeculorum.
578 346 639 397 Βι-
636 346 801 387 Amen.

213 395 264 448 V.
289 402 313 442 J
315 402 401 443 ube
421 401 581 443 domne
600 401 873 443 benedicere.

216 456 486 498 Benedictio
501 457 818 500 Benedictione
838 460 991 511 perpe-

158 519 235 555 tua
253 513 487 556 benedicat
504 527 587 555 nos
605 515 736 556 Pater
756 517 957 556 aeternus.

212 571 263 623 R.
291 572 445 612 Amen.

211 632 361 666 Deinde
385 633 565 675 leguntur
590 632 691 667 Lect.
717 643 801 666 cum
827 633 923 676 ΕΚ,
952 639 993 667 ut

160 679 199 713 in
215 679 380 724 Proprio
407 681 454 715 de
472 681 664 723 Tempore
690 681 948 723 assignantur.

384 736 470 776 Pro
491 736 529 775 ii.
548 737 768 777 Lectione.

210 798 373 840 Bened.
395 798 652 850 Unigenitus
666 799 750 841 Dei
760 800 895 841 Filius
911 813 992 841 nos

158 855 420 966 bessedffere
440 855 709 908 etadjuvare
729 856 942 907 dignetur.

244 934 261 953 ·.
332 925 443 954 men.

372 979 459 1018 Pro
480 978 534 1017 iii.
554 977 775 1017 Lectione.

210 1038 478 1079 Benedictio.
498 1039 686 1091 Spiritus
703 1040 842 1081 sancti
852 1040 993 1090 gratia

157 1095 376 1192 illumiffi
391 1108 545 1136 sensus
565 1100 609 1136 et
627 1096 764 1137 corda
782 1101 945 1137 nostra.

209 1155 259 1206 R».
379 1165 445 1193 en.

384 1241 434 1280 In
461 1242 512 1280 ΙΙ.
540 1242 765 1281 Nocturno.

206 1304 290 1345 Per
310 1305 496 1345 Annum.
525 1306 625 1346 Ant.
660 1307 886 1349 Bonorum
904 1322 991 1350 me-

157 1366 294 1406 orum.

431 1415 631 1455 Psalmus
653 1416 710 1455 10.

213 1474 459 1538 ssssqonserva
477 1485 548 1514 me
563 1473 763 1522 Domine,
785 1474 992 1525 quoniam

266 1540 269 1579 3
291 1529 467 1581 speravi
486 1530 530 1569 in
549 1534 604 1570 te.
623 1530 646 1554 *
666 1530 769 1570 Dixi
784 1530 991 1571 Domino.

164 1585 168 1598 “
248 1582 269 1607 V
291 1585 413 1626 Deus
445 1598 569 1627 meus
603 1599 650 1627 es
681 1591 749 1635 tu,
784 1587 991 1638 quoniam

156 1638 376 1682 bonorum
394 1644 594 1683 meorum
612 1655 701 1683 non
721 1655 834 1693 eges.

208 1697 395 1748 Sanctis,
421 1698 495 1750 qui
515 1702 615 1739 sunt
638 1699 681 1739 in
699 1703 817 1740 terra
837 1700 942 1750 ejuS,
967 1700 990 1724 *

156 1729 405 1795 mirificavit
429 1766 582 1820 omnes
601 1754 850 1796 voluntates
869 1768 990 1797 meas

156 1809 201 1850 in
221 1810 294 1851 eis.

208 1866 510 1919 Multiplicatae
561 1872 662 1908 sunt
714 1868 989 1909 infirmitates

157 1924 325 1964 eorum:
344 1924 368 1949 *
387 1925 544 1976 postea
563 1924 929 1966 acceleraverunt.

207 1979 310 2021 Non
356 1979 636 2031 congregabo
686 1980 989 2022 conventicula

157 2038 310 2078 eorum
335 2036 390 2078 de
420 2036 719 2088 sanguinibus,
743 2038 767 2063 *
792 2050 873 2078 nec
902 2051 988 2079 me-

155 2106 254 2134 mor
286 2106 362 2135 ero
391 2094 617 2134 nominum
641 2096 794 2135 eorum
822 2107 902 2146 per
930 2093 988 2135 la-

155 2148 229 2191 bia
247 2163 356 2191 mea.

208 2206 424 2247 Dominus
447 2219 551 2259 pars
575 2205 847 2247 haereditatis
865 2219 988 2255 meae,

156 2267 200 2304 et
219 2262 367 2304 calicis
386 2263 486 2304 mei:
505 2263 528 2288 *
547 2267 595 2303 tu
616 2276 673 2312 es,
694 2263 767 2315 qui
783 2265 988 2304 restitues

155 2318 461 2361 haereditatem
480 2331 624 2360 meam
642 2319 758 2359 mihi.

207 2376 353 2417 Funes
368 2374 620 2416 ceciderunt
634 2375 739 2416 mihi
753 2375 796 2416 in
806 2375 987 2428 praecla-

155 2432 230 2472 ris:
253 2432 278 2457 *
304 2432 464 2473 etenim
494 2431 730 2473 haereditas
754 2444 853 2472 mea
876 2444 986 2483 prae-

157 2488 275 2529 clara
295 2493 362 2529 est
380 2488 496 2529 mihi.

207 2544 475 2586 Benedicam
509 2544 767 2592 Dominum,
806 2543 880 2595 qui
915 2545 987 2584 tri-

154 2600 249 2642 buit
267 2601 374 2642 mihi
395 2601 680 2642 intellectum:
699 2600 722 2625 *
741 2602 920 2652 insuper
945 2604 988 2640 et

155 2669 295 2709 usque
315 2656 372 2698 ad
389 2662 566 2698 noctem
588 2657 899 2708 increpuerunt
911 2663 987 2696 'me

155 2724 282 2754 renes
301 2713 398 2754 mei.

309 2852 374 2878 Pars
389 2853 560 2878 Autumnalis.

1096 289 1390 331 Providebam
1423 291 1661 332 Dominum
1697 292 1740 332 in
1777 305 1875 333 con-

1045 347 1199 398 spectu
1226 359 1325 387 meo
1354 360 1542 400 semper:
1567 348 1590 373 *
1617 348 1823 400 quoniam
1851 361 1876 389 a

1046 401 1212 443 dextris
1233 408 1299 444 est
1318 403 1434 453 mihi,
1453 416 1507 445 ne
1527 406 1819 445 eommovear.

1096 459 1286 511 Propter
1326 459 1411 501 hoc
1451 460 1649 501 laetatum
1691 466 1758 502 est
1799 474 1876 502 cor

1044 527 1207 564 meum,
1246 520 1289 556 et
1322 516 1555 557 exsultavit
1586 517 1733 567 lingua
1763 530 1876 558 mea:

1044 571 1068 596 *
1096 573 1275 623 insuper
1303 577 1347 613 et
1375 585 1477 613 caro
1506 586 1602 614 mea
1631 574 1877 625 requiescet

1044 641 1088 667 1n
1108 640 1197 680 spe.

1098 684 1314 734 Quoniam
1350 697 1438 726 non
1476 685 1752 738 derelinques
1790 687 1875 727 ani-

1045 753 1162 780 mam
1190 754 1333 782 meam
1361 741 1405 781 in
1432 741 1616 782 inferno:
1643 743 1666 767 *
1693 756 1774 784 nec
1803 743 1875 784 da-

1045 796 1113 838 bis
1151 802 1350 838 sanctum
1387 802 1510 838 tuum
1546 798 1695 840 videre
1729 812 1874 840 corru-

1045 854 1253 905 ptionem.

1097 910 1238 951 Notas
1262 910 1367 950 mihi
1390 910 1531 952 fecisti
1551 911 1642 952 vias
1662 912 1779 961 vitae,
1803 912 1875 953 ad—

1045 965 1248 1018 implebis
1267 979 1338 1007 me
1357 967 1509 1008 laetitia
1529 980 1628 1008 cum
1642 968 1766 1009 vultu
1784 974 1876 1009 tuo:

1045 1023 1068 1048 *
1095 1022 1411 1064 delectationes
1435 1024 1478 1064 in
1504 1023 1685 1065 dextera
1709 1029 1783 1065 tua
1808 1038 1874 1066 us-

1047 1092 1132 1131 que
1151 1080 1195 1120 in
1214 1079 1357 1121 finem.

1096 1135 1179 1175 Per
1191 1136 1376 1176 Annum.
1396 1137 1496 1176 Ant.
1517 1137 1743 1177 Bonorum
1758 1139 1874 1179 meo-

1045 1204 1142 1232 rum
1157 1205 1245 1233 non
1261 1192 1441 1243 indiges,
1456 1193 1500 1233 in
1515 1197 1558 1234 te
1575 1194 1759 1245 speravi,
1775 1207 1874 1234 con-

1045 1250 1173 1290 serva
1191 1261 1262 1290 me
1280 1249 1480 1290 Domine.

1099 1307 1197 1346 Ant.
1227 1306 1414 1358 Propter
1434 1305 1580 1347 verba.

1322 1362 1521 1403 Psalmus
1543 1364 1599 1402 115.

1043 1413 1121 1518 Ε
1134 1416 1267 1457 xaudi
1286 1417 1474 1458 Domine
1494 1419 1699 1469 justitiam
1718 1432 1875 1460 meam:

1133 1473 1156 1498 *
1167 1473 1344 1514 intende
1355 1473 1711 1525 deprecationem
1721 1488 1874 1516 meam.

1096 1529 1290 1570 Auribus
1315 1530 1494 1582 percipe
1519 1528 1763 1568 orationem
1788 1540 1874 1568 me-

1044 1598 1125 1635 am,
1144 1587 1167 1611 *
1187 1598 1275 1627 non
1294 1587 1338 1626 in
1356 1585 1483 1627 labiis
1503 1584 1681 1625 dolosis.

1095 1642 1163 1683 De
1200 1642 1325 1683 vultu
1364 1647 1440 1683 tuo
1481 1640 1689 1693 judicium
1729 1652 1874 1680 meum

1043 1698 1246 1750 prodeat:
1270 1699 1292 1723 *
1317 1698 1432 1739 oculi
1455 1698 1518 1738 tui
1541 1695 1719 1737 videant
1742 1695 1873 1746 aequi-

1043 1756 1169 1795 tates.

1094 1810 1299 1852 Probasti
1325 1822 1401 1851 cor
1426 1822 1591 1858 meum,
1621 1813 1664 1849 et
1688 1807 1874 1849 visitasti

1042 1872 1186 1908 nocte:
1200 1867 1223 1892 *
1239 1867 1338 1917 igne
1353 1879 1422 1907 me
1439 1864 1708 1913 examinasti,
1729 1868 1772 1904 et
1786 1875 1873 1904 non

1043 1928 1111 1964 est
1129 1924 1305 1964 inventa
1323 1923 1367 1963 in
1386 1935 1456 1963 me
1475 1921 1692 1973 iniquitas.

1094 1980 1154 2022 Ut
1171 1992 1259 2020 non
1277 1979 1485 2031 loquatur
1505 1990 1554 2018 os
1573 1989 1718 2017 meum
1738 1978 1872 2028 opera

1041 2036 1281 2077 hominum:
1308 2036 1332 2060 *
1360 2039 1544 2088 propter
1576 2032 1711 2074 verba
1738 2031 1871 2073 labio—

1041 2106 1138 2134 rum
1179 2094 1356 2134 tuorum
1399 2103 1480 2141 ego
1524 2088 1742 2131 custodivi
1779 2088 1871 2128 vias

1043 2149 1187 2191 duras.

1092 2205 1261 2246 Perfice
1288 2217 1466 2255 gressus
1490 2214 1613 2243 meos
1636 2201 1681 2241 in
1705 2200 1870 2241 semitis

1039 2262 1140 2303 tuis:
1164 2262 1188 2287 *
1212 2266 1261 2302 ut
1283 2273 1371 2302 non
1401 2260 1659 2300 moveantur
1686 2256 1870 2307 vestigia

1038 2331 1148 2359 mea.

1090 2375 1186 2424 Ego
1207 2372 1404 2420 clamavi,
1426 2371 1632 2423 quoniam
1652 2368 1868 2411 exaudisti

1038 2442 1108 2471 me
1140 2430 1280 2470 Deus:
1311 2429 1335 2453 *
1366 2427 1527 2469 inclina
1566 2438 1716 2467 aurem
1747 2430 1866 2466 tuam

992 2510 998 2515 ν
1038 2485 1154 2534 mihi,
1175 2490 1218 2526 et
1238 2482 1397 2526 exaudi
1415 2482 1552 2524 Verba
1569 2494 1677 2523 mea.

1089 2541 1272 2583 Mirifica
1292 2538 1616 2581 misericordias
1630 2543 1739 2586 tuas,
1753 2537 1776 2562 *
1793 2535 1866 2587 qui
1911 2538 1915 2543 ’

1039 2598 1185 2639 salvos
1204 2597 1312 2638 facis
1331 2597 1559 2648 sperantes
1577 2595 1621 2634 in
1639 2598 1695 2634 te.

1090 2654 1131 2695 A
1149 2651 1454 2694 resistentibus
1474 2650 1668 2692 dexterae
1687 2653 1774 2689 tuae
1794 2659 1864 2687 cu-

1038 2709 1156 2751 stodi
1173 2721 1255 2758 me,
1273 2709 1297 2734 *
1317 2713 1365 2749 ut
1382 2706 1594 2760 pupillam
1614 2703 1739 2746 oculi.

1635 2836 1656 2867 2
