2040 2944
592 206 694 240 Infra
719 206 903 240 Octavam
927 206 1193 241 Dedicationis
1219 206 1412 240 Ecclesiae.

155 296 308 350 inquit,
335 310 497 339 novum
525 298 582 340 do
611 299 747 342 vobis.
791 300 976 342 Veteres

157 354 269 395 enim
289 355 435 404 eratis,
464 354 642 397 domum
660 356 765 397 mihi
782 356 977 398 nondum

155 410 396 461 faciebatis,
424 412 468 452 in
493 417 638 454 vestra
663 415 787 454 ruina
811 412 976 465 jaceba-

75 465 77 468 ’
155 466 222 508 tis.
273 467 391 518 Ergo
427 473 475 509 ut
511 469 721 510 eruamini
757 482 783 510 a
818 474 976 510 vestrae

155 525 290 564 ruinae
301 526 528 575 vetustate,
538 537 618 566 vos
627 526 811 567 invicem
823 527 977 566 amate.

207 584 257 636 Rz.
275 580 312 621 O
334 593 463 633 quam
481 581 749 624 metuendus.
767 581 864 634 [118]

454 650 604 691 Lectio
623 650 677 690 vi.

230 703 451 745 onsideret
486 717 590 755 ergo
627 704 784 746 caritas
820 709 977 755 vestra,

247 759 455 801 aedificari
478 759 621 802 adhuc
644 760 772 801 istam
799 760 977 802 domum

155 820 268 865 toto,
297 816 408 857 sicut
435 816 694 869 praedictum
719 822 785 858 est
810 822 853 859 et
877 831 975 870 pro-

154 876 345 923 missum,
365 872 472 914 orbe
489 875 714 914 terrarum.
739 874 847 915 Cum
863 875 976 916 enim

155 929 397 971 aedificatur
429 928 584 971 domus
614 934 717 981 post
753 930 975 983 captivita-

153 991 252 1036 tem,
273 986 385 1027 sicut
403 985 535 1027 habet
555 985 663 1027 alius
681 986 891 1036 Psalmus,
916 986 975 1028 di-

155 1043 280 1085 citur:
316 1042 497 1084 Cantate
533 1042 723 1084 Domino
760 1043 976 1085 canticum

153 1112 329 1141 novum:
383 1101 554 1140 cantate
598 1099 789 1142 Demino
836 1100 976 1141 omnis

153 1161 280 1198 terra.
334 1155 463 1206 Quod
494 1156 554 1198 ibi
586 1156 710 1206 dixit,
751 1156 976 1198 Canticum

153 1225 329 1263 novum3
362 1212 446 1253 hoc
468 1213 683 1254 Dominus
706 1212 829 1263 dixit,
858 1213 975 1254 Man-

154 1268 304 1311 datum
334 1281 506 1310 novum.
553 1269 666 1320 Quid
698 1270 813 1311 enim
844 1269 977 1311 habet

154 1325 372 1367 canticum
389 1338 567 1376 novum,
587 1326 670 1367 nisi
689 1327 883 1367 amorem
901 1338 976 1367 no—

153 1380 276 1423 vum?
320 1381 507 1424 Cantare
538 1382 725 1424 amantis
757 1387 833 1424 est.
873 1383 977 1424 Vox

152 1437 277 1490 hujus
309 1438 516 1489 cantoris,
559 1438 705 1480 fervor
741 1443 807 1480 est
837 1439 976 1480 sancti

154 1495 324 1535 amoris.
357 1494 583 1545 Amemus,
607 1495 742 1546 gratis
766 1497 975 1536 amemus:

153 1551 389 1593 Deminum
408 1551 522 1592 enim
541 1554 746 1602 amamus,
768 1564 854 1604 quo
870 1552 975 1593 nihil

153 1607 307 1649 melius
330 1608 586 1650 invenimus:
613 1608 756 1661 ipsum
782 1606 975 1650 amemus

151 1668 332 1717 propter
357 1663 516 1716 ipsum,
546 1669 589 1706 et
607 1677 688 1706 nos
712 1665 756 1706 in
772 1665 886 1718 ipso,
913 1670 974 1707 ta-

152 1733 253 1762 men
271 1724 454 1773 propter
472 1721 627 1774 ipsum.

203 1777 255 1828 Rz.
281 1777 409 1818 Mane
429 1790 620 1829 surgens.
647 1777 743 1830 [118]

361 1856 411 1895 In
438 1855 508 1895 111.
536 1856 757 1897 Nocturno.

154 1916 308 1958 Lectio
332 1917 471 1958 sancti
488 1916 712 1968 Evangelii
736 1918 975 1959 secundum

476 1973 651 2014 Lucam.

254 2032 403 2074 Lectio
425 2033 492 2074 vii.
694 2033 796 2087 Cap.
811 2036 869 2075 19.

153 2085 228 2192 In
251 2089 325 2131 illo
355 2092 567 2143 tempore:
596 2090 825 2142 Ingressus
848 2092 873 2132 J
876 2105 974 2133 esus

218 2145 551 2199 perambulabat
573 2147 597 2188 J
600 2147 756 2189 ericho.
791 2148 848 2190 Et
873 2161 974 2190 ecce

154 2203 219 2244 vir
242 2203 417 2244 nemine
441 2202 667 2244 Zachaeus:
700 2209 743 2246 et
766 2204 836 2246 hic
860 2206 974 2258 prin-

155 2271 258 2312 ceps
273 2264 366 2301 erat
379 2259 720 2312 publicanorum,
740 2265 783 2303 et
801 2261 895 2314 ipse
915 2261 974 2303 di-

154 2328 238 2357 ves.
269 2315 326 2357 Et
344 2315 521 2368 reliqua.

217 2382 285 2424 De
312 2385 503 2426 Homilia
530 2386 668 2427 sancti
693 2386 916 2428 Ambrosii

455 2442 675 2494 Episcopi.

225 2497 284 2532 Ex
307 2498 370 2534 lib.
395 2500 428 2535 8.
453 2500 493 2534 in
516 2500 616 2544 Luc.‚
639 2511 760 2545 prope
784 2501 906 2535 finem.

367 2559 513 2596 autem
531 2556 674 2606 turba,
699 2557 780 2598 nisi
803 2558 974 2609 imperi-

160 2659 162 2667 .
186 2602 242 2661 Cir*
269 2656 277 2664 .
293 2615 351 2651 tae
362 2611 558 2654 confusio
569 2613 865 2663 multitudinis,
878 2627 975 2666 quae

198 2666 239 2688 ἶ*
294 2667 501 2709 verticem
540 2670 691 2721 nequit
726 2669 876 2711 videre
912 2683 975 2711 sa-

155 2721 351 2774 pientiae?
383 2723 501 2775 Ergo
528 2725 740 2767 Zachaeus
770 2725 992 2786 quamdiu¹

1027 298 1071 338 in
1095 297 1223 339 turba
1251 302 1332 353 est,
1359 311 1447 340 non
1471 298 1591 341 videt
1617 298 1851 341 Christum:

1029 367 1162 407 supra
1192 354 1365 396 turbam
1402 355 1613 406 ascendit,
1655 360 1698 397 et
1729 355 1852 398 vidit:

1028 410 1113 452 hoc
1145 415 1227 461 est,
1267 411 1408 463 plebis
1439 412 1523 463 jam
1554 413 1851 463 transgressus

1027 467 1259 517 inscitiam,
1291 468 1448 509 meruit
1477 481 1605 520 quem
1634 468 1851 510 desidera-

1027 524 1118 574 bat,
1146 526 1352 576 aspicere.
1391 524 1578 567 Pulchre
1605 530 1751 567 autem
1779 525 1851 567 ad-

1032 580 1156 622 didit:
1176 580 1287 630 Quia
1305 580 1378 621 illa
1396 586 1521 633 parte
1541 587 1633 623 erat
1651 582 1851 623 transitu-

1028 650 1102 678 rus
1128 637 1357 678 Deminus:
1386 637 1455 679 vel
1483 637 1557 679 ubi
1585 640 1851 690 sycomorus,

1029 693 1098 735 vel
1114 693 1188 735 ubi
1203 692 1462 735 crediturus:
1480 699 1528 735 ut
1542 699 1585 736 et
1599 695 1852 747 mysterium

1029 752 1234 799 servaret,
1254 755 1297 791 et
1311 751 1495 802 gratiam
1510 751 1753 793 seminaret.
1781 752 1852 793 Sic

1029 807 1142 848 enim
1158 808 1346 856 venerat,
1366 812 1414 848 ut
1427 820 1506 859 per
1521 808 1545 848 J
1547 807 1698 849 udaeos
1715 812 1850 849 trans-

1028 865 1111 905 iret
1130 863 1186 904 ad
1206 863 1380 904 Gentes.

1078 921 1128 973 Ru
1159 920 1329 961 Domus
1348 933 1456 961 mea.
1482 920 1590 972 [120]

1311 978 1462 1019 Lectio
1483 978 1565 1018 viii.

1025 1030 1199 1137 Vidit
1228 1039 1375 1089 itaque
1404 1036 1638 1078 Zachaeum
1670 1051 1852 1079 sursum.

1135 1093 1160 1133 J
1163 1106 1232 1134 am
1278 1094 1392 1135 enim
1437 1093 1704 1135 sublimitate
1748 1094 1853 1136 fidei

1029 1150 1139 1192 inter
1183 1150 1348 1191 fructus
1392 1153 1607 1192 novorum
1652 1153 1851 1203 eperum,

1028 1206 1147 1248 velut
1176 1206 1394 1248 foemindae
1422 1206 1650 1249 altitudine
1682 1207 1851 1248 arboris

1031 1262 1256 1304 eminebat.
1292 1263 1348 1304 Et
1367 1263 1573 1315 queniam
1593 1263 1647 1305 de
1667 1268 1775 1316 typo
1795 1264 1851 1306 ad

1027 1319 1210 1361 moralia
1230 1319 1502 1369 defleximus,
1532 1320 1643 1361 inter
1672 1325 1739 1362 tot
1762 1334 1851 1362 cre-

1029 1375 1222 1417 dentium
1249 1376 1498 1429 ‚voluptates
1522 1377 1754 1418 Dominica
1782 1377 1852 1419 die

1027 1432 1224 1474 relaxare
1245 1433 1448 1482 animum,
1474 1432 1754 1474 festivitatem
1779 1433 1851 1474 ad-

1026 1489 1210 1531 miscere
1237 1489 1438 1531 delectat.
1474 1489 1688 1530 Zachaeus
1715 1490 1758 1530 in
1786 1503 1851 1541 sy-

1027 1548 1219 1596 00111010,
1232 1558 1396 1587 novum
1411 1545 1615 1587 videlicet
1629 1546 1732 1587 novi
1746 1548 1850 1587 tem-

1026 1602 1147 1654 poris
1174 1615 1373 1654 pomum,
1405 1606 1453 1643 ut
1484 1602 1527 1642 in
1559 1602 1643 1643 hoc
1677 1615 1851 1654 quoque

1027 1658 1321 1711 compleretur
1340 1657 1461 1699 illud:
1489 1658 1636 1700 Arbor
1659 1659 1730 1700 fici
1753 1672 1850 1711 pro-

1027 1714 1151 1756 duxit
1169 1727 1348 1765 grossos
1369 1727 1482 1755 suos.

1077 1772 1127 1823 R.
1157 1770 1348 1823 Lapides
1367 1771 1559 1823 pretiosi.
1585 1771 1680 1823 [121]

1325 1832 1476 1874 Lectio
1495 1833 1548 1872 ix.

1098 1888 1127 1930 d
1144 1888 1229 1929 hoc
1248 1888 1363 1929 enirn
1380 1887 1580 1929 Christus
1599 1886 1785 1937 advenit,
1803 1892 1851 1928 ut

1131 1957 1184 1986 ex
1203 1944 1330 1995 lignis
1348 1956 1436 1985 non
1455 1956 1598 1996 poma,
1619 1943 1698 1985 sed
1715 1943 1849 1985 hemi-

1026 2014 1103 2043 nes
1138 2002 1430 2042 nascerentur.
1483 1999 1688 2051 Legimus
1731 1999 1851 2041 alibi:

1028 2059 1137 2099 Cum
1158 2070 1277 2099 esses
1297 2056 1378 2098 sub
1402 2056 1559 2098 arbore
1577 2056 1663 2106 fici,
1688 2055 1778 2098 vidi
1795 2060 1850 2098 te.

1027 2115 1144 2165 Ergo
1171 2113 1416 2155 Nathanael
1444 2112 1524 2154 sub
1554 2112 1730 2162 arbore,
1766 2111 1850 2154 hoc

1028 2175 1105 2221 est,
1143 2183 1275 2223 supra
1310 2168 1521 2218 radicem,
1568 2169 1667 2220 quia
1700 2169 1848 2220 justus.

1026 2227 1171 2268 Radix
1191 2227 1304 2268 enim
1323 2230 1483 2267 sancta.
1510 2225 1598 2267 Sub
1618 2224 1775 2267 arbore
1788 2229 1848 2266 ta-

1026 2296 1126 2325 men
1143 2281 1398 2331 Nathanael,
1419 2282 1519 2333 quia
1539 2281 1619 2322 sub
1638 2281 1749 2333 lege:
1769 2282 1848 2322 Za-

1027 2340 1173 2381 chaeus
1198 2351 1331 2391 supra
1355 2337 1571 2387 arborem,
1598 2337 1699 2389 quia
1718 2350 1850 2389 supra

1026 2396 1178 2447 1030111.
1207 2394 1286 2436 Ille
1301 2394 1478 2434 Domini
1493 2393 1691 2435 occultus
1706 2392 1849 2435 defen-

1027 2465 1115 2501 sor,
1140 2451 1210 2492 hie
1233 2449 1434 2502 publicus
1453 2449 1729 2502 praedicator.
1770 2449 1850 2490 Ille

1027 2507 1169 2549 adhuc
1186 2506 1404 2548 Christum
1423 2518 1477 2547 ex
1494 2505 1591 2557 lege
1613 2506 1850 2558 quaerebat:

1026 2565 1108 2606 iste
1136 2565 1220 2615 jam
1248 2575 1381 2615 supra
1407 2562 1549 2613 legem
1578 2561 1851 2614 relinquebat

1029 2634 1115 2669 sua,
1136 2625 1179 2661 et
1196 2619 1433 2659 Dominum
1452 2618 1727 2670 sequebatur.

1083 2673 1146 2717 Te
1164 2676 1307 2716 Deum
1326 2674 1566 2716 laudamus.
1585 2675 1644 2715 14.

1288 2759 1292 2760 ⁷
1387 2746 1514 2775 W*
