2040 2944
824 186 1034 217 Commune
1061 184 1264 217 Abbatum.

358 291 466 331 Pro
495 289 843 331 Abbatibus.

410 364 457 401 In
478 364 548 402 ΙΙΙ.
569 364 795 404 Nocturna

189 425 340 467 Lectio
365 425 505 466 sancti
524 424 752 474 Evangelii
777 425 1018 467 secundum

469 480 739 522 Matthaeum.

292 542 439 582 Lectio
465 543 528 581 vii.
672 546 774 595 (lap.
798 545 854 583 19.
875 543 913 582 d.

231 621 259 648 n
287 607 363 649 illo
389 608 606 660 tempore:
633 608 756 649 Dixit
778 608 936 649 Petrus
961 606 1019 648 ad

264 664 432 706 Jesum:
475 664 592 706 Ecce
633 677 715 706 nos
757 664 1016 716 reliquimus

184 721 349 770 omnia,
383 725 427 762 et
459 721 599 762 secuti
631 734 781 762 sumus
814 725 878 761 te:
911 719 1018 772 quid

185 790 291 828 ergo
313 777 396 819 erit
412 776 564 818 nobis?
605 777 662 818 Et
681 777 860 829 reliqua.

189 851 378 892 llomih'a
403 851 443 892 S.
468 851 729 903 Hieronymi
752 850 1018 903 Presbyteri.

331 912 409 944 Lib.
436 914 464 944 Σὲ,
492 912 527 944 iu
557 912 685 945 Mutth.
713 923 794 954 cap.
826 913 874 945 15⁷».

189 970 206 1009 ξ’
223 963 469 1005 Ὕῐειῃᾶίε
493 963 670 1005 fiducia:
694 963 853 1004 Petrus
878 963 1018 1016 pisca-

219 1011 313 1077 (ξω
337 1025 409 1061 tor
442 1025 552 1070 erat,
586 1019 711 1062 dives
743 1032 833 1061 non
864 1020 1017 1069 fuerat,

338 1076 464 1118 cibos
491 1090 624 1118 manu
655 1082 699 1118 et
727 1081 822 1118 arte
853 1078 1017 1128 quaere-

182 1133 272 1174 bat:
293 1138 336 1175 et
354 1138 502 1175 tamen
520 1133 716 1185 loquitur
731 1133 1018 1182 confidenter,

183 1189 460 1242 Reliquimus
498 1190 655 1231 omnia.
700 1189 758 1230 Et
794 1189 896 1242 quia
929 1202 1019 1230 non

185 1246 347 1287 sufficit
378 1251 550 1287 tantum
584 1246 851 1298 relinquere,
881 1246 1018 1297 jungit

185 1302 306 1354 quod
324 1303 571 1355 perfectum
590 1307 670 1344 est:
702 1302 758 1343 Et
784 1302 925 1343 secuti
949 1316 1017 1343 su-

183 1372 280 1400 mus
322 1364 378 1400 te.
430 1359 633 1400 Fecimus
676 1358 798 1411 quod
840 1359 1018 1410 jussisti:

185 1415 292 1467 quid
329 1416 461 1466 igitur
499 1415 628 1457 nobis
661 1414 788 1456 dabis
823 1415 1017 1468 praemii?

183 1472 207 1512 J
213 1484 314 1513 esus
334 1477 481 1513 autem
500 1471 610 1513 dixit
628 1471 730 1512 illis:
753 1471 897 1512 Amen
916 1471 1017 1513 dico

183 1528 328 1570 vobis:
366 1528 487 1581 quod
519 1540 599 1570 vos
631 1528 706 1580 qui
738 1527 880 1569 secuti
913 1528 1018 1569 estis

183 1597 270 1634 me,
295 1585 339 1625 in
358 1585 708 1636 regeneratione,
733 1597 834 1626 cum
853 1583 1018 1626 sederit

183 1641 320 1682 Filius
348 1641 539 1682 hominis
568 1641 613 1681 in
641 1640 747 1682 sede
774 1641 1017 1691 majestatis

184 1710 291 1746 suae,
319 1697 530 1739 sedebitis
556 1702 600 1739 et
623 1710 704 1739 vos
729 1710 862 1750 super
887 1696 1016 1738 sedes

183 1753 429 1804 duodecim,
444 1753 691 1806 judicantes
704 1753 940 1795 duodecim
951 1753 1017 1795 tri-

182 1810 265 1852 bus
284 1811 432 1851 Israel.
466 1810 569 1852 Non
589 1810 713 1860 dixit,
738 1810 823 1861 Qui
842 1810 1016 1862 reliqui-

184 1867 264 1908 stis
285 1867 445 1908 omnia:
469 1866 556 1908 hoc
581 1867 696 1908 enim
721 1871 764 1908 et
785 1867 938 1909 Crates
958 1866 1016 1908 fe-

184 1923 242 1964 cit
262 1923 572 1976 philosophus,
599 1928 643 1965 et
665 1923 790 1965 multi
812 1922 886 1964 alii
910 1922 1016 1965 divi—

182 1980 265 2020 tias
295 1981 674 2032 contempserunt:
712 1979 809 2030 sed,
838 1979 924 2030 Qui
952 1992 1016 2021 se-

184 2036 273 2078 cuti
302 2036 408 2078 estis
434 2049 519 2078 me:
549 2035 669 2088 quod
692 2036 874 2089 proprie
897 2036 1015 2088 Apo-

183 2092 400 2134 stolorum
420 2098 487 2134 est
506 2097 640 2145 atque
660 2092 944 2134 credentium.

238 2150 287 2200 Rg.
318 2149 410 2191 Iste
437 2154 506 2191 est
533 2149 608 2201 qui
634 2154 735 2190 ante
758 2149 904 2190 Deum
929 2161 1015 2190 ma-

182 2218 290 2256 gnas
317 2206 503 2247 virtutes
533 2207 744 2258 operatus
773 2210 856 2255 est,
891 2210 934 2247 et
961 2204 1016 2246 de

184 2262 303 2302 omni
315 2261 448 2304 corde
463 2275 543 2304 suo
557 2261 753 2304 laudavit
763 2262 1017 2303 Dominum:

187 2317 208 2338 *
237 2318 340 2370 Ipse
368 2318 612 2360 intercedat
637 2331 721 2371 pro
747 2318 944 2371 peccatis
973 2319 1017 2359 o-

183 2374 347 2415 mnium
365 2375 643 2428 populorum.
674 2369 721 2420 NV.
747 2375 864 2416 Ecce
883 2374 1016 2416 homo

183 2430 277 2471 sine
298 2431 485 2482 querela.
501 2444 630 2473 verus
645 2431 730 2472 Dei
747 2431 902 2481 cultor,
918 2430 1014 2472 abs·

183 2486 327 2527 tinens
360 2499 407 2528 se
439 2487 495 2528 ab
523 2488 641 2528 omni
663 2490 797 2540 opere
823 2487 952 2536 malo,
973 2492 1016 2528 et

184 2544 448 2594 permanens
462 2543 508 2584 in
522 2543 774 2585 innocentia
787 2556 878 2585 sua.
901 2544 1016 2596 Ipse.

473 2596 624 2637 Lectio
649 2598 730 2638 viii.

187 2646 264 2751 In
284 2659 631 2711 regeneratione,
651 2673 751 2701 cum
769 2659 935 2702 sederit
949 2659 1016 2699 Fi-

244 2717 330 2758 lius
357 2715 547 2758 heminis
573 2716 618 2756 in
643 2715 749 2757 sede
773 2715 1016 2768 majestatis

1072 299 1164 328 suae
1192 286 1385 338 (quando
1415 290 1459 328 et
1486 287 1649 328 mortui
1675 286 1732 328 de
1759 299 1906 328 corru-

1070 343 1224 396 ptione
1243 346 1475 395 resurgent
1490 342 1763 396 incorrupti),
1782 341 1906 384 sede-

1071 399 1174 441 bitis
1203 405 1247 442 et
1274 412 1355 441 vos
1387 400 1431 440 in
1460 399 1582 441 soliis
1610 398 1907 451 judicantium,

1072 456 1419 498 condemnantes
1439 455 1675 497 duodecim
1688 455 1832 497 tribus
1845 455 1907 496 Is-

1071 513 1177 554 rael:
1217 513 1318 565 quia
1351 512 1477 554 vobis
1513 511 1814 562 credentibus,
1845 511 1907 552 illi

1071 569 1252 611 credere
1279 569 1528 611 noluerunt.
1571 569 1629 610 Et
1659 568 1800 610 omnis
1833 568 1908 620 qui

1071 625 1297 678 reliquerit
1317 625 1513 675 domum,
1541 624 1612 666 vel
1630 624 1805 674 fratres,
1833 628 1909 665 aut

1071 685 1265 732 sorores,
1295 687 1370 724 aut
1395 687 1584 735 patrem,
1612 686 1688 723 aut
1710 685 1907 730 matrem,

1071 743 1146 780 aut
1173 741 1373 789 uxorem,
1400 743 1476 780 aut
1501 738 1634 790 filios,
1671 742 1747 779 aut
1776 749 1907 788 agros

1070 800 1255 848 propter
1279 808 1440 837 nomen
1462 808 1623 845 meum3
1652 793 1907 847 centuplum

1070 853 1274 905 accipiet,
1303 856 1348 894 et
1370 852 1506 893 vitam
1531 853 1743 892 aeternam
1767 849 1906 903 possi-

1071 907 1201 950 debit.
1236 908 1384 950 Locus
1406 908 1490 950 iste
1515 920 1615 949 cum
1637 906 1712 948 illa
1736 908 1906 948 senten·
1963 954 1965 957 Α

1070 965 1131 1006 tia
1151 963 1365 1016 congruit,
1381 965 1426 1005 in
1446 977 1533 1016 qua
1546 963 1749 1006 Salvator
1767 962 1906 1014 loqui-

1070 1026 1156 1062 tur:
1183 1021 1286 1063 Non
1312 1021 1413 1063 veni
1432 1033 1590 1074 pacem
1607 1021 1797 1070 mittere,
1827 1018 1907 1060 sed

1071 1077 1277 1129 gladium.
1313 1077 1430 1119 Veni
1453 1077 1568 1119 enim
1596 1078 1805 1129 separare
1830 1075 1906 1117 ho-

1070 1135 1232 1176 minem
1261 1147 1287 1175 a
1314 1139 1442 1187 patre
1469 1146 1567 1184 suo,
1599 1138 1643 1175 et
1669 1137 1856 1174 matrem
1881 1145 1908 1173 a

1071 1190 1177 1241 filia,
1206 1195 1250 1232 et
1273 1204 1431 1232 nurum
1456 1203 1482 1232 a
1505 1203 1653 1232 socru:
1678 1194 1722 1231 et
1744 1188 1908 1230 inimici

1071 1246 1259 1288 hominis
1290 1247 1523 1289 domestici
1551 1247 1654 1299 ejus.
1691 1245 1776 1296 Qui
1800 1257 1906 1296 ergo

1070 1309 1255 1356 propter
1273 1303 1408 1345 fidem
1429 1303 1606 1354 Christi,
1632 1307 1675 1344 et
1693 1301 1906 1355 praedica-

1070 1360 1236 1402 tionem
1262 1359 1505 1411 Evangelii,
1540 1372 1694 1401 omnes
1723 1358 1907 1400 affectus

1071 1417 1436 1469 contempserint,
1477 1420 1611 1468 atque
1649 1415 1824 1457 divitias
1863 1418 1907 1456 et

1070 1473 1221 1514 saeculi
1248 1472 1515 1525 voluptates:
1546 1472 1619 1514 isti
1651 1471 1906 1524 centuplum

1069 1529 1295 1582 recipient,
1319 1534 1364 1571 et
1379 1529 1515 1571 vitam
1539 1530 1752 1570 aeternam
1765 1527 1906 1581 possi-

1071 1585 1248 1627 debunt.

1129 1642 1176 1692 Rg.
1205 1642 1299 1684 Sint
1331 1641 1469 1684 lumbi
1497 1641 1635 1683 vestri
1665 1641 1905 1694 praecincti,

1072 1703 1115 1740 et
1152 1698 1344 1740 lucernae
1382 1698 1588 1740 ardentes
1626 1698 1670 1738 in
1703 1697 1906 1740 manibus

1070 1756 1245 1797 vestris:
1275 1755 1296 1777 *
1324 1755 1382 1797 Et
1409 1767 1490 1796 vos
1524 1754 1689 1796 similes
1721 1753 1905 1796 homini-

1070 1811 1153 1853 bus
1186 1811 1546 1864 exspectantibus
1579 1810 1806 1852 dominum
1837 1823 1905 1852 su-

1070 1881 1160 1918 um,
1194 1867 1372 1921 quando
1402 1870 1650 1910 revertatur
1677 1880 1703 1908 a
1729 1867 1905 1920 nuptiis.

1075 1920 1123 1971 Y.
1145 1924 1338 1975 Vigilate
1359 1937 1476 1976 ergo,
1501 1924 1603 1977 quia
1620 1923 1800 1966 nescitis
1819 1935 1905 1975 qua

1069 1980 1180 2022 hora
1197 1981 1416 2022 Dominus
1436 1985 1584 2022 vester
1603 1983 1816 2022 venturus
1837 1979 1906 2023 sit.

1069 2038 1128 2079 Et
1147 2051 1239 2079 vos.
1267 2036 1420 2079 Gloria
1437 2037 1569 2079 Patri.
1596 2037 1654 2078 Et
1670 2049 1763 2078 vos.

1378 2092 1528 2132 Lectio
1550 2092 1602 2132 ix.

1154 2164 1183 2191 x
1194 2150 1429 2192 occasione
1439 2150 1565 2202 hujus
1574 2148 1802 2191 sententiae
1815 2148 1905 2200 qui-

1162 2207 1265 2248 dam
1296 2206 1583 2248 introducunt
1615 2205 1736 2247 mille
1766 2217 1904 2246 annos

1070 2268 1173 2316 post
1183 2263 1563 2312 resurrectionem,
1579 2262 1786 2310 dicentes,
1800 2265 1905 2302 tunc

1069 2320 1197 2362 nobis
1235 2319 1489 2372 centuplum
1530 2318 1724 2360 omnium
1758 2330 1904 2359 rerum

1071 2390 1180 2429 quas
1201 2376 1456 2422 dimisimus,
1477 2380 1520 2418 et
1537 2375 1673 2416 vitam
1695 2375 1906 2415 aeternam

1070 2446 1168 2474 esse
1186 2432 1474 2475 reddendam:
1493 2444 1582 2473 non
1599 2430 1904 2481 intelligentes,

1071 2489 1202 2542 quod,
1226 2490 1263 2531 si
1282 2490 1325 2530 in
1346 2489 1505 2530 ceteris
1525 2487 1657 2538 digna
1679 2487 1734 2528 sit
1753 2499 1904 2539 repro-

1069 2546 1232 2595 missio,
1252 2546 1296 2586 in
1311 2543 1524 2586 uxoribus
1538 2546 1754 2596 appareat
1768 2543 1903 2595 turpi-

1069 2602 1195 2644 tudo:
1212 2606 1260 2643 ut
1281 2601 1355 2653 qui
1374 2613 1507 2641 unam
1525 2612 1607 2652 pro
1628 2599 1821 2641 Domino
1841 2598 1903 2640 di-

1069 2658 1252 2708 miserit,
1276 2661 1453 2699 centum
1476 2656 1662 2709 recipiat
1680 2657 1724 2696 in
1744 2656 1904 2697 futuro.

1069 2715 1232 2757 Sensus
1259 2725 1364 2765 ergo
1391 2713 1475 2755 iste
1500 2717 1582 2755 est:
1608 2713 1693 2764 Qui
1712 2711 1906 2754 carnalia
