2040 2944
536 164 608 199 Die
632 165 692 199 20.
718 164 820 208 Sept.
867 164 924 199 Ss.
949 164 1149 199 Eustachii
1175 168 1211 199 ct
1235 164 1320 199 Soc.
1346 164 1566 207 Martyrum.

508 261 661 302 Lectio
682 274 719 300 ν.

200 313 359 420 Mox
377 313 435 356 ad
448 313 631 355 visionis
651 311 849 365 pristinae
867 312 1026 361 locum,

313 371 426 412 sicut
446 370 486 412 ei
503 369 720 411 Dominus
738 369 1027 421 praeceperat,

197 430 441 479 regressus,
492 426 614 467 illum
658 424 1028 478 praenuntiantem

196 483 380 532 audivit,
409 486 572 536 quanta
597 481 681 523 sibi
707 479 918 532 deinceps
943 493 1026 532 pro

196 541 287 590 eius
301 540 443 591 gloria
455 535 717 591 perferenda
732 541 890 578 essent.
911 537 1027 586 Quo-

196 599 312 638 circa
329 594 609 638 incredibiles
630 593 902 635 calamitates
917 593 1028 633 mira

195 653 406 706 patientia
425 653 680 705 perpessus,
705 649 831 691 brevi
849 649 894 689 in
914 662 1026 690 sum-

195 723 312 751 mam
328 710 571 760 egestatem
585 705 792 748 redactus
810 710 889 747 est.
909 706 1029 747 Cum-

196 779 281 818 que
303 765 415 807 clam
440 777 488 805 se
511 762 759 805 subducere
784 764 1027 813 cogeretur,

194 823 238 862 in
271 822 426 863 itinere
459 821 689 872 conjugem
715 819 919 871 primum,
955 818 1026 860 de-

194 878 295 919 inde
320 878 453 919 etiam
477 876 641 918 liberos
666 875 750 916 sibi
772 875 1026 917 miserabili-

195 939 264 976 ter
292 935 470 986 ereptos
497 931 719 983 ingemuit.
764 931 919 972 Tantis
953 931 1027 973 ob-

195 990 372 1032 volutus
401 988 625 1037 aerumnis,
658 988 702 1028 in
730 988 908 1038 regione
937 987 1027 1029 lon-

195 1048 357 1098 ginqua
375 1045 570 1086 villicum
590 1056 735 1094 agens,
763 1043 897 1095 longo
921 1045 1026 1084 tem-

195 1115 304 1154 pore
332 1101 522 1150 delituit,
552 1099 697 1142 donec
720 1100 891 1142 coelesti
916 1113 1028 1141 voce

195 1161 437 1207 recreatus,
483 1171 536 1199 ac
575 1169 692 1198 nova
733 1157 966 1198 occasione
1003 1169 1028 1197 a

195 1215 384 1270 Traiano
406 1214 697 1266 conquisitus,
723 1216 883 1255 iterum
908 1213 1027 1255 bello

195 1270 447 1323 praeficitur.

250 1332 299 1383 R.
336 1326 535 1368 Verbera
569 1326 823 1367 carnificum
855 1339 944 1368 non
976 1327 1026 1368 ti·

194 1385 398 1425 muerunt
418 1383 559 1424 sancti
573 1383 668 1433 Dei,
687 1383 924 1424 morientes
943 1395 1026 1435 pro
1054 1371 1057 1428 Ι

131 1459 133 1461 -
195 1439 356 1480 Christi
379 1440 572 1489 nomine,
601 1444 622 1466 *
644 1439 704 1481 Ut
726 1439 928 1480 haeredes
952 1439 1025 1480 fie-

194 1501 292 1537 rent
312 1496 355 1536 in
375 1496 508 1537 domo
529 1496 717 1537 Domini.
746 1494 795 1544 V.
814 1495 1026 1537 Tradide-

195 1557 296 1593 runt
329 1554 519 1604 corpora
550 1565 630 1592 sua
664 1558 850 1605 propter
883 1553 1027 1594 Deum

195 1606 252 1649 ad
270 1608 496 1660 supplicia.
524 1608 585 1650 Ut
603 1608 814 1650 haeredes.

502 1669 655 1710 Lectio
675 1671 728 1709 vi.

247 1724 306 1765 lla
329 1725 372 1765 in
398 1724 699 1777 expeditione,
723 1723 874 1766 liberis
899 1725 1027 1766 simul

278 1793 376 1822 cum
405 1783 543 1822 uxore
569 1781 796 1833 insperato
824 1782 1027 1833 receptis,

194 1837 335 1878 victor
350 1836 517 1878 Urbem
535 1836 701 1887 ingenti
721 1837 914 1878 omnium
932 1850 1026 1887 gra-

193 1893 409 1935 tulatione
450 1893 705 1943 ingreditur.
763 1893 852 1935 Sed
892 1894 1026 1946 paulo

193 1954 298 2002 post
318 1949 519 1991 inanibus
539 1949 624 1991 diis
643 1962 727 2001 pro
746 1955 874 2002 parta
892 1950 1027 1992 victo-

194 2006 258 2046 ria
290 2005 541 2047 sacrificare
574 2007 735 2057 jussus,
767 2009 1026 2048 constantis-

195 2063 304 2104 sime
319 2062 472 2103 renuit.
494 2062 692 2113 Cumque
708 2062 839 2104 variis
859 2062 1027 2104 artibus

195 2117 252 2160 ad
267 2118 428 2159 Christi
443 2118 577 2160 fidem
592 2118 846 2170 ejurandam
864 2119 1028 2161 frustra

194 2177 455 2225 tentaretur,
475 2188 563 2216 una
582 2187 682 2216 cum
701 2177 839 2217 uxore
859 2180 904 2217 et
922 2175 1027 2217 libe-

194 2231 254 2272 ris
269 2230 470 2273 leonibus
485 2231 697 2283 objicitur.
720 2232 893 2273 Horum
907 2245 1024 2273 man-

195 2287 427 2329 suetudine
473 2287 721 2329 concitatus
770 2288 1027 2340 imperator,

197 2346 368 2385 aeneum
395 2344 438 2384 in
466 2348 642 2385 taurum
670 2343 879 2396 subjectis
907 2344 1026 2385 flam-

194 2400 277 2440 mis
306 2399 567 2442 candentem
596 2411 673 2441 eos
699 2400 874 2441 immitti
895 2400 1027 2451 jubet,

195 2456 270 2496 ubi
307 2455 465 2497 divinis
502 2456 546 2496 in
583 2455 789 2497 laudibus
827 2468 1026 2497 eonsum-

194 2514 316 2552 mato
335 2513 563 2564 martyrio,
583 2512 846 2553 duodecimo
865 2511 1025 2553 Kalen-

196 2567 275 2608 das
295 2567 501 2610 Octobris
526 2568 583 2610 ad
605 2569 917 2620 sempiternam
936 2568 1025 2609 feli-

196 2623 375 2665 citatem
407 2625 709 2666 convolarunt.
751 2626 947 2674 Quorum
980 2624 1026 2664 il-

1847 159 1915 194 319

1082 252 1190 294 laesa
1213 255 1404 307 corpora
1430 254 1635 306 religiose
1661 268 1687 296 a
1711 253 1916 297 fidelibus

1081 309 1269 362 sepulta,
1289 310 1576 362 postmodum
1596 310 1653 353 ad
1672 311 1914 360 ecclesiam,

1082 367 1236 406 eorum
1255 367 1430 408 nomine
1449 369 1653 417 erectam,
1672 368 1915 409 honorifice

1080 422 1294 463 translata
1314 428 1425 464 sunt.
1468 429 1518 480 Rl,
1535 424 1793 476 Tamquam.
1813 424 1889 476 [41]

1135 487 1178 519 ln
1203 486 1267 520 111.
1290 486 1490 520 Nocturno
1516 487 1687 521 Homilia
1712 488 1748 520 in
1772 488 1916 529 Evang.

1084 531 1333 567 Descendens
1363 531 1491 567 Jesus.
1525 535 1572 569 dc
1605 535 1741 569 eodem
1773 536 1916 569 Comm.

1082 582 1112 615 2.
1137 582 1236 615 loco.
1261 579 1330 622 [47]

1242 643 1317 677 Pro
1343 644 1488 687 Vigilia
1514 644 1549 679 S.
1575 645 1758 679 Matthaei.

1138 699 1300 740 Bened.
1330 700 1411 739 Per
1429 697 1695 747 Evangelica
1715 697 1844 739 dicta.

1087 758 1241 800 Lectio
1262 758 1402 799 sancti
1421 758 1648 809 Evangelii
1673 759 1915 799 secundum

1411 814 1588 855 Lucam.

1163 874 1317 915 Lectio
1339 875 1392 914 ix.
1635 877 1736 926 Cap.
1751 877 1788 914 Γ).
1806 890 1839 915 c.

1130 948 1158 975 n
1182 934 1258 976 illo
1283 936 1501 986 tempore:
1529 933 1656 976 Vidit
1682 935 1707 975 J
1709 948 1809 976 esus
1839 950 1916 989 pu-

1148 991 1387 1040 blicanum,
1417 991 1593 1032 nomine
1613 991 1737 1041 Levi,
1764 992 1917 1034 seden-

1083 1052 1173 1088 tem
1206 1047 1263 1088 ad
1296 1047 1522 1098 telonium3
1562 1052 1606 1089 et
1639 1048 1699 1090 ait
1731 1048 1807 1089 illi:
1844 1050 1916 1090 Se-

1083 1116 1218 1155 quere
1238 1115 1319 1144 me.
1347 1104 1404 1145 Et
1423 1103 1603 1156 reliqua.

1085 1173 1277 1215 Homilia
1296 1173 1437 1214 sancti
1452 1173 1679 1215 Ambrosii
1694 1174 1916 1227 Episcopi.

1116 1236 1196 1270 Lib.
1209 1237 1238 1270 5.
1253 1236 1398 1270 Comm.
1413 1236 1449 1269 in
1463 1236 1551 1270 Luc.
1565 1246 1647 1278 cap.
1659 1237 1688 1269 Γ).
1702 1242 1790 1278 post
1806 1237 1885 1270 init.

1092 1300 1110 1379 ιχ
1125 1300 1169 1330 254,
1185 1287 1343 1380 lystica
1369 1292 1436 1328 est
1461 1286 1557 1328 haec
1576 1287 1754 1328 vocatio
1774 1287 1915 1340 publi-

1095 1376 1118 1386 -
1190 1364 1192 1374 ι
1221 1343 1335 1393 cani,
1365 1356 1496 1395 quem
1520 1344 1646 1395 sequi
1665 1343 1799 1394 jubet,
1827 1357 1916 1385 non

1083 1400 1287 1453 corporis
1298 1413 1466 1451 gressu,
1482 1399 1561 1442 sed
1573 1400 1733 1442 mentis
1745 1400 1916 1442 affectu.

1083 1458 1240 1509 Itaque
1268 1456 1340 1498 ille
1365 1457 1487 1509 prius
1513 1459 1647 1499 avara
1671 1457 1728 1499 de
1752 1458 1916 1499 merce-

1082 1512 1227 1563 dibus,
1262 1513 1371 1554 dura
1407 1513 1462 1554 de
1491 1513 1718 1556 laboribus
1747 1514 1915 1566 pericu-

1080 1570 1223 1622 lisque
1242 1571 1476 1611 nautarum
1500 1570 1795 1612 emolumenta
1815 1583 1915 1611 con-

1080 1628 1273 1676 vertens,
1319 1626 1457 1668 verbo
1503 1629 1690 1668 vocatus
1734 1627 1916 1679 propria

1081 1682 1362 1734 derelinquit,
1400 1683 1474 1734 qui
1512 1683 1712 1735 rapiebat
1753 1683 1916 1724 aliena:

1081 1751 1133 1780 ac
1152 1739 1238 1780 vile
1257 1738 1365 1780 illud
1385 1738 1524 1780 sedile
1544 1738 1800 1788 destituens,
1820 1744 1914 1780 toto

1080 1800 1184 1847 post
1195 1795 1435 1836 Dominum
1456 1795 1643 1845 vestigio
1669 1795 1829 1836 mentis
1853 1795 1913 1835 in-

1081 1850 1212 1892 cedit:
1232 1851 1421 1892 convivii
1438 1863 1616 1903 quoque
1635 1851 1781 1902 magni
1798 1850 1914 1892 exhi-

1081 1907 1156 1949 bet
1171 1909 1444 1960 apparatum.
1460 1907 1544 1956 Qui
1560 1907 1676 1948 enim
1689 1907 1913 1949 domicilio

1082 1963 1304 2005 Christum
1324 1963 1482 2016 recipit
1500 1964 1690 2014 interno,
1710 1965 1913 2005 maximis

1081 2020 1448 2062 delectationibus
1477 2020 1811 2062 exuberantium
1840 2023 1912 2072 pa-

1081 2077 1219 2118 scitur
1238 2076 1526 2129 voluptatum.
1599 2078 1660 2118 Te
1679 2078 1834 2118 Deum.
1854 2078 1913 2117 14.

1138 2136 1182 2169 In
1206 2135 1324 2169 Laud.
1350 2144 1421 2177 pro
1448 2144 1645 2168 commem.
1670 2134 1801 2176 vigil..
1828 2134 1915 2168 Ant.

1085 2187 1121 2217 ct
1145 2178 1191 2224 V.
1217 2183 1264 2217 de
1289 2183 1371 2216 Fcr.
1398 2192 1542 2216 occurr.

1422 2235 1585 2274 Oratio.

1080 2287 1194 2393 Da
1211 2294 1463 2344 quaesumus
1480 2296 1760 2346 omnipotens
1774 2296 1913 2338 Deus:

1186 2354 1234 2390 ut
1257 2349 1375 2390 beati
1398 2349 1598 2391 Matthaei
1617 2351 1823 2403 Apostoli
1848 2353 1913 2393 tui

1082 2409 1125 2445 et
1135 2405 1442 2455 Evangelistae‚
1459 2419 1590 2458 quam
1605 2410 1912 2459 praevenimus,

1080 2460 1332 2502 veneranda
1351 2461 1622 2512 solemnitas,
1648 2468 1692 2505 et
1715 2464 1911 2506 devotio-

1080 2529 1180 2557 nem
1199 2516 1328 2558 nobis
1348 2520 1508 2567 augeat
1532 2524 1576 2560 et
1595 2519 1793 2562 salutem.
1826 2521 1911 2561 Per

1080 2573 1317 2614 Dominum
1337 2578 1548 2615 nostrum.

1136 2633 1252 2676 Vcsp.
1279 2634 1326 2667 de
1350 2643 1456 2676 sequ.
1482 2643 1568 2668 cum
1591 2643 1725 2668 comm.
1748 2632 1911 2676 praeccd.
