2040 2944
607 207 706 241 Infra
733 209 1026 245 licbdomadam
1052 213 1072 246 i.
1099 213 1338 249 Novembris.

1764 219 1829 254 199

130 315 272 343 meam
292 315 424 356 super
443 309 502 356 te,
526 309 569 346 et
589 305 820 358 complebo
841 307 954 349 furo-

130 370 224 400 rem
254 372 401 400 meum
431 360 476 401 in
507 366 567 403 te:
601 366 644 402 et
676 361 877 413 judicabo
909 369 953 405 te

129 415 248 466 juxta
278 416 372 457 vias
404 421 517 467 tuas,
551 422 595 459 et
624 417 848 470 imponam
875 419 953 461 tibi

130 472 274 513 omnia
299 473 466 515 scelera
489 478 580 515 tua:
606 473 664 516 Et
690 487 778 516 non
802 481 954 528 parcet

129 529 282 570 oculus
305 542 445 580 meus,
478 543 559 572 nec
583 531 841 583 miserebor,
874 532 954 574 sed

128 584 222 626 vias
240 590 339 627 tuas
357 587 581 639 imponam
599 586 696 637 tibi,
723 592 766 629 et
790 588 951 630 abomi-

127 642 327 684 nationes
357 648 447 686 tuae
476 644 521 685 in
547 643 693 685 medio
721 644 785 686 tui
813 650 952 687 erunt:

128 703 171 739 et
198 699 345 741 scietis
374 701 475 753 quia
503 712 584 751 ego
614 713 711 741 sum
738 701 950 743 Dominus

127 756 388 806 percutiens.
649 791 653 796 ,

179 809 231 860 Rs-
255 812 484 864 Angustiae
503 812 609 853 mihi
628 818 739 854 sunt.
759 814 844 854 197.

423 874 576 916 Lectio
595 875 649 915 iii.

125 927 283 1034 Ecce
299 938 404 989 dies,
424 951 526 980 ecce
540 939 673 980 venit:
693 940 867 990 egressa
882 943 950 980 est

217 995 437 1046 contritio,
463 996 611 1037 floruit
635 996 771 1046 virga,
795 995 947 1046 germi-

125 1051 244 1093 navit
268 1051 488 1104 superbia:
521 1052 735 1104 Iniquitas
761 1052 949 1093 surrexit

124 1107 167 1148 in
185 1107 307 1159 virga
329 1108 580 1161 impietatis:
607 1122 694 1150 non
720 1122 774 1151 ex
799 1109 878 1158 eis,
905 1113 948 1150 et

124 1177 212 1206 non
243 1178 298 1207 ex
329 1165 508 1219 populo,
541 1178 683 1218 neque
715 1179 770 1207 ex
801 1165 947 1207 sonitu

123 1223 289 1263 eorum:
319 1226 363 1263 et
386 1235 474 1264 non
499 1222 581 1264 erit
605 1222 778 1274 requies
803 1222 847 1262 in
872 1222 945 1263 eis.

121 1277 253 1320 Venit
262 1283 446 1331 tempus,
458 1279 828 1332 appropinquavit
839 1278 947 1320 dies:

74 1372 77 1377 ,
123 1334 197 1386 qui
216 1335 336 1385 emit,
359 1348 447 1377 non
469 1335 656 1377 laetetur:
683 1341 727 1378 et
753 1335 827 1387 qui
845 1348 943 1377 ven-

121 1390 199 1441 dit,
224 1403 313 1433 non
336 1391 498 1443 lugeat:
529 1393 631 1444 quia
657 1396 721 1433 ira
746 1405 877 1444 super
901 1404 943 1433 0-

119 1460 265 1489 111116111
304 1448 518 1501 populum
557 1449 658 1499 ejus.
719 1449 831 1498 Quia
871 1448 945 1500 qui

118 1503 284 1554 vendit,
310 1503 367 1547 ad
384 1504 447 1555 id,
476 1504 596 1557 quod
618 1503 832 1554 vendidit,
857 1517 945 1545 non

118 1562 377 1611 revertetur,
404 1566 447 1603 61
471 1561 616 1604 adhuc
634 1562 678 1603 in
697 1561 943 1603 viventibus

117 1617 208 1658 vita
227 1619 388 1659 eorum.

171 1670 223 1722 R.
245 1673 364 1715 Misit
382 1674 608 1716 Dominus.
627 1674 712 1715 197.

173 1729 437 1774 Responsoria
465 1732 578 1775 hujus
600 1733 662 1767 IV.
688 1734 811 1768 Feriae
836 1746 942 1778 repe-

120 1781 251 1812 tuntur
284 1779 323 1813 in
357 1780 444 1814 aliis
474 1780 536 1815 IV.
573 1781 694 1816 Feriis
733 1793 856 1826 usque
894 1784 943 1817 ad

120 1825 350 1862 Adventum.

349 1925 495 1962 Feria
521 1925 711 1972 Quinta.

239 1977 306 2021 De
332 1982 562 2024 Ezechiele
589 1981 819 2035 Propheta.

195 2040 347 2083 Lectio
369 2043 392 2083 i.
685 2045 787 2095 Cap.
807 2045 863 2084 13.

200 2110 219 2147 t
245 2107 384 2149 factus
412 2112 478 2149 est
506 2120 650 2149 sermo
678 2109 855 2150 Domini
882 2109 938 2150 ad

216 2176 297 2214 me,
324 2163 487 2205 dicens:
510 2163 592 2205 Fili
610 2164 808 2214 hominis,
832 2165 936 2206 vati-

114 2219 258 2260 cinare
296 2220 354 2261 ad
391 2220 632 2273 prophetas
668 2221 821 2272 Israel,
864 2221 937 2273 qui

112 2275 392 2328 prophetant:
422 2281 465 2317 61
492 2276 611 2318 dices
639 2277 935 2330 prophetanti-

111 2330 193 2372 bus
217 2331 271 2374 de
297 2331 430 2374 corde
450 2344 546 2373 suo:
572 2332 735 2374 Audite
754 2333 935 2375 verbum

111 2387 298 2429 Domini.
325 2389 436 2430 Haec
453 2387 558 2430 dicit
572 2388 786 2430 Dominus
801 2389 934 2430 Deus:

110 2443 193 2485 Vae
228 2444 456 2497 prophetis
497 2444 816 2497 insipientibus,
861 2445 935 2497 qui

111 2503 353 2551 sequuntur
372 2501 572 2553 spiritum
591 2514 734 2551 suum,
762 2505 806 2542 61
828 2501 934 2541 nihil

110 2555 270 2597 vident.
311 2556 445 2607 Quasi
477 2557 631 2609 vulpes
662 2557 705 2597 in
737 2555 931 2606 desertis,

109 2611 340 2665 prophetae
373 2613 436 2654 tui
469 2613 605 2654 151361
638 2618 770 2654 613111.
830 2612 932 2654 Non

111 2668 370 2710 ascendistis
395 2681 450 2710 ex
469 2668 671 2718 adverso,
697 2681 837 2720 neque
857 2681 931 2720 op-

108 2724 319 2775 posuistis
339 2738 511 2766 murum
528 2738 611 2778 pro
632 2725 764 2767 domo
783 2724 931 2774 Israel,

1007 313 1056 350 ut
1074 310 1248 351 staretis
1267 311 1309 351 in
1328 312 1481 364 praelio
1498 312 1541 352 in
1557 311 1627 354 die
1641 313 1826 355 Domini.

1006 364 1172 407 Vident
1196 380 1323 417 vana,
1358 372 1401 409 61
1429 367 1623 410 divinant
1652 369 1825 412 menda-

1008 421 1131 472 cium,
1151 422 1359 465 dicentes:
1386 424 1460 466 Ait
1479 425 1705 467 Dominus:
1730 440 1826 468 cum

1005 477 1220 520 Dominus
1244 492 1332 520 non
1355 481 1522 522 miserit
1546 494 1637 523 eos:
1664 488 1707 524 et
1731 496 1825 536 per-

1006 537 1314 577 severaverunt
1363 537 1620 580 confirmare
1665 542 1827 581 sermo-

1005 602 1115 631 nem.

1059 654 1108 704 R.
1132 651 1237 694 Vidi
1254 653 1501 695 Dominum.
1520 656 1607 696 195.

1314 723 1463 764 Lectio
1484 725 1520 763 ii.

1004 780 1278 887 Numquid
1305 800 1392 828 non
1417 787 1629 830 visionem
1656 803 1823 832 cassam

1112 843 1298 893 vidistis,
1318 849 1361 885 61
1380 843 1690 887 divinationem
1708 860 1821 888 men-

1003 898 1157 941 dacem
1183 900 1320 941 locuti
1345 899 1470 942 estis?
1507 905 1550 942 et
1576 900 1735 952 dicitis,
1763 904 1823 944 ait

1002 955 1230 997 Dominus:
1258 969 1356 998 cum
1382 969 1463 1007 ego
1488 969 1574 998 non
1600 958 1680 999 sim
1705 958 1821 1000 locu-

1001 1015 1083 1052 tus.
1114 1012 1355 1065 Propterea
1372 1012 1469 1054 haec
1488 1012 1592 1055 dicit
1610 1014 1823 1056 Dominus

1001 1068 1137 1109 Deus:
1157 1069 1267 1119 Quia
1284 1069 1420 1111 locuti
1441 1070 1544 1111 estis
1563 1083 1685 1120 vana,
1706 1076 1749 1113 et
1763 1072 1821 1113 vi-

1002 1123 1128 1165 distis
1156 1124 1443 1166 mendacium:
1475 1125 1575 1167 ideo
1608 1139 1710 1168 6666
1739 1140 1821 1178 ego

1000 1179 1057 1221 ad
1084 1193 1179 1231 vos,
1209 1180 1313 1223 dicit
1340 1181 1553 1222 Dominus
1581 1182 1712 1224 Deus.
1765 1184 1822 1225 Et

1001 1236 1083 1277 erit
1108 1250 1261 1279 manus
1287 1250 1385 1279 mea
1414 1251 1546 1290 super
1570 1239 1821 1292 prophetas,

1001 1292 1242 1344 quivident
1263 1307 1393 1343 vana,
1420 1299 1462 1336 et
1487 1293 1682 1336 divinant
1704 1309 1818 1338 men-

999 1348 1186 1391 dacium:
1205 1351 1249 1391 in
1268 1349 1450 1392 consilio
1468 1351 1622 1403 populi
1635 1353 1720 1393 mei
1733 1366 1820 1394 non

999 1411 1134 1456 erunt,
1155 1411 1198 1448 et
1216 1407 1260 1447 in
1279 1407 1496 1459 scriptara
1515 1407 1670 1449 domus
1684 1409 1820 1450 Israel

997 1475 1084 1503 non
1110 1463 1369 1513 scribentur,
1401 1476 1482 1505 nec
1507 1464 1550 1504 in
1575 1469 1737 1506 terram
1759 1466 1818 1506 Is-

996 1519 1087 1559 rael
1119 1519 1429 1570 ingredientur:
1461 1525 1504 1562 et
1539 1521 1686 1562 scietis
1719 1522 1819 1573 quia

996 1587 1078 1626 ego
1104 1576 1318 1616 Dominus
1343 1576 1479 1617 Deus:
1508 1576 1574 1618 Eo
1602 1577 1721 1629 quod
1747 1577 1817 1619 de-

995 1631 1190 1683 ceperint
1207 1632 1420 1684 populum
1434 1645 1588 1682 meum,
1608 1632 1817 1675 dicentes:

993 1687 1096 1737 Pax,
1122 1693 1165 1729 et
1184 1701 1272 1729 non
1292 1693 1358 1729 est
1376 1701 1477 1741 pax:
1506 1694 1548 1730 et
1566 1689 1660 1741 ipse
1681 1689 1814 1731 aedifi-

994 1744 1122 1785 cabat
1153 1747 1381 1796 parietem,
1420 1745 1482 1785 illi
1518 1750 1662 1786 autem
1698 1746 1815 1787 111116--

993 1798 1098 1841 bant
1117 1813 1216 1841 eum
1235 1801 1327 1842 luto
1347 1800 1513 1852 absque
1532 1801 1681 1853 paleis.

1048 1859 1098 1910 R.
1117 1861 1280 1914 Aspice
1298 1862 1486 1903 Domine
1511 1861 1565 1903 de
1586 1862 1701 1904 sede.
1726 1863 1813 1904 195.

1296 1929 1447 1970 Lectio
1468 1930 1521 1969 iii.

1080 1999 1121 2039 ic
1151 1998 1208 2041 ad
1236 2011 1326 2049 eos,
1359 2000 1433 2051 qui
1462 2000 1616 2042 liniunt
1647 2000 1812 2052 absque

1084 2059 1390 2107 temperatura,
1411 2056 1532 2108 quod
1547 2059 1726 2097 635111115
1741 2057 1811 2096 sit:

991 2111 1073 2152 erit
1091 2111 1205 2152 enim
1223 2111 1361 2153 imber
1379 2111 1608 2162 inundans,
1633 2117 1676 2153 et
1695 2111 1810 2153 dabo

989 2166 1158 2218 lapides
1183 2167 1466 2219 praegrandes
1492 2167 1680 2220 desuper
1705 2167 1808 2208 irru-

990 2224 1126 2272 entes,
1163 2228 1206 2264 et
1237 2228 1414 2264 ventum
1445 2224 1652 2276 procellae
1685 2222 1808 2265 dissi-

987 2281 1175 2330 pantem.
1202 2278 1426 2330 Siquidem
1445 2291 1547 2321 ecce
1563 2278 1722 2321 cecidit
1735 2281 1808 2332 pa-

986 2334 1087 2375 ries:
1118 2333 1329 2386 numquid
1356 2347 1443 2376 non
1471 2334 1639 2377 dicetur
1666 2335 1808 2377 vobis:

986 2390 1071 2432 Ubi
1091 2395 1157 2431 est
1173 2390 1319 2440 litura,
1349 2403 1479 2442 quam
1497 2391 1677 2433 linistis?
1702 2392 1806 2432 Pro-

985 2447 1137 2498 pterea
1168 2445 1264 2487 haec
1296 2446 1401 2488 dicit
1428 2447 1643 2488 Dominus
1670 2447 1806 2489 Deus:

985 2502 1041 2542 Et
1060 2504 1288 2554 erumpere
1307 2502 1464 2544 faciam
1482 2503 1683 2555 spiritum
1700 2508 1805 2544 tem-

984 2559 1206 2609 pestatum
1229 2557 1273 2598 in
1299 2557 1596 2609 indignatione
1620 2571 1734 2608 mea,
1762 2563 1806 2599 et

984 2612 1122 2655 imber
1139 2613 1354 2654 inondans
1372 2614 1415 2654 in
1434 2614 1581 2656 furore
1595 2627 1694 2656 meo
1710 2613 1804 2655 erit:

985 2674 1028 2711 et
1058 2668 1227 2721 lapides
1259 2669 1447 2720 grandes
1474 2670 1518 2711 in
1543 2671 1606 2711 ira
1633 2670 1676 2710 in
1703 2681 1801 2710 con-

985 2725 1288 2777 sumptionem.
1331 2725 1389 2767 Et
1416 2725 1639 2767 destruam
1664 2726 1801 2777 parie-
