2040 2944
705 207 908 241 Dominica
932 207 995 241 IV.
1021 208 1267 251 Septembris.

1780 207 1844 242 149

139 303 239 346 bus:
282 305 556 356 majestatem
591 308 712 345 tuam
744 304 965 357 supplices

141 362 388 411 exoramus3
417 365 465 402 ut
489 361 563 413 pia
589 361 867 412 jejunantium
893 360 964 402 de-

139 417 394 469 precatione
419 417 635 469 placatus‚
664 421 708 459 et
731 417 966 469 praesentia

139 472 265 514 nobis
299 472 494 515 subsidia
524 474 707 522 tribuas,
740 478 783 515 et
810 473 965 514 futura.

140 529 224 570 Per
241 529 489 571 Dominum.

193 592 240 626 Et
264 591 404 626 dicitur
426 602 495 634 per
518 591 645 626 Horas
671 592 749 626 diei
772 596 928 626 tantum.

414 690 442 727 S
461 702 486 728 a
501 691 528 727 b
545 690 571 726 b
591 702 616 727 a
632 694 649 726 t
666 702 691 727 o

201 742 287 773 ante
311 738 554 773 Dominicam
576 738 638 772 IV.
660 737 906 782 Septembris.

195 790 267 831 Ad
299 791 472 841 Magnis.
524 791 621 832 Ant.
672 790 844 832 Adonai
873 791 962 832 Do-

138 846 255 887 mine
283 846 306 871 *
334 846 454 887 Deus
482 859 638 897 magne
667 852 710 888 et
737 847 963 897 mirabilis,

139 902 214 955 qui
238 901 398 945 dedisti
423 903 608 944 salutem
631 904 674 944 in
696 916 827 944 manu
846 904 963 944 ferni-

137 971 225 1009 nae,
254 959 414 1001 exaudi
439 973 595 1012 preces
620 962 846 1002 servorum
870 963 962 1002 tuo-

137 1028 244 1056 rum.

192 1071 246 1123 V.
280 1072 546 1124 Vespertina
579 1073 720 1114 oratio
754 1073 963 1116 ascendat

137 1127 195 1170 ad
227 1133 271 1169 te
305 1129 504 1170 Domine.
553 1131 603 1182 R.
635 1129 691 1170 Et
724 1129 963 1172 descendat

138 1197 270 1236 super
289 1197 370 1226 nos
389 1184 687 1227 misericordia
706 1191 790 1227 tua.

395 1261 706 1290 —ffi—-

175 1326 449 1377 Dominiea
471 1326 557 1377 IV.
582 1327 924 1392 Septembris,

383 1407 432 1446 In
450 1407 479 1446 Ι.
499 1406 722 1446 Nocturno.
768 1455 772 1461 ¹

315 1471 476 1523 Incipit
493 1471 603 1513 liber
621 1472 646 1512 J
648 1471 784 1514 udith.

213 1537 364 1578 Lectio
385 1537 408 1577 i.
630 1537 733 1589 Cap.
748 1538 778 1576 1.
794 1542 836 1578 et
850 1538 885 1576 2.

148 1612 182 1653 {³⁴
203 1609 273 1652 ,1⁷23
291 1596 492 1650 rphaxad
517 1600 681 1649 itaque,
709 1610 787 1639 rex
809 1597 959 1639 Medo-

307 1667 420 1703 rum,
460 1653 769 1706 subjugaverat
801 1654 960 1695 multas

306 1715 460 1761 gentes
479 1710 663 1762 imperio
684 1722 779 1760 suo,
804 1715 847 1752 et
864 1711 959 1763 ipse

136 1764 372 1808 aedificavit
433 1766 655 1808 civitatem
712 1767 960 1819 potentissi—

134 1834 267 1872 mam,
296 1835 426 1874 quam
451 1823 691 1876 appellavit
713 1823 959 1873 EcbataniS,

136 1891 191 1920 ex
221 1878 442 1931 lapidibus
481 1880 705 1932 quadratis
737 1885 781 1922 et
812 1881 959 1922 sectis:

134 1935 238 1977 fecit
256 1948 405 1977 muros
425 1937 515 1988 ejus
533 1936 577 1977 in
599 1936 871 1978 altitudinem
890 1949 959 1978 cu-

134 1991 326 2047 bitorum
354 1995 646 2045 septuaginta,
676 1998 719 2034 et
746 1993 789 2034 in
816 1993 958 2034 latitu-

136 2047 282 2090 dinem
313 2048 560 2090 cubitorum
590 2050 785 2100 triginta,
816 2054 959 2091 turres

134 2117 240 2146 vero
259 2106 350 2156 ejus
369 2105 517 2158 posuit
534 2106 579 2146 in
598 2105 871 2148 altitudinem
889 2120 958 2149 cu-

134 2160 327 2203 bitorum
373 2166 558 2204 centum.
615 2163 700 2204 Per
745 2162 960 2215 quadrum

134 2230 240 2260 vero
271 2221 423 2260 earum
446 2219 560 2261 latus
586 2222 821 2271 utrumque
844 2220 957 2262 vice-

133 2276 290 2316 norum
316 2274 481 2328 pedum
510 2276 654 2328 spatio
682 2275 958 2326 tendebatur,

133 2333 370 2383 posuitque
397 2337 549 2384 portas
578 2332 668 2383 ejus
698 2332 742 2372 in
770 2331 958 2374 altitudi-

133 2399 234 2428 nem
251 2388 450 2429 turrium:
477 2393 520 2429 et
545 2388 815 2439 gloriabatur
835 2388 959 2440 quasi

133 2449 291 2495 potens
322 2444 366 2484 in
399 2445 846 2497 potentia,exercitus
877 2445 958 2494 sui,

99 2502 102 2504 ’
135 2504 177 2541 et
201 2501 246 2541 in
269 2501 409 2551 gloria
436 2501 744 2552 quadrigarum
770 2503 958 2541 suarum.

189 2559 240 2610 R.
262 2556 437 2599 Adonai
454 2558 641 2599 Domine
661 2557 780 2598 Deus
802 2569 958 2607 magne

135 2618 178 2654 et
195 2613 414 2664 mirabilis,
438 2615 511 2667 qui
531 2613 692 2656 dedisti
712 2613 896 2654 salutem
915 2613 958 2653 in

133 2681 266 2710 manu
279 2670 464 2711 feminae:
481 2670 503 2695 *
518 2669 689 2710 Exaudi
703 2681 857 2721 preces
873 2681 957 2709 ser-

133 2727 289 2767 vorum
310 2728 497 2768 tuorum.
540 2722 591 2773 V.
620 2725 884 2767 Benedictus
912 2737 958 2766 es

1017 303 1220 352 Domine,
1246 304 1319 356 qui
1338 317 1426 345 non
1446 304 1711 357 derelinquis
1731 319 1841 358 prae-

1017 361 1238 401 sumentes
1263 360 1317 401 de
1342 365 1401 409 te,
1430 365 1473 402 et
1499 361 1554 402 de
1579 374 1655 402 sua
1681 362 1842 403 virtute

1017 415 1255 466 gloriantes
1273 405 1484 458 humilias.
1511 417 1694 459 Exaudi

1328 487 1363 526 Ι
1368 487 1479 527 ectio
1499 488 1537 527 ii.

1093 562 1180 590 nno
1200 550 1331 600 igitur
1346 550 1606 593 duodecimo
1623 554 1745 604 regni
1761 555 1841 596 sui:

1117 605 1532 648 Nabuchodonosor
1550 621 1626 649 rex
1642 609 1841 662 Assyrio·

1016 676 1128 713 rum,
1158 663 1232 714 qui
1257 662 1468 713 regnabat
1492 664 1535 704 in
1558 664 1715 707 Ninive
1740 666 1839 707 civi-

1015 721 1106 760 tate
1134 731 1309 770 magna,
1340 719 1552 771 pugnavit
1583 727 1734 763 contra
1761 722 1840 763 Ar-

1016 774 1208 828 phaxad,
1233 780 1276 816 et
1296 775 1484 816 obtinuit
1504 789 1602 817 eum
1621 777 1663 817 in
1683 790 1839 831 campo

1015 844 1190 882 magno,
1212 832 1286 883 qui
1306 831 1553 884 appellatur
1572 833 1740 883 Ragau,
1761 835 1839 875 cir-

1017 900 1067 929 ca
1091 887 1362 940 Euphraten,
1389 893 1432 929 et
1455 888 1621 939 Tigrin,
1647 895 1690 930 et
1713 890 1737 930 J
1741 890 1839 932 ada-

1016 957 1098 986 son
1120 945 1164 984 in
1190 957 1347 997 campo
1372 944 1534 985 Erioch
1560 945 1675 996 regis
1700 946 1839 988 Elico-

1015 1014 1123 1041 rum.
1157 1001 1281 1041 Tunc
1308 1000 1546 1042 exaltatum
1572 1007 1637 1043 est
1661 1015 1840 1052 regnum

1015 1057 1447 1106 Nabuchodonosor,
1477 1062 1520 1099 et
1544 1071 1619 1099 cor
1644 1059 1733 1110 ejus
1758 1059 1839 1100 ele-

1016 1116 1166 1155 vatum
1185 1118 1266 1155 est:
1290 1119 1333 1155 et
1356 1114 1473 1155 misit
1497 1113 1552 1155 ad
1573 1127 1740 1164 omnes,
1768 1115 1841 1166 qui

1015 1169 1273 1211 habitabant
1292 1170 1336 1211 in
1356 1170 1520 1219 Cilicia,
1546 1175 1590 1211 et
1606 1171 1840 1221 Damasco,

966 1228 968 1230 ’
1016 1231 1059 1268 et
1078 1226 1264 1276 Libano,
1294 1231 1337 1268 et
1361 1226 1417 1267 ad
1440 1231 1592 1277 gentes
1619 1240 1716 1279 quae
1740 1233 1840 1269 sunt

1014 1283 1058 1323 in
1075 1282 1287 1333 Carmelo,
1308 1288 1351 1324 et
1368 1282 1521 1333 Cedar,
1541 1288 1583 1324 et
1602 1283 1839 1324 inhabitan-

1014 1345 1082 1381 tes
1119 1339 1348 1381 Galilaeam
1394 1340 1438 1380 in
1483 1352 1637 1392 campo
1682 1353 1839 1390 magno

1014 1395 1249 1446 Esdrelon‚
1279 1401 1323 1437 et
1351 1395 1407 1438 ad
1436 1409 1586 1437 omnes
1617 1396 1690 1447 qui
1719 1401 1841 1437 erant

1014 1453 1057 1493 in
1075 1453 1284 1503 Samaria,
1305 1457 1349 1494 et
1367 1458 1487 1494 trans
1507 1453 1667 1494 flumen
1686 1453 1710 1493 J
1714 1451 1839 1494 orda-

1014 1523 1115 1551 nem
1124 1523 1263 1561 usque
1274 1509 1331 1551 ad.
1340 1509 1593 1558 Jerusalem,
1608 1514 1651 1550 et
1666 1522 1839 1550 omnem

1014 1571 1176 1607 terram
1204 1567 1327 1607 Jesse
1357 1568 1588 1617 quousque
1615 1566 1837 1617 pervenia-

1012 1628 1083 1663 tur
1101 1622 1157 1663 ad
1176 1623 1387 1663 terminos
1406 1621 1658 1674 AEthiopiae.

1068 1691 1119 1741 Ην.
1133 1687 1456 1728 Tribulationes
1477 1687 1700 1728 civitatum
1720 1686 1837 1727 audi-

1012 1744 1167 1793 vimus,
1188 1756 1296 1796 quas
1315 1756 1459 1796 passae
1480 1747 1594 1791 sunt,
1621 1748 1664 1783 et
1681 1742 1836 1783 defeci-

1011 1813 1121 1841 mus:
1139 1800 1271 1841 timor
1291 1805 1334 1841 et
1352 1798 1575 1840 hebetudo
1594 1799 1750 1840 mentis
1770 1800 1836 1839 ce-

1013 1856 1118 1898 cidit
1146 1869 1278 1910 super
1306 1869 1405 1905 nos,
1442 1860 1486 1896 et
1514 1868 1646 1908 super
1674 1854 1836 1896 liberos

1011 1918 1202 1955 nostros:
1234 1913 1318 1965 ipsi
1351 1917 1521 1953 montes
1550 1911 1703 1952 nolunt
1730 1913 1835 1952 reci-

1011 1982 1118 2022 pere
1154 1969 1302 2020 fugam
1342 1973 1553 2009 nostram:
1594 1967 1616 1991 *
1647 1967 1835 2008 Domine

1011 2026 1230 2067 miserere.
1265 2022 1316 2073 V.
1334 2024 1618 2066 Peccavimus
1642 2036 1741 2064 cum
1759 2025 1832 2075 pa-

1011 2081 1152 2131 tribus
1170 2081 1350 2131 nostris,
1373 2081 1530 2133 injuste
1555 2080 1736 2131 egimus,
1761 2079 1835 2120 ini-

1014 2139 1225 2191 quitatem
1242 2137 1434 2179 fecimus.
1462 2136 1660 2178 Domine.

1317 2207 1468 2248 Lectio
1490 2206 1543 2246 iii.

1090 2275 1119 2318 d
1141 2275 1223 2317 hos
1247 2287 1398 2316 omnes
1420 2274 1536 2316 misit
1555 2274 1732 2315 nuntios
1748 2273 1835 2314 Na-

1123 2330 1463 2374 buchodonosor
1511 2343 1590 2371 rex
1634 2330 1834 2382 Assyrio-

1011 2401 1121 2429 rum:
1154 2388 1228 2439 qui
1262 2399 1413 2428 omnes
1445 2399 1532 2428 uno
1562 2387 1706 2427 animo
1736 2399 1834 2427 con-

1011 2444 1298 2494 tradixerunt,
1324 2448 1368 2485 et
1389 2443 1650 2484 remiserunt
1668 2455 1745 2484 eos
1765 2444 1834 2483 va-

1012 2513 1134 2548 cuos,
1175 2505 1219 2541 et
1251 2500 1343 2541 sine
1374 2499 1541 2541 honore
1574 2499 1833 2550 abjecerunt.

1011 2557 1135 2598 Tunc
1157 2555 1406 2607 indignatus
1424 2554 1834 2597 Nabuchodonosor

1011 2625 1090 2654 rex
1108 2612 1319 2653 adversus
1340 2624 1512 2653 omnem
1530 2616 1692 2653 terram
1706 2609 1832 2658 illam,

1010 2669 1167 2721 juravit
1184 2681 1264 2720 per
1282 2668 1489 2709 thronum
1509 2673 1552 2709 et
1570 2679 1749 2717 regnum
1766 2678 1831 2705 su-

1011 2739 1085 2767 um
1113 2723 1233 2776 quod
1261 2723 1516 2766 defenderet
1542 2736 1589 2764 se
1617 2722 1671 2764 de
1699 2719 1830 2762 omni-
