2040 2944
426 172 498 206 Die
524 173 555 207 9.
580 171 683 215 Sept.
731 172 910 207 Secunda
936 172 998 206 die
1024 171 1123 206 infra
1149 171 1228 206 Oct.
1254 172 1381 206 Nativ.
1409 172 1448 206 Β.
1475 172 1521 206 M.
1548 173 1590 206 V.

206 269 257 304 ix.
271 267 405 302 Lectio
428 267 475 301 de
492 267 634 302 Homil.
651 266 803 301 Domin.
826 277 983 310 occurr.,

153 327 239 352 cum
262 316 344 359 ejus
369 325 566 350 commem.
591 315 631 350 in
654 314 855 350 Laudibus
880 319 917 350 et
943 315 983 349 in

151 365 197 400 H.
214 363 411 407 Vesperis.
463 402 467 412 ,

206 420 248 456 Si
272 423 399 455 autern
423 419 526 454 idem
551 419 747 461 Officium,
776 421 884 462 juxta
908 419 982 453 Ru-

151 469 280 504 bricas
311 468 423 503 Brev.
455 468 638 511 Romani,
671 467 983 502 transferendum

152 517 217 559 sit,
247 516 297 550 ix.
320 516 423 550 Lect.
448 520 622 550 sumatur
649 525 695 550 eo
721 525 822 550 anno
847 526 895 550 cx
920 515 982 550 Of-

151 565 240 599 ficio
268 564 311 599 B.
335 564 471 598 Mariae
499 564 540 598 in
563 563 735 599 Sabbato
767 564 814 598 de
839 574 981 606 mense,

152 613 202 647 ad
226 623 340 656 quem
363 612 599 647 transfertur.

345 712 427 754 Die
446 714 484 754 9.
503 713 786 766 Septembris.

239 773 441 816 Secunda
461 772 533 815 die
551 772 663 814 infra
683 772 897 814 Octavam

302 837 599 879 Nativitatis
616 838 667 878 B.
689 837 750 879 M.
771 840 827 880 V.

199 895 243 930 In
270 894 298 930 I.
327 892 528 929 Nocturno
562 894 768 929 Lectiones
804 895 850 930 de
883 894 981 930 Scri-

149 947 263 987 ptura
287 946 521 978 occurrente.

383 1019 432 1058 In
451 1019 502 1059 ΙΙ.
522 1019 746 1059 Nocturno.

209 1084 277 1125 De
296 1083 507 1125 Sermone
527 1084 668 1126 sancti
688 1085 924 1136 Augustini

455 1140 677 1192 Episcopi.

252 1203 370 1239 Serm.
389 1204 442 1239 18.
465 1204 513 1239 de
530 1205 698 1249 Sanctis,
720 1206 760 1240 in
777 1205 875 1240 med.

450 1265 604 1308 Lectio
624 1267 676 1308 iv.

159 1329 434 1395 1f>xsfiltat
460 1330 615 1394 Maria,
646 1335 690 1372 et
717 1335 904 1372 matrem
933 1344 980 1373 se

158 1400 166 1434 vr
284 1385 389 1427 laeta
419 1387 618 1437 m1ratur,
651 1392 696 1429 et
727 1387 783 1429 de
814 1388 980 1440 Spiritu

283 1447 438 1484 sancto
467 1455 515 1484 se
542 1446 772 1496 peperisse
799 1444 979 1495 gaudet,

147 1511 229 1540 nec
250 1499 352 1551 quia
370 1499 545 1552 peperit
563 1500 758 1552 innupta,
777 1503 979 1551 terretur,

149 1554 230 1596 sed
263 1555 366 1608 quia
395 1556 612 1607 genuerit,
654 1569 754 1598 cum
792 1558 979 1599 exsulta-

147 1610 268 1653 tione
286 1611 481 1653 miratur.
517 1612 556 1653 O
581 1612 742 1654 femina
765 1626 898 1666 super
921 1614 979 1655 fe-

147 1667 288 1708 minas
306 1667 552 1718 benedicta,
574 1681 674 1720 quae
692 1669 833 1710 virum
854 1672 981 1711 omni-

148 1735 205 1764 no
228 1735 318 1764 non
341 1723 482 1774 novit,
511 1729 555 1766 et
578 1725 720 1766 virum
745 1738 825 1767 suo
852 1729 979 1768 utero

148 1779 455 1822 circumdedit!
473 1780 728 1823 Circumdat
744 1782 886 1824 virum
900 1783 981 1824 Ma-

148 1838 212 1877 ria
231 1836 404 1888 Angelo
423 1836 559 1879 fidem
579 1837 744 1889 dando,
773 1839 875 1891 quia
893 1839 979 1880 He-

149 1905 204 1934 va
234 1892 430 1946 perdidit
458 1893 620 1944 virum,
652 1895 847 1948 serpenti
880 1908 979 1937 con-

149 1947 392 1991 sentiendo.
448 1949 486 1991 Ο
519 1950 623 1992 felix
651 1949 920 2001 obedientia,
953 1964 979 1993 o

147 2005 328 2056 insignis
365 2006 522 2057 gratia!
568 2018 668 2058 quae
706 2007 811 2049 dum
845 2007 980 2050 fidem

138 2060 370 2104 ‘humiliter
402 2061 541 2113 dedit,
573 2063 675 2104 coeli
706 2063 750 2104 in
778 2076 826 2105 se
855 2065 978 2117 opifi—

149 2129 245 2159 cem
273 2119 541 2171 corporavit.
594 2119 711 2161 Hinc
737 2121 979 2172 promeruit

147 2173 349 2225 gloriam,
392 2187 524 2227 quam
559 2175 657 2228 ipsa
691 2176 978 2229 postmodum

148 2230 280 2272 auxit.
319 2231 454 2281 Ecce,
488 2231 565 2282 ait,
597 2244 653 2273 ex
683 2232 770 2274 hoc
800 2232 978 2274 beatam

148 2299 218 2328 me
237 2285 384 2329 dicent
404 2300 557 2329 omnes
576 2288 894 2338 generationes.

199 2354 249 2406 Rz.
291 2353 513 2395 Nativitas
546 2353 754 2404 gloriosae
786 2354 980 2405 Virginis

150 2407 299 2450 Mariae
319 2421 374 2450 ex
392 2409 559 2450 semine
573 2409 778 2459 Abrahae,
799 2415 909 2451 ortae
925 2409 980 2453 de

149 2463 267 2506 tribu
284 2465 413 2515 Juda,
439 2465 556 2506 clara
584 2478 639 2507 ex
664 2466 801 2517 stirpe
820 2465 980 2507 David:

147 2520 170 2545 *
202 2519 333 2572 Cuius
363 2521 454 2563 vita
485 2521 648 2574 inclyta
677 2526 858 2563 cunctas
886 2521 979 2562 illu-

150 2579 261 2616 strat
285 2576 504 2618 ecclesias.
537 2572 587 2625 V.
615 2577 761 2619 Hodie
785 2582 887 2619 nata
912 2582 980 2618 est

150 2630 281 2673 beata
315 2633 454 2684 Virgo
492 2633 630 2675 Maria
673 2647 727 2675 ex
769 2634 979 2686 progenie

150 2687 307 2730 David.
335 2689 477 2742 Cujus.

1350 269 1501 310 Lectio
1523 284 1559 310 v.

1145 337 1277 379 beata
1308 337 1460 387 Maria,
1496 338 1594 389 quis
1625 337 1706 379 tibi
1741 336 1870 388 digne

1146 393 1293 436 valeat
1321 394 1414 445 jura
1441 393 1681 444 gratiarum
1705 406 1758 435 ac
1782 393 1870 434 lau-

1037 450 1142 492 dum
1154 450 1380 502 praeconia
1394 449 1652 502 rependere,
1671 462 1770 502 quae
1787 450 1869 490 sin-

1035 506 1176 557 gulari
1201 511 1279 548 tuo
1307 507 1491 546 assensu
1510 505 1676 548 mundo
1697 519 1869 548 succur-

1035 563 1130 604 risti
1148 561 1348 615 perdito?
1377 562 1496 612 Quas
1514 562 1595 604 tibi
1614 561 1769 604 laudes
1788 563 1869 604 fra-

1035 619 1180 670 gilitas
1212 618 1391 660 humani
1426 619 1600 668 generis
1631 619 1871 670 persolvat,

1036 688 1136 727 quae
1170 674 1267 716 solo
1294 679 1371 716 tuo
1398 675 1666 716 commercio
1692 688 1870 728 recupe-

1035 731 1162 773 randi
1187 730 1355 772 aditum
1379 729 1567 772 invenit?
1600 731 1768 783 Accipe
1793 734 1869 773 ita-

1037 801 1122 840 que
1144 790 1447 840 quascumque
1467 787 1620 837 exiles,
1643 791 1871 839 quascum-

1037 857 1122 896 que
1141 843 1308 885 meritis
1324 843 1411 885 tuis
1426 845 1618 895 impares
1632 844 1871 894 gratiarum

1036 900 1247 942 actiones:
1277 904 1321 941 et
1348 912 1448 940 cum
1477 899 1727 952 susceperis
1756 905 1871 949 vota,

1036 956 1189 1009 culpas
1208 960 1384 997 nostras
1402 954 1574 997 orando
1591 959 1764 997 excusa.
1789 955 1874 997 Ad-

1034 1014 1160 1055 mitte
1188 1017 1364 1054 nostras
1393 1024 1550 1064 preces
1583 1012 1699 1054 intra
1728 1014 1870 1054 sacra-

1035 1069 1148 1110 rium
1176 1068 1470 1110 exauditionis
1480 1099 1502 1124 ‚‚
1516 1073 1561 1110 et
1588 1070 1770 1121 reporta
1797 1081 1870 1110 no-

1034 1125 1103 1167 bis
1122 1125 1371 1167 antidotum
1390 1124 1771 1166 reconciliationis.

1087 1193 1137 1245 Rz.
1162 1191 1273 1232 Cum
1291 1189 1561 1242 jucunditate
1580 1190 1870 1232 Nativitatem

1035 1247 1180 1289 beatae
1200 1247 1353 1288 Mariae
1378 1245 1666 1288 celebremus:
1683 1250 1705 1273 *
1731 1248 1790 1289 Ut
1808 1247 1868 1299 ip-

1035 1316 1084 1344 sa
1109 1316 1192 1356 pro
1219 1302 1349 1344 nobis
1375 1302 1620 1344 intercedat
1645 1302 1702 1344 ad
1722 1304 1869 1345 Domi-

1035 1373 1138 1400 num
1156 1360 1182 1400 J
1184 1372 1309 1401 esum
1331 1358 1565 1400 Christum.
1586 1357 1638 1409 V.
1660 1359 1806 1402 Corde
1826 1366 1870 1402 et

1035 1417 1181 1458 animo
1199 1416 1374 1457 Christo
1395 1417 1603 1457 canamus
1623 1416 1808 1467 gloriam
1827 1417 1869 1457 in

1034 1472 1117 1514 hac
1154 1485 1280 1514 sacra
1323 1471 1604 1513 solemnitate
1640 1474 1869 1525 praecelsae

1035 1529 1274 1571 Genitricis
1293 1528 1378 1570 Dei
1398 1528 1562 1570 Mariae.
1592 1529 1660 1571 Ut.

1335 1609 1489 1650 Lectio
1508 1610 1562 1649 vi.

1104 1672 1137 1712 it
1168 1684 1250 1724 per
1281 1677 1326 1712 te
1355 1671 1611 1713 excusabile
1641 1672 1762 1723 quod
1789 1685 1868 1724 per

1123 1733 1168 1769 te
1196 1728 1451 1778 ingerimus:
1483 1727 1561 1769 fiat
1588 1728 1867 1780 impetrabile

1035 1783 1156 1836 quod
1181 1783 1271 1824 fida
1296 1789 1442 1825 mente
1467 1784 1703 1836 poscimus.
1741 1785 1865 1826 Acci—

1032 1853 1089 1893 pe
1123 1839 1244 1892 quod
1279 1839 1519 1890 offerimus,
1548 1840 1716 1882 redona
1746 1841 1866 1893 quod

1033 1899 1259 1948 rogamUS,
1293 1900 1456 1938 excusa
1490 1897 1612 1949 quod
1644 1898 1866 1939 timemus:

1035 1953 1135 2005 quia
1159 1958 1208 1994 tu
1231 1965 1279 1994 es
1299 1966 1402 2005 spes
1422 1953 1552 1995 unica
1570 1956 1867 2006 peccatorum.

1032 2009 1118 2051 Per
1147 2014 1192 2051 te
1226 2011 1457 2062 speramus
1484 2010 1657 2051 veniam
1686 2009 1865 2051 delicto-

1033 2078 1139 2115 rum,
1160 2070 1203 2107 et
1221 2065 1264 2106 in
1284 2070 1328 2107 te
1345 2065 1601 2107 beatissima
1614 2068 1866 2108 nostrorum

1034 2127 1100 2163 est
1128 2121 1403 2174 exspectatio
1431 2122 1726 2174 praemiorum.
1763 2122 1865 2164 San·

1034 2182 1104 2219 cta
1131 2177 1285 2228 Maria,
1314 2181 1522 2219 succurre
1548 2179 1738 2228 miseris,
1766 2179 1865 2230 juva

1032 2234 1349 2286 pusillanimes,
1386 2234 1537 2275 refove
1569 2234 1755 2285 flebileS,
1787 2247 1866 2276 ora

1031 2302 1113 2342 pro
1146 2289 1332 2342 populo,
1371 2290 1588 2331 interveni
1617 2303 1701 2343 pro
1734 2290 1864 2340 clero,

1031 2345 1254 2387 intercede
1282 2358 1365 2398 pro
1394 2345 1559 2387 devoto
1585 2346 1774 2389 femineo
1799 2359 1863 2389 se-

1032 2415 1105 2442 xu:
1125 2401 1316 2443 sentiant
1336 2414 1489 2443 omnes
1508 2406 1632 2444 tuum
1650 2404 1863 2455 juvamen,

1033 2457 1300 2510 quicumque
1341 2457 1566 2500 celebrant
1607 2463 1730 2500 tuam
1769 2472 1862 2501 san—

1033 2518 1149 2555 ctam
1167 2513 1466 2555 Nativitatem.

1083 2579 1134 2630 R.
1175 2577 1395 2619 Nativitas
1429 2584 1506 2620 tua
1542 2580 1626 2622 Dei
1663 2579 1861 2621 Genitrix

1031 2635 1170 2685 Virgo
1213 2633 1421 2685 gaudium
1464 2636 1736 2677 annuntiavit
1771 2635 1861 2675 uni·

1030 2692 1160 2732 verso
1185 2690 1366 2731 mundo:
1384 2686 1409 2712 *
1432 2692 1499 2732 Ex
1526 2697 1570 2734 te
1597 2692 1711 2733 enim
1737 2695 1860 2732 ortus
