2040 2944
667 187 707 221 Β.
730 187 864 221 Mariae
887 187 931 220 V.
959 187 1005 220 dc
1030 187 1317 221 Consolatione.

1756 177 1848 222 [259]
1888 138 1891 139 ⁷

134 280 236 322 stris
256 278 478 321 delectare
501 277 720 329 laudibus,
745 281 767 303 *
794 278 964 329 Quibus

1073 281 1109 319 3.
1131 277 1303 320 Justitia
1321 278 1345 303 *
1361 275 1581 326 cingulum
1599 273 1847 316 lumborum

133 335 300 387 indigni
317 334 436 377 omni
455 339 500 376 te
517 333 649 376 laude
665 334 965 386 dignissimam
1017 336 1119 386 ejus,
1132 340 1176 377 et
1186 333 1298 375 fides
1309 332 1570 374 cinctorium
1580 344 1734 373 renum
1745 331 1848 382 ejus.

134 391 447 434 collaudamus,
479 388 529 439 V.
539 391 678 432 Aufer
697 404 722 432 a
741 391 871 433 nobis
889 391 964 432 ini-

135 449 327 502 quitates
345 453 532 498 nostras,
551 452 600 489 ut
620 447 740 499 digni
758 450 965 490 canamus

133 505 214 548 tibi
232 505 386 557 gloriae
404 504 557 546 melos.
585 504 765 556 Quibus.

420 566 574 607 Lectio
595 566 680 606 viii.

136 618 299 725 Nam
317 630 462 671 neque
480 631 579 660 cum
596 618 682 660 hoc
701 623 800 660 ante
820 617 865 658 in
883 617 966 658 Ev-

263 674 435 726 angelio
481 676 751 725 narraretur,
801 674 966 717 dictum

134 737 216 782 est,
250 731 437 774 credidit
464 731 605 772 infans
637 731 681 772 in
708 735 835 773 utero
864 731 966 783 ejuS,

134 789 229 840 sed,
258 788 512 839 exsultavit;
543 801 687 840 neque
716 789 814 841 ipsa
842 786 967 830 dixit:

135 846 370 889 exsultavit
397 846 442 886 in
468 845 556 887 fide
589 845 731 886 infans
763 845 807 885 in
839 847 966 886 utero

133 915 244 954 me0,
264 901 355 952 sed,
375 901 613 944 exsultavit
631 902 676 942 in
689 900 864 953 gaudio.
893 901 967 943 Vi-

135 960 289 1003 demus
323 964 470 1001 autem
507 959 844 1001 exsultationem
880 970 967 999 non

135 1017 277 1059 solum
299 1015 602 1069 parvulorum,
620 1015 710 1057 'sed
737 1015 868 1057 etiam
893 1017 965 1067 pe-

135 1086 304 1124 corum;
329 1085 418 1114 non
441 1072 594 1124 utique
615 1071 671 1114 de
696 1071 842 1123 aliqua
866 1071 966 1122 fide,

134 1130 205 1172 vel
228 1129 451 1181 religione,
475 1129 547 1171 vel
571 1128 879 1181 qualicumque
901 1142 965 1170 ra-

134 1186 287 1229 tionali
312 1186 562 1237 cognitione
588 1185 846 1227 venientem.
879 1184 966 1226 Sed

135 1243 232 1285 haec
254 1243 385 1296 plane
410 1242 619 1284 inusitata
639 1247 684 1284 et
701 1254 818 1283 nova
838 1242 965 1283 exsti-

134 1300 198 1350 tit,
219 1300 321 1352 quia
338 1300 383 1340 in
397 1302 536 1350 utero,
556 1304 600 1341 et
619 1298 676 1340 ad
695 1299 787 1350 ejus
807 1298 964 1340 adven-

135 1362 247 1406 tum,
293 1369 392 1409 quae
429 1355 656 1397 hominum
691 1355 965 1397 Salvatorem

135 1413 277 1455 fuerat
295 1412 503 1466 paritura.
532 1411 641 1454 Ideo
660 1412 780 1461 mira,
799 1411 901 1453 ideo
922 1412 965 1452 in

134 1469 303 1521 magnis
318 1469 452 1521 signis
464 1468 733 1522 deputanda:
747 1467 857 1510 Ideo
869 1468 965 1510 haec

135 1526 381 1576 exsultatio,
408 1530 451 1568 et
474 1531 700 1578 tamquam
724 1525 853 1567 matri
875 1525 963 1567 Do-

134 1583 239 1624 mini
270 1582 444 1625 reddita
475 1582 723 1632 resultatio,
757 1582 868 1623 sicut
897 1595 964 1623 so—

134 1639 226 1682 lent
242 1639 452 1681 miracula
471 1639 576 1690 fieri,
595 1639 711 1682 facta
730 1643 797 1680 est
812 1638 964 1680 divini-

135 1701 205 1738 tus
232 1696 277 1737 in
302 1696 484 1747 infante,
514 1708 604 1738 non
629 1695 880 1738 humanitus
908 1694 964 1737 ab

134 1753 310 1795 infante.

187 1814 236 1865 R».
260 1810 395 1863 Porta
420 1809 520 1851 coeli
545 1814 589 1851 et
613 1808 741 1850 stella
765 1808 897 1850 maris
917 1821 964 1850 es

135 1865 274 1916 Virgo
297 1866 447 1915 Maria,
473 1865 610 1916 Regis
636 1865 789 1907 aeterni
814 1869 964 1915 mater,

134 1927 285 1973 gratos
308 1935 388 1964 nos
409 1921 547 1964 redde
571 1921 662 1963 filio
689 1926 785 1963 tuo:
805 1928 827 1951 *
853 1921 965 1972 Quia

135 1979 275 2020 omnis
289 1979 438 2029 virtus,
458 1985 502 2021 et
522 1978 667 2029 decor,
688 1983 731 2020 et
750 1977 890 2029 gloria
910 1990 965 2019 ex

134 2040 178 2077 te
204 2035 468 2088 resplendet.
503 2034 554 2085 V.
583 2035 653 2076 Tu
677 2035 816 2076 veniae
842 2047 963 2084 vena,

133 2097 180 2134 tu
213 2092 366 2143 gratiae
397 2097 553 2142 mater,
583 2097 632 2134 tu
663 2104 766 2144 spes
796 2090 963 2141 mundi3

134 2148 294 2190 exaudi
318 2161 398 2190 nos
418 2149 658 2190 clamantes
678 2147 735 2190 ad
753 2153 809 2190 te.
842 2147 963 2197 Quia.

137 2204 288 2246 Gloria
307 2205 437 2246 Patri.
465 2205 588 2255 Quia.

184 2263 284 2296 Lect.
303 2262 351 2295 ix.
377 2264 423 2296 de
450 2262 620 2297 Homilia
638 2263 789 2298 Domin.
816 2275 958 2298 occurr.

400 2324 479 2364 Ad
501 2324 698 2366 Laudes

338 2389 357 2413 e
374 2384 388 2412 t
426 2390 450 2422 p
469 2390 488 2414 e
506 2391 524 2414 r
560 2381 597 2414 H
615 2391 637 2415 o
656 2392 674 2415 r
690 2392 711 2415 a
729 2392 756 2415 s.

185 2431 285 2471 Ant.
313 2432 343 2470 1.
391 2429 513 2473 Odor
546 2431 907 2471 vestimentorum
938 2430 961 2455 *

134 2488 309 2527 tuorum
337 2487 450 2528 sicut
478 2486 591 2528 odor
618 2486 769 2527 thuris.

186 2543 254 2582 Ps.
283 2543 496 2584 Dominus
517 2543 726 2594 regnavit.
745 2542 804 2583 15.

183 2600 221 2639 2.
244 2599 429 2650 Cingulo
451 2613 532 2641 suo
547 2602 570 2627 *
586 2597 851 2640 confortavit
870 2609 962 2645 nos,

135 2659 179 2695 et
196 2657 464 2706 potestatem
483 2668 608 2697 suam
628 2654 751 2697 dedit
771 2654 815 2693 in
831 2665 962 2694 manu

134 2715 296 2753 nostra.

1074 398 1111 435 4.
1138 394 1323 447 Myrrha,
1343 399 1387 435 et
1406 397 1541 445 gutta,
1567 394 1590 420 *
1617 397 1661 434 et
1685 392 1804 433 casia
1823 404 1849 432 a

1016 451 1288 494 vestimentis
1307 451 1405 492 tuis.

1073 515 1109 553 ἴ).
1134 513 1331 554 Sentiens
1351 511 1713 553 vestimentorum
1732 509 1847 551 illius

1018 570 1041 595 *
1052 569 1347 621 fragrantiam,
1355 567 1580 610 benedixit
1590 566 1718 608 nobis
1726 566 1848 608 Deus

1018 631 1181 668 noster.

1099 691 1359 742 Capitulum.
1580 691 1702 731 Isaiae
1723 692 1772 730 11.

1101 750 1324 801 gredietur
1339 750 1460 801 virga
1477 749 1531 791 de
1550 747 1698 790 radice
1712 749 1738 789 J
1740 761 1848 797 esse,

1118 812 1161 849 et
1179 807 1263 849 flos
1284 806 1339 848 de
1355 806 1504 848 radice
1523 806 1613 857 ejus
1629 805 1848 847 ascendet.

1019 864 1076 905 Et
1102 864 1350 916 requiescet
1378 875 1510 916 super
1542 875 1642 904 eum
1669 862 1848 915 spiritus

1019 920 1209 962 Domini.

1331 980 1540 1030 Hymnus.

1178 1038 1371 1089 gloriosa
1391 1036 1617 1087 virginum,

1199 1094 1405 1136 Sublimis
1424 1094 1538 1134 inter
1557 1092 1710 1140 sidera,

1123 1151 1207 1201 Qui
1224 1156 1268 1193 te
1289 1150 1465 1200 creavit,
1484 1148 1716 1201 parvulum

1121 1207 1332 1248 Lactente
1352 1206 1491 1247 nutris
1510 1204 1656 1246 ubere.

1075 1271 1204 1325 Quod
1223 1273 1349 1314 Heva
1369 1271 1505 1312 tristis
1526 1269 1716 1318 abstulit,

1122 1329 1191 1369 Tu
1210 1328 1358 1370 reddis
1379 1327 1493 1368 almo
1512 1326 1722 1377 germine:

1121 1385 1291 1427 Intrent
1307 1389 1356 1426 ut
1375 1389 1492 1425 astra
1513 1382 1692 1431 flebiles,

1122 1442 1232 1483 Coeli
1251 1440 1443 1483 recludis
1463 1439 1674 1481 cardines.

1072 1511 1137 1551 Tu
1156 1508 1272 1559 regis
1291 1507 1368 1550 alti
1386 1508 1524 1559 janua,

1120 1565 1178 1606 Et
1196 1564 1294 1605 aula
1313 1564 1423 1605 lucis
1443 1561 1623 1613 fulgida:

1120 1621 1270 1663 Vitam
1290 1620 1439 1662 datam
1457 1632 1537 1672 per
1555 1618 1783 1669 Virginem

1121 1678 1287 1720 Gentes
1306 1676 1548 1728 redemptae
1569 1673 1777 1727 plandite.

1069 1748 1093 1787 J
1094 1756 1181 1793 esu,
1201 1742 1282 1784 tibi
1300 1741 1356 1783 sit
1375 1739 1526 1791 gloria,

1120 1799 1205 1850 Qui
1222 1803 1350 1840 natus
1371 1810 1417 1839 es
1438 1795 1493 1838 de
1512 1795 1707 1846 Virgine,

1121 1856 1231 1897 Cum
1248 1855 1389 1903 Patre,
1409 1858 1452 1896 et
1472 1853 1586 1894 almo
1606 1851 1771 1903 Spiritu

1119 1913 1171 1953 In
1195 1911 1461 1964 sempiterna
1485 1908 1657 1950 saecula.
1692 1907 1844 1948 Amen.

1070 1973 1120 2024 V.
1150 1972 1393 2015 Benedicta
1423 1976 1471 2013 tu
1505 1970 1548 2010 in
1579 1967 1844 2010 mulieribus.

1016 2034 1067 2084 R.
1076 2031 1133 2071 Et
1143 2029 1401 2072 benedictus
1414 2027 1580 2068 fructus
1592 2025 1757 2066 ventris
1768 2025 1843 2066 tui.

1069 2093 1139 2135 Ad
1168 2094 1331 2135 Bened.
1377 2095 1475 2134 Ant.
1513 2093 1618 2141 Quae
1652 2090 1719 2127 eSt
1749 2085 1843 2135 ista,

1016 2160 1116 2199 quae
1140 2145 1336 2188 ascendit
1357 2145 1469 2186 sicut
1488 2145 1646 2185 aurora
1665 2145 1842 2184 consur-

1014 2216 1133 2254 gens,
1151 2201 1336 2256 pulchra
1350 2206 1398 2243 ut
1416 2201 1528 2250 luna,
1547 2200 1686 2241 electa
1700 2203 1748 2240 ut
1765 2198 1843 2248 sol,

1014 2259 1221 2302 terribilis
1244 2263 1292 2300 ut
1317 2259 1562 2299 castrorum
1588 2255 1704 2297 acies
1729 2254 1841 2297 ordi-

1015 2315 1142 2358 nata?

1350 2370 1511 2410 Oratio.
1838 2375 1843 2385 ¹

1014 2427 1246 2533 Domine
1270 2427 1374 2468 Jesu
1401 2425 1588 2474 Christe,
1616 2429 1743 2477 pater
1766 2424 1841 2465 mi-

1131 2482 1470 2525 sericordiarum
1495 2486 1539 2523 et
1561 2481 1682 2523 Deus
1705 2483 1840 2523 totius

1001 2563 1004 2567 «
1015 2539 1328 2582 consolationis
1339 2555 1346 2579 :
1380 2536 1574 2580 concede
1605 2537 1839 2590 propitius;

1014 2602 1062 2638 ut
1087 2596 1200 2638 sicut
1222 2594 1395 2637 lumbos
1419 2594 1646 2647 praecincti
1664 2591 1838 2645 purissi—

1014 2665 1130 2693 mam
1146 2651 1414 2693 Genitricem
1427 2656 1547 2692 tuam
1559 2650 1742 2691 Mariam
1756 2646 1837 2688 sub

1015 2707 1328 2750 consolationis
1354 2707 1481 2749 titulo
1505 2705 1744 2758 gaudentes
1768 2715 1836 2744 ve-
