2040 2944
217 212 260 247 18
829 213 1031 248 Dominica
1057 212 1106 245 ad
1131 210 1293 245 Laudes.

262 321 322 353 Sic
375 316 626 359 respondetur
673 314 708 346 in
754 312 825 345 linc
865 310 1033 344 omnium

218 368 488 410 (Iapitulorum.

272 430 329 461 Ab
354 428 495 460 Octava
524 424 669 456 l'cntcc.
702 432 821 463 usquc
852 419 899 452 ad
926 419 1033 452 Dom.

221 475 487 520 proximiorem
517 470 702 504 Kalendis
728 468 915 503 octobris.

524 541 730 590 Hymnus.

299 610 373 638 cce
395 597 475 647 jam
496 596 636 636 noctis
655 597 856 636 tenuatur
871 593 1034 641 umbra,

334 653 427 693 Lux
464 657 506 693 et
543 653 711 692 aurOrae
749 650 927 692 rutilans
964 662 1033 691 co-

471 711 633 748 ruscat:

216 764 443 817 Supplices
462 777 604 805 rerum
623 763 857 804 Dominum
875 764 1035 804 canora

369 821 492 861 Voce
519 822 765 872 precemur:

272 897 322 935 l't
337 906 436 934 reos
451 893 593 945 culpae
608 893 847 942 miseratus,
862 905 1034 934 omnem

215 950 353 991 Pellat
381 951 598 1003 angOrem,
625 949 787 990 tribuat
815 949 1008 998 salutem,

216 1007 361 1047 Donet
391 1011 433 1046 et
462 1005 587 1046 nobis
615 1005 730 1047 bona
759 1006 1033 1058 sempiternae

368 1061 547 1102 Munera
574 1062 705 1114 pacis.

275 1136 451 1176 l'raestet
474 1134 558 1175 hoc
581 1135 707 1176 nobis
731 1136 882 1176 Deitas
906 1135 1033 1177 beata

215 1191 365 1239 Patris,
389 1203 439 1231 ac
461 1191 572 1241 Nati,
595 1192 844 1243 pariterque
871 1193 1007 1232 sancti

214 1247 409 1298 Spiritus,
429 1248 548 1298 cujus
569 1249 744 1289 resonat
763 1261 842 1300 per
861 1261 1033 1289 omnem

371 1302 518 1343 Gloria
547 1303 765 1345 mundum.
818 1304 969 1346 Amen.

272 1383 300 1413 A
345 1381 540 1414 Dominica
583 1381 805 1422 proximiori
848 1381 1035 1415 Kalendis

219 1429 397 1462 Octobris
425 1440 542 1471 usquc
568 1429 617 1462 ad
643 1429 868 1463 Adventum.

522 1502 561 1539 H
565 1515 663 1552 ymn
669 1515 728 1541 us.

347 1579 467 1619 terne
486 1591 629 1619 rerum
651 1579 872 1629 Conditor,

366 1633 552 1675 Noctem
572 1634 773 1687 diemque
794 1637 864 1688 qui
887 1638 1012 1686 regis,

267 1690 321 1730 Et
341 1691 586 1742 temporum
607 1691 685 1732 das
704 1694 914 1745 tempora,

267 1745 324 1786 Ut
343 1745 503 1787 alleves
522 1747 753 1789 fastidium.

223 1817 441 1859 Nocturna
460 1819 533 1859 lux
553 1820 770 1861 viantibus

268 1874 305 1913 A
328 1880 454 1916 nocte
474 1880 647 1916 noctem
667 1878 911 1926 segregans,

267 1931 419 1971 Praeco
439 1930 522 1972 diei
541 1932 624 1982 jam
645 1938 782 1981 sonat,

268 1986 291 2026 J
295 1986 490 2039 ubarque
509 1988 614 2029 solis
633 1989 796 2030 evocat.

226 2059 317 2099 lloc
337 2059 549 2101 excitatus
567 2060 742 2103 Lucifer

267 2114 404 2156 Solvit
423 2115 572 2167 polum
592 2117 787 2167 caligine:

269 2171 367 2211 Hoc
386 2171 524 2212 omnis
545 2176 749 2216 errdnum
768 2176 926 2217 cohors

270 2227 397 2267 Viam
416 2228 598 2270 nocendi
619 2229 789 2273 deserit.

225 2300 316 2340 lloc
336 2306 464 2342 nauta
484 2301 597 2343 vires
617 2304 792 2355 colligit,

270 2356 483 2409 Pontique
501 2358 734 2402 mitescunt
753 2362 877 2404 freta:

271 2412 379 2461 Hoc,
398 2413 491 2465 ipsa
510 2420 635 2467 petra
654 2417 873 2466 Ecclesiae,

271 2468 472 2519 Canente‚
493 2471 664 2524 culpam
685 2473 819 2516 diluit.

221 2540 455 2590 Surgamus
475 2556 579 2593 ergo
599 2547 786 2588 strenue:

271 2597 422 2639 Gallus
442 2599 630 2649 jacentes
650 2603 820 2652 excitat,

272 2653 326 2694 Et
349 2655 645 2697 somnolentos
665 2660 868 2711 increpat,

271 2709 422 2761 Gallus
442 2714 648 2760 negantes
669 2716 818 2763 arguit.

1089 298 1215 339 Gallo
1236 299 1419 338 canente
1438 309 1541 348 spes
1561 295 1686 344 redit,

1138 354 1285 403 AEgris
1305 353 1423 394 salus
1443 351 1698 402 refunditur,

1138 411 1290 452 Mucro
1310 410 1493 451 latronis
1513 407 1728 457 conditur,

1138 467 1295 520 Lapsis
1314 466 1425 508 fides
1444 465 1688 507 revertitur.

1090 542 1190 579 Jesu
1210 536 1409 577 labantes
1428 535 1609 587 respice,

1140 594 1195 634 Et
1213 605 1294 633 nos
1314 590 1504 633 videndo
1525 591 1710 641 corrige:

1138 650 1183 691 Si
1202 648 1395 702 respicis,
1414 647 1536 689 labes
1557 647 1729 696 cadunt,

1139 707 1354 758 Fletuque
1375 704 1503 757 culpa
1524 703 1719 745 solvitur.

1089 778 1154 817 Tu
1173 775 1247 816 lux
1268 774 1433 825 refulge
1453 773 1665 823 sensibus,

1139 832 1386 883 Mentisque
1407 843 1609 871 somnum
1629 829 1815 871 discute:

1138 889 1203 930 Te
1223 893 1375 929 nostra
1396 899 1481 928 vox
1501 886 1691 940 primum
1710 891 1848 936 sonet,

1139 945 1195 986 Et
1214 949 1318 985 vota
1338 943 1561 985 solvamus
1580 942 1669 984 tibi.

1089 1018 1185 1056 Deo
1204 1013 1325 1055 Patri
1344 1013 1400 1054 sit
1418 1012 1569 1063 gldria,

1138 1071 1331 1122 Ejusque
1352 1069 1435 1111 soli
1453 1069 1577 1119 Filio,

1139 1128 1249 1168 Cum
1267 1126 1432 1179 Spiritu
1451 1125 1682 1175 Paraclito,

1136 1184 1275 1233 Nunc,
1295 1188 1339 1225 et
1357 1195 1437 1235 per
1457 1195 1585 1224 omne
1605 1181 1827 1224 saeculum.

1345 1239 1498 1281 Amen.

1146 1307 1226 1347 l‘er
1246 1308 1430 1346 Annum.
1464 1300 1515 1352 y,
1528 1303 1746 1345 Deminus
1766 1305 1917 1353 regna-

1085 1362 1161 1410 vit,
1187 1361 1394 1402 decorem
1412 1360 1562 1402 induit.
1595 1363 1642 1414 R.
1664 1359 1812 1401 Induit
1829 1360 1918 1400 Do-

1086 1418 1228 1458 minus
1260 1416 1580 1467 fortitudinem,
1613 1421 1657 1459 et
1688 1416 1920 1469 praecinxit

1086 1487 1133 1516 se
1154 1474 1325 1515 virtute,

1265 1553 1490 1594 Canticum
1512 1552 1750 1593 Zachariae.

1394 1622 1510 1656 Luczc
1537 1622 1564 1656 1.
1589 1632 1622 1665 g.

1085 1676 1393 1782 Benedictus
1408 1680 1625 1721 D6minus
1635 1680 1758 1722 Deus
1771 1679 1920 1729 Israel,

1184 1738 1207 1763 *
1228 1738 1330 1790 quia
1344 1737 1548 1786 visitavit,
1568 1741 1612 1778 et
1631 1736 1735 1778 fecit
1751 1736 1918 1779 redem-

1086 1795 1282 1846 ptit'mem
1302 1793 1444 1846 plebis
1465 1806 1572 1834 suae:

1138 1855 1195 1896 Et
1220 1855 1358 1896 erexit
1386 1867 1522 1895 cornu
1550 1853 1704 1895 salutis
1729 1852 1872 1895 nobis:
1895 1854 1919 1879 *

1086 1911 1130 1951 in
1149 1911 1282 1952 domo
1301 1910 1447 1952 David
1465 1910 1591 1963 pueri
1610 1909 1688 1951 sui.

1138 1972 1259 2014 Sicut
1282 1971 1456 2013 locutus
1483 1976 1550 2013 est
1573 1983 1654 2024 per
1677 1983 1728 2012 os
1749 1972 1919 2012 sancto-

1087 2041 1198 2077 rum,
1217 2029 1240 2054 *
1262 2029 1335 2080 qui
1358 2041 1383 2069 a
1407 2027 1572 2069 saeculo
1593 2032 1708 2077 sunt,
1731 2027 1919 2080 prophe-

1087 2086 1230 2125 tarum
1250 2085 1355 2136 ejus:

1139 2145 1334 2186 Salutem
1358 2158 1413 2186 ex
1435 2145 1621 2186 inimicis
1640 2145 1814 2194 nostris,
1833 2145 1857 2171 *
1877 2149 1921 2187 et

1089 2200 1143 2242 de
1159 2214 1289 2242 manu
1305 2201 1509 2251 omnium,
1530 2201 1605 2253 qui
1621 2200 1810 2243 oderunt
1824 2214 1920 2242 nos:

1136 2261 1812 2304 Adfaciendammisericordiam
1820 2275 1919 2303 cum

1088 2317 1287 2369 patribus
1301 2319 1480 2359 nostris:
1499 2319 1522 2343 *¹
1542 2323 1586 2360 et
1604 2318 1841 2360 memorari
1859 2323 1920 2360 te-

1090 2375 1293 2415 stamenti
1313 2375 1379 2415 sui
1398 2375 1548 2416 sancti.

1140 2435 1164 2474 J
1167 2434 1468 2486 usjumindum,
1514 2435 1634 2487 quod
1670 2435 1828 2487 juravit
1864 2434 1920 2476 ad

1090 2490 1314 2532 Abraham
1333 2496 1504 2543 patrem
1524 2496 1735 2541 nostrum,
1753 2492 1777 2518 *
1797 2491 1920 2533 datu-

1090 2559 1185 2587 rum
1204 2559 1251 2588 se
1270 2547 1412 2589 nobis:

1142 2607 1200 2648 Ut
1224 2608 1316 2649 sine
1344 2608 1518 2658 timore,
1547 2608 1602 2650 de
1629 2621 1761 2649 manu
1784 2608 1919 2648 inimi-

1091 2665 1508 2760 corurrlilnostromm
1524 2664 1707 2713 liberati,
1722 2665 1746 2690 *
1762 2665 1920 2706 servia-

1091 2732 1187 2759 mus
1205 2733 1217 2759 1
1252 2734 1276 2759 1.
