2040 2944
179 170 252 205 430

235 263 285 314 Y.
336 265 487 305 Justus
538 269 586 305 ut
634 265 782 317 palma
827 265 1014 306 florebit.

181 324 232 374 R».
271 321 391 362 Sicut
424 318 583 361 cedrus
616 321 773 362 Libani
806 321 1013 374 multipli-

181 377 364 419 cabitur.

234 439 398 479 Oratio.
431 438 609 487 Praesta,
630 440 894 490 quaesumus.
920 438 1013 478 422.

448 520 517 556 Ad
534 519 745 557 Tertiam.

233 580 331 619 Ant.
362 576 562 618 Domine.

232 644 370 695 Capit.
401 643 517 684 Ecce
539 641 761 683 sacerdos.
789 643 884 683 429.

231 710 280 758 Κ.
306 709 366 749 br.
399 706 578 748 Amavit
605 719 705 748 eum
730 706 962 755 Dominus,
988 709 1010 731 *

176 763 233 804 Et
260 763 433 804 ornavit
458 776 568 804 eum.
605 763 796 804 Amavit.
837 756 890 808 V.
915 763 1011 805 Sto-

175 820 263 860 lam
282 819 434 870 gloriae
455 818 596 861 induit
615 832 725 861 eum.
755 820 823 860 Et.
859 819 1012 861 Gloria

176 876 306 917 Patri.
334 876 524 917 Amavit.

230 935 281 985 Y.
316 937 462 989 Elegit
495 950 595 979 eum
622 938 840 979 Dominus
870 950 1010 979 sacer-

175 991 327 1035 dotem
355 993 449 1035 sibi.
493 994 543 1034 R.
571 993 645 1036 Ad
674 993 1010 1036 sacrificandum

175 1049 215 1091 ei
234 1049 425 1091 hostiam
445 1050 599 1092 laudis.

455 1136 522 1173 Ad
546 1137 734 1174 Sextam.

233 1197 330 1237 Ant.
359 1197 395 1235 Ο
414 1194 556 1235 virum
574 1195 853 1237 ineffabilem.

235 1262 497 1313 Capitulum.
694 1263 825 1303 Eccli.
843 1263 909 1302 44.
927 1274 959 1301 c.

173 1319 328 1425 Non
349 1329 415 1366 est
436 1325 639 1366 inventus
657 1325 810 1366 similis
830 1324 907 1374 illi,
935 1325 1009 1377 qui

301 1383 584 1423 conservaret
630 1381 774 1432 legem
817 1381 1009 1423 Excelsi:

174 1438 276 1478 ideo
296 1436 574 1489 jurejurando
595 1437 699 1479 fecit
718 1438 841 1479 illum
859 1438 1009 1479 Domi—

174 1507 256 1535 nus
277 1496 475 1535 crescere
494 1494 538 1535 in
557 1494 734 1546 plebem
754 1508 890 1536 suam.

230 1560 281 1611 R.
297 1559 359 1599 br.
377 1559 522 1610 Elegit
541 1571 641 1600 eum
654 1560 872 1601 Dominus
897 1559 920 1583 *
935 1560 1008 1601 Sa-

174 1614 402 1657 cerdotem
430 1615 523 1657 sibi.
563 1615 718 1667 Elegit.
762 1609 812 1661 V.
842 1616 916 1658 Ad
943 1629 1008 1658 sa-

174 1671 461 1713 crificandum
482 1672 522 1714 ei
543 1671 734 1714 hostiam
752 1673 906 1715 laudis.
934 1674 1007 1715 Sa-

174 1727 413 1770 cerdotem.
445 1728 595 1770 Gloria
614 1729 748 1770 Patri.
774 1729 931 1780 Elegit.

228 1784 278 1835 V.
308 1788 378 1830 Tu
406 1801 453 1830 es
479 1789 690 1831 sacerdos
714 1790 758 1830 in
782 1792 1007 1832 aeternum.

173 1846 227 1942 ἓν.
257 1843 515 1942 ISecundum
546 1845 747 1888 ordinem
778 1846 1007 1889 Melchise-

204 1914 255 1943 ec
288 1933 296 1942 .

450 1971 519 2008 Ad
542 1973 728 2009 Nonam.

230 2037 328 2077 Ant.
359 2038 572 2080 Martinus
590 2038 786 2080 Abrahae
806 2039 915 2080 sinu.

228 2103 488 2154 Capitulum.
691 2105 823 2146 Eceli.
840 2106 907 2145 45.
923 2118 957 2145 c.

259 2167 364 2218 ungi
384 2167 649 2219 sacerdotio,
671 2174 714 2211 et
732 2168 897 2211 habere
916 2169 1006 2210 lau-

266 2221 367 2264 dem
386 2224 430 2264 in
449 2225 626 2267 nomine
646 2225 796 2278 ipsius,
817 2229 861 2267 et
880 2225 1006 2266 offer-

172 2291 219 2319 re
239 2278 300 2319 illi
319 2279 546 2322 incensum
565 2281 746 2333 dignum
761 2282 805 2323 in
821 2281 1007 2324 odorem

173 2334 413 2377 suavitatis.

227 2402 277 2452 R.
299 2401 361 2442 br.
379 2400 449 2442 Tu
469 2414 516 2443 es
536 2404 747 2445 sacerdos
767 2404 789 2427 *
809 2405 862 2445 In
881 2406 1006 2446 aeter-

171 2469 287 2498 num.
328 2457 408 2498 Tu.
454 2452 503 2503 V.
527 2459 779 2502 Secundum
805 2460 1006 2502 ordinem

171 2512 509 2555 Melchisedech.
529 2515 590 2556 In.
613 2516 766 2558 Gloria
775 2518 906 2559 Patri.
925 2518 1005 2559 Tu.

227 2569 277 2620 V.
294 2573 319 2614 J
321 2578 468 2614 ustum
488 2574 674 2619 deduxit
688 2578 906 2619 Dominus
925 2591 1006 2630 per

172 2629 265 2671 vias
284 2635 439 2671 rectas.
479 2632 527 2683 R.
554 2632 609 2673 Et
636 2633 828 2676 ostendit
851 2634 913 2675 illi
940 2646 1004 2675 re-

171 2698 306 2736 gnum
325 2686 420 2728 Dei.

600 170 669 203 Dic
697 170 743 203 11.
770 169 868 203 Nov.
916 170 951 203 S.
977 169 1131 203 Martini
1159 170 1286 213 Episc.
1312 175 1349 204 ct
1374 171 1481 205 Conf.

1278 268 1340 308 In
1358 269 1419 310 11.
1437 268 1690 320 vesperis.

1127 336 1211 370 Ant.
1231 336 1277 370 de
1297 335 1508 377 Laud.429;
1534 335 1595 369 Ps.
1619 339 1660 369 ut
1682 335 1720 369 in
1737 335 1764 370 Ι.
1782 335 1900 379 Vesp.

1069 385 1346 467 glotigommuni
1371 384 1654 428 Apostolorum
1674 383 1722 427 [2]
1753 389 1789 418 et
1813 385 1900 419 loco

1336 488 1537 528 Psalmus
1558 488 1636 527 131.

1069 548 1347 653 Memento
1379 551 1569 593 Domine
1603 551 1766 603 David,
1798 554 1822 580 *
1855 559 1899 595 et

1196 609 1338 649 omnis
1356 608 1708 651 mansuetudinis
1728 610 1834 661 ejus:

1116 669 1238 711 Sicut
1266 669 1424 721 juravit
1450 669 1664 721 Domino,
1692 672 1716 698 *
1744 675 1898 713 votum

1064 726 1187 768 vovit
1204 726 1303 768 Deo
1323 726 1481 768 Jacob:

1115 787 1160 828 Si
1179 787 1390 830 introiero
1410 788 1453 828 in
1470 788 1805 830 tabernaculum
1821 788 1897 830 do·

1063 855 1160 884 mus
1175 856 1299 893 meae,
1315 845 1339 871 *
1359 844 1395 885 si
1415 844 1658 887 ascendero
1674 845 1718 886 in
1733 845 1897 887 lectum

1064 900 1191 942 strati
1210 901 1311 942 mei:

1115 956 1160 997 Si
1186 955 1353 999 dedero
1378 970 1581 999 somnum
1609 959 1749 1000 oculis
1776 959 1896 1010 meis,

1063 1012 1086 1038 *
1123 1018 1167 1055 et
1203 1013 1430 1066 palpebris
1471 1016 1582 1056 meis
1623 1015 1895 1059 dormitatio-

1063 1081 1178 1110 nem:

1114 1127 1171 1168 Et
1212 1128 1410 1180 requiem
1449 1129 1727 1182 temporibus
1769 1129 1896 1172 meis:

1063 1184 1207 1226 donec
1229 1185 1449 1226 inveniam
1474 1185 1622 1227 locum
1644 1186 1849 1236 Domino,
1872 1187 1896 1213 *

1063 1241 1397 1283 tabernaculum
1419 1242 1518 1284 Deo
1538 1242 1688 1284 Jacob.

1115 1297 1232 1339 Ecce
1248 1296 1496 1340 audivimus
1512 1312 1609 1341 eam
1623 1299 1668 1340 in
1682 1299 1896 1352 Ephrata:

1062 1354 1085 1379 *
1104 1354 1349 1396 invenimus
1370 1368 1467 1397 eam
1485 1355 1530 1396 in
1549 1357 1717 1409 campis
1737 1357 1871 1398 silvae.

1114 1415 1401 1458 Introibimus
1459 1417 1503 1458 in
1561 1417 1897 1460 tabernaculum

1063 1472 1171 1523 ejus:
1206 1474 1230 1499 *
1267 1471 1552 1515 adorabimus
1584 1473 1629 1514 in
1662 1474 1785 1524 loco,
1821 1474 1896 1516 ubi

1062 1531 1281 1571 steterunt
1299 1529 1438 1582 pedes
1459 1531 1562 1582 ejus.

1114 1590 1252 1641 Surge
1271 1590 1462 1632 Domine
1485 1591 1529 1631 in
1547 1591 1746 1644 requiem
1763 1597 1896 1642 tuam,

1062 1646 1085 1670 *
1104 1651 1153 1688 tu
1173 1651 1217 1688 et
1236 1660 1339 1688 arca
1359 1647 1720 1689 sanctificationis
1738 1653 1839 1690 tuae.

1114 1707 1379 1750 Sacerdotes
1412 1709 1477 1751 tui
1511 1710 1750 1752 induantur
1777 1711 1895 1762 iusti-

1061 1763 1186 1806 tiam:
1205 1766 1228 1791 *
1248 1770 1293 1807 et
1312 1766 1454 1807 sancti
1471 1766 1537 1808 tui
1556 1766 1790 1809 exsultent.

1113 1825 1304 1878 Propter
1326 1826 1475 1869 David
1502 1840 1679 1870 servum
1703 1833 1845 1878 tuum,
1871 1828 1895 1854 *

1060 1895 1149 1924 non
1169 1884 1345 1925 avertas
1364 1883 1524 1926 faciem
1545 1884 1710 1927 Christi
1727 1885 1803 1927 tui.

1112 1943 1286 1986 Juravit
1314 1946 1531 1988 Dominus
1561 1946 1708 1989 David
1737 1946 1894 1989 verita-

1060 2004 1161 2050 tem,
1182 2006 1226 2043 et
1244 2014 1334 2043 non
1353 2002 1635 2045 frustrabitur
1654 2005 1767 2046 eam:
1789 2003 1814 2029 *
1838 2003 1894 2045 de

1059 2056 1205 2098 fructu
1241 2059 1409 2100 ventris
1451 2060 1516 2101 tui
1552 2072 1718 2113 ponam
1760 2072 1895 2112 super

1061 2113 1213 2155 sedem
1241 2119 1373 2157 tuam.

1112 2171 1157 2212 Si
1177 2171 1467 2214 custodierint
1485 2172 1563 2214 filii
1581 2172 1646 2215 tui
1659 2174 1892 2214 testamen-

1058 2231 1153 2269 tum
1184 2241 1348 2278 meum,
1379 2229 1403 2255 *
1436 2234 1481 2271 et
1510 2229 1763 2272 testimonia
1794 2241 1893 2270 mea

1058 2283 1167 2334 haec,
1189 2298 1288 2337 quae
1310 2285 1484 2328 docebo
1505 2299 1600 2328 eos:
1884 2314 1887 2317 ν

1111 2345 1169 2387 Et
1183 2345 1262 2386 filii
1282 2348 1436 2387 eorum
1449 2359 1590 2398 usque
1610 2346 1654 2388 in
1669 2345 1892 2396 saeculum,

1059 2402 1083 2428 *
1102 2400 1319 2444 sedebunt
1338 2415 1472 2455 super
1489 2401 1643 2444 sedem
1660 2407 1792 2443 tuam.

1111 2463 1328 2513 Quoniam
1347 2463 1479 2514 elegit
1496 2463 1713 2505 Dominus
1727 2464 1849 2506 Sion:
1867 2466 1892 2493 *

1060 2518 1192 2570 elegit
1212 2532 1309 2560 eam
1327 2520 1372 2560 in
1390 2519 1707 2562 habitationem
1728 2521 1823 2564 sibi.

1110 2580 1223 2622 Haec
1258 2580 1435 2632 requies
1470 2593 1569 2622 mea
1603 2581 1646 2622 in
1680 2583 1891 2624 saeculum

1059 2636 1231 2678 saeculi:
1266 2637 1290 2662 *
1326 2636 1397 2678 hic
1432 2636 1644 2679 habitabo
1682 2639 1891 2691 quoniam

1059 2692 1172 2743 elegi
1191 2705 1299 2734 eam.
