2040 2944
630 153 701 186 Dic
729 152 776 186 14.
803 152 904 194 Sept.
952 150 994 184 In
1020 148 1266 183 Eleltatione
1292 147 1326 180 S.
1351 146 1497 181 Crucis.

468 250 546 291 Ad
573 249 769 292 Laudes

416 316 465 345 et
504 319 602 352 per
643 309 835 342 Horas.

265 374 362 413 Ant.
380 373 406 410 l.
430 371 466 410 O
484 382 690 420 magnum
709 368 888 422 pietatis
908 379 1036 419 opus:

207 427 230 452 *
258 438 375 467 mors
402 427 575 467 mortua
602 430 706 466 tunc
734 430 816 474 est,
847 425 891 465 in
919 424 1035 474 ligno

208 481 383 534 quando
402 484 576 523 mertua
595 482 686 523 vita
704 481 794 523 fuit.

265 543 330 582 Ps.
361 541 570 583 Dominus
590 542 800 593 regnavit.
827 542 887 582 15.

262 605 296 643 2.
326 602 455 643 Salva
480 615 562 644 nos
586 604 610 631 *
637 603 810 644 Christe
835 601 1038 644 Salvator

207 672 286 712 per
314 658 522 700 virtutem
551 659 720 701 Crucis:
754 658 827 710 qui
857 657 1037 699 salvasti

208 717 386 757 Petrum
404 715 448 756 in
467 716 588 765 mari,
606 716 814 757 miserere
834 714 972 756 nobis.

264 778 299 817 3.
322 777 436 818 Ecce
456 776 641 818 Crucem
659 776 848 825 Domini,
862 775 886 800 *
901 775 1037 825 fugite

207 839 357 886 partes
381 833 593 874 adversae:
619 833 723 874 vicit
746 832 816 874 leo
842 831 897 873 de
920 830 1038 873 tribu

208 891 233 931 J
235 890 333 940 uda,
352 889 477 931 radix
496 889 653 939 David,
674 888 856 941 alleluja.

266 953 303 991 4.
331 951 421 991 Nos
443 954 590 991 autem
612 949 793 1001 gloriari
815 950 838 974 *
861 950 1040 1000 oportet

210 1008 253 1048 in
266 1007 405 1048 Cruce
412 1006 589 1048 Domini
600 1006 741 1047 nostri
751 1006 776 1046 J
778 1018 856 1047 esu
868 1004 1040 1046 Christi.

266 1070 303 1108 5.
340 1068 420 1109 Per
449 1067 622 1118 signum
651 1067 804 1108 Crucis
829 1067 853 1091 *
879 1065 934 1107 de
963 1065 1039 1105 ini-

209 1124 333 1165 micis
357 1124 521 1166 nostris
547 1123 687 1165 libera
711 1136 792 1165 nos
817 1123 938 1164 Deus
963 1134 1038 1163 no-

209 1186 310 1222 ster.

267 1255 526 1307 Capitulum.
756 1252 940 1304 Philipp.
956 1253 990 1291 2.

290 1324 444 1361 ratres:
467 1319 568 1361 Hoc
592 1319 706 1362 enim
725 1321 883 1361 sentite
903 1318 948 1358 in
966 1330 1040 1359 vo-

306 1375 375 1417 bis
408 1375 527 1429 quod
563 1381 608 1418 et
640 1376 683 1416 in
718 1375 892 1417 Christo
923 1375 1043 1416 Jesu:

213 1433 287 1484 qui
318 1445 418 1474 cum
447 1433 491 1473 in
515 1433 656 1474 forma
680 1433 763 1474 Dei
790 1436 925 1481 esset,
955 1443 1043 1472 non

212 1491 411 1542 rapinam
437 1489 675 1531 arbitratus
702 1495 769 1531 est
794 1502 892 1531 esse
916 1501 963 1530 se
988 1500 1042 1528 ae-

215 1546 389 1598 qualem
413 1547 527 1587 Deo:
552 1546 632 1588 sed
658 1548 946 1599 semetipsum
973 1558 1043 1587 ex-

213 1603 412 1653 inanivit,
444 1603 630 1645 formam
664 1603 779 1645 servi
812 1602 1044 1655 accipiens,

214 1659 258 1700 in
283 1660 613 1702 similitudinem
643 1660 868 1701 heminum
892 1659 1045 1708 factus,

214 1721 258 1757 et
278 1716 430 1758 habitu
447 1717 650 1759 inventus
668 1722 716 1758 ut
736 1717 881 1758 homo.

530 1792 740 1843 Hymnus.

307 1859 429 1896 ustra
448 1868 526 1897 sex
546 1857 621 1909 qui
639 1857 724 1909 jam
742 1856 925 1909 peregit,

337 1911 533 1966 Tempus
550 1913 738 1966 implens
757 1913 968 1966 corporis,

297 1967 464 2020 Sponte
483 1968 621 2011 libera
640 1969 926 2022 Redemptor,

247 2044 251 2047 ‚
294 2024 493 2067 Passioni
512 2025 699 2076 deditus,

297 2081 449 2132 Agnus
468 2082 511 2123 in
532 2083 684 2125 Crucis
703 2083 876 2125 levatur

296 2138 597 2181 Immolandus
617 2140 776 2193 stipite.

251 2206 365 2248 Felle
382 2214 515 2260 potus
535 2221 638 2251 ecce
657 2209 848 2260 languet:

298 2263 442 2316 Spina,
463 2265 585 2315 clavi,
603 2265 757 2307 lancea

299 2319 405 2362 Mite
425 2334 587 2374 corpus
606 2322 902 2375 perforarunt:

299 2375 426 2418 Unda
444 2384 602 2427 manat,
623 2384 666 2420 et
686 2392 829 2420 cruor:

300 2432 448 2485 Terra,
468 2440 642 2486 pontus,
661 2440 791 2486 astra,
810 2435 1011 2485 mundus,

303 2489 401 2539 Quo
421 2490 622 2532 lavantur
642 2492 834 2534 flumine!

253 2560 371 2599 Crux
388 2558 544 2608 fidelis,
562 2560 673 2601 inter
693 2574 845 2602 omnes

302 2614 450 2656 Arbor
468 2628 553 2656 una
573 2616 743 2657 nebilis:

304 2671 420 2713 Silva
439 2671 571 2713 talem
594 2672 710 2713 nulla
729 2674 897 2726 profert

1164 243 1352 292 Fronde,
1372 244 1492 294 flore,
1511 244 1720 295 germine:

1165 300 1306 342 Dulce
1326 300 1501 354 ferrum,
1521 299 1650 342 dulce
1668 300 1844 352 lignum,

1166 356 1306 398 Dulce
1326 356 1503 410 pondus
1521 357 1747 399 sustinent.

1120 425 1268 468 Flecte
1287 438 1444 476 ramos,
1464 425 1596 467 arbor
1615 425 1714 474 alta,

1166 483 1313 524 Tensa
1330 482 1431 524 laxa
1451 484 1633 532 viscera,

1167 539 1224 580 Et
1247 539 1366 590 rigor
1383 539 1598 580 lentescat
1615 538 1701 589 ille,

1168 595 1308 645 Quem
1328 595 1451 637 dedit
1470 595 1692 644 nativitas3

1167 652 1225 693 Et
1244 652 1423 705 superni
1442 651 1639 693 membra
1657 651 1793 701 Regis

1168 707 1322 750 Tende
1343 708 1439 750 miti
1459 708 1620 761 stipite.

1123 778 1225 820 Sola
1245 778 1376 829 digna
1393 783 1442 819 tu
1462 778 1582 819 fuisti

1170 835 1305 876 Ferre
1326 834 1479 876 mundi
1497 835 1731 884 victimam,

1171 891 1321 943 Atque
1340 895 1520 944 portum
1540 892 1795 944 praeparare

1170 948 1287 989 Arca
1307 946 1473 989 mundo
1492 947 1718 998 naufrago,

1171 1005 1313 1054 Quam
1333 1016 1457 1046 sacer
1476 1016 1607 1045 cruor
1628 1003 1845 1056 perunxit,

1171 1062 1315 1102 Fusus
1335 1060 1449 1112 Agni
1468 1062 1668 1113 cerpore.

1126 1135 1399 1188 Sempiterna
1418 1135 1474 1176 sit
1492 1134 1637 1177 beatae

1170 1192 1377 1234 Trinitati
1395 1192 1548 1243 gloria,

1172 1249 1320 1301 AEqua
1339 1248 1460 1290 Patri
1477 1248 1694 1301 Filieque;

1172 1307 1258 1347 Par
1278 1304 1414 1347 decus
1433 1305 1669 1347 Paraclito:

1173 1363 1312 1404 Unius
1332 1361 1544 1414 Trinique
1563 1373 1724 1403 nomen

1172 1418 1345 1460 Laudet
1365 1418 1639 1460 universitas.
1671 1418 1826 1459 Amen.

1154 1486 1205 1538 V.
1224 1487 1479 1530 Adoramus
1502 1492 1547 1530 te
1573 1487 1764 1537 Christe,
1789 1491 1832 1528 et
1855 1486 1928 1528 be-

1098 1546 1341 1588 nedicimus
1368 1545 1459 1587 tibi.
1506 1545 1556 1596 Rz.
1583 1544 1695 1595 Quia
1721 1556 1803 1598 per
1827 1543 1930 1585 Cru-

1099 1616 1196 1646 cem
1213 1607 1336 1645 tuam
1357 1601 1584 1644 redemisti
1602 1601 1826 1643 mundum.

1157 1673 1227 1714 Ad
1260 1672 1422 1714 Bened.
1469 1672 1568 1712 Ant.
1614 1671 1755 1723 Super
1787 1669 1932 1711 emnia

1099 1730 1218 1782 ligna
1250 1727 1483 1771 cedrerum
1512 1734 1560 1770 tu
1585 1727 1681 1769 sola
1706 1726 1932 1776 excelsior,

1100 1786 1145 1827 in
1166 1798 1252 1838 qua
1270 1785 1359 1826 vita
1377 1784 1530 1826 mundi
1544 1783 1768 1837 pependit,
1786 1783 1831 1824 in
1847 1795 1933 1835 qua

1102 1842 1301 1884 Christus
1315 1841 1616 1894 triumphavit,
1633 1846 1678 1883 et
1691 1852 1812 1882 mors
1826 1851 1933 1881 mor-

1101 1904 1193 1941 tem
1211 1899 1438 1952 superavit
1455 1898 1500 1939 in
1515 1899 1739 1939 aeternum.

1440 1971 1603 2012 Oratio.

1105 2033 1286 2140 DeuS,
1316 2038 1391 2090 qui
1413 2049 1496 2079 nos
1519 2036 1733 2079 hodierna
1756 2035 1827 2078 die
1849 2035 1933 2076 Ex·

1199 2094 1421 2137 altationis
1441 2099 1606 2136 sanctae
1623 2092 1774 2135 Crucis
1793 2094 1935 2134 annua

1105 2152 1382 2194 solemnitate
1395 2151 1608 2193 laetificas:
1626 2154 1801 2202 praesta,
1819 2151 1934 2202 quae-

1105 2222 1270 2258 sumus,
1289 2212 1337 2249 ut
1353 2209 1474 2259 cujus
1487 2205 1746 2260 mysterium
1759 2206 1803 2246 in
1817 2210 1936 2247 terra

1106 2264 1410 2317 cognovimus,
1473 2265 1565 2316 ejus
1618 2261 1936 2314 redemptionis

1105 2322 1288 2375 praemia
1319 2321 1363 2362 in
1397 2320 1511 2362 coelo
1539 2321 1798 2361 mereamur.
1852 2319 1937 2360 Per

1106 2377 1311 2421 eumdem
1329 2377 1577 2419 Deminum.

1162 2446 1303 2480 Postea
1327 2446 1368 2480 fit
1393 2454 1590 2480 commem.
1615 2443 1782 2478 Octavae.

1161 2502 1260 2543 Ant.
1276 2502 1564 2546 Nativitatem
1578 2501 1836 2544 hodiernam
1849 2513 1940 2553 per·

1105 2563 1252 2614 petuae
1271 2559 1466 2611 Virginis
1489 2559 1725 2601 Genitricis
1746 2558 1830 2599 Dei
1849 2557 1938 2599 Ma-

1106 2622 1185 2659 riae
1227 2616 1482 2659 solemniter
1521 2615 1810 2665 celebremUS,
1852 2627 1939 2666 qua

1109 2673 1326 2716 celsitudo
1344 2672 1491 2715 throni
1506 2672 1736 2725 processit,
1754 2671 1939 2722 alleluja.
