<?xml version="1.0" encoding="UTF-8"?>
<!DOCTYPE html PUBLIC "-//W3C//DTD XHTML 1.0 Transitional//EN"
    "http://www.w3.org/TR/xhtml1/DTD/xhtml1-transitional.dtd">
<html xmlns="http://www.w3.org/1999/xhtml" xml:lang="en" lang="en">
 <head>
  <title>
</title>
<meta http-equiv="Content-Type" content="text/html;charset=utf-8" />
  <meta name='ocr-system' content='tesseract 3.04.00' />
  <meta name='ocr-capabilities' content='ocr_page ocr_carea ocr_par ocr_line ocrx_word'/>
</head>
<body>
  <div class='ocr_page' id='page_1' title='image "./p4breviariumroma00cathuoft_0374.png"; bbox 0 0 2040 2944; ppageno 0'>
   <div class='ocr_carea' id='block_1_1' title="bbox 610 152 971 185">
    <p class='ocr_par' dir='ltr' id='par_1_1' title="bbox 610 152 971 185">
     <span class='ocr_line' id='line_1_1' title="bbox 610 152 971 185; baseline 0 0"><span class='ocrx_word' id='word_1_1' title='bbox 610 152 716 185; x_wconf 81' lang='lat' dir='ltr'>Dom.</span> <span class='ocrx_word' id='word_1_2' title='bbox 742 152 767 185; x_wconf 90' lang='grc' dir='ltr'>Ι.</span> <span class='ocrx_word' id='word_1_3' title='bbox 794 152 872 185; x_wconf 78' lang='lat' dir='ltr'>Oct.</span> <span class='ocrx_word' id='word_1_4' title='bbox 915 152 971 185; x_wconf 77' lang='lat' dir='ltr'>Ss.</span> 
     </span>
    </p>
   </div>
   <div class='ocr_carea' id='block_1_2' title="bbox 158 247 998 2715">
    <p class='ocr_par' dir='ltr' id='par_1_2' title="bbox 168 247 996 404">
     <span class='ocr_line' id='line_1_2' title="bbox 222 247 996 299; baseline -0.004 -8"><span class='ocrx_word' id='word_1_5' title='bbox 222 251 373 291; x_wconf 92' lang='lat' dir='ltr'>Omnis</span> <span class='ocrx_word' id='word_1_6' title='bbox 392 249 531 299; x_wconf 90' lang='lat' dir='ltr'>gloria</span> <span class='ocrx_word' id='word_1_7' title='bbox 552 249 642 299; x_wconf 91' lang='lat' dir='ltr'>ejus</span> <span class='ocrx_word' id='word_1_8' title='bbox 666 247 768 288; x_wconf 86' lang='lat' dir='ltr'>filiae</span> <span class='ocrx_word' id='word_1_9' title='bbox 787 248 922 298; x_wconf 89' lang='lat' dir='ltr'>Regis</span> <span class='ocrx_word' id='word_1_10' title='bbox 941 248 996 289; x_wconf 92' lang='lat' dir='ltr'>ab</span> 
     </span>
     <span class='ocr_line' id='line_1_3' title="bbox 168 303 996 355; baseline -0.005 -7"><span class='ocrx_word' id='word_1_11' title='bbox 168 307 294 355; x_wconf 87' lang='lat' dir='ltr'>intus,</span> <span class='ocrx_word' id='word_1_12' title='bbox 320 307 343 331; x_wconf 89' lang='lat'>*</span> <span class='ocrx_word' id='word_1_13' title='bbox 367 306 410 345; x_wconf 93' lang='lat' dir='ltr'>in</span> <span class='ocrx_word' id='word_1_14' title='bbox 437 303 619 345; x_wconf 80' lang='lat' dir='ltr'>fimbriis</span> <span class='ocrx_word' id='word_1_15' title='bbox 644 304 788 345; x_wconf 79' lang='lat' dir='ltr'>aureis</span> <span class='ocrx_word' id='word_1_16' title='bbox 817 304 996 345; x_wconf 89' lang='lat' dir='ltr'>circum-</span> 
     </span>
     <span class='ocr_line' id='line_1_4' title="bbox 168 359 647 404; baseline -0.006 -1"><span class='ocrx_word' id='word_1_17' title='bbox 168 365 325 404; x_wconf 87' lang='lat' dir='ltr'>amicta</span> <span class='ocrx_word' id='word_1_18' title='bbox 353 359 647 402; x_wconf 83' lang='lat' dir='ltr'>varietatibus.</span> 
     </span>
    </p>

    <p class='ocr_par' dir='ltr' id='par_1_3' title="bbox 167 416 998 525">
     <span class='ocr_line' id='line_1_5' title="bbox 219 416 998 468; baseline -0.001 -10"><span class='ocrx_word' id='word_1_19' title='bbox 219 417 506 458; x_wconf 90' lang='lat' dir='ltr'>Adducentur</span> <span class='ocrx_word' id='word_1_20' title='bbox 535 416 646 466; x_wconf 86' lang='lat' dir='ltr'><strong>Regi</strong></span> <span class='ocrx_word' id='word_1_21' title='bbox 673 416 863 467; x_wconf 89' lang='lat' dir='ltr'>virgines</span> <span class='ocrx_word' id='word_1_22' title='bbox 895 421 998 468; x_wconf 92' lang='lat' dir='ltr'>post</span> 
     </span>
     <span class='ocr_line' id='line_1_6' title="bbox 167 472 997 525; baseline -0.004 -10"><span class='ocrx_word' id='word_1_23' title='bbox 167 486 277 515; x_wconf 90' lang='lat' dir='ltr'>eam:</span> <span class='ocrx_word' id='word_1_24' title='bbox 288 474 310 498; x_wconf 87' lang='lat'>*</span> <span class='ocrx_word' id='word_1_25' title='bbox 321 473 535 525; x_wconf 78' lang='lat' dir='ltr'>proximae</span> <span class='ocrx_word' id='word_1_26' title='bbox 552 473 642 523; x_wconf 91' lang='lat' dir='ltr'>ejus</span> <span class='ocrx_word' id='word_1_27' title='bbox 658 472 893 514; x_wconf 86' lang='lat' dir='ltr'>afferentur</span> <span class='ocrx_word' id='word_1_28' title='bbox 907 472 997 514; x_wconf 87' lang='lat' dir='ltr'>tibi.</span> 
     </span>
    </p>

    <p class='ocr_par' dir='ltr' id='par_1_4' title="bbox 164 528 996 691">
     <span class='ocr_line' id='line_1_7' title="bbox 218 528 996 570; baseline 0.001 -1"><span class='ocrx_word' id='word_1_29' title='bbox 218 529 469 570; x_wconf 87' lang='lat' dir='ltr'>Afferentur</span> <span class='ocrx_word' id='word_1_30' title='bbox 496 529 540 569; x_wconf 93' lang='lat' dir='ltr'>in</span> <span class='ocrx_word' id='word_1_31' title='bbox 560 528 712 570; x_wconf 76' lang='lat' dir='ltr'>laetitia</span> <span class='ocrx_word' id='word_1_32' title='bbox 741 534 784 570; x_wconf 91' lang='lat' dir='ltr'>et</span> <span class='ocrx_word' id='word_1_33' title='bbox 810 529 996 570; x_wconf 83' lang='lat' dir='ltr'>exsulta-</span> 
     </span>
     <span class='ocr_line' id='line_1_8' title="bbox 164 584 995 637; baseline -0.002 -10"><span class='ocrx_word' id='word_1_34' title='bbox 164 585 298 627; x_wconf 91' lang='lat' dir='ltr'>tione:</span> <span class='ocrx_word' id='word_1_35' title='bbox 332 585 356 611; x_wconf 85' lang='lat'>*</span> <span class='ocrx_word' id='word_1_36' title='bbox 391 584 663 626; x_wconf 86' lang='lat' dir='ltr'>adducentur</span> <span class='ocrx_word' id='word_1_37' title='bbox 703 585 747 625; x_wconf 92' lang='lat' dir='ltr'>in</span> <span class='ocrx_word' id='word_1_38' title='bbox 783 584 995 637; x_wconf 93' lang='lat' dir='ltr'>templum</span> 
     </span>
     <span class='ocr_line' id='line_1_9' title="bbox 164 641 310 691; baseline 0 -10"><span class='ocrx_word' id='word_1_39' title='bbox 164 641 310 691; x_wconf 88' lang='lat' dir='ltr'>Regis.</span> 
     </span>
    </p>

    <p class='ocr_par' dir='ltr' id='par_1_5' title="bbox 164 696 997 862">
     <span class='ocr_line' id='line_1_10' title="bbox 217 696 997 750; baseline 0 -12"><span class='ocrx_word' id='word_1_40' title='bbox 217 697 305 738; x_wconf 91' lang='lat' dir='ltr'>Pro</span> <span class='ocrx_word' id='word_1_41' title='bbox 333 697 532 750; x_wconf 80' lang='lat' dir='ltr'>patribus</span> <span class='ocrx_word' id='word_1_42' title='bbox 560 697 647 739; x_wconf 93' lang='lat' dir='ltr'>tuis</span> <span class='ocrx_word' id='word_1_43' title='bbox 672 697 762 739; x_wconf 88' lang='lat' dir='ltr'>nati</span> <span class='ocrx_word' id='word_1_44' title='bbox 790 702 891 738; x_wconf 93' lang='lat' dir='ltr'>sunt</span> <span class='ocrx_word' id='word_1_45' title='bbox 917 696 997 738; x_wconf 91' lang='lat' dir='ltr'>tibi</span> 
     </span>
     <span class='ocr_line' id='line_1_11' title="bbox 164 753 995 805; baseline -0.001 -11"><span class='ocrx_word' id='word_1_46' title='bbox 164 753 256 794; x_wconf 91' lang='lat' dir='ltr'>filii:</span> <span class='ocrx_word' id='word_1_47' title='bbox 275 754 298 779; x_wconf 88' lang='lat'>*</span> <span class='ocrx_word' id='word_1_48' title='bbox 318 755 558 795; x_wconf 84' lang='lat' dir='ltr'>constitues</span> <span class='ocrx_word' id='word_1_49' title='bbox 581 766 657 794; x_wconf 92' lang='lat' dir='ltr'>eos</span> <span class='ocrx_word' id='word_1_50' title='bbox 682 753 904 805; x_wconf 83' lang='lat' dir='ltr'>principes</span> <span class='ocrx_word' id='word_1_51' title='bbox 928 766 995 793; x_wconf 93' lang='lat' dir='ltr'>su-</span> 
     </span>
     <span class='ocr_line' id='line_1_12' title="bbox 164 814 649 862; baseline -0.002 -11"><span class='ocrx_word' id='word_1_52' title='bbox 164 822 244 862; x_wconf 91' lang='lat' dir='ltr'>per</span> <span class='ocrx_word' id='word_1_53' title='bbox 273 822 447 851; x_wconf 86' lang='lat' dir='ltr'>omnem</span> <span class='ocrx_word' id='word_1_54' title='bbox 475 814 649 851; x_wconf 88' lang='lat' dir='ltr'>terram.</span> 
     </span>
    </p>

    <p class='ocr_par' dir='ltr' id='par_1_6' title="bbox 164 864 995 973">
     <span class='ocr_line' id='line_1_13' title="bbox 215 864 995 908; baseline -0.003 -1"><span class='ocrx_word' id='word_1_55' title='bbox 215 866 435 907; x_wconf 89' lang='lat' dir='ltr'>Memores</span> <span class='ocrx_word' id='word_1_56' title='bbox 457 871 584 908; x_wconf 89' lang='lat' dir='ltr'>erunt</span> <span class='ocrx_word' id='word_1_57' title='bbox 603 865 790 906; x_wconf 89' lang='lat' dir='ltr'>nominis</span> <span class='ocrx_word' id='word_1_58' title='bbox 810 865 892 907; x_wconf 89' lang='lat' dir='ltr'>tui:</span> <span class='ocrx_word' id='word_1_59' title='bbox 911 866 934 891; x_wconf 88' lang='lat'>*</span> <span class='ocrx_word' id='word_1_60' title='bbox 951 864 995 905; x_wconf 92' lang='lat' dir='ltr'>in</span> 
     </span>
     <span class='ocr_line' id='line_1_14' title="bbox 164 922 994 973; baseline -0.001 -10"><span class='ocrx_word' id='word_1_61' title='bbox 164 923 282 963; x_wconf 92' lang='lat' dir='ltr'>omni</span> <span class='ocrx_word' id='word_1_62' title='bbox 300 922 582 973; x_wconf 67' lang='lat' dir='ltr'>generatione</span> <span class='ocrx_word' id='word_1_63' title='bbox 598 927 642 963; x_wconf 91' lang='lat' dir='ltr'>et</span> <span class='ocrx_word' id='word_1_64' title='bbox 656 922 994 972; x_wconf 87' lang='lat' dir='ltr'>generationem.</span> 
     </span>
    </p>

    <p class='ocr_par' dir='ltr' id='par_1_7' title="bbox 161 978 995 1131">
     <span class='ocr_line' id='line_1_15' title="bbox 214 978 994 1030; baseline 0 -12"><span class='ocrx_word' id='word_1_65' title='bbox 214 978 458 1030; x_wconf 81' lang='lat' dir='ltr'>Propterea</span> <span class='ocrx_word' id='word_1_66' title='bbox 485 978 639 1030; x_wconf 92' lang='lat' dir='ltr'>populi</span> <span class='ocrx_word' id='word_1_67' title='bbox 667 978 994 1020; x_wconf 80' lang='lat' dir='ltr'>confitebuntur</span> 
     </span>
     <span class='ocr_line' id='line_1_16' title="bbox 161 1034 995 1076; baseline -0.001 0"><span class='ocrx_word' id='word_1_68' title='bbox 161 1034 241 1076; x_wconf 90' lang='lat' dir='ltr'>tibi</span> <span class='ocrx_word' id='word_1_69' title='bbox 268 1034 312 1074; x_wconf 92' lang='lat' dir='ltr'>in</span> <span class='ocrx_word' id='word_1_70' title='bbox 340 1036 569 1076; x_wconf 85' lang='lat' dir='ltr'>aeternum:</span> <span class='ocrx_word' id='word_1_71' title='bbox 593 1034 616 1059; x_wconf 89' lang='lat'>*</span> <span class='ocrx_word' id='word_1_72' title='bbox 642 1039 685 1076; x_wconf 88' lang='lat' dir='ltr'>et</span> <span class='ocrx_word' id='word_1_73' title='bbox 712 1034 756 1074; x_wconf 93' lang='lat' dir='ltr'>in</span> <span class='ocrx_word' id='word_1_74' title='bbox 784 1034 995 1075; x_wconf 81' lang='lat' dir='ltr'>saeculum</span> 
     </span>
     <span class='ocr_line' id='line_1_17' title="bbox 161 1090 322 1131; baseline -0.006 0"><span class='ocrx_word' id='word_1_75' title='bbox 161 1090 322 1131; x_wconf 77' lang='lat' dir='ltr'>saeculi.</span> 
     </span>
    </p>

    <p class='ocr_par' dir='ltr' id='par_1_8' title="bbox 160 1146 995 1364">
     <span class='ocr_line' id='line_1_18' title="bbox 220 1146 995 1199; baseline 0.001 -12"><span class='ocrx_word' id='word_1_76' title='bbox 220 1148 319 1188; x_wconf 74' lang='lat' dir='ltr'>Ant.</span> <span class='ocrx_word' id='word_1_77' title='bbox 343 1148 454 1187; x_wconf 87' lang='lat' dir='ltr'>Cum</span> <span class='ocrx_word' id='word_1_78' title='bbox 477 1146 736 1188; x_wconf 81' lang='lat' dir='ltr'>inducerent</span> <span class='ocrx_word' id='word_1_79' title='bbox 753 1147 778 1186; x_wconf 91' lang='lat' dir='ltr'>J</span> <span class='ocrx_word' id='word_1_80' title='bbox 780 1159 903 1188; x_wconf 91' lang='lat' dir='ltr'>esum</span> <span class='ocrx_word' id='word_1_81' title='bbox 922 1160 995 1199; x_wconf 87' lang='lat' dir='ltr'>pa-</span> 
     </span>
     <span class='ocr_line' id='line_1_19' title="bbox 161 1203 995 1254; baseline 0.002 -12"><span class='ocrx_word' id='word_1_82' title='bbox 161 1203 306 1243; x_wconf 90' lang='lat' dir='ltr'>rentes</span> <span class='ocrx_word' id='word_1_83' title='bbox 335 1203 442 1254; x_wconf 90' lang='lat' dir='ltr'>ejus,</span> <span class='ocrx_word' id='word_1_84' title='bbox 470 1207 519 1244; x_wconf 92' lang='lat' dir='ltr'>ut</span> <span class='ocrx_word' id='word_1_85' title='bbox 547 1205 752 1244; x_wconf 84' lang='lat' dir='ltr'>sisterent</span> <span class='ocrx_word' id='word_1_86' title='bbox 779 1215 879 1244; x_wconf 92' lang='lat' dir='ltr'>eum</span> <span class='ocrx_word' id='word_1_87' title='bbox 907 1203 995 1244; x_wconf 93' lang='lat' dir='ltr'>Do·</span> 
     </span>
     <span class='ocr_line' id='line_1_20' title="bbox 160 1258 995 1311; baseline 0.001 -13"><span class='ocrx_word' id='word_1_88' title='bbox 160 1258 289 1307; x_wconf 92' lang='lat' dir='ltr'>mino,</span> <span class='ocrx_word' id='word_1_89' title='bbox 310 1258 486 1299; x_wconf 85' lang='lat' dir='ltr'>Simeon</span> <span class='ocrx_word' id='word_1_90' title='bbox 504 1259 677 1311; x_wconf 88' lang='lat' dir='ltr'>accepit</span> <span class='ocrx_word' id='word_1_91' title='bbox 697 1272 795 1300; x_wconf 92' lang='lat' dir='ltr'>eum</span> <span class='ocrx_word' id='word_1_92' title='bbox 810 1259 855 1300; x_wconf 90' lang='lat' dir='ltr'>in</span> <span class='ocrx_word' id='word_1_93' title='bbox 870 1259 995 1300; x_wconf 88' lang='lat' dir='ltr'>ulnas</span> 
     </span>
     <span class='ocr_line' id='line_1_21' title="bbox 161 1313 754 1364; baseline 0.002 -10"><span class='ocrx_word' id='word_1_94' title='bbox 161 1327 274 1364; x_wconf 86' lang='lat' dir='ltr'>suas,</span> <span class='ocrx_word' id='word_1_95' title='bbox 294 1319 337 1356; x_wconf 92' lang='lat' dir='ltr'>et</span> <span class='ocrx_word' id='word_1_96' title='bbox 356 1313 581 1356; x_wconf 81' lang='lat' dir='ltr'>benedixit</span> <span class='ocrx_word' id='word_1_97' title='bbox 599 1315 754 1356; x_wconf 92' lang='lat' dir='ltr'>Deum.</span> 
     </span>
    </p>

    <p class='ocr_par' dir='ltr' id='par_1_9' title="bbox 160 1371 993 1525">
     <span class='ocr_line' id='line_1_22' title="bbox 222 1371 993 1423; baseline 0.004 -14"><span class='ocrx_word' id='word_1_98' title='bbox 222 1371 318 1410; x_wconf 77' lang='lat' dir='ltr'>Ant.</span> <span class='ocrx_word' id='word_1_99' title='bbox 345 1371 633 1422; x_wconf 84' lang='lat' dir='ltr'>Requirentes</span> <span class='ocrx_word' id='word_1_100' title='bbox 664 1371 689 1412; x_wconf 92' lang='lat' dir='ltr'>J</span> <span class='ocrx_word' id='word_1_101' title='bbox 692 1384 814 1412; x_wconf 93' lang='lat' dir='ltr'>esum</span> <span class='ocrx_word' id='word_1_102' title='bbox 841 1373 993 1423; x_wconf 89' lang='lat' dir='ltr'>paren-</span> 
     </span>
     <span class='ocr_line' id='line_1_23' title="bbox 160 1427 993 1479; baseline 0.001 -12"><span class='ocrx_word' id='word_1_103' title='bbox 160 1431 227 1467; x_wconf 88' lang='lat' dir='ltr'>tes</span> <span class='ocrx_word' id='word_1_104' title='bbox 247 1427 355 1478; x_wconf 85' lang='lat' dir='ltr'>ejus,</span> <span class='ocrx_word' id='word_1_105' title='bbox 380 1427 640 1468; x_wconf 89' lang='lat' dir='ltr'>invenerunt</span> <span class='ocrx_word' id='word_1_106' title='bbox 658 1427 781 1469; x_wconf 89' lang='lat' dir='ltr'>illum</span> <span class='ocrx_word' id='word_1_107' title='bbox 799 1433 902 1479; x_wconf 91' lang='lat' dir='ltr'>post</span> <span class='ocrx_word' id='word_1_108' title='bbox 922 1430 993 1469; x_wconf 91' lang='lat' dir='ltr'>tri-</span> 
     </span>
     <span class='ocr_line' id='line_1_24' title="bbox 161 1481 789 1525; baseline 0.002 -2"><span class='ocrx_word' id='word_1_109' title='bbox 161 1481 296 1523; x_wconf 90' lang='lat' dir='ltr'>duum</span> <span class='ocrx_word' id='word_1_110' title='bbox 314 1483 358 1523; x_wconf 92' lang='lat' dir='ltr'>in</span> <span class='ocrx_word' id='word_1_111' title='bbox 377 1482 524 1525; x_wconf 92' lang='lat' dir='ltr'>medio</span> <span class='ocrx_word' id='word_1_112' title='bbox 545 1482 789 1525; x_wconf 89' lang='lat' dir='ltr'>doctorum.</span> 
     </span>
    </p>

    <p class='ocr_par' dir='ltr' id='par_1_10' title="bbox 162 1543 993 1763">
     <span class='ocr_line' id='line_1_25' title="bbox 434 1543 728 1585; baseline 0 -2"><span class='ocrx_word' id='word_1_113' title='bbox 434 1543 633 1585; x_wconf 79' lang='lat' dir='ltr'>Psalmus</span> <span class='ocrx_word' id='word_1_114' title='bbox 662 1545 728 1584; x_wconf 79' lang='lat'>45.</span> 
     </span>
     <span class='ocr_line' id='line_1_26' title="bbox 166 1593 993 1698; baseline 0 -58"><span class='ocrx_word' id='word_1_115' title='bbox 166 1593 335 1698; x_wconf 89' lang='lat' dir='ltr'>Deus</span> <span class='ocrx_word' id='word_1_116' title='bbox 354 1605 506 1641; x_wconf 92' lang='lat' dir='ltr'>noster</span> <span class='ocrx_word' id='word_1_117' title='bbox 523 1600 753 1652; x_wconf 83' lang='lat' dir='ltr'>refugium,</span> <span class='ocrx_word' id='word_1_118' title='bbox 777 1605 821 1642; x_wconf 91' lang='lat' dir='ltr'>et</span> <span class='ocrx_word' id='word_1_119' title='bbox 840 1600 993 1642; x_wconf 87' lang='lat' dir='ltr'>virtus:</span> 
     </span>
     <span class='ocr_line' id='line_1_27' title="bbox 272 1656 992 1708; baseline 0.001 -11"><span class='ocrx_word' id='word_1_120' title='bbox 272 1657 296 1682; x_wconf 85' lang='grc'><strong><em>*</em></strong></span> <span class='ocrx_word' id='word_1_121' title='bbox 333 1656 508 1708; x_wconf 83' lang='lat' dir='ltr'>adjutor</span> <span class='ocrx_word' id='word_1_122' title='bbox 543 1657 587 1697; x_wconf 93' lang='lat' dir='ltr'>in</span> <span class='ocrx_word' id='word_1_123' title='bbox 624 1656 992 1704; x_wconf 77' lang='lat' dir='ltr'>tribulationibus,</span> 
     </span>
     <span class='ocr_line' id='line_1_28' title="bbox 162 1711 798 1763; baseline 0.003 -12"><span class='ocrx_word' id='word_1_124' title='bbox 162 1724 260 1763; x_wconf 89' lang='lat' dir='ltr'>quae</span> <span class='ocrx_word' id='word_1_125' title='bbox 279 1711 539 1755; x_wconf 89' lang='lat' dir='ltr'>invenerunt</span> <span class='ocrx_word' id='word_1_126' title='bbox 556 1725 639 1754; x_wconf 90' lang='lat' dir='ltr'>nos</span> <span class='ocrx_word' id='word_1_127' title='bbox 658 1713 798 1754; x_wconf 91' lang='lat' dir='ltr'>nimis.</span> 
     </span>
    </p>

    <p class='ocr_par' dir='ltr' id='par_1_11' title="bbox 159 1767 992 1923">
     <span class='ocr_line' id='line_1_29' title="bbox 213 1767 992 1820; baseline 0.005 -13"><span class='ocrx_word' id='word_1_128' title='bbox 213 1767 456 1820; x_wconf 78' lang='lat' dir='ltr'>Propterea</span> <span class='ocrx_word' id='word_1_129' title='bbox 486 1782 575 1810; x_wconf 93' lang='lat' dir='ltr'>non</span> <span class='ocrx_word' id='word_1_130' title='bbox 608 1769 858 1811; x_wconf 82' lang='lat' dir='ltr'>timebimus</span> <span class='ocrx_word' id='word_1_131' title='bbox 888 1769 992 1811; x_wconf 92' lang='lat' dir='ltr'>dum</span> 
     </span>
     <span class='ocr_line' id='line_1_30' title="bbox 159 1822 992 1867; baseline 0.002 -3"><span class='ocrx_word' id='word_1_132' title='bbox 159 1822 409 1865; x_wconf 76' lang='lat' dir='ltr'>turbabitur</span> <span class='ocrx_word' id='word_1_133' title='bbox 437 1829 574 1867; x_wconf 87' lang='lat' dir='ltr'>terra:</span> <span class='ocrx_word' id='word_1_134' title='bbox 607 1827 631 1853; x_wconf 89' lang='lat'>*</span> <span class='ocrx_word' id='word_1_135' title='bbox 662 1831 705 1867; x_wconf 90' lang='lat' dir='ltr'>et</span> <span class='ocrx_word' id='word_1_136' title='bbox 731 1826 992 1867; x_wconf 90' lang='lat' dir='ltr'>transferen-</span> 
     </span>
     <span class='ocr_line' id='line_1_31' title="bbox 159 1881 745 1923; baseline 0.003 -3"><span class='ocrx_word' id='word_1_137' title='bbox 159 1884 230 1920; x_wconf 90' lang='lat' dir='ltr'>tur</span> <span class='ocrx_word' id='word_1_138' title='bbox 249 1885 423 1922; x_wconf 91' lang='lat' dir='ltr'>montes</span> <span class='ocrx_word' id='word_1_139' title='bbox 442 1881 486 1921; x_wconf 93' lang='lat' dir='ltr'>in</span> <span class='ocrx_word' id='word_1_140' title='bbox 506 1894 582 1923; x_wconf 91' lang='lat' dir='ltr'>cor</span> <span class='ocrx_word' id='word_1_141' title='bbox 601 1882 745 1922; x_wconf 84' lang='lat' dir='ltr'>maris.</span> 
     </span>
    </p>

    <p class='ocr_par' dir='ltr' id='par_1_12' title="bbox 159 1935 991 2101">
     <span class='ocr_line' id='line_1_32' title="bbox 210 1935 991 1990; baseline 0.004 -14"><span class='ocrx_word' id='word_1_142' title='bbox 210 1935 470 1986; x_wconf 87' lang='lat' dir='ltr'>Sonuerunt‚</span> <span class='ocrx_word' id='word_1_143' title='bbox 486 1942 530 1979; x_wconf 91' lang='lat' dir='ltr'>et</span> <span class='ocrx_word' id='word_1_144' title='bbox 543 1937 733 1979; x_wconf 75' lang='lat' dir='ltr'>turbatae</span> <span class='ocrx_word' id='word_1_145' title='bbox 748 1942 850 1979; x_wconf 92' lang='lat' dir='ltr'>sunt</span> <span class='ocrx_word' id='word_1_146' title='bbox 864 1950 991 1990; x_wconf 90' lang='lat' dir='ltr'>aquae</span> 
     </span>
     <span class='ocr_line' id='line_1_33' title="bbox 161 1993 991 2036; baseline 0.005 -5"><span class='ocrx_word' id='word_1_147' title='bbox 161 1993 329 2032; x_wconf 91' lang='lat' dir='ltr'>eorum:</span> <span class='ocrx_word' id='word_1_148' title='bbox 358 1994 381 2019; x_wconf 87' lang='lat'>*</span> <span class='ocrx_word' id='word_1_149' title='bbox 410 1993 662 2035; x_wconf 78' lang='lat' dir='ltr'>conturbati</span> <span class='ocrx_word' id='word_1_150' title='bbox 689 1999 791 2036; x_wconf 92' lang='lat' dir='ltr'>sunt</span> <span class='ocrx_word' id='word_1_151' title='bbox 818 1999 991 2036; x_wconf 91' lang='lat' dir='ltr'>montes</span> 
     </span>
     <span class='ocr_line' id='line_1_34' title="bbox 159 2047 603 2101; baseline 0.007 -13"><span class='ocrx_word' id='word_1_152' title='bbox 159 2047 204 2088; x_wconf 90' lang='lat' dir='ltr'>in</span> <span class='ocrx_word' id='word_1_153' title='bbox 224 2047 481 2090; x_wconf 83' lang='lat' dir='ltr'>fortitudine</span> <span class='ocrx_word' id='word_1_154' title='bbox 501 2050 603 2101; x_wconf 92' lang='lat' dir='ltr'>ejus.</span> 
     </span>
    </p>

    <p class='ocr_par' dir='ltr' id='par_1_13' title="bbox 159 2103 990 2259">
     <span class='ocr_line' id='line_1_35' title="bbox 211 2103 990 2158; baseline 0.005 -15"><span class='ocrx_word' id='word_1_155' title='bbox 211 2103 423 2146; x_wconf 84' lang='lat' dir='ltr'>Fluminis</span> <span class='ocrx_word' id='word_1_156' title='bbox 450 2107 642 2158; x_wconf 90' lang='lat' dir='ltr'>impetus</span> <span class='ocrx_word' id='word_1_157' title='bbox 668 2105 863 2147; x_wconf 76' lang='lat' dir='ltr'>laetificat</span> <span class='ocrx_word' id='word_1_158' title='bbox 890 2106 990 2147; x_wconf 89' lang='lat' dir='ltr'>civi-</span> 
     </span>
     <span class='ocr_line' id='line_1_36' title="bbox 159 2161 990 2203; baseline 0.005 -4"><span class='ocrx_word' id='word_1_159' title='bbox 159 2161 296 2200; x_wconf 74' lang='lat' dir='ltr'>tatem</span> <span class='ocrx_word' id='word_1_160' title='bbox 315 2161 413 2202; x_wconf 90' lang='lat' dir='ltr'>Dei:</span> <span class='ocrx_word' id='word_1_161' title='bbox 436 2162 460 2187; x_wconf 86' lang='lat'>*</span> <span class='ocrx_word' id='word_1_162' title='bbox 482 2162 772 2203; x_wconf 77' lang='lat' dir='ltr'>sanctificavit</span> <span class='ocrx_word' id='word_1_163' title='bbox 790 2161 990 2203; x_wconf 75' lang='lat' dir='ltr'>taberna-</span> 
     </span>
     <span class='ocr_line' id='line_1_37' title="bbox 161 2215 736 2259; baseline 0.007 -4"><span class='ocrx_word' id='word_1_164' title='bbox 161 2215 306 2256; x_wconf 89' lang='lat' dir='ltr'>culum</span> <span class='ocrx_word' id='word_1_165' title='bbox 325 2229 453 2258; x_wconf 86' lang='lat' dir='ltr'>suum</span> <span class='ocrx_word' id='word_1_166' title='bbox 471 2217 736 2259; x_wconf 90' lang='lat' dir='ltr'>Altissimus.</span> 
     </span>
    </p>

    <p class='ocr_par' dir='ltr' id='par_1_14' title="bbox 158 2271 990 2426">
     <span class='ocr_line' id='line_1_38' title="bbox 211 2271 990 2326; baseline 0.004 -14"><span class='ocrx_word' id='word_1_167' title='bbox 211 2271 332 2313; x_wconf 92' lang='lat' dir='ltr'>Deus</span> <span class='ocrx_word' id='word_1_168' title='bbox 351 2273 394 2314; x_wconf 91' lang='lat' dir='ltr'>in</span> <span class='ocrx_word' id='word_1_169' title='bbox 409 2273 555 2316; x_wconf 91' lang='lat' dir='ltr'>medio</span> <span class='ocrx_word' id='word_1_170' title='bbox 574 2275 676 2326; x_wconf 88' lang='lat' dir='ltr'>ejus,</span> <span class='ocrx_word' id='word_1_171' title='bbox 694 2287 784 2315; x_wconf 92' lang='lat' dir='ltr'>non</span> <span class='ocrx_word' id='word_1_172' title='bbox 799 2286 990 2315; x_wconf 92' lang='lat' dir='ltr'>commo-</span> 
     </span>
     <span class='ocr_line' id='line_1_39' title="bbox 158 2327 990 2381; baseline 0.005 -14"><span class='ocrx_word' id='word_1_173' title='bbox 158 2327 344 2368; x_wconf 88' lang='lat' dir='ltr'>vebitur:</span> <span class='ocrx_word' id='word_1_174' title='bbox 364 2330 388 2356; x_wconf 90' lang='lat'>*</span> <span class='ocrx_word' id='word_1_175' title='bbox 408 2329 631 2381; x_wconf 79' lang='lat' dir='ltr'>adjuvabit</span> <span class='ocrx_word' id='word_1_176' title='bbox 650 2343 746 2372; x_wconf 90' lang='lat' dir='ltr'>eam</span> <span class='ocrx_word' id='word_1_177' title='bbox 762 2330 885 2371; x_wconf 90' lang='lat' dir='ltr'>Deus</span> <span class='ocrx_word' id='word_1_178' title='bbox 902 2343 990 2371; x_wconf 88' lang='lat' dir='ltr'>ma-</span> 
     </span>
     <span class='ocr_line' id='line_1_40' title="bbox 158 2381 436 2426; baseline 0.011 -3"><span class='ocrx_word' id='word_1_179' title='bbox 158 2395 213 2424; x_wconf 93' lang='lat' dir='ltr'>ne</span> <span class='ocrx_word' id='word_1_180' title='bbox 233 2381 436 2426; x_wconf 80' lang='lat' dir='ltr'>diluculo.</span> 
     </span>
    </p>

    <p class='ocr_par' dir='ltr' id='par_1_15' title="bbox 159 2439 990 2600">
     <span class='ocr_line' id='line_1_41' title="bbox 212 2439 989 2491; baseline 0.004 -12"><span class='ocrx_word' id='word_1_181' title='bbox 212 2439 498 2482; x_wconf 73' lang='lat' dir='ltr'>Conturbatae</span> <span class='ocrx_word' id='word_1_182' title='bbox 525 2447 625 2483; x_wconf 93' lang='lat' dir='ltr'>sunt</span> <span class='ocrx_word' id='word_1_183' title='bbox 648 2443 832 2491; x_wconf 89' lang='lat' dir='ltr'>Gentes,</span> <span class='ocrx_word' id='word_1_184' title='bbox 861 2446 904 2483; x_wconf 90' lang='lat' dir='ltr'>et</span> <span class='ocrx_word' id='word_1_185' title='bbox 929 2442 989 2482; x_wconf 91' lang='lat' dir='ltr'>in-</span> 
     </span>
     <span class='ocr_line' id='line_1_42' title="bbox 160 2494 990 2547; baseline 0.004 -11"><span class='ocrx_word' id='word_1_186' title='bbox 160 2494 321 2536; x_wconf 80' lang='lat' dir='ltr'>clinata</span> <span class='ocrx_word' id='word_1_187' title='bbox 345 2501 445 2538; x_wconf 91' lang='lat' dir='ltr'>sunt</span> <span class='ocrx_word' id='word_1_188' title='bbox 467 2510 615 2547; x_wconf 84' lang='lat' dir='ltr'>regna:</span> <span class='ocrx_word' id='word_1_189' title='bbox 638 2499 662 2523; x_wconf 83' lang='lat'>*</span> <span class='ocrx_word' id='word_1_190' title='bbox 687 2497 811 2540; x_wconf 91' lang='lat' dir='ltr'>dedit</span> <span class='ocrx_word' id='word_1_191' title='bbox 834 2510 990 2539; x_wconf 89' lang='lat' dir='ltr'>vocem</span> 
     </span>
     <span class='ocr_line' id='line_1_43' title="bbox 159 2557 665 2600; baseline 0.008 -9"><span class='ocrx_word' id='word_1_192' title='bbox 159 2563 294 2600; x_wconf 89' lang='lat' dir='ltr'>suam,</span> <span class='ocrx_word' id='word_1_193' title='bbox 312 2557 434 2592; x_wconf 87' lang='lat' dir='ltr'>mota</span> <span class='ocrx_word' id='word_1_194' title='bbox 452 2558 518 2594; x_wconf 90' lang='lat' dir='ltr'>est</span> <span class='ocrx_word' id='word_1_195' title='bbox 538 2558 665 2595; x_wconf 86' lang='lat' dir='ltr'>terra.</span> 
     </span>
    </p>

    <p class='ocr_par' dir='ltr' id='par_1_16' title="bbox 158 2606 989 2715">
     <span class='ocr_line' id='line_1_44' title="bbox 209 2606 989 2651; baseline 0.003 -4"><span class='ocrx_word' id='word_1_196' title='bbox 209 2606 427 2648; x_wconf 89' lang='lat' dir='ltr'>Dominus</span> <span class='ocrx_word' id='word_1_197' title='bbox 455 2608 666 2651; x_wconf 80' lang='lat' dir='ltr'>virtutum</span> <span class='ocrx_word' id='word_1_198' title='bbox 694 2609 938 2651; x_wconf 91' lang='lat' dir='ltr'>nobiscum:</span> <span class='ocrx_word' id='word_1_199' title='bbox 966 2611 989 2636; x_wconf 90' lang='lat'>*</span> 
     </span>
     <span class='ocr_line' id='line_1_45' title="bbox 158 2664 870 2715; baseline 0.006 -12"><span class='ocrx_word' id='word_1_200' title='bbox 158 2664 391 2715; x_wconf 90' lang='lat' dir='ltr'>susceptor</span> <span class='ocrx_word' id='word_1_201' title='bbox 409 2669 560 2705; x_wconf 92' lang='lat' dir='ltr'>noster</span> <span class='ocrx_word' id='word_1_202' title='bbox 579 2665 700 2706; x_wconf 90' lang='lat' dir='ltr'>Deus</span> <span class='ocrx_word' id='word_1_203' title='bbox 719 2665 870 2707; x_wconf 88' lang='lat' dir='ltr'>Jacob.</span> 
     </span>
    </p>
   </div>
   <div class='ocr_carea' id='block_1_3' title="bbox 999 151 1445 187">
    <p class='ocr_par' dir='ltr' id='par_1_17' title="bbox 999 151 1445 187">
     <span class='ocr_line' id='line_1_46' title="bbox 999 151 1445 187; baseline 0.007 -3"><span class='ocrx_word' id='word_1_204' title='bbox 999 151 1150 184; x_wconf 60' lang='lat' dir='ltr'>Rosam-ii</span> <span class='ocrx_word' id='word_1_205' title='bbox 1176 152 1216 185; x_wconf 74' lang='grc' dir='ltr'>Β.</span> <span class='ocrx_word' id='word_1_206' title='bbox 1244 152 1376 186; x_wconf 65' lang='lat' dir='ltr'>Mariae</span> <span class='ocrx_word' id='word_1_207' title='bbox 1403 153 1445 187; x_wconf 73' lang='lat' dir='ltr'>V.</span> 
     </span>
    </p>
   </div>
   <div class='ocr_carea' id='block_1_4' title="bbox 1053 247 1884 358">
    <p class='ocr_par' dir='ltr' id='par_1_18' title="bbox 1053 247 1884 358">
     <span class='ocr_line' id='line_1_47' title="bbox 1103 247 1883 302; baseline 0.004 -14"><span class='ocrx_word' id='word_1_208' title='bbox 1103 248 1280 297; x_wconf 88' lang='lat' dir='ltr'>Venite,</span> <span class='ocrx_word' id='word_1_209' title='bbox 1305 252 1349 289; x_wconf 93' lang='lat' dir='ltr'>et</span> <span class='ocrx_word' id='word_1_210' title='bbox 1370 247 1515 290; x_wconf 91' lang='lat' dir='ltr'>videte</span> <span class='ocrx_word' id='word_1_211' title='bbox 1540 251 1676 302; x_wconf 86' lang='lat' dir='ltr'>opera</span> <span class='ocrx_word' id='word_1_212' title='bbox 1694 250 1883 301; x_wconf 88' lang='lat' dir='ltr'>Domini,</span> 
     </span>
     <span class='ocr_line' id='line_1_48' title="bbox 1053 303 1884 358; baseline 0.002 -14"><span class='ocrx_word' id='word_1_213' title='bbox 1053 317 1151 356; x_wconf 86' lang='lat' dir='ltr'>quae</span> <span class='ocrx_word' id='word_1_214' title='bbox 1171 304 1320 356; x_wconf 88' lang='lat' dir='ltr'>posuit</span> <span class='ocrx_word' id='word_1_215' title='bbox 1340 303 1543 357; x_wconf 87' lang='lat' dir='ltr'>prodigia</span> <span class='ocrx_word' id='word_1_216' title='bbox 1559 318 1693 358; x_wconf 91' lang='lat' dir='ltr'>super</span> <span class='ocrx_word' id='word_1_217' title='bbox 1707 311 1884 348; x_wconf 88' lang='lat' dir='ltr'>terram:</span> 
     </span>
    </p>
   </div>
   <div class='ocr_carea' id='block_1_5' title="bbox 1050 360 1884 863">
    <p class='ocr_par' dir='ltr' id='par_1_19' title="bbox 1050 360 1883 458">
     <span class='ocr_line' id='line_1_49' title="bbox 1051 360 1883 414; baseline 0.005 -13"><span class='ocrx_word' id='word_1_218' title='bbox 1051 362 1074 387; x_wconf 88' lang='lat'>*</span> <span class='ocrx_word' id='word_1_219' title='bbox 1107 360 1309 402; x_wconf 81' lang='lat' dir='ltr'>auferens</span> <span class='ocrx_word' id='word_1_220' title='bbox 1341 360 1457 402; x_wconf 88' lang='lat' dir='ltr'>bella</span> <span class='ocrx_word' id='word_1_221' title='bbox 1489 374 1630 414; x_wconf 89' lang='lat' dir='ltr'>usque</span> <span class='ocrx_word' id='word_1_222' title='bbox 1661 362 1717 404; x_wconf 91' lang='lat' dir='ltr'>ad</span> <span class='ocrx_word' id='word_1_223' title='bbox 1750 362 1883 404; x_wconf 91' lang='lat' dir='ltr'>finem</span> 
     </span>
     <span class='ocr_line' id='line_1_50' title="bbox 1050 422 1192 458; baseline -0.007 0"><span class='ocrx_word' id='word_1_224' title='bbox 1050 422 1192 458; x_wconf 89' lang='lat' dir='ltr'>terrae.</span> 
     </span>
    </p>

    <p class='ocr_par' dir='ltr' id='par_1_20' title="bbox 1051 474 1883 582">
     <span class='ocr_line' id='line_1_51' title="bbox 1102 474 1883 526; baseline 0.004 -13"><span class='ocrx_word' id='word_1_225' title='bbox 1102 474 1267 514; x_wconf 91' lang='lat' dir='ltr'>Arcum</span> <span class='ocrx_word' id='word_1_226' title='bbox 1304 475 1521 523; x_wconf 87' lang='lat' dir='ltr'>conteret,</span> <span class='ocrx_word' id='word_1_227' title='bbox 1559 478 1603 516; x_wconf 90' lang='lat' dir='ltr'>et</span> <span class='ocrx_word' id='word_1_228' title='bbox 1639 475 1883 526; x_wconf 87' lang='lat' dir='ltr'>confringet</span> 
     </span>
     <span class='ocr_line' id='line_1_52' title="bbox 1051 529 1803 582; baseline 0.003 -12"><span class='ocrx_word' id='word_1_229' title='bbox 1051 542 1185 570; x_wconf 89' lang='lat' dir='ltr'>arma:</span> <span class='ocrx_word' id='word_1_230' title='bbox 1204 530 1227 555; x_wconf 88' lang='lat'>*</span> <span class='ocrx_word' id='word_1_231' title='bbox 1248 534 1291 571; x_wconf 89' lang='lat' dir='ltr'>et</span> <span class='ocrx_word' id='word_1_232' title='bbox 1310 534 1434 571; x_wconf 89' lang='lat' dir='ltr'>scuta</span> <span class='ocrx_word' id='word_1_233' title='bbox 1454 529 1686 573; x_wconf 80' lang='lat' dir='ltr'>comburet</span> <span class='ocrx_word' id='word_1_234' title='bbox 1703 531 1803 582; x_wconf 88' lang='lat' dir='ltr'>igni.</span> 
     </span>
    </p>

    <p class='ocr_par' dir='ltr' id='par_1_21' title="bbox 1050 585 1884 741">
     <span class='ocr_line' id='line_1_53' title="bbox 1101 585 1882 639; baseline 0.004 -12"><span class='ocrx_word' id='word_1_235' title='bbox 1101 586 1287 636; x_wconf 73' lang='lat' dir='ltr'>Vacate,</span> <span class='ocrx_word' id='word_1_236' title='bbox 1316 590 1360 627; x_wconf 90' lang='lat' dir='ltr'>et</span> <span class='ocrx_word' id='word_1_237' title='bbox 1387 585 1533 627; x_wconf 87' lang='lat' dir='ltr'>videte</span> <span class='ocrx_word' id='word_1_238' title='bbox 1565 587 1772 639; x_wconf 89' lang='lat' dir='ltr'>quoniam</span> <span class='ocrx_word' id='word_1_239' title='bbox 1799 601 1882 639; x_wconf 89' lang='lat' dir='ltr'>ego</span> 
     </span>
     <span class='ocr_line' id='line_1_54' title="bbox 1050 642 1884 695; baseline 0.005 -13"><span class='ocrx_word' id='word_1_240' title='bbox 1050 654 1147 682; x_wconf 91' lang='lat' dir='ltr'>sum</span> <span class='ocrx_word' id='word_1_241' title='bbox 1160 642 1296 684; x_wconf 92' lang='lat' dir='ltr'>Deus:</span> <span class='ocrx_word' id='word_1_242' title='bbox 1311 643 1334 668; x_wconf 88' lang='lat'>*</span> <span class='ocrx_word' id='word_1_243' title='bbox 1351 642 1580 684; x_wconf 81' lang='lat' dir='ltr'>exaltabor</span> <span class='ocrx_word' id='word_1_244' title='bbox 1595 644 1640 684; x_wconf 94' lang='lat' dir='ltr'>in</span> <span class='ocrx_word' id='word_1_245' title='bbox 1656 643 1884 695; x_wconf 86' lang='lat' dir='ltr'>Gentibus,</span> 
     </span>
     <span class='ocr_line' id='line_1_55' title="bbox 1051 698 1553 741; baseline 0.002 -2"><span class='ocrx_word' id='word_1_246' title='bbox 1051 702 1095 739; x_wconf 90' lang='lat' dir='ltr'>et</span> <span class='ocrx_word' id='word_1_247' title='bbox 1114 698 1343 740; x_wconf 79' lang='lat' dir='ltr'>exaltabor</span> <span class='ocrx_word' id='word_1_248' title='bbox 1362 699 1405 739; x_wconf 90' lang='lat' dir='ltr'>in</span> <span class='ocrx_word' id='word_1_249' title='bbox 1425 704 1553 741; x_wconf 90' lang='lat' dir='ltr'>terra.</span> 
     </span>
    </p>

    <p class='ocr_par' dir='ltr' id='par_1_22' title="bbox 1050 754 1883 863">
     <span class='ocr_line' id='line_1_56' title="bbox 1100 754 1883 798; baseline 0.004 -3"><span class='ocrx_word' id='word_1_250' title='bbox 1100 754 1318 796; x_wconf 90' lang='lat' dir='ltr'>Dominus</span> <span class='ocrx_word' id='word_1_251' title='bbox 1346 755 1557 797; x_wconf 71' lang='lat' dir='ltr'>virtfitum</span> <span class='ocrx_word' id='word_1_252' title='bbox 1584 756 1832 798; x_wconf 85' lang='lat' dir='ltr'>nobiscum:</span> <span class='ocrx_word' id='word_1_253' title='bbox 1859 758 1883 784; x_wconf 68' lang='lat'>²*</span> 
     </span>
     <span class='ocr_line' id='line_1_57' title="bbox 1050 812 1762 863; baseline 0.004 -12"><span class='ocrx_word' id='word_1_254' title='bbox 1050 812 1282 863; x_wconf 89' lang='lat' dir='ltr'>susceptor</span> <span class='ocrx_word' id='word_1_255' title='bbox 1299 817 1453 853; x_wconf 91' lang='lat' dir='ltr'>noster</span> <span class='ocrx_word' id='word_1_256' title='bbox 1471 812 1594 854; x_wconf 92' lang='lat' dir='ltr'>Deus</span> <span class='ocrx_word' id='word_1_257' title='bbox 1612 813 1762 855; x_wconf 86' lang='lat' dir='ltr'>Jacob.</span> 
     </span>
    </p>
   </div>
   <div class='ocr_carea' id='block_1_6' title="bbox 1049 876 1884 1031">
    <p class='ocr_par' dir='ltr' id='par_1_23' title="bbox 1049 876 1884 1031">
     <span class='ocr_line' id='line_1_58' title="bbox 1108 876 1884 930; baseline 0.004 -14"><span class='ocrx_word' id='word_1_258' title='bbox 1108 877 1208 918; x_wconf 88' lang='lat' dir='ltr'>Ant.</span> <span class='ocrx_word' id='word_1_259' title='bbox 1237 876 1523 928; x_wconf 88' lang='lat' dir='ltr'>Requirentes</span> <span class='ocrx_word' id='word_1_260' title='bbox 1550 878 1702 919; x_wconf 89' lang='lat' dir='ltr'>Jesum</span> <span class='ocrx_word' id='word_1_261' title='bbox 1731 879 1884 930; x_wconf 89' lang='lat' dir='ltr'>paren-</span> 
     </span>
     <span class='ocr_line' id='line_1_59' title="bbox 1049 932 1884 986; baseline 0.006 -15"><span class='ocrx_word' id='word_1_262' title='bbox 1049 935 1117 972; x_wconf 92' lang='lat' dir='ltr'>tes</span> <span class='ocrx_word' id='word_1_263' title='bbox 1137 932 1244 983; x_wconf 76' lang='lat' dir='ltr'>eJus,</span> <span class='ocrx_word' id='word_1_264' title='bbox 1269 932 1529 974; x_wconf 90' lang='lat' dir='ltr'>invenerunt</span> <span class='ocrx_word' id='word_1_265' title='bbox 1546 933 1669 975; x_wconf 85' lang='lat' dir='ltr'>illum</span> <span class='ocrx_word' id='word_1_266' title='bbox 1689 939 1793 986; x_wconf 93' lang='lat' dir='ltr'>post</span> <span class='ocrx_word' id='word_1_267' title='bbox 1811 937 1884 976; x_wconf 90' lang='lat' dir='ltr'>tri-</span> 
     </span>
     <span class='ocr_line' id='line_1_60' title="bbox 1050 986 1677 1031; baseline 0.005 -4"><span class='ocrx_word' id='word_1_268' title='bbox 1050 986 1184 1028; x_wconf 92' lang='lat' dir='ltr'>duum</span> <span class='ocrx_word' id='word_1_269' title='bbox 1203 988 1246 1028; x_wconf 90' lang='lat' dir='ltr'>in</span> <span class='ocrx_word' id='word_1_270' title='bbox 1266 988 1412 1030; x_wconf 93' lang='lat' dir='ltr'>medio</span> <span class='ocrx_word' id='word_1_271' title='bbox 1433 987 1677 1031; x_wconf 88' lang='lat' dir='ltr'>doctorum.</span> 
     </span>
    </p>
   </div>
   <div class='ocr_carea' id='block_1_7' title="bbox 1049 1054 1883 1216">
    <p class='ocr_par' dir='ltr' id='par_1_24' title="bbox 1049 1054 1883 1216">
     <span class='ocr_line' id='line_1_61' title="bbox 1109 1054 1883 1118; baseline 0.004 -24.047"><span class='ocrx_word' id='word_1_272' title='bbox 1109 1055 1206 1095; x_wconf 77' lang='lat' dir='ltr'>Ant.</span> <span class='ocrx_word' id='word_1_273' title='bbox 1227 1054 1374 1118; x_wconf 86' lang='lat' dir='ltr'>Coepit</span> <span class='ocrx_word' id='word_1_274' title='bbox 1394 1054 1664 1104; x_wconf 79' lang='lat' dir='ltr'>contristari,</span> <span class='ocrx_word' id='word_1_275' title='bbox 1684 1059 1728 1097; x_wconf 91' lang='lat' dir='ltr'>et</span> <span class='ocrx_word' id='word_1_276' title='bbox 1742 1055 1883 1097; x_wconf 87' lang='lat' dir='ltr'>factus</span> 
     </span>
     <span class='ocr_line' id='line_1_62' title="bbox 1049 1108 1882 1192; baseline 0.006 -43"><span class='ocrx_word' id='word_1_277' title='bbox 1049 1113 1116 1150; x_wconf 91' lang='lat' dir='ltr'>est</span> <span class='ocrx_word' id='word_1_278' title='bbox 1131 1108 1268 1150; x_wconf 91' lang='lat' dir='ltr'>sudor</span> <span class='ocrx_word' id='word_1_279' title='bbox 1285 1110 1376 1161; x_wconf 90' lang='lat' dir='ltr'>ejus</span> <span class='ocrx_word' id='word_1_280' title='bbox 1395 1110 1440 1150; x_wconf 91' lang='lat' dir='ltr'>in</span> <span class='ocrx_word' id='word_1_281' title='bbox 1453 1109 1597 1160; x_wconf 89' lang='lat' dir='ltr'>horto,</span> <span class='ocrx_word' id='word_1_282' title='bbox 1617 1111 1731 1192; x_wconf 84' lang='lat' dir='ltr'>sicut</span> <span class='ocrx_word' id='word_1_283' title='bbox 1745 1115 1882 1162; x_wconf 85' lang='lat' dir='ltr'>guttae</span> 
     </span>
     <span class='ocr_line' id='line_1_63' title="bbox 1049 1165 1283 1216; baseline 0 -10"><span class='ocrx_word' id='word_1_284' title='bbox 1049 1165 1283 1216; x_wconf 78' lang='lat' dir='ltr'>sanguinis.</span> 
     </span>
    </p>
   </div>
   <div class='ocr_carea' id='block_1_8' title="bbox 1334 1235 1616 1275">
    <p class='ocr_par' dir='ltr' id='par_1_25' title="bbox 1334 1235 1616 1275">
     <span class='ocr_line' id='line_1_64' title="bbox 1334 1235 1616 1275; baseline 0.007 -2"><span class='ocrx_word' id='word_1_285' title='bbox 1334 1235 1400 1274; x_wconf 81' lang='lat' dir='ltr'>Ps</span> <span class='ocrx_word' id='word_1_286' title='bbox 1391 1235 1529 1274; x_wconf 72' lang='lat' dir='ltr'>limus</span> <span class='ocrx_word' id='word_1_287' title='bbox 1550 1236 1616 1275; x_wconf 78' lang='lat'>86.</span> 
     </span>
    </p>
   </div>
   <div class='ocr_carea' id='block_1_9' title="bbox 1044 1295 1882 2352">
    <p class='ocr_par' dir='ltr' id='par_1_26' title="bbox 1047 1295 1882 1510">
     <span class='ocr_line' id='line_1_65' title="bbox 1056 1295 1882 1400; baseline 0.006 -61"><span class='ocrx_word' id='word_1_288' title='bbox 1056 1295 1402 1400; x_wconf 85' lang='lat' dir='ltr'>Fundamenta</span> <span class='ocrx_word' id='word_1_289' title='bbox 1441 1301 1532 1352; x_wconf 90' lang='lat' dir='ltr'>ejus</span> <span class='ocrx_word' id='word_1_290' title='bbox 1573 1301 1618 1341; x_wconf 93' lang='lat' dir='ltr'>in</span> <span class='ocrx_word' id='word_1_291' title='bbox 1658 1301 1882 1344; x_wconf 90' lang='lat' dir='ltr'>montibus</span> 
     </span>
     <span class='ocr_line' id='line_1_66' title="bbox 1162 1356 1881 1411; baseline 0.004 -14"><span class='ocrx_word' id='word_1_292' title='bbox 1162 1357 1339 1398; x_wconf 90' lang='lat' dir='ltr'>sanctis:</span> <span class='ocrx_word' id='word_1_293' title='bbox 1355 1358 1379 1384; x_wconf 87' lang='lat'>*</span> <span class='ocrx_word' id='word_1_294' title='bbox 1395 1356 1537 1408; x_wconf 90' lang='lat' dir='ltr'>diligit</span> <span class='ocrx_word' id='word_1_295' title='bbox 1551 1357 1767 1399; x_wconf 90' lang='lat' dir='ltr'>Dominus</span> <span class='ocrx_word' id='word_1_296' title='bbox 1782 1371 1881 1411; x_wconf 91' lang='lat' dir='ltr'>por-</span> 
     </span>
     <span class='ocr_line' id='line_1_67' title="bbox 1047 1412 1881 1466; baseline 0.004 -13"><span class='ocrx_word' id='word_1_297' title='bbox 1047 1417 1115 1453; x_wconf 90' lang='lat' dir='ltr'>tas</span> <span class='ocrx_word' id='word_1_298' title='bbox 1138 1412 1243 1454; x_wconf 89' lang='lat' dir='ltr'>Sion</span> <span class='ocrx_word' id='word_1_299' title='bbox 1267 1426 1401 1466; x_wconf 90' lang='lat' dir='ltr'>super</span> <span class='ocrx_word' id='word_1_300' title='bbox 1426 1414 1572 1454; x_wconf 90' lang='lat' dir='ltr'>omnia</span> <span class='ocrx_word' id='word_1_301' title='bbox 1595 1413 1881 1456; x_wconf 80' lang='lat' dir='ltr'>tabernacula</span> 
     </span>
     <span class='ocr_line' id='line_1_68' title="bbox 1047 1468 1196 1510; baseline -0.007 -1"><span class='ocrx_word' id='word_1_302' title='bbox 1047 1468 1196 1510; x_wconf 87' lang='lat' dir='ltr'>Jacob.</span> 
     </span>
    </p>

    <p class='ocr_par' dir='ltr' id='par_1_27' title="bbox 1046 1524 1880 1623">
     <span class='ocr_line' id='line_1_69' title="bbox 1100 1524 1880 1576; baseline 0.004 -11"><span class='ocrx_word' id='word_1_303' title='bbox 1100 1525 1308 1566; x_wconf 89' lang='lat' dir='ltr'>Gloriosa</span> <span class='ocrx_word' id='word_1_304' title='bbox 1327 1524 1445 1566; x_wconf 80' lang='lat' dir='ltr'>dicta</span> <span class='ocrx_word' id='word_1_305' title='bbox 1464 1530 1565 1567; x_wconf 92' lang='lat' dir='ltr'>sunt</span> <span class='ocrx_word' id='word_1_306' title='bbox 1587 1525 1642 1567; x_wconf 92' lang='lat' dir='ltr'>de</span> <span class='ocrx_word' id='word_1_307' title='bbox 1661 1530 1717 1576; x_wconf 89' lang='lat' dir='ltr'>te,</span> <span class='ocrx_word' id='word_1_308' title='bbox 1735 1527 1760 1553; x_wconf 78' lang='lat'>¹⁸¹</span> <span class='ocrx_word' id='word_1_309' title='bbox 1779 1527 1880 1569; x_wconf 88' lang='lat' dir='ltr'>civi-</span> 
     </span>
     <span class='ocr_line' id='line_1_70' title="bbox 1046 1581 1230 1623; baseline 0 -1"><span class='ocrx_word' id='word_1_310' title='bbox 1046 1586 1115 1622; x_wconf 87' lang='lat' dir='ltr'>tas</span> <span class='ocrx_word' id='word_1_311' title='bbox 1137 1581 1230 1623; x_wconf 93' lang='lat' dir='ltr'>Dei.</span> 
     </span>
    </p>

    <p class='ocr_par' dir='ltr' id='par_1_28' title="bbox 1046 1637 1881 1735">
     <span class='ocr_line' id='line_1_71' title="bbox 1098 1637 1881 1691; baseline 0.003 -13"><span class='ocrx_word' id='word_1_312' title='bbox 1098 1637 1270 1679; x_wconf 89' lang='lat' dir='ltr'>Memor</span> <span class='ocrx_word' id='word_1_313' title='bbox 1289 1650 1365 1679; x_wconf 92' lang='lat' dir='ltr'>ero</span> <span class='ocrx_word' id='word_1_314' title='bbox 1387 1637 1555 1688; x_wconf 90' lang='lat' dir='ltr'>Rahab‚</span> <span class='ocrx_word' id='word_1_315' title='bbox 1579 1643 1623 1680; x_wconf 90' lang='lat' dir='ltr'>et</span> <span class='ocrx_word' id='word_1_316' title='bbox 1639 1638 1881 1691; x_wconf 87' lang='lat' dir='ltr'>Babylonis</span> 
     </span>
     <span class='ocr_line' id='line_1_72' title="bbox 1046 1694 1420 1735; baseline 0 -1"><span class='ocrx_word' id='word_1_317' title='bbox 1046 1694 1070 1719; x_wconf 88' lang='lat'>*</span> <span class='ocrx_word' id='word_1_318' title='bbox 1090 1694 1320 1735; x_wconf 91' lang='lat' dir='ltr'>scientium</span> <span class='ocrx_word' id='word_1_319' title='bbox 1338 1706 1420 1735; x_wconf 92' lang='lat' dir='ltr'>me.</span> 
     </span>
    </p>

    <p class='ocr_par' dir='ltr' id='par_1_29' title="bbox 1045 1750 1881 1903">
     <span class='ocr_line' id='line_1_73' title="bbox 1097 1750 1881 1803; baseline 0.004 -13"><span class='ocrx_word' id='word_1_320' title='bbox 1097 1750 1214 1791; x_wconf 92' lang='lat' dir='ltr'>Ecce</span> <span class='ocrx_word' id='word_1_321' title='bbox 1247 1750 1520 1801; x_wconf 66' lang='lat' dir='ltr'>alienigenae,</span> <span class='ocrx_word' id='word_1_322' title='bbox 1559 1755 1604 1792; x_wconf 85' lang='lat' dir='ltr'>et</span> <span class='ocrx_word' id='word_1_323' title='bbox 1636 1751 1798 1803; x_wconf 91' lang='lat' dir='ltr'>Tyrus,</span> <span class='ocrx_word' id='word_1_324' title='bbox 1835 1755 1881 1793; x_wconf 87' lang='lat' dir='ltr'>et</span> 
     </span>
     <span class='ocr_line' id='line_1_74' title="bbox 1046 1806 1881 1858; baseline 0.004 -12"><span class='ocrx_word' id='word_1_325' title='bbox 1046 1806 1239 1858; x_wconf 84' lang='lat' dir='ltr'>populus</span> <span class='ocrx_word' id='word_1_326' title='bbox 1267 1806 1544 1858; x_wconf 86' lang='lat' dir='ltr'>AEthiopum‚</span> <span class='ocrx_word' id='word_1_327' title='bbox 1577 1807 1601 1832; x_wconf 82' lang='lat'>¹⁸¹</span> <span class='ocrx_word' id='word_1_328' title='bbox 1631 1807 1678 1848; x_wconf 93' lang='lat' dir='ltr'>hi</span> <span class='ocrx_word' id='word_1_329' title='bbox 1703 1807 1881 1849; x_wconf 87' lang='lat' dir='ltr'>fuerunt</span> 
     </span>
     <span class='ocr_line' id='line_1_75' title="bbox 1045 1861 1145 1903; baseline 0 -1"><span class='ocrx_word' id='word_1_330' title='bbox 1045 1861 1145 1903; x_wconf 90' lang='lat' dir='ltr'>illic.</span> 
     </span>
    </p>

    <p class='ocr_par' dir='ltr' id='par_1_30' title="bbox 1045 1918 1880 2072">
     <span class='ocr_line' id='line_1_76' title="bbox 1098 1918 1880 1970; baseline 0.004 -11"><span class='ocrx_word' id='word_1_331' title='bbox 1098 1918 1326 1970; x_wconf 88' lang='lat' dir='ltr'>Numquid</span> <span class='ocrx_word' id='word_1_332' title='bbox 1350 1918 1455 1960; x_wconf 93' lang='lat' dir='ltr'>Sion</span> <span class='ocrx_word' id='word_1_333' title='bbox 1480 1918 1616 1960; x_wconf 87' lang='lat' dir='ltr'>dicet:</span> <span class='ocrx_word' id='word_1_334' title='bbox 1643 1919 1808 1969; x_wconf 89' lang='lat' dir='ltr'>Homo,</span> <span class='ocrx_word' id='word_1_335' title='bbox 1836 1924 1880 1962; x_wconf 92' lang='lat' dir='ltr'>et</span> 
     </span>
     <span class='ocr_line' id='line_1_77' title="bbox 1045 1973 1879 2028; baseline 0.002 -13"><span class='ocrx_word' id='word_1_336' title='bbox 1045 1973 1179 2015; x_wconf 94' lang='lat' dir='ltr'>homo</span> <span class='ocrx_word' id='word_1_337' title='bbox 1199 1979 1328 2016; x_wconf 88' lang='lat' dir='ltr'>natus</span> <span class='ocrx_word' id='word_1_338' title='bbox 1348 1979 1416 2016; x_wconf 89' lang='lat' dir='ltr'>est</span> <span class='ocrx_word' id='word_1_339' title='bbox 1435 1975 1479 2015; x_wconf 92' lang='lat' dir='ltr'>in</span> <span class='ocrx_word' id='word_1_340' title='bbox 1499 1988 1564 2016; x_wconf 89' lang='lat' dir='ltr'>ea:</span> <span class='ocrx_word' id='word_1_341' title='bbox 1578 1975 1603 2001; x_wconf 85' lang='lat'>*</span> <span class='ocrx_word' id='word_1_342' title='bbox 1619 1979 1663 2016; x_wconf 94' lang='lat' dir='ltr'>et</span> <span class='ocrx_word' id='word_1_343' title='bbox 1675 1975 1772 2028; x_wconf 88' lang='lat' dir='ltr'>ipse</span> <span class='ocrx_word' id='word_1_344' title='bbox 1786 1975 1879 2017; x_wconf 86' lang='lat' dir='ltr'>fun-</span> 
     </span>
     <span class='ocr_line' id='line_1_78' title="bbox 1046 2029 1580 2072; baseline 0.002 -1"><span class='ocrx_word' id='word_1_345' title='bbox 1046 2029 1168 2071; x_wconf 78' lang='lat' dir='ltr'>davit</span> <span class='ocrx_word' id='word_1_346' title='bbox 1187 2043 1285 2071; x_wconf 88' lang='lat' dir='ltr'>eam</span> <span class='ocrx_word' id='word_1_347' title='bbox 1303 2029 1580 2072; x_wconf 80' lang='lat' dir='ltr'>AltissimusP</span> 
     </span>
    </p>

    <p class='ocr_par' dir='ltr' id='par_1_31' title="bbox 1044 2086 1879 2250">
     <span class='ocr_line' id='line_1_79' title="bbox 1098 2086 1879 2140; baseline 0.003 -13"><span class='ocrx_word' id='word_1_348' title='bbox 1098 2086 1316 2127; x_wconf 92' lang='lat' dir='ltr'>Dominus</span> <span class='ocrx_word' id='word_1_349' title='bbox 1348 2087 1544 2129; x_wconf 79' lang='lat' dir='ltr'>narrabit</span> <span class='ocrx_word' id='word_1_350' title='bbox 1574 2087 1619 2128; x_wconf 90' lang='lat' dir='ltr'>in</span> <span class='ocrx_word' id='word_1_351' title='bbox 1651 2087 1879 2140; x_wconf 81' lang='lat' dir='ltr'>scripturis</span> 
     </span>
     <span class='ocr_line' id='line_1_80' title="bbox 1044 2143 1878 2195; baseline 0 -11"><span class='ocrx_word' id='word_1_352' title='bbox 1044 2143 1323 2195; x_wconf 87' lang='lat' dir='ltr'>populorum,</span> <span class='ocrx_word' id='word_1_353' title='bbox 1344 2147 1388 2184; x_wconf 90' lang='lat' dir='ltr'>et</span> <span class='ocrx_word' id='word_1_354' title='bbox 1401 2143 1664 2195; x_wconf 89' lang='lat' dir='ltr'>principum:</span> <span class='ocrx_word' id='word_1_355' title='bbox 1674 2144 1698 2170; x_wconf 88' lang='lat'>*</span> <span class='ocrx_word' id='word_1_356' title='bbox 1708 2143 1878 2193; x_wconf 87' lang='lat' dir='ltr'>horum,</span> 
     </span>
     <span class='ocr_line' id='line_1_81' title="bbox 1047 2198 1462 2250; baseline 0.002 -11"><span class='ocrx_word' id='word_1_357' title='bbox 1047 2199 1122 2250; x_wconf 91' lang='lat' dir='ltr'>qui</span> <span class='ocrx_word' id='word_1_358' title='bbox 1141 2198 1316 2240; x_wconf 88' lang='lat' dir='ltr'>fuerunt</span> <span class='ocrx_word' id='word_1_359' title='bbox 1335 2199 1380 2239; x_wconf 90' lang='lat' dir='ltr'>in</span> <span class='ocrx_word' id='word_1_360' title='bbox 1400 2211 1462 2240; x_wconf 86' lang='lat' dir='ltr'>ea.</span> 
     </span>
    </p>

    <p class='ocr_par' dir='ltr' id='par_1_32' title="bbox 1044 2254 1876 2352">
     <span class='ocr_line' id='line_1_82' title="bbox 1095 2254 1876 2297; baseline 0 -1"><span class='ocrx_word' id='word_1_361' title='bbox 1095 2255 1216 2296; x_wconf 92' lang='lat' dir='ltr'>Sicut</span> <span class='ocrx_word' id='word_1_362' title='bbox 1235 2255 1480 2296; x_wconf 68' lang='lat' dir='ltr'>laetantium</span> <span class='ocrx_word' id='word_1_363' title='bbox 1502 2255 1698 2296; x_wconf 92' lang='lat' dir='ltr'>omnium</span> <span class='ocrx_word' id='word_1_364' title='bbox 1715 2255 1740 2282; x_wconf 89' lang='lat'>*</span> <span class='ocrx_word' id='word_1_365' title='bbox 1758 2254 1876 2297; x_wconf 94' lang='lat' dir='ltr'>habi-</span> 
     </span>
     <span class='ocr_line' id='line_1_83' title="bbox 1044 2310 1380 2352; baseline 0.003 -1"><span class='ocrx_word' id='word_1_366' title='bbox 1044 2310 1154 2352; x_wconf 82' lang='lat' dir='ltr'>tatio</span> <span class='ocrx_word' id='word_1_367' title='bbox 1175 2315 1242 2352; x_wconf 93' lang='lat' dir='ltr'>est</span> <span class='ocrx_word' id='word_1_368' title='bbox 1261 2312 1304 2351; x_wconf 93' lang='lat' dir='ltr'>in</span> <span class='ocrx_word' id='word_1_369' title='bbox 1324 2315 1380 2352; x_wconf 90' lang='lat' dir='ltr'>te.</span> 
     </span>
    </p>
   </div>
   <div class='ocr_carea' id='block_1_10' title="bbox 1042 2375 1876 2717">
    <p class='ocr_par' dir='ltr' id='par_1_33' title="bbox 1043 2375 1876 2539">
     <span class='ocr_line' id='line_1_84' title="bbox 1102 2375 1876 2428; baseline 0 -11"><span class='ocrx_word' id='word_1_370' title='bbox 1102 2379 1201 2418; x_wconf 83' lang='lat' dir='ltr'>Ant.</span> <span class='ocrx_word' id='word_1_371' title='bbox 1223 2376 1370 2428; x_wconf 88' lang='lat' dir='ltr'>Coepit</span> <span class='ocrx_word' id='word_1_372' title='bbox 1390 2375 1651 2424; x_wconf 77' lang='lat' dir='ltr'>contristari,</span> <span class='ocrx_word' id='word_1_373' title='bbox 1671 2379 1715 2416; x_wconf 89' lang='lat' dir='ltr'>et</span> <span class='ocrx_word' id='word_1_374' title='bbox 1733 2375 1876 2417; x_wconf 84' lang='lat' dir='ltr'>factus</span> 
     </span>
     <span class='ocr_line' id='line_1_85' title="bbox 1044 2431 1876 2484; baseline 0.001 -11"><span class='ocrx_word' id='word_1_375' title='bbox 1044 2437 1111 2473; x_wconf 90' lang='lat' dir='ltr'>est</span> <span class='ocrx_word' id='word_1_376' title='bbox 1131 2431 1266 2474; x_wconf 87' lang='lat' dir='ltr'>sudor</span> <span class='ocrx_word' id='word_1_377' title='bbox 1286 2433 1377 2484; x_wconf 90' lang='lat' dir='ltr'>ejus</span> <span class='ocrx_word' id='word_1_378' title='bbox 1395 2431 1593 2481; x_wconf 86' lang='lat' dir='ltr'>inhorto,</span> <span class='ocrx_word' id='word_1_379' title='bbox 1612 2431 1725 2473; x_wconf 90' lang='lat' dir='ltr'>sicut</span> <span class='ocrx_word' id='word_1_380' title='bbox 1739 2436 1876 2482; x_wconf 86' lang='lat' dir='ltr'>guttae</span> 
     </span>
     <span class='ocr_line' id='line_1_86' title="bbox 1043 2488 1278 2539; baseline -0.004 -10"><span class='ocrx_word' id='word_1_381' title='bbox 1043 2488 1278 2539; x_wconf 79' lang='lat' dir='ltr'>sanguinis.</span> 
     </span>
    </p>

    <p class='ocr_par' dir='ltr' id='par_1_34' title="bbox 1042 2550 1876 2717">
     <span class='ocr_line' id='line_1_87' title="bbox 1101 2550 1876 2605; baseline 0.003 -13"><span class='ocrx_word' id='word_1_382' title='bbox 1101 2550 1152 2599; x_wconf 68' lang='lat' dir='ltr'>V.</span> <span class='ocrx_word' id='word_1_383' title='bbox 1173 2553 1282 2594; x_wconf 90' lang='lat' dir='ltr'>Post</span> <span class='ocrx_word' id='word_1_384' title='bbox 1304 2557 1482 2605; x_wconf 86' lang='lat' dir='ltr'>partum</span> <span class='ocrx_word' id='word_1_385' title='bbox 1500 2553 1640 2603; x_wconf 88' lang='lat' dir='ltr'>Virgo</span> <span class='ocrx_word' id='word_1_386' title='bbox 1666 2551 1876 2594; x_wconf 75' lang='lat' dir='ltr'>inviolata</span> 
     </span>
     <span class='ocr_line' id='line_1_88' title="bbox 1042 2608 1873 2661; baseline -0.002 -11"><span class='ocrx_word' id='word_1_387' title='bbox 1042 2608 1332 2661; x_wconf 89' lang='lat' dir='ltr'>permansisti.</span> <span class='ocrx_word' id='word_1_388' title='bbox 1358 2608 1408 2658; x_wconf 70' lang='lat' dir='ltr'>R.</span> <span class='ocrx_word' id='word_1_389' title='bbox 1420 2608 1504 2649; x_wconf 94' lang='lat' dir='ltr'>Dei</span> <span class='ocrx_word' id='word_1_390' title='bbox 1520 2608 1731 2659; x_wconf 85' lang='lat' dir='ltr'>Genitrix‚</span> <span class='ocrx_word' id='word_1_391' title='bbox 1746 2608 1873 2650; x_wconf 90' lang='lat' dir='ltr'>inter-</span> 
     </span>
     <span class='ocr_line' id='line_1_89' title="bbox 1043 2663 1412 2717; baseline -0.005 -11"><span class='ocrx_word' id='word_1_392' title='bbox 1043 2663 1152 2706; x_wconf 90' lang='lat' dir='ltr'>cede</span> <span class='ocrx_word' id='word_1_393' title='bbox 1170 2676 1253 2717; x_wconf 93' lang='lat' dir='ltr'>pro</span> <span class='ocrx_word' id='word_1_394' title='bbox 1273 2663 1412 2705; x_wconf 90' lang='lat' dir='ltr'>nobis.</span> 
     </span>
    </p>
   </div>
   <div class='ocr_carea' id='block_1_11' title="bbox 103 90 1946 2765">
    <p class='ocr_par' dir='ltr' id='par_1_35' title="bbox 103 90 1946 2765">
     <span class='ocr_line' id='line_1_90' title="bbox 103 90 1946 2765; baseline 0 0"><span class='ocrx_word' id='word_1_395' title='bbox 103 90 1946 2765; x_wconf 95' lang='lat' dir='ltr'> </span> 
     </span>
    </p>
   </div>
  </div>
 </body>
</html>
