2040 2944
720 205 929 237 (Jommunc
956 202 1068 236 unius
1094 201 1282 244 Martyris.

1792 197 1860 241 [2⁷]
1904 246 1906 253 χ

155 301 387 351 celsitudo,
418 314 505 354 qua
527 301 673 345 nobis,
700 313 725 341 a
752 297 981 341 conturba-

156 360 276 401 ti6ne
294 358 520 400 heminum
534 357 726 406 remotis,
740 356 785 397 in
800 355 982 396 abscen-

156 415 247 457 dito
266 415 392 456 faciei
417 428 508 456 suae
527 415 550 455 J
554 427 654 456 esus
675 413 874 455 Christus
893 412 981 452 Do-

154 472 297 512 minus
340 476 490 513 noster
526 469 783 512 reformabit
820 480 981 520 corpus

154 528 412 569 humilitatis
440 532 624 577 nostrae,
662 525 982 577 configuratum

155 585 331 637 cerpori
351 584 563 626 claritatis
582 596 684 625 suae.
721 583 861 633 Hujus
885 593 980 633 per-

154 641 280 682 fectae
339 641 554 682 libertatis
612 637 981 691 contemplatiene

155 697 322 739 nullum
344 697 512 739 vitabat
531 695 783 749 periculum,
815 694 982 735 nullum

154 754 364 795 horrebat
389 753 667 806 supplicium:
696 756 739 794 et
763 751 800 792 si
824 750 982 791 millies

154 815 308 863 posset
330 810 458 860 mori,
484 822 574 851 non
595 808 780 862 putebat
804 820 851 849 se
870 807 981 848 hanc

156 866 285 918 digne
304 879 437 919 posse
456 866 604 918 eliqua
622 866 790 907 ratiene
809 876 979 916 prome-

155 935 251 964 reri.

202 980 252 1031 R.
280 978 402 1020 Stola
421 978 701 1031 iucunditeitis
721 976 862 1018 induit
883 989 982 1017 eum

155 1035 386 1076 Deminus:
413 1039 435 1060 *
474 1036 531 1076 Et
559 1036 768 1076 coronam
795 1032 981 1086 pulchri-

154 1091 318 1133 tudinis
355 1092 504 1144 pesuit
541 1104 674 1144 super
713 1094 844 1142 caput
881 1090 982 1142 ejus.

152 1143 201 1194 Y.
242 1148 414 1190 Cibeivit
456 1148 578 1189 illum
614 1147 828 1188 Dominus
869 1158 982 1199 pane

156 1205 257 1246 vitae
277 1209 321 1246 et
339 1204 600 1246 intellectus:
620 1208 663 1246 et
683 1216 796 1255 aqua
815 1203 982 1256 sapien-

156 1261 230 1302 tiae
274 1260 477 1302 saluteris
520 1261 691 1314 potavit
732 1259 864 1301 illum.
916 1260 982 1300 Et.

65 1338 78 1349 ·
157 1317 308 1359 Gloria
326 1318 456 1359 Patri.
484 1319 552 1360 Et.

368 1388 417 1427 In
445 1389 514 1427 III.
543 1390 763 1429 Nocturno.

206 1445 304 1485 Ant.
336 1445 484 1485 Justus
506 1444 732 1492 Do'minus‚
753 1444 776 1469 *
805 1447 848 1484 et
867 1443 982 1494 justi-

155 1501 263 1543 tiam
286 1501 452 1543 dilexit:
481 1501 733 1554 aequitetem
756 1498 867 1540 vidit
893 1498 982 1539 vul-

156 1562 227 1599 tus
253 1571 354 1610 elus
422 1602 619 1643 Psalmus
647 1604 711 1642 10.

235 1663 302 1706 {eun
320 1658 511 1700 Domino
532 1656 727 1698 confido:
759 1656 981 1708 quemodo

162 1712 205 1770 ζ’)
228 1711 235 1744 {¹
261 1714 271 1745 2³
285 1714 426 1756 dicitis
446 1714 601 1754 einimae
624 1725 751 1754 meae:
776 1713 799 1737 *
824 1713 981 1753 Tre'ms-

178 1770 186 1784 ‘'
228 1770 237 1780 '
283 1771 421 1822 migra
431 1770 474 1810 in
483 1774 678 1811 montem
689 1769 800 1810 sicut
810 1768 981 1821 passer?

209 1827 424 1878 Queniam
449 1839 552 1867 ecee
570 1827 828 1878 peccateres
846 1826 981 1867 inten-

158 1883 315 1925 derunt
333 1896 497 1932 arcum,
517 1884 782 1935 paraverunt
801 1885 981 1933 sagittas

158 1953 258 1981 suas
276 1940 320 1980 in
338 1939 560 1992 pharetra,
588 1939 612 1964 *
639 1943 687 1980 ut
711 1940 916 1989 sagittent
938 1939 981 1979 in

158 1995 347 2038 obscuro
367 2001 512 2037 rectos
532 1994 676 2036 corde.

208 2053 423 2103 Quoniam
444 2065 541 2104 quae
561 2051 792 2104 perfecisti,
814 2051 980 2093 destru-

157 2110 326 2150 xerunt:
346 2109 369 2134 *
387 2109 525 2160 justus
545 2113 690 2149 autem
710 2107 815 2160 quid
834 2107 957 2150 fecit?

207 2165 421 2206 Deminus
441 2165 484 2205 in
502 2164 668 2217 templo
689 2169 839 2206 sancto
861 2166 980 2215 suo‚*

156 2222 370 2262 Dominus
388 2222 432 2262 in
453 2220 566 2262 coelo
587 2220 714 2262 sedes
735 2221 839 2273 ejus:

209 2277 334 2318 Oculi
359 2278 449 2329 ejus
475 2277 519 2317 in
542 2279 783 2329 pauperem
806 2277 981 2329 respici-

156 2338 251 2375 unt:
283 2334 307 2359 *
338 2333 564 2386 palpebrae
593 2333 683 2384 ejus
710 2333 981 2385 interrogant

157 2389 270 2431 filios
289 2389 523 2431 heminum.

208 2446 421 2487 Deminus
460 2447 702 2496 interrogat
742 2446 901 2496 iustum
938 2451 981 2487 et
1038 2462 1039 2465 ¹

157 2502 353 2554 impium:
370 2503 394 2528 *
416 2503 489 2555 qui
508 2507 652 2544 autem
673 2501 812 2552 diligit
830 2503 980 2554 iniqui-

157 2560 304 2608 tatem,
324 2558 417 2600 odit
437 2559 624 2599 enimam
644 2571 777 2599 suam.

209 2614 336 2656 Pluet
359 2627 490 2667 super
507 2617 765 2667 peccatores
784 2614 980 2666 laqueos:

158 2671 181 2696 *
200 2670 324 2721 ignis,
344 2675 387 2711 et
406 2671 601 2723 sulphur,
625 2676 668 2712 et
687 2671 864 2724 spiritus
882 2683 980 2723 pro-

159 2726 367 2768 cellarum
386 2739 488 2778 pars
508 2727 654 2768 calicis
674 2729 836 2769 eorum.

1085 297 1300 347 Quoniam
1320 298 1457 349 justus
1476 298 1708 346 Dominus,
1735 302 1778 338 et
1803 298 1860 348 ju-

1033 354 1172 395 stitias
1206 353 1373 395 dilexit:
1405 355 1428 380 *
1467 354 1720 406 aequitatem
1752 353 1860 395 vidit

1032 410 1178 451 vultus
1198 411 1298 462 ejus.

1084 470 1181 509 Ant.
1216 469 1366 508 Justus
1398 467 1633 516 DOminus,
1669 472 1712 508 et
1743 468 1860 518 justi-

1032 523 1139 564 tiam
1165 523 1331 564 dilexit:
1359 524 1612 575 aequite'item
1635 523 1859 564 vidit‘vul-

1033 585 1103 621 tus
1133 580 1234 632 ejus.

1084 639 1181 678 Ant.
1215 636 1442 678 Habitebit
1462 637 1548 677 *in
1575 636 1857 678 tabernaculo

1034 698 1129 734 tuo:
1170 693 1419 744 requiescet
1451 694 1494 734 in
1525 698 1674 734 monte
1707 698 1859 735 sancto

1033 754 1122 790 tuo.

1304 803 1503 843 Psalmus
1532 804 1589 841 14.

1033 859 1116 965 D
1124 863 1267 904 emine
1279 863 1375 915 quis
1386 863 1599 904 habitabit
1609 863 1651 903 in
1663 862 1860 903 taberne-

1146 919 1244 961 culo
1259 918 1359 961 tuo?
1375 920 1399 945 *
1414 924 1489 961 aut
1505 919 1600 971 quis
1616 919 1861 971 requiescet

1033 976 1077 1016 in
1095 982 1245 1018 monte
1265 981 1416 1017 sancto
1436 975 1535 1017 tuo?

1087 1034 1171 1084 Qui
1189 1032 1430 1084 ingreditur
1450 1033 1542 1074 sine
1560 1032 1747 1081 macula,
1770 1033 1793 1057 *
1818 1037 1861 1073 et
1906 1067 1907 1070 ,

1035 1092 1244 1143 operatur
1263 1090 1483 1142 justitiam:

1087 1147 1170 1198 Qui
1193 1147 1387 1200 loquitur
1406 1147 1635 1188 veritatem
1659 1146 1701 1186 in
1727 1144 1861 1186 corde

1035 1217 1133 1253 suo,
1162 1205 1185 1229 *
1215 1204 1288 1256 qui
1314 1216 1402 1244 non
1428 1204 1516 1254 egit
1542 1202 1691 1244 dolum
1718 1202 1761 1242 in
1786 1202 1861 1242 lin-

1034 1273 1120 1311 gua
1140 1274 1232 1301 sua:

1087 1317 1181 1358 Nec
1200 1317 1302 1359 fecit
1320 1317 1523 1370 proximo
1544 1329 1622 1357 suo
1642 1315 1819 1364 malum,
1838 1316 1861 1340 *
1907 1330 1910 1354 t

1036 1379 1080 1415 et
1104 1373 1391 1426 opprobrium
1415 1386 1501 1414 non
1522 1373 1691 1425 accepit
1711 1371 1862 1413 adver-

1036 1444 1109 1471 sus
1128 1431 1355 1483 proximos
1375 1443 1488 1472 suos.

1087 1487 1159 1528 Ad
1178 1487 1358 1528 nihilum
1379 1486 1594 1528 deductus
1615 1490 1681 1527 est
1700 1486 1743 1525 in
1764 1497 1861 1526 con-

1036 1545 1190 1596 spectu
1219 1545 1308 1595 ejus
1338 1544 1571 1594 malignus:
1603 1543 1626 1567 *
1659 1542 1862 1583 timentes

1036 1605 1181 1641 autem
1200 1601 1437 1641 Deminum
1456 1599 1689 1650 glorificat:
1909 1644 1911 1649 .

1087 1657 1171 1706 Qui
1198 1657 1309 1708 jurat
1336 1657 1538 1709 preximo
1568 1667 1668 1703 suo⁷
1701 1659 1744 1696 et
1774 1667 1861 1695 non

1036 1712 1213 1764 decipit,
1238 1713 1261 1738 *
1291 1713 1363 1765 qui
1382 1713 1613 1765 pecuniam
1633 1724 1755 1751 suam
1776 1723 1862 1751 non

1036 1768 1157 1810 dedit
1177 1768 1233 1810 ad
1251 1772 1443 1819 usuram,
1467 1773 1510 1810 et
1529 1771 1710 1809 munera
1730 1779 1861 1819 super

1034 1825 1311 1867 innocentem
1329 1838 1416 1866 non
1435 1825 1615 1877 accepit.

1086 1882 1170 1932 Qui
1188 1882 1291 1923 facit
1309 1881 1424 1931 haec,
1451 1883 1475 1908 *
1502 1894 1589 1922 non
1614 1880 1861 1922 movebitur

1034 1938 1077 1978 in
1096 1940 1318 1979 aeternum.

1089 1996 1187 2035 Ant.
1230 1994 1458 2036 Habitabit
1494 1994 1538 2034 in
1574 1992 1860 2035 tabernaculo

1033 2056 1129 2092 tuo:
1170 2052 1417 2103 requiescet
1448 2051 1492 2091 in
1523 2055 1673 2091 monte
1706 2053 1859 2090 sancto

1034 2113 1122 2149 tuo.

1090 2166 1189 2206 Ant.
1223 2164 1411 2205 Posuisti
1443 2164 1633 2204 Demine
1667 2164 1691 2189 *
1728 2174 1861 2214 super

1035 2225 1167 2273 caput
1187 2221 1277 2273 ejus
1297 2222 1504 2262 coronam
1524 2219 1579 2261 de
1598 2218 1746 2270 lapide
1764 2231 1860 2271 pre-

1034 2277 1161 2318 tieso.

1307 2324 1505 2365 Psalmus
1525 2324 1594 2363 20.

1037 2382 1267 2487 Demine
1290 2389 1333 2430 in
1356 2389 1516 2430 virtute
1541 2394 1616 2430 tua
1640 2387 1861 2429 laeteibitur

1153 2459 1244 2487 rex:
1267 2446 1291 2471 *
1316 2451 1359 2487 et
1378 2458 1510 2498 super
1529 2445 1718 2486 salutare
1737 2449 1860 2486 tuum

1034 2501 1269 2543 exsultabit
1287 2501 1577 2543 vehementer.

1085 2558 1362 2599 Desiderium
1387 2558 1532 2599 cordis
1558 2559 1647 2610 ejus
1671 2557 1860 2599 tribuisti

1035 2615 1087 2655 ei:
1102 2615 1125 2639 *
1141 2619 1184 2656 et
1199 2614 1422 2656 voluntate
1436 2614 1652 2656 labierum
1667 2615 1757 2666 ejus
1771 2627 1860 2655 non

1034 2671 1245 2712 fraudasti
1264 2684 1373 2712 eum.

1086 2727 1300 2777 Queniam
1322 2728 1574 2780 praevenisti
1599 2740 1698 2768 eum
1720 2727 1764 2767 in
1786 2725 1858 2768 be-
