2040 2944
555 175 627 209 Die
652 176 699 209 14.
724 175 822 209 Nov.
870 176 904 209 S.
930 174 1123 217 Josaphat
1146 174 1274 217 Episc.
1301 179 1336 207 et
1358 173 1466 208 Mart.

146 287 266 315 mam
278 272 458 314 veniens
473 284 587 313 anno
603 271 775 324 jubilaei,
793 270 981 312 Nicolao

149 330 300 382 quinto
319 329 546 378 Pontifice‚
570 330 840 379 aegrotorum
864 339 981 368 curae

147 387 191 427 in
217 387 438 428 conventu
463 385 568 425 Arae
594 384 696 425 coeli
725 383 980 433 destinatus,

149 455 202 484 eo
223 442 416 483 caritatis
441 441 603 482 affectu
624 453 782 481 munus
803 439 889 480 hoc
909 452 979 480 ex-

148 498 296 547 ercuit,
321 503 369 539 ut
392 497 512 539 Urbe
538 499 724 538 annonae
750 495 899 547 inepia
921 494 980 535 la-

146 553 349 602 borante,
387 554 565 604 aegrotis
595 558 760 601 tamen,
793 563 980 604 quorum

147 610 384 662 aliquando
410 610 560 651 ulcera
587 609 720 650 etiam
742 607 980 649 lambendo

147 666 440 717 abstergebat,
462 666 569 706 nihil
587 665 761 718 penitus
779 666 979 706 necessa-

147 724 200 764 rii
219 722 438 765 defecerit.
471 722 644 763 Eximia
667 734 844 774 quoque
868 721 980 762 fides

148 785 192 821 et
219 779 360 830 gratia
386 779 661 820 curationum
683 778 728 818 in
753 790 805 818 eo
832 777 980 826 eluxit,

149 849 248 877 cum
259 835 487 887 lampadis,
504 848 604 887 quae
620 834 867 876 collucebat
878 839 980 875 ante

147 892 383 943 imaginem
401 891 669 933 beatissimae
690 891 774 932 Dei
793 890 979 932 Genitri-

149 948 222 998 cis,
252 961 384 1000 quam
409 961 579 988 summa
603 947 840 989 devotione
866 947 978 988 cole-

147 1004 240 1054 bat,
275 1004 374 1046 oleo
408 1017 552 1055 aegros
584 1004 816 1054 inungens,
853 1004 978 1055 signo

148 1061 290 1102 crucis
326 1061 564 1113 impresso,
596 1060 834 1102 multorum
866 1073 979 1101 mor-

147 1117 230 1158 bos
257 1117 513 1159 mirabiliter
541 1117 773 1158 sanaverit.

200 1176 253 1228 R.
269 1174 448 1215 Amavit
472 1187 572 1215 eum
591 1174 818 1223 D6minus,
847 1179 890 1215 et
914 1185 980 1214 or—

148 1230 268 1272 navit
301 1243 419 1272 eum:
456 1230 616 1271 stolam
652 1230 806 1280 gleriae
840 1230 981 1271 induit

149 1299 259 1336 eum,
278 1288 302 1313 *
319 1287 376 1328 Et
395 1285 452 1328 ad
469 1292 624 1339 portas
637 1286 834 1339 paradisi
852 1299 976 1328 coro-

148 1344 268 1385 navit
285 1356 395 1385 eum.
422 1343 472 1394 V.
485 1344 634 1386 Induit
650 1357 750 1385 eum
764 1343 980 1385 Dominus

149 1399 332 1442 loricam
351 1399 465 1450 fidei,
486 1404 531 1442 et
550 1401 722 1442 ornavit
741 1413 852 1442 eum.
880 1400 949 1441 Et.

453 1460 605 1501 Lectio
627 1461 678 1500 vi.

240 1525 385 1553 emum
408 1513 632 1566 Compluti
656 1514 788 1554 finem
813 1513 896 1555 sibi
920 1514 979 1555 vi-

268 1574 327 1610 tae
355 1568 511 1611 adesse
538 1569 804 1620 intelligens,
836 1570 982 1611 lacera

149 1629 193 1666 et
220 1624 423 1667 obsoleta
446 1625 626 1667 indatus
651 1626 813 1675 tunica,
842 1627 981 1678 conje-

149 1681 232 1722 ctis
251 1681 296 1721 in
316 1693 491 1723 crucem
512 1682 662 1732 Oculis,
682 1682 890 1733 singulari
910 1681 981 1724 de-

149 1737 328 1778 votione
362 1737 448 1778 illis
480 1738 628 1780 verbis
661 1751 716 1780 ex
747 1751 874 1780 sacro
906 1738 981 1791 hy-

149 1806 253 1835 mno
285 1794 598 1846 pronuntiatis:
632 1795 773 1836 Dulce
805 1795 982 1846 lignum,

151 1848 303 1891 dulces
331 1850 498 1901 clavos,
532 1851 678 1893 dulcia
705 1851 849 1893 ferens
876 1854 982 1904 pen-

151 1906 268 1956 dera,
289 1919 388 1959 quae
407 1907 527 1948 fuisti
547 1907 679 1959 digna
697 1910 878 1960 portare
898 1909 982 1950 Re-

149 1975 249 2014 gem
280 1963 494 2004 coelorum
527 1969 571 2005 et
602 1964 856 2014 Deminum‚
895 1965 982 2006 ani-

149 2031 266 2060 mam
306 2020 405 2061 Deo
446 2018 658 2069 reddidit,
697 2020 841 2073 pridie
876 2021 982 2062 Idus
1040 2042 1075 2080 3-..

150 2075 436 2126 Novembris,
482 2089 596 2118 anno
634 2077 813 2118 Domini
849 2090 983 2130 supra
1106 2080 1129 2117 J-

149 2131 428 2174 millesimum
455 2132 889 2185 quadringentesimo
918 2147 982 2176 se-

151 2190 375 2240 xagesimo
398 2189 542 2231 tertio.
574 2190 678 2242 Ejus
702 2203 864 2243 corpus
884 2204 983 2233 cum

150 2258 324 2287 menses
342 2259 432 2287 non
451 2259 618 2298 paucos
644 2248 705 2297 (ut
722 2247 799 2299 pio
820 2248 981 2289 conflu-

152 2301 316 2343 entium
336 2301 556 2343 desiderio
582 2302 709 2344 fieret
728 2303 849 2355 satis)
873 2303 982 2345 inse-

150 2357 322 2409 pultum
337 2360 582 2407 mansisset,
605 2359 731 2411 quasi
744 2360 829 2411 jam
842 2359 982 2401 incor-

151 2413 402 2465 ruptionem
432 2414 638 2465 induerit,
672 2415 857 2456 oderem
885 2417 982 2457 Sua-

152 2469 379 2511 vissimum
404 2471 579 2512 efflavit.
613 2471 743 2512 Illum
766 2472 915 2513 multis
940 2478 984 2514 et

151 2524 394 2567 illustribus
412 2527 635 2568 miraculis
655 2527 820 2569 clarum
837 2528 983 2569 Sixtus

154 2581 332 2632 quintus
350 2582 556 2624 Pontifex
574 2583 793 2624 Maximus
813 2586 983 2626 sancto-

153 2650 250 2678 rum
268 2640 451 2679 numero
471 2639 718 2692 adscripsit.

206 2693 257 2745 R.
273 2693 363 2735 Iste
382 2693 527 2735 homo.
545 2695 626 2748 [72]

1087 273 1130 306 In
1148 272 1212 306 ΠΙ.
1230 273 1340 306 Noet.
1358 272 1499 305 Homil.
1518 272 1555 305 in
1572 272 1717 314 Evang.
1738 271 1865 305 Nolite

1034 319 1178 355 timere.
1196 321 1243 354 de
1260 321 1396 354 eodem
1415 320 1559 354 Comm.
1576 321 1606 353 2.
1625 321 1722 354 loco.
1741 318 1812 362 [79]

1087 372 1203 415 Vesp.
1230 373 1277 406 de
1302 383 1407 416 sequ.
1434 383 1629 407 commem.
1652 372 1817 415 praeced.

1226 458 1310 500 Die
1329 460 1388 500 14.
1406 457 1684 500 Novembris.

1061 526 1104 567 S.
1125 527 1155 568 J
1157 525 1376 576 osaphat
1395 528 1538 578 Episc.
1559 533 1602 568 et
1621 527 1835 580 Martyris.

1367 588 1532 631 Duplex.

1089 642 1226 676 Omnia
1252 641 1298 674 de
1317 640 1461 674 Comm.
1489 639 1602 673 unius
1627 640 1734 674 Mart.
1757 640 1866 674 Pont.

1036 690 1106 734 [21]
1132 694 1273 732 praeter
1295 699 1400 732 sequ.

1376 744 1539 785 Oratio.

1117 808 1254 857 xcita,
1292 809 1543 859 quaesumus
1578 807 1787 856 Demine‚
1823 807 1867 848 in

1144 863 1345 905 Ecclesia
1362 868 1438 905 tua
1453 863 1675 916 Spiritum,
1698 875 1784 915 quo
1803 875 1865 904 re-

1033 921 1180 974 pletus
1206 920 1364 961 beatus
1389 920 1413 961 J
1418 920 1606 972 esaphat
1629 919 1797 971 Martyr
1824 925 1867 961 et

1033 977 1237 1018 Pentifex
1270 982 1372 1018 tuus
1407 977 1595 1017 animam
1627 989 1752 1017 suam
1783 989 1866 1028 pro

1035 1033 1190 1075 evibus
1210 1034 1374 1086 pesuit:
1400 1038 1457 1082 ut,
1479 1046 1532 1074 eo
1553 1032 1867 1082 intercedente,

1033 1103 1115 1132 nos
1137 1103 1314 1142 quoque
1331 1089 1490 1131 eodem
1504 1089 1668 1142 Spiritu
1687 1090 1796 1130 moti
1815 1102 1867 1130 ac

1033 1146 1242 1196 roborati,
1263 1146 1452 1187 animam
1471 1151 1668 1187 nostram
1682 1159 1764 1199 pro
1784 1146 1866 1186 fra-

1033 1203 1175 1244 tribus
1201 1205 1366 1256 penere
1393 1215 1479 1243 non
1505 1205 1745 1244 vereamur.
1783 1203 1866 1243 Per

1034 1260 1273 1301 Deminum
1296 1291 1331 1300 ..
1354 1291 1360 1298 .
1383 1291 1389 1299 .
1413 1259 1457 1299 in
1481 1260 1648 1301 unitate
1672 1258 1868 1311 ejusdem

1034 1316 1235 1369 Spiritus.

1091 1381 1139 1415 Et
1163 1382 1204 1416 fit
1228 1393 1425 1417 commem.
1450 1382 1616 1425 praeced.

1090 1433 1189 1474 Ant.
1212 1434 1294 1474 Hic
1309 1434 1374 1475 vir
1392 1433 1640 1486 despiciens
1657 1433 1868 1474 mundum

1035 1495 1078 1532 et
1115 1492 1306 1539 terrena,
1352 1490 1646 1543 triumphans,
1692 1489 1866 1531 divitias

1035 1546 1149 1588 coelo
1179 1545 1376 1588 cendidit
1406 1559 1492 1597 ore,
1520 1559 1662 1588 manu.

1089 1604 1139 1653 V.
1156 1607 1180 1648 J
1182 1612 1329 1649 ustum
1349 1606 1533 1649 deduxit
1553 1607 1769 1649 Deminus
1788 1620 1868 1659 per

1034 1664 1128 1706 vias
1148 1669 1303 1705 rectas.
1338 1664 1388 1716 R».
1413 1664 1470 1705 Et
1495 1664 1690 1705 ostendit
1715 1663 1777 1704 illi
1802 1676 1865 1704 re-

1034 1733 1168 1771 gnum
1187 1721 1281 1762 Dei.

1090 1787 1132 1820 In
1168 1787 1193 1819 I.
1224 1786 1422 1820 Nocturno
1454 1786 1658 1820 Lectiones
1693 1787 1739 1821 de
1770 1787 1866 1821 Scri-

1036 1840 1149 1878 ptura
1174 1840 1407 1869 occurrente.

1272 1901 1322 1939 In
1341 1900 1390 1938 11.
1411 1899 1633 1938 Nocturno.

1340 1964 1493 2004 Lectio
1514 1964 1567 2003 iv.

1111 2022 1338 2076 ,cesaphat
1373 2024 1676 2065 Kuncewitius
1713 2022 1867 2064 nobili-

1141 2085 1143 2129 }
1166 2080 1248 2121 bus
1281 2084 1326 2121 et
1354 2079 1582 2122 cathelicis
1611 2079 1867 2131 parentibus

1100 2143 1109 2151 '
1165 2136 1439 2178 Vladimiriae
1454 2136 1499 2177 in
1508 2136 1717 2178 Volhinia
1728 2141 1868 2184 natus,

1036 2205 1135 2234 cum
1164 2193 1374 2245 puerulus
1405 2197 1593 2234 matrem
1620 2191 1676 2234 de
1707 2191 1868 2233 Christi

1034 2249 1241 2301 passione
1256 2248 1510 2301 loquentem
1525 2248 1706 2298 audiret,
1725 2249 1867 2300 jaculo

1036 2319 1060 2346 a
1079 2305 1216 2347 latere
1235 2305 1436 2356 imaginis
1449 2306 1474 2346 J
1477 2318 1555 2347 esu
1574 2305 1774 2346 crucifixi
1792 2305 1868 2346 im-

1034 2363 1189 2411 misso,
1225 2361 1383 2402 vulnus
1417 2362 1461 2402 in
1494 2360 1629 2403 corde
1662 2361 1868 2414 suscepit.

1035 2418 1120 2459 Dei
1139 2420 1288 2459 amere
1307 2418 1523 2468 incensus,
1548 2417 1660 2460 adeo
1681 2418 1868 2459 oratieni

1036 2474 1221 2526 aliisque
1249 2474 1332 2526 piis
1358 2474 1567 2527 operibus
1592 2475 1756 2516 instare
1782 2486 1866 2515 coe-

1034 2531 1113 2582 pit,
1137 2535 1185 2572 ut
1204 2531 1560 2583 provectioribus
1580 2530 1866 2572 adolescenti-

1035 2586 1118 2628 bus
1145 2587 1347 2639 exemplo
1374 2592 1418 2629 et
1441 2586 1720 2629 admiratiOni
1741 2591 1867 2628 esset.

1036 2643 1245 2684 Vicennis
1289 2643 1403 2685 inter
1440 2643 1695 2685 claustrales
1729 2642 1868 2684 sancti

1036 2699 1189 2741 Basilii
1213 2699 1414 2741 alumnos
1436 2700 1725 2742 monasticam
1742 2700 1867 2750 regu-
