2040 2944
176 156 242 191 272

177 257 244 294 est
263 251 330 293 sol
354 250 545 302 justitiae,
571 248 771 290 Christus
790 247 913 287 Deus
932 257 1007 286 no·

178 314 282 351 ster:
298 305 319 327 *
341 306 424 357 Qui
443 305 620 347 solvens
639 302 1008 345 maledictionem:

179 364 301 406 dedit
338 361 708 404 benedictionem:
750 364 794 401 et
830 357 1007 400 confun-

179 420 287 462 dens
305 423 505 467 mortem,
526 416 708 459 donavit
726 415 855 457 nobis
873 415 1009 456 vitam

177 475 499 528 sempiternam.
543 470 589 521 X.
619 472 862 515 Benedicta
889 476 938 513 tu
965 470 1008 510 in

176 531 446 581 mulieribus,
481 535 525 573 et
554 529 813 572 benedictus
841 528 1008 569 fructus

176 588 339 630 ventris
358 588 432 630 tui.
464 588 543 628 Ex.
576 586 731 628 Gloria
749 585 881 627 Patri.
914 584 1009 634 Qui.

390 660 439 698 In
467 659 538 698 III.
567 659 792 698 Nocturno.

174 719 329 760 Lectio
355 718 496 760 sancti
515 716 743 768 Evangelii
767 715 1009 757 secundum

459 774 728 816 Matthaeum.

253 838 404 879 Lectio
427 839 492 878 vii.
779 840 882 891 Cap.
898 841 927 879 1.

174 892 347 999 Liber
380 894 676 947 generationis
710 894 815 935 Jesu
845 892 1009 935 Christi

272 953 349 994 filii
367 950 529 1001 David,
549 950 626 991 filii
646 949 883 992 Abraham.
920 949 1008 991 Ab·

175 1010 325 1051 raham
351 1008 500 1059 genuit
525 1008 662 1048 Isaac.
708 1007 836 1047 Isaac
862 1011 1009 1048 autem

174 1066 323 1117 genuit
342 1064 494 1106 Jacob.
523 1065 580 1105 Et
599 1063 778 1116 reliqua.

231 1138 299 1177 De
320 1134 513 1176 Homilia
535 1133 675 1174 sancti
693 1133 952 1184 Hieronymi

461 1189 726 1242 Presbyteri.

338 1252 419 1286 Lib.
439 1253 465 1287 1.
489 1253 632 1288 Comm.
652 1253 689 1287 in
708 1253 839 1287 Matth.

192 1330 221 1389 Ξ
243 1303 403 1401 gssafiob
450 1307 597 1400 autem
642 1303 1009 1402 g&¹1¹3¹.¹,it.tJ⁰Sglssl³·

190 1388 195 1391 .
243 1375 270 1394 2-
803 1374 815 1400 1
879 1374 907 1400 n

192 1387 283 1432 ’θῶ
306 1417 330 1458 J
332 1372 839 1468 ullssiiiusoffilffglusciulsfflde
869 1374 1008 1459 ἀίεεεῗ

176 1474 327 1515 nantia
345 1474 741 1524 Evangelistarum‚
767 1486 844 1515 cur
868 1474 1009 1516 Evan-

177 1531 333 1582 gelista
370 1530 605 1572 Matthaeus
643 1531 668 1571 J
671 1530 811 1583 oseph
850 1530 1010 1572 dixerit

176 1587 314 1629 filium
332 1588 356 1628 J
358 1587 486 1637 acob7
513 1592 557 1629 et
580 1587 723 1629 Lucas
748 1600 848 1629 eum
872 1587 1009 1629 filium

177 1644 410 1697 appellarit
454 1643 572 1685 Heli:
625 1657 714 1686 non
760 1644 1009 1695 intelligens

176 1701 1010 1754 consuetudinemScripturarum‚quod

178 1757 289 1799 alter
309 1757 552 1799 secundum
571 1761 789 1808 naturam,
815 1758 925 1800 alter
945 1771 1008 1800 se-

177 1813 368 1856 cundum
397 1814 541 1865 legem
574 1815 614 1856 ei
646 1820 773 1867 pater
802 1815 868 1857 sit.
921 1815 1008 1857 Sci-

175 1884 273 1912 mus
307 1871 422 1912 enim
453 1870 540 1913 hoc
568 1883 648 1924 per
676 1872 878 1924 Moysen,
910 1872 1008 1913 Deo

177 1926 368 1978 jubente,
399 1929 691 1980 praeceptum,
723 1934 772 1970 ut
805 1928 842 1970 si
873 1929 1009 1970 frater

177 1988 252 2025 aut
304 1986 583 2036 propinquus
638 1984 806 2037 absque
858 1985 1008 2027 liberis

177 2042 378 2081 mortuus
436 2040 584 2090 fuerit,
648 2041 759 2082 alius
818 2042 1008 2094 accipiat

176 2098 360 2138 uxorem
405 2097 462 2139 ad
511 2098 813 2139 suscitandum
858 2111 1009 2140 semen

178 2152 323 2194 fratris
351 2154 422 2195 vel
450 2155 687 2206 propinqui
715 2155 792 2195 sui.
839 2155 1009 2207 Joseph

177 2208 319 2250 virum
334 2210 496 2251 Mariae.
526 2211 635 2252 Cum
649 2211 793 2252 virum
807 2210 1008 2262 audieris,

178 2266 370 2317 suspicio
406 2267 487 2308 tibi
522 2280 610 2308 non
648 2269 806 2309 sabeat
836 2268 1008 2321 nuptia-

178 2333 289 2362 rum:
315 2322 394 2364 sed
416 2323 652 2365 recordare
677 2324 1008 2366 consuetudinis

177 2377 517 2430 Scripturarum,
539 2380 659 2432 quod
678 2382 830 2434 sponsi
849 2381 945 2431 viri,
965 2387 1009 2423 et

179 2446 357 2487 sponsae
376 2438 587 2477 vocentur
606 2439 778 2479 uxores.

229 2494 280 2545 R.
305 2491 488 2532 Beatam
509 2505 579 2533 me
599 2491 746 2534 dicent
766 2507 918 2536 omnes
937 2508 1008 2546 ge-

178 2547 441 2589 nerationes:
467 2557 490 2580 *
519 2549 630 2598 Quia
658 2550 762 2591 fecit
789 2551 896 2591 mihi
920 2552 1007 2593 Do-

178 2603 321 2644 minus
353 2617 511 2654 magna
545 2605 617 2656 qui
649 2611 809 2657 potens
843 2613 928 2657 est,
966 2614 1009 2650 et

179 2664 379 2701 sanctum
402 2672 562 2702 nomen
585 2662 686 2713 ejus.
720 2661 769 2712 V.
800 2664 858 2706 Et
881 2664 1007 2706 mise-

456 152 524 185 Die
550 154 580 186 9.
607 152 708 193 Sept.
756 150 932 184 Secunda
959 151 1021 185 die
1049 152 1145 185 infra
1172 151 1252 186 Oct.
1277 152 1404 186 Nativ.
1432 153 1471 186 B.
1497 153 1544 187 M.
1570 154 1612 187 V.

1061 242 1254 284 ricordia
1278 244 1369 296 ejus
1395 257 1420 286 a
1444 245 1655 298 progenie
1674 246 1719 287 in
1738 249 1894 300 proge-

1061 299 1154 340 nies
1173 299 1429 343 timentibus
1449 314 1558 343 eum.
1586 303 1708 353 Quia.

1347 375 1501 416 Lectio
1522 377 1605 417 viii.

1143 435 1162 471 t
1190 443 1215 472 a
1241 431 1628 483 transmigratione
1654 433 1895 486 Babylonis

1153 499 1295 539 usque
1322 487 1380 528 ad
1404 488 1628 531 Christum
1651 490 1894 541 generatio-

1062 556 1140 585 nes
1168 543 1515 595 quatuordecim.
1555 546 1753 588 Numera
1778 559 1803 587 a
1826 547 1894 588 Je-

1062 600 1221 642 chonia
1245 613 1387 652 usque
1413 601 1471 644 ad
1495 602 1680 656 Joseph,
1708 607 1753 645 et
1777 603 1894 645 inve-

1062 657 1155 698 nies
1176 657 1483 708 generationes
1501 659 1727 701 tredecim.
1760 660 1894 710 Quar-

1063 713 1282 755 tadecima
1306 726 1412 765 ergo
1437 715 1664 766 generatio
1688 716 1733 756 in
1752 716 1896 769 ipsum

1065 769 1287 811 Christum
1313 771 1601 823 reputabitur.
1638 772 1800 814 Christi
1824 784 1896 813 au-

1063 830 1153 868 tem
1189 827 1416 878 generatio
1453 828 1516 870 sic
1554 834 1657 871 erat.
1717 829 1897 879 Quaerat

1063 882 1250 934 diligens
1274 883 1432 935 lector,
1460 890 1504 927 et
1527 885 1659 928 dicat:
1689 886 1800 927 Cum
1824 885 1895 927 Jo-

1063 939 1175 992 seph
1199 952 1290 981 non
1315 940 1371 982 sit
1395 946 1524 994 pater
1546 942 1727 984 Domini
1750 941 1896 984 Salva-

1062 995 1188 1045 toris,
1218 995 1324 1048 quid
1353 997 1546 1049 pertinet
1573 998 1631 1040 ad
1657 998 1898 1040 Dominum

1062 1052 1359 1104 generationis
1386 1053 1498 1096 ordo
1519 1054 1738 1097 deductus
1755 1066 1897 1107 usque

1063 1108 1120 1150 ad
1157 1108 1348 1161 Joseph?
1394 1110 1475 1151 Cui
1510 1110 1898 1164 respondebimus,

1062 1165 1270 1216 primum,
1311 1179 1401 1208 non
1435 1179 1534 1209 esse
1567 1167 1898 1210 consuetudinis

1062 1221 1406 1274 Scripturarum,
1432 1228 1481 1265 ut
1503 1224 1737 1266 mulierum
1761 1223 1806 1264 in
1827 1236 1897 1276 ge-

1062 1278 1363 1321 nerationibus
1393 1280 1504 1322 ordo
1533 1283 1720 1323 texatur.
1766 1281 1909 1322 Dein?

1064 1335 1135 1386 de,
1165 1348 1220 1378 ex
1243 1349 1331 1378 una
1355 1337 1474 1379 tribu
1499 1337 1635 1379 fuisse
1661 1338 1685 1379 J
1688 1336 1830 1391 oseph
1855 1341 1899 1380 et

1063 1393 1264 1443 Mariam,
1296 1393 1413 1435 unde
1448 1406 1502 1436 ex
1534 1394 1633 1446 lege
1662 1407 1760 1437 eam
1788 1395 1898 1436 acci-

1062 1462 1170 1502 pere
1190 1450 1435 1501 cogebatur
1453 1455 1502 1492 ut
1519 1453 1836 1504 propinquam:
1855 1454 1899 1492 et

1064 1506 1185 1558 quod
1218 1507 1348 1548 simul
1381 1509 1616 1550 censentur
1647 1508 1692 1549 in
1722 1506 1897 1550 Bethle-

1062 1562 1174 1613 hem,
1195 1568 1244 1606 ut
1263 1563 1319 1606 de
1338 1576 1425 1605 una
1444 1563 1651 1606 videlicet
1668 1564 1807 1618 stirpe
1826 1576 1898 1615 ge-

1062 1620 1214 1662 nerati.

1112 1683 1164 1734 Rz.
1197 1682 1323 1724 Felix
1346 1694 1537 1734 namque
1562 1694 1626 1732 es,
1652 1694 1778 1723 sacra
1800 1681 1898 1723 Vir-

1062 1750 1118 1789 go
1143 1738 1301 1788 Maria,
1327 1743 1372 1780 et
1397 1738 1516 1781 omni
1538 1737 1669 1780 laude
1697 1737 1896 1790 dignissi-

1062 1807 1148 1836 ma:
1166 1800 1188 1824 *
1215 1795 1327 1845 Quia
1352 1807 1407 1836 ex
1431 1799 1477 1837 te
1503 1799 1627 1837 ortus
1653 1799 1721 1836 est
1746 1794 1814 1836 sol
1837 1795 1895 1847 ju·
1962 1845 1965 1847 ¹

1063 1851 1210 1902 ststiae,
1253 1856 1277 1879 *
1324 1851 1524 1894 Christus
1565 1851 1688 1893 Deus
1733 1855 1896 1893 noster.

1062 1906 1111 1958 V.
1138 1908 1228 1950 Ora
1250 1921 1334 1961 pro
1358 1907 1545 1961 populo,
1569 1907 1786 1950 interveni
1811 1920 1895 1960 pro

1064 1964 1200 2015 clero,
1228 1963 1454 2007 intercede
1478 1976 1561 2017 pro
1587 1964 1752 2006 devoto
1776 1964 1896 2006 femi-

1064 2034 1148 2063 neo
1169 2034 1292 2064 sexu:
1313 2021 1504 2063 sentiant
1522 2033 1677 2063 omnes
1695 2026 1819 2063 tuum
1837 2021 1911 2073 jua-

1063 2080 1232 2129 vamen‚
1254 2078 1520 2131 quicumque
1537 2077 1762 2120 celebrant
1774 2082 1897 2119 tuam

1062 2140 1262 2177 sanctam
1286 2134 1588 2177 Nativitatem.
1631 2135 1754 2185 Quia.
1791 2133 1896 2176 Glo-

1062 2193 1127 2234 ria
1144 2193 1276 2236 Patri.
1304 2192 1515 2234 Christus.

1231 2266 1306 2301 Pro
1332 2267 1366 2301 S.
1393 2265 1593 2309 Gorgonio
1618 2266 1726 2301 Mart.

1364 2323 1517 2364 Lectio
1537 2323 1591 2362 ix.

1069 2383 1376 2458 (forgonius
1426 2380 1701 2423 Nicomediae
1750 2386 1896 2431 natus,

1072 2436 1139 2485 &gl
1182 2439 1450 2481 Diocletiani
1473 2437 1754 2490 imperatoris
1778 2437 1895 2479 cubi·

1062 2496 1265 2546 cularius‚
1284 2494 1517 2537 Dorotheo
1537 2494 1708 2545 collega
1727 2507 1808 2535 suo
1822 2494 1895 2535 ad-

1062 2554 1215 2604 jutore,
1234 2552 1429 2604 reliquos
1447 2563 1599 2594 omnes
1617 2550 1806 2593 cubiculi
1820 2551 1896 2591 mi-

1062 2612 1225 2652 nistros
1250 2608 1308 2651 ad
1332 2607 1494 2650 Christi
1517 2606 1651 2649 fidem
1675 2607 1896 2660 perduxit.

1062 2666 1259 2718 Uterque
1284 2670 1431 2707 autem
1456 2677 1556 2706 cum
1579 2663 1766 2706 vidisset
1789 2675 1895 2715 quo-
