2040 2944
682 197 727 231 In
750 197 876 231 feriali
901 197 1038 232 Officio
1064 198 1113 232 ad
1138 198 1314 232 Primam.
1822 194 1868 229 29

204 283 329 325 Tunc
347 297 436 325 non
456 284 709 335 confundar,
728 286 751 311 *
772 298 871 327 cum
889 299 984 338 per-

153 341 342 391 spexero
362 341 406 381 in
427 341 629 382 Omnibus
649 341 867 383 mandatis
887 343 985 383 tuis.

206 396 463 438 Confitebor
477 397 558 439 tibi
574 397 619 437 in
635 397 876 440 directis‘me
892 411 984 439 cor-

153 451 235 493 dis:
255 453 278 478 *
298 453 343 493 in
369 466 422 494 eo
453 453 573 505 quod
598 453 732 495 didici
750 453 908 506 judicia
926 455 984 506 ju-

153 508 284 549 stitiae
304 513 404 550 tuae.

203 564 227 604 J
229 565 544 607 ustificaticnes
563 570 661 607 tuas
681 566 942 607 custediam:
961 567 985 593 *

151 633 241 661 non
262 633 331 662 me
352 621 631 674 derelinquas
654 625 983 675 usquequaque.

204 677 256 717 In
303 690 390 729 quo
437 679 617 729 cerrigit
661 678 985 720 adolescentior

151 732 267 773 viam
295 733 441 774 suam?
461 734 548 774 *in
577 734 868 776 custodiendo
898 748 984 776 ser-

152 791 306 830 m6nes
325 794 436 831 tuos.

203 845 256 885 In
279 850 376 887 toto
405 846 540 888 corde
566 859 665 888 meo
693 848 908 899 exquisivi
926 852 984 889 te:

151 901 175 927 *
194 914 248 943 ne
267 902 456 954 repellas
475 916 546 944 me
566 916 591 943 a
609 903 827 944 mandatis
846 905 943 945 tuis.

203 958 255 998 In
280 958 414 1000 corde
443 972 542 1000 meo
572 959 785 1001 abscondi
810 960 984 1012 eloquia

151 1018 242 1055 tua:
262 1014 286 1040 *
304 1019 352 1056 ut
371 1028 459 1056 non
479 1028 662 1067 peccem
680 1015 772 1056 tibi.

203 1070 470 1112 Benedictus
503 1084 550 1112 es
583 1072 788 1113 Domine:
820 1072 843 1097 *
872 1072 984 1114 doce

150 1140 220 1168 me
241 1127 571 1178 justificationes
594 1132 703 1168 tuas.

202 1183 255 1223 In
282 1183 410 1224 labiis
437 1184 566 1233 meis,
594 1184 617 1209 *
636 1184 916 1236 pronuntiavi
940 1187 982 1226 ό-

150 1239 267 1280 mnia
285 1238 444 1291 judicia
463 1240 552 1281 oris
571 1240 644 1280 tui.

202 1296 254 1336 In
268 1295 339 1336 via
353 1296 704 1337 testimonicrum
719 1298 896 1337 tucrum
912 1296 982 1338 de-

149 1351 336 1393 lectatus
365 1365 481 1402 sum,
501 1352 524 1378 *
553 1352 666 1393 sicut
701 1352 745 1392 in
780 1352 983 1394 Omnibus

151 1407 324 1449 divitiis.

202 1465 253 1505 In
272 1464 490 1506 mandatis
514 1464 600 1505 tuis
621 1465 877 1507 exercebor:
895 1466 919 1491 *
940 1470 984 1507 et

150 1520 441 1562 considerabo
462 1521 555 1562 vias
574 1525 683 1562 tuas.

201 1578 253 1618 In
276 1577 656 1629 justificaticnibus
683 1578 770 1619 tuis
802 1578 982 1620 medita-

149 1633 247 1675 bor:
257 1634 280 1660 *
291 1646 379 1675 non
391 1633 625 1676 obliviscar
635 1637 861 1676 sermenes
871 1639 983 1676 tuos.

149 1741 404 1848 Retribue
430 1757 558 1786 servo
579 1749 676 1794 tuo,
701 1745 873 1786 vivifica
902 1758 982 1787 me:

254 1802 278 1827 *
299 1806 342 1843 et
358 1800 606 1843 custodiam
622 1803 848 1843 sermones
868 1807 980 1843 tuos.

203 1857 370 1900 Revela
399 1857 552 1898 Oculos
579 1870 717 1899 meos:
737 1858 760 1883 *
781 1862 824 1899 et
844 1858 981 1899 consi-

151 1914 318 1956 derabo
338 1913 552 1955 mirabilia
573 1912 628 1969 de
651 1913 748 1964 lege
767 1918 853 1955 tua.

201 1970 354 2012 Incola
382 1982 464 2021 ego
494 1982 592 2010 sum
620 1969 665 2010 in
692 1974 823 2011 terra:
847 1970 871 1996 *
894 1983 983 2012 non

152 2026 399 2069 abscendas
420 2039 446 2067 a
463 2039 534 2067 me
553 2025 760 2067 mandata
779 2031 865 2067 tua.

205 2083 467 2135 Concupivit
500 2082 644 2123 anima
679 2095 778 2124 mea
814 2081 981 2124 deside-

150 2141 249 2181 rare
267 2138 598 2191 justificaticnes
622 2143 736 2188 tuas,
754 2139 778 2164 *
797 2139 841 2179 in
865 2139 983 2180 omni

150 2197 362 2249 tempore.

202 2251 446 2304 Increpasti
470 2251 702 2305 superbos:
720 2251 744 2277 *
762 2250 983 2292 maledicti

136 2309 228 2360 -qui
247 2308 467 2350 declinant
486 2321 512 2349 a
531 2307 749 2349 mandatis
769 2307 865 2348 tuis.

203 2364 341 2405 Aufer
361 2377 386 2405 a
404 2377 474 2405 me
497 2363 799 2416 opprdbrium‚
819 2367 863 2404 et
882 2375 981 2403 con-

151 2422 381 2489 temptum:
418 2421 441 2446 *
480 2420 580 2472 quia
621 2419 871 2461 testimenia
907 2423 983 2493 tua

153 2477 378 2529 exquisivi.

204 2533 378 2574 Etenim
416 2532 624 2573 sederunt
659 2530 901 2584 principes,
939 2534 982 2571 et

153 2588 387 2630 adversum
414 2601 484 2630 me
512 2587 820 2640 loquebantur:
844 2586 867 2611 *
896 2599 981 2627 ser-

152 2657 233 2685 vus
257 2649 403 2686 autem
426 2649 527 2686 tuus
552 2643 838 2686 exercebatur
860 2642 904 2682 in
923 2642 981 2693 ju-

153 2700 488 2742 stificatienibus
508 2700 606 2741 tuis.

306 2833 371 2857 Pars
387 2833 558 2858 Autumnalis.

1089 287 1204 328 Nam
1224 293 1267 329 et
1284 288 1535 329 testimonia
1549 293 1624 329 tua
1638 286 1865 330 meditatio

1037 356 1135 384 mea
1163 349 1242 385 est:
1262 345 1285 370 *
1305 350 1348 385 et
1378 345 1607 386 consilium
1635 358 1781 386 meum
1808 345 1866 396 ju-

1038 399 1323 442 stificatio'nes
1342 406 1442 442 tuae.

1089 455 1291 497 Adhaesit
1313 457 1563 509 pavimento
1589 458 1732 498 anima
1755 470 1866 499 mea:

1037 512 1060 537 *
1093 512 1266 553 vivifica
1301 526 1371 554 me
1409 513 1650 555 secundum
1683 514 1866 555 verbum

1037 571 1171 608 tuum.

1089 624 1196 665 Vias
1228 638 1348 666 meas
1386 626 1621 675 enuntiavi,
1661 631 1704 667 et
1737 639 1864 668 exau-

1038 681 1141 722 disti
1159 694 1243 722 me:
1267 682 1290 707 *
1310 681 1422 723 doce
1441 695 1510 723 me
1535 682 1863 733 justificatienes

1036 742 1145 778 tuas.

1089 794 1219 835 Viam
1238 794 1594 845 justificationum
1612 796 1786 836 tuarum
1805 798 1864 836 in-

1037 855 1156 891 strue
1172 864 1257 892 me:
1271 851 1294 876 *
1311 856 1354 892 et
1374 851 1613 893 exercebor
1632 851 1675 891 in
1694 852 1863 893 mirabi-

1036 906 1150 948 libus
1170 907 1267 948 tuis.

1089 963 1355 1004 Dormitavit
1383 964 1526 1004 anima
1554 977 1651 1005 mea
1678 977 1771 1017 prae
1791 967 1864 1006 136-

1037 1019 1125 1060 dio:
1144 1020 1167 1045 *
1188 1021 1400 1061 confirma
1418 1034 1487 1061 me
1507 1021 1550 1061 in
1569 1020 1715 1061 verbis
1735 1021 1830 1062 tuis.

1088 1076 1218 1117 Viam
1244 1077 1484 1128 iniquitatis
1510 1079 1666 1118 amove
1691 1090 1716 1117 a
1739 1091 1822 1119 me:
1842 1078 1864 1103 *

1037 1136 1080 1174 et
1101 1132 1155 1174 de
1174 1133 1270 1183 lege
1290 1138 1365 1174 tua
1384 1133 1590 1174 miserere
1609 1133 1705 1174 mei.

1088 1189 1219 1230 Viam
1255 1189 1450 1230 veritatis
1489 1189 1613 1239 elegi:
1645 1190 1668 1215 *
1706 1189 1865 1241 judicia
1912 1200 1914 1202 ·

1035 1250 1111 1286 tua
1130 1258 1219 1286 non
1239 1258 1336 1286 sum
1356 1245 1529 1287 oblitus.

1087 1301 1270 1342 Adhaesi
1288 1302 1548 1343 testimoniis
1563 1302 1648 1342 tuis
1663 1302 1864 1342 DOmine:

1035 1358 1059 1383 *
1078 1357 1168 1398 noli
1186 1371 1257 1399 me
1278 1357 1557 1399 confundere.

1087 1414 1218 1455 Viam
1247 1414 1555 1455 mandaterum
1588 1416 1764 1455 tucrum
1794 1427 1863 1455 cu-

1036 1471 1162 1519 curri,
1179 1471 1203 1495 *
1223 1483 1322 1511 cum
1342 1470 1533 1512 dilatasti
1553 1483 1629 1511 cor
1648 1484 1803 1512 meum.

1089 1545 1173 1586 Per
1192 1545 1377 1586 Annum.
1406 1545 1505 1585 Ant.
1544 1543 1667 1584 Beati
1687 1543 1759 1595 qui
1779 1545 1864 1583 am-

1034 1600 1187 1642 bulant
1205 1600 1248 1641 in
1267 1600 1364 1650 lege
1384 1604 1459 1641 tua
1477 1600 1677 1641 Demine.

1140 1694 1399 1745 Capitulum.
1524 1696 1652 1736 Zach.
1669 1699 1704 1735 8.
1722 1696 1759 1736 d.

1118 1780 1240 1808 acem
1267 1771 1310 1808 et
1334 1767 1563 1808 veritatem
1588 1765 1772 1816 diligite,
1803 1766 1863 1807 ait

1068 1830 1079 1843 “
1132 1824 1348 1864 Dominus
1372 1825 1660 1875 omnipotens.
1699 1825 1746 1875 Ru
1765 1823 1861 1863 Deo

1034 1880 1207 1930 gratias.

1087 1953 1137 2004 R.
1166 1952 1227 1992 br.
1273 1952 1443 1993 Christe
1474 1951 1558 1992 Fili
1590 1951 1675 1992 Dei
1706 1951 1810 2000 vivi,
1840 1952 1862 1975 *

1034 2009 1243 2050 Miserere
1258 2008 1396 2050 nobis.
1428 2008 1479 2047 Et
1500 2008 1723 2059 repetitur:
1744 2007 1861 2048 Chri-

1035 2070 1101 2107 ste
1128 2065 1210 2105 Fili
1236 2065 1320 2106 Dei
1348 2064 1453 2113 vivi,
1487 2064 1694 2105 miserere
1723 2063 1860 2104 nobis.

1035 2121 1195 2171 VQui
1220 2120 1348 2162 sedes
1374 2119 1431 2161 ad
1457 2119 1682 2160 dexteram
1707 2118 1860 2159 Patris.

1037 2178 1085 2217 R.
1099 2177 1308 2218 Miserere
1325 2175 1463 2217 nobis.
1491 2168 1541 2220 Y
1562 2175 1714 2216 Glcria
1730 2174 1860 2223 Patri,

1036 2239 1079 2275 et
1096 2233 1220 2282 Filio,
1237 2237 1280 2274 et
1295 2231 1474 2284 Spiritui
1489 2235 1652 2272 sancto.
1678 2232 1727 2283 R.
1743 2230 1859 2271 Chri-

1035 2294 1101 2331 ste
1121 2289 1202 2330 Fili
1220 2288 1305 2329 Dei
1323 2287 1427 2337 vivi,
1446 2287 1652 2328 miserere
1671 2286 1807 2327 nobis.

1086 2359 1136 2410 V.
1164 2362 1363 2410 Exsurge
1384 2359 1569 2408 Christe,
1591 2358 1748 2410 adjuva
1768 2370 1859 2399 nos.

1034 2419 1084 2470 R.
1121 2418 1178 2458 Et
1211 2416 1349 2458 libera
1379 2427 1461 2456 nos
1492 2419 1676 2467 propter
1702 2426 1858 2455 nomen

1034 2479 1168 2515 tuum.

1033 2566 1224 2673 Kyrie
1258 2569 1433 2611 eleison.
1476 2568 1652 2610 Christe
1685 2568 1857 2609 eleison.

1158 2626 1286 2678 Kyrie
1307 2625 1480 2667 eleison.

1088 2696 1217 2736 Pater
1235 2699 1395 2736 noster.
1415 2696 1596 2733 secreto.

1608 2817 1653 2851 3*
