2040 2944
607 166 714 199 Dom.
740 166 803 199 ΙΙΙ.
829 166 931 209 Sept.
979 168 1134 210 Septem
1159 167 1345 201 Dolorum
1370 168 1411 202 B.
1437 169 1483 203 M.
1507 170 1550 203 V.

443 261 492 299 In
515 261 585 299 III.
608 261 642 298 N
645 261 830 299 octurno.

282 330 378 369 Ant.
431 325 718 369 Intenderunt
768 339 917 368 arcum
963 340 1055 368 rem

225 385 434 432 amaram,
471 387 520 424 ut
553 386 762 435 sagittent
792 384 836 424 in
868 383 1054 425 occultis

223 438 559 481 immaculatum.

494 511 689 552 Psalmus
712 514 776 552 (33.

231 583 239 619 3
331 569 469 611 xaudi
494 570 616 612 Deus
643 572 885 614 orati6nem
910 584 1053 612 meam

234 632 237 677 ξ
260 659 332 686 ἢ
354 639 453 668 cum
479 627 707 680 deprecor:
726 630 750 655 *
770 641 795 670 a
815 629 972 670 timore
991 628 1051 668 in-

234 688 237 692 '
261 681 309 707 '⁷-⁴-
324 680 332 707 ⁴*
353 684 468 725 imici
489 685 609 738 eripe
629 686 818 727 animam
835 697 991 726 meam.

270 740 508 782 Protexisti
534 754 606 783 me
635 755 660 783 a
688 744 907 783 conventu
930 741 1049 783 mali-

219 797 458 847 gnantium:
477 798 501 823 *
521 811 546 839 a
569 798 846 840 multitudine
867 801 1049 851 operan-

219 853 327 894 tium
346 853 629 906 iniquitatem.

273 910 383 960 Quia
403 913 671 953 exacuerunt
694 916 742 952 ut
760 911 954 962 gladium
973 911 1049 952 lin-

219 979 326 1017 guas
367 980 482 1008 suas:
519 968 541 992 *
578 967 857 1010 intenderunt
900 981 1049 1010 arcum

218 1035 310 1064 rem
338 1026 550 1074 amaram,
586 1030 634 1066 ut
667 1028 874 1076 sagittent
905 1025 949 1066 in
977 1038 1047 1067 oc-

219 1079 346 1121 cultis
373 1080 711 1122 immaculatum.

268 1136 422 1178 Stibito
448 1138 716 1189 sagittabunt
741 1151 857 1188 eum,
891 1144 935 1181 et
959 1152 1047 1181 non

216 1192 450 1234 timebunt:
478 1194 501 1219 *
529 1194 813 1236 firmaverunt
845 1195 927 1237 sibi
959 1209 1046 1238 ser-

215 1251 391 1291 menem
410 1262 609 1302 nequam.

266 1305 308 1346 N
310 1309 565 1348 arraverunt
584 1313 631 1349 ut
646 1307 969 1350 absconderent
987 1310 1045 1351 la-

217 1375 368 1414 queos:
380 1364 403 1388 *
415 1363 630 1406 dixerunt:
646 1365 751 1415 Quis
767 1365 933 1407 videbit
943 1365 1044 1407 eos?

267 1419 456 1461 Scrutati
477 1426 577 1462 sunt
600 1421 866 1473 iniquitates:
886 1423 909 1447 *
929 1421 1044 1464 defe-

214 1476 367 1517 cerunt
386 1479 630 1519 scrutantes
651 1479 870 1520 scrutinio.

265 1531 462 1574 Accedet
489 1533 621 1575 homo
651 1534 707 1576 ad
736 1548 813 1576 cor
841 1535 992 1577 altum:
1020 1536 1044 1562 *

214 1593 258 1629 et
277 1589 540 1631 exaltabitur
558 1591 691 1632 Deus.

263 1645 443 1696 Sagittae
471 1647 753 1699 parvulorum
786 1648 914 1690 factae
943 1654 1044 1691 sunt

212 1701 354 1753 plagae
382 1705 548 1744 eorum:
567 1705 591 1729 *
615 1710 658 1746 et
682 1705 914 1747 infirmatae
942 1711 1044 1748 sunt

213 1763 365 1799 contra
385 1771 462 1800 eos
481 1760 639 1810 linguae
660 1763 822 1803 eorum.

266 1814 523 1858 Conturbati
543 1823 643 1859 sunt
662 1831 814 1860 omnes
836 1820 910 1872 qui
925 1820 1042 1862 vide-

211 1870 318 1912 bant
342 1884 433 1913 eos:
452 1873 476 1898 *
497 1878 540 1914 et
564 1875 707 1916 timuit
731 1876 872 1917 omnis
895 1876 1042 1919 homo.

264 1927 321 1969 Et
345 1929 707 1972 annuntiaverunt
737 1934 873 1985 Opera
894 1933 994 1983 Dei,
1017 1934 1042 1959 *

213 1988 256 2025 et
275 1984 390 2025 facta
410 1986 500 2037 ejus
519 1986 836 2030 intellexerunt.

263 2040 506 2082 Laetabitur
529 2043 667 2094 justus
692 2045 736 2085 in
759 2046 968 2096 Demino,
998 2051 1042 2088 et

213 2097 408 2148 sperabit
426 2097 470 2138 in
490 2111 558 2149 eo,
578 2100 601 2125 *
621 2105 665 2142 et
684 2101 979 2144 laudabuntur
997 2115 1041 2145 o-

211 2165 335 2195 mnes
354 2154 462 2196 recti
482 2155 626 2198 corde.

264 2221 362 2262 Ant.
417 2219 703 2264 Intenderunt
752 2236 901 2265 arcum
947 2238 1041 2267 rem

211 2276 419 2321 amaram,
453 2281 501 2317 ut
535 2280 742 2329 sagittent
778 2281 822 2321 in
854 2282 1040 2324 occultis

210 2329 547 2374 immaculatum.

262 2398 360 2438 Ant.
387 2397 541 2439 Anima
559 2412 657 2440 mea
675 2401 853 2444 turbata
871 2408 938 2445 est
952 2404 1039 2445 val-

211 2448 282 2492 de:
302 2451 381 2493 sed
399 2458 447 2494 tu
465 2454 653 2497 Demine
673 2459 929 2510 usquequo?

492 2525 690 2568 Psalmus
711 2529 748 2568 6.

209 2578 457 2683 Demine,
481 2597 535 2625 ne
555 2585 599 2625 in
616 2586 763 2629 furore
782 2593 859 2630 tuo
880 2591 1038 2640 arguas

244 2694 253 2702 θ
313 2651 401 2689 me,
427 2640 449 2665 '⁸¹
474 2653 618 2693 neque
642 2642 686 2683 in
717 2644 782 2685 ira
806 2650 880 2686 tua
906 2649 1037 2687 corri-

209 2707 305 2747 pias
324 2708 405 2737 me.

1160 261 1372 304 Miserere
1398 263 1486 304 mei
1512 263 1701 306 Domine
1733 264 1939 317 quoniam

1107 317 1307 358 infirmus
1338 331 1449 360 sum:
1475 321 1499 346 *
1523 332 1630 361 sana
1654 333 1723 362 me
1750 321 1939 363 Domine

1109 375 1318 427 quoniam
1366 375 1631 418 conturbata
1684 382 1784 419 sunt
1837 390 1939 419 ossa

1106 444 1215 473 mea.

1158 488 1216 530 Et
1235 489 1379 530 anima
1397 502 1496 531 mea
1514 489 1692 532 turbata
1710 495 1778 533 est
1794 490 1938 534 valde:

1106 545 1129 570 '⁸¹
1149 544 1229 587 sed
1247 551 1295 588 tu
1315 546 1504 589 Domine
1525 547 1782 600 usquequo?

1159 602 1426 645 Convertere
1471 603 1680 655 Domine,
1726 610 1770 647 et
1817 605 1938 658 eripe

1105 659 1295 701 animam
1325 673 1483 702 meam:
1512 662 1535 686 ¹*
1565 661 1735 703 salvum
1766 674 1838 704 me
1869 662 1938 704 fac

1103 721 1288 769 propter
1307 717 1655 760 misericordiam
1674 724 1807 769 tuam,

1157 773 1375 823 Queniam
1406 788 1495 816 non
1524 781 1592 817 est
1618 775 1663 816 in
1689 780 1834 818 morte
1863 777 1938 829 qui

1102 842 1273 871 memor
1299 830 1356 872 sit
1381 831 1460 872 tui:
1479 832 1503 858 *
1526 832 1571 873 in
1595 832 1764 874 inferno
1789 838 1937 875 autem

1104 886 1201 938 quis
1221 887 1503 930 confitebitur
1521 888 1624 931 tibi?

1153 942 1376 985 Laboravi
1392 944 1437 985 in
1455 945 1621 997 gemitu
1638 959 1750 997 meo,
1774 945 1934 988 lavabo

1101 1013 1181 1053 per
1201 1000 1394 1051 singulas
1413 1008 1568 1044 noctes
1588 1002 1754 1045 lectum
1772 1016 1935 1045 meum:

1100 1058 1123 1082 *
1142 1055 1336 1098 lacrimis
1362 1058 1471 1099 meis
1498 1064 1687 1101 stratum
1710 1072 1858 1102 meum
1881 1060 1934 1101 ri-

1099 1113 1228 1164 gabo.

1151 1170 1376 1214 Turbatus
1418 1178 1485 1214 est
1529 1186 1554 1214 a
1592 1173 1740 1216 furere
1779 1174 1932 1216 eculus

1099 1240 1237 1269 meus:
1253 1229 1535 1271 *inveteravi
1552 1230 1665 1272 inter
1685 1243 1837 1272 omnes
1855 1231 1931 1272 1111-

1098 1287 1238 1326 micos
1257 1299 1393 1328 meos

1149 1341 1377 1385 Discedite
1402 1357 1427 1385 a
1444 1357 1515 1386 me
1536 1357 1704 1395 omnes,
1733 1345 1808 1398 qui
1828 1358 1930 1400 ope-

1098 1399 1252 1440 ramini
1276 1399 1569 1453 iniquitatem:
1588 1403 1612 1429 *
1632 1402 1840 1455 quoniam
1859 1415 1930 1445 ex-

1097 1455 1265 1498 audivit
1283 1457 1500 1499 Deminus
1519 1471 1674 1500 vocem
1689 1459 1819 1501 fletus
1833 1459 1931 1501 mei.

1148 1512 1386 1556 Exaudivit
1410 1514 1626 1557 Deminus
1655 1514 1930 1569 deprecatio-

1096 1582 1197 1611 nem
1220 1583 1378 1621 meam,
1399 1572 1423 1598 *
1441 1572 1658 1614 Deminus
1685 1573 1930 1615 orationem

1095 1639 1240 1668 meam
1259 1628 1463 1681 suscepit.

1147 1684 1436 1735 Erubescant‚
1458 1691 1503 1728 et
1522 1685 1840 1729 conturbentur
1858 1700 1928 1730 ve-

1095 1740 1323 1784 hementer
1365 1755 1518 1785 omnes
1559 1743 1723 1785 inimici
1763 1744 1864 1786 mei:
1904 1746 1929 1772 *

1095 1800 1412 1841 convertantur
1443 1805 1488 1842 et
1511 1799 1774 1842 erubescant
1798 1800 1928 1843 valde

1094 1854 1318 1898 velociter.

1148 1916 1247 1957 Ant.
1268 1912 1426 1956 Anima
1444 1926 1543 1955 mea
1561 1913 1739 1956 turbata
1758 1920 1825 1957 est
1839 1914 1928 1956 val-

1095 1966 1165 2009 de:
1186 1967 1266 2010 sed
1284 1974 1333 2011 tu
1352 1969 1542 2012 Demine
1560 1969 1816 2023 usquequo?

1146 2030 1247 2071 Ant.
1272 2030 1393 2070 Deus
1418 2026 1591 2079 adjutor
1614 2027 1660 2068 in
1683 2027 1925 2070 tribulatio-

1092 2080 1232 2130 nibus,
1253 2095 1353 2134 quae
1371 2082 1632 2126 invenerunt
1649 2097 1730 2126 nos
1748 2084 1888 2126 nimis.

1362 2144 1561 2186 Psalmus
1589 2146 1656 2186 45

1094 2194 1262 2300 Deus
1282 2200 1434 2238 noster
1455 2197 1685 2249 refugium,
1709 2202 1753 2239 et
1771 2197 1925 2240 virtus·

1265 2252 1440 2305 adjutor
1474 2254 1520 2294 in
1555 2253 1923 2303 tribulationibus,

1093 2321 1193 2360 quae
1211 2308 1471 2352 invenerunt
1488 2322 1570 2352 nos
1590 2310 1728 2352 11111118.

1144 2364 1388 2418 Propterea
1418 2379 1506 2408 non
1538 2366 1787 2409 timebimus
1817 2367 1922 2410 dum

1090 2420 1341 2464 turbabitur
1369 2428 1506 2465 terra:
1538 2424 1562 2450 *
1592 2428 1636 2465 et
1661 2424 1922 2466 transferen-

1091 2482 1162 2519 tur
1181 2483 1354 2520 montes
1372 2479 1417 2520 in
1437 2492 1513 2521 cor
1532 2480 1675 2521 maris.

1142 2534 1401 2585 Sonuerunt‚
1417 2541 1461 2577 et
1473 2535 1664 2578 turbatae
1677 2541 1780 2578 sunt
1794 2549 1921 2590 aquae

1091 2593 1261 2632 eorum:
1288 2593 1312 2619 *
1340 2591 1591 2633 conturbati
1605 2598 1722 2635 -sunt
1747 2598 1920 2635 montes

1089 2647 1135 2688 in
1154 2647 1412 2689 fortitudine
1431 2648 1533 2700 ejus.

1141 2703 1353 2745 Flaminis
1379 2706 1572 2757 impetus
1598 2705 1793 2748 laetificat
1818 2705 1919 2748 civi·
