2040 2944
527 184 598 218 Die
626 184 682 218 10.
708 184 810 227 Sept.
858 185 892 219 S.
917 185 1073 219 Nicolai
1098 186 1144 220 de
1170 186 1378 221 Tolentino
1405 187 1513 221 Conf.

161 282 262 324 dam
287 281 358 324 die
381 281 622 334 Martyrem
646 293 796 322 coram
818 279 991 322 Diocle-

158 339 280 381 tiano
325 338 607 380 acerbissime
651 337 852 387 cruciari,
899 337 990 388 ejus

159 395 363 448 exemplo
388 394 585 448 martyrii
611 395 762 435 amore
786 393 990 435 incensus

159 456 237 493 est.
299 452 457 504 Itaque
498 450 729 493 amborum
769 449 867 491 haec
901 461 991 490 vox

159 508 318 561 crapit:
344 507 461 558 Quid
485 511 563 558 est,
589 507 843 559 imperator,
869 505 991 557 quod

158 563 284 615 hujus
311 563 605 606 condemnata
628 562 860 612 sententia,
890 575 989 614 quae

157 620 287 662 nobis
308 633 408 662 cum
428 633 481 662 eo
500 619 744 661 communis
759 624 837 668 est,
855 632 990 659 unum

157 676 280 718 illum
312 675 466 729 punis?
508 676 641 718 Istius
672 680 826 717 nostra
858 675 989 717 etiam

159 737 227 774 est
254 731 383 782 fides,
411 732 530 774 idem
557 732 848 784 propositum.
896 731 989 773 Eos

157 789 290 840 igitur
321 789 494 830 vinctos
533 789 774 841 imperator
805 788 989 839 flagellis

159 845 333 887 concidi
355 844 491 897 jubet,
519 845 580 887 ita
603 849 653 886 ut
676 849 774 886 toto
800 846 989 897 corpore

160 901 272 943 cutis
306 900 647 953 dirumperetur,
681 906 725 943 et
757 901 801 941 in
835 901 989 953 plagas

157 959 330 999 acetum
369 956 539 999 infundi
579 957 670 998 sale
706 959 989 1009 permixtum:

157 1026 263 1055 mox
289 1013 497 1055 revinctis
524 1013 568 1055 in
597 1013 807 1055 craticula
834 1013 990 1065 subjici

156 1071 346 1122 imperat
382 1070 472 1111 vim
513 1069 796 1111 candentium
836 1069 988 1111 carbo-

154 1139 270 1167 num.
297 1126 502 1179 Denique
522 1126 643 1168 varie
661 1126 783 1176 torti,
808 1127 988 1178 suspen-

156 1181 230 1224 dio
258 1183 401 1225 necati
420 1188 531 1225 sunt.
568 1183 636 1224 Ac
659 1183 799 1224 sancti
819 1183 987 1234 Gorgo-

156 1238 216 1279 nii
238 1251 400 1292 corpus
420 1239 659 1291 aliquando
678 1239 869 1281 Romam
887 1251 988 1291 por-

154 1297 305 1345 tatum,
323 1295 437 1337 inter
455 1295 566 1338 duas
585 1295 733 1337 lauros
747 1296 818 1337 via
831 1295 989 1337 Latina

155 1351 387 1404 sepultum,
406 1354 565 1405 postea
584 1366 610 1394 a
625 1352 841 1403 Gregorio
861 1364 986 1404 quar-

154 1412 201 1449 to
228 1408 407 1450 Summo
438 1410 652 1452 Pontifice
683 1410 728 1450 in
759 1408 986 1451 basilicam

154 1465 365 1517 principis
383 1466 707 1518 Apostolorum
725 1465 987 1508 translatum

156 1525 233 1562 est.

214 1580 275 1621 Te
293 1578 438 1620 Deum
455 1578 697 1621 laudamus.
716 1581 776 1620 14.

207 1644 251 1679 In
279 1644 399 1680 Laud.
428 1646 470 1681 fit
498 1657 694 1682 commem.
724 1647 758 1682 S.
785 1647 985 1691 Gorgonii.

208 1701 308 1742 Ant.
344 1699 429 1751 Qui
458 1698 553 1741 odit
580 1700 769 1741 animam
795 1714 919 1742 suam
943 1702 987 1742 in

155 1753 241 1795 hoc
259 1753 442 1804 mundo,
465 1755 509 1796 in
530 1756 666 1798 vitam
685 1759 897 1799 aeternam
916 1771 987 1799 cu-

156 1809 294 1852 stodit
313 1823 419 1852 eam.

209 1868 260 1919 V.
308 1873 460 1913 Justus
510 1878 558 1915 ut
606 1873 754 1926 palma
799 1874 986 1917 florebit.

155 1930 205 1980 Rz.
245 1928 366 1970 Sicut
399 1927 558 1971 cedrus
590 1930 747 1972 Libani
778 1930 986 1985 multipli-

155 1984 340 2027 cabitur.

491 2049 655 2090 Oratio.

155 2099 380 2208 Sanctus
403 2112 504 2149 tuus
523 2107 712 2150 Domine
733 2109 986 2160 Gorgonius

243 2174 322 2212 sua
342 2175 424 2204 nos
444 2164 758 2207 intercessione
776 2166 985 2208 laetificet:
1048 2182 1051 2186 ⁴
1071 2173 1079 2191 *

155 2222 200 2258 et
224 2217 298 2269 pia
324 2219 457 2261 faciat
481 2220 760 2264 solemnitate
782 2222 986 2273 gaudere.
1048 2227 1049 2230 ’
1071 2232 1105 2259 νυ)

154 2272 238 2314 Per
257 2273 506 2317 Dominum.

156 2382 186 2417 Ο
206 2335 394 2379 Vesperae
435 2336 482 2371 de
521 2346 626 2379 sequ.
664 2347 750 2370 cum
788 2347 984 2372 commem.

191 2387 325 2418 ctavae.

334 2471 418 2512 Die
437 2472 502 2511 10.
521 2472 804 2523 Septembris.

194 2536 237 2577 S.
254 2537 446 2579 Nicolai
464 2539 525 2580 de
545 2540 807 2581 Tolentino
829 2540 950 2581 Conf.

488 2599 652 2643 Duplex.

209 2654 346 2689 Omnia
365 2655 412 2690 de
429 2656 634 2691 Communi
651 2656 760 2691 Conf.
778 2667 856 2691 non
875 2657 983 2693 Pont.

155 2700 225 2744 [67]
244 2707 386 2746 praeter
403 2704 614 2747 sequentia.

1812 183 1879 218 273

1382 282 1546 324 Oratio.

1123 338 1249 379 desto
1268 338 1458 380 Domine
1481 337 1877 391 supplicationibus

1151 395 1334 446 nostris,
1364 408 1475 448 quas
1500 395 1545 435 in
1563 394 1686 436 beati
1703 394 1877 436 Nicolai

1043 451 1321 492 Confessoris
1339 452 1402 493 tui
1424 451 1703 493 solemnitate
1723 451 1875 493 deferi-

1042 520 1154 554 mus:
1188 512 1237 549 ut
1266 508 1342 559 qui
1369 513 1535 550 nostrae
1564 508 1740 560 justitiae
1767 507 1876 549 fidu-

1043 564 1156 606 ciam
1187 576 1276 605 non
1307 563 1537 614 habemus,
1571 565 1662 616 ejus
1695 564 1770 616 qui
1797 564 1878 606 tibi

1041 619 1225 673 placuit,
1252 620 1459 672 precibus
1484 620 1750 672 adjuvemur.
1792 621 1878 662 Per

1042 677 1281 718 Dominum
1302 682 1512 719 nostrum.

1096 745 1247 779 Deinde
1273 745 1314 779 fit
1339 755 1535 779 commem.
1562 745 1641 779 Oct.
1667 745 1795 779 Nativ.

1098 801 1198 842 Ant.
1226 798 1443 840 Nativitas
1462 803 1553 848 tua,
1573 798 1658 839 Dei
1677 798 1877 840 Genitrix

1042 856 1198 907 Virgo,
1239 854 1448 907 gaudium
1480 854 1755 896 annuntiavit
1786 855 1875 895 uni-

1042 915 1172 954 verso
1191 910 1373 954 mundo:
1395 924 1450 953 ex
1468 916 1513 953 te
1533 911 1648 953 enim
1668 916 1790 952 ortus
1811 916 1877 952 est

1043 969 1110 1011 sol
1130 969 1323 1021 justitiae,
1351 967 1550 1009 Christus
1569 968 1691 1009 Deus
1711 972 1877 1009 noster:

1044 1026 1119 1078 qui
1146 1025 1324 1067 solvens
1352 1023 1725 1074 maledictionem,
1755 1023 1878 1066 dedit

1043 1081 1410 1131 benedictionem,
1425 1086 1469 1122 et
1484 1080 1757 1122 confundens
1771 1093 1879 1122 mor-

1042 1143 1146 1187 tem,
1180 1137 1362 1180 donavit
1394 1137 1522 1179 nobis
1555 1137 1692 1179 vitam
1721 1137 1876 1189 sempi-

1042 1196 1223 1236 ternam.

1096 1257 1147 1303 V.
1182 1254 1403 1296 Nativitas
1443 1259 1510 1296 est
1541 1253 1675 1295 hodie
1709 1259 1876 1296 sanctae

1042 1311 1194 1353 Mariae
1218 1311 1426 1362 Virginis.
1464 1314 1515 1365 R.
1542 1311 1673 1362 Cujus
1699 1311 1790 1352 vita
1816 1314 1876 1352 in-

1043 1367 1160 1420 clyta
1179 1372 1360 1410 cunctas
1380 1367 1571 1409 illustrat
1590 1367 1811 1409 ecclesias.

1378 1431 1542 1472 Oratio.

1041 1485 1279 1592 Famulis
1293 1491 1391 1540 tuis,
1408 1492 1661 1543 quaesumus
1676 1490 1877 1540 Domine,

1138 1547 1334 1588 coelestis
1358 1547 1512 1598 gratiae
1537 1560 1695 1588 munus
1718 1547 1875 1599 imper-

1041 1605 1137 1644 tire:
1157 1608 1205 1645 ut
1225 1603 1384 1655 quibus
1404 1604 1548 1645 beatae
1567 1604 1761 1655 Virginis
1779 1617 1876 1656 par-

1041 1663 1112 1701 tus
1139 1660 1307 1702 exstitit
1333 1659 1486 1701 salutis
1514 1660 1762 1710 exordium,
1790 1661 1876 1701 Na-

1041 1715 1225 1757 tivitatis
1246 1717 1336 1768 ejus
1357 1718 1507 1758 votiva
1526 1717 1782 1757 solemnitas
1800 1729 1873 1768 pa-

1042 1772 1105 1813 cis
1128 1771 1294 1814 tribuat
1318 1773 1644 1814 incrementum.
1676 1773 1762 1814 Per
1786 1773 1873 1813 Do-

1040 1828 1206 1869 minum
1224 1833 1435 1870 nostrum.

1094 1891 1138 1925 In
1169 1892 1195 1926 I.
1226 1892 1426 1927 Nocturno
1458 1892 1664 1927 Lectiones
1698 1894 1745 1928 de
1776 1894 1873 1929 Scri-

1040 1943 1155 1982 ptura
1179 1944 1413 1974 occurrente.

1271 2009 1321 2049 In
1347 2009 1398 2048 ΙΙ.
1424 2009 1648 2049 Nocturno.

1344 2074 1497 2115 Lectio
1518 2075 1570 2115 iv.

1101 2138 1360 2189 2221,[icolaus,
1383 2138 1641 2181 Tolentinas
1665 2152 1690 2181 a
1710 2139 1873 2182 diutar-

1165 2190 1166 2200 ’
1190 2208 1249 2236 no
1284 2195 1400 2236 illius
1428 2195 1619 2237 civitatis
1649 2195 1873 2238 domicilio

1165 2251 1166 2269 ¹
1191 2252 1458 2305 appellatus,
1477 2252 1521 2292 in
1541 2251 1711 2304 oppido
1732 2253 1874 2294 sancti

1041 2307 1201 2358 Angeli
1218 2308 1263 2348 in
1276 2308 1440 2349 Piceno
1461 2312 1528 2349 est
1545 2313 1676 2349 natus
1694 2309 1780 2361 piis
1798 2322 1874 2362 pa—

1038 2362 1254 2405 rentibus:
1285 2363 1360 2415 qui
1385 2363 1626 2405 liberorum
1653 2363 1873 2406 desiderio

1038 2419 1218 2460 Barium
1235 2419 1331 2461 voti
1351 2432 1484 2461 causa
1501 2420 1704 2472 profecti,
1724 2421 1874 2473 ibique

1039 2487 1064 2516 a
1093 2480 1246 2517 sancto
1271 2475 1460 2517 Nicolao
1489 2476 1545 2519 de
1573 2477 1873 2530 futura-prole

1039 2531 1304 2582 confirmati,
1337 2544 1469 2584 quem
1500 2535 1791 2586 susceperunt
1822 2533 1869 2573 fi-

1037 2587 1144 2628 lium
1167 2587 1222 2628 de
1245 2587 1362 2629 illius
1385 2589 1562 2631 nomine
1581 2589 1872 2642 appellarunt.

1037 2643 1082 2683 Is
1106 2643 1162 2685 ab
1186 2644 1368 2685 infantia
1390 2645 1628 2687 multarum
1646 2646 1871 2696 virtfitum,

1038 2699 1118 2742 sed
1156 2700 1434 2742 abstinentiae
1468 2701 1511 2742 in
1543 2702 1697 2754 primis
1730 2700 1870 2752 speci-
