2040 2944
677 187 749 222 Die
773 189 824 222 23.
851 189 931 224 Oct.
978 190 1034 224 Ss.
1059 191 1340 235 Redemptoris.

207 284 306 323 Ant.
361 281 593 321 Protector
637 285 789 322 noster
834 281 983 333 aspice

149 335 283 400 Deus,
308 340 352 377 et
375 336 548 388 respice
572 336 617 376 in
639 335 798 378 faciem
823 336 984 379 Christi

149 396 254 500 tall-V.
273 453 438 495 Notam
453 452 598 494 fecisti
613 452 657 493 in
674 452 893 495 Gentibus
907 454 985 494 vir-

149 512 290 573 tutem
313 514 445 550 tuam.
472 513 524 606 ΙῨ.
550 508 798 551 Redemisti
819 509 864 550 in
886 509 982 551 bra-

150 565 250 607 chio
270 570 347 607 tuo
366 567 491 618 popu
509 578 583 606 um
601 569 736 607 tuum.

87 646 91 653 ⁴
150 642 305 685 Lectio
332 644 471 685 sancti
491 644 719 695 Evangelii
742 645 984 687 secundum

455 700 480 740 J
482 702 681 742 oannem.

226 761 378 804 Lectio
400 764 468 804 vii.
693 766 797 817 Cap.
813 766 848 805 3.
864 765 902 806 b.

196 834 225 861 n
242 820 318 862 ino
336 823 552 874 tempore:
571 822 694 864 Dixit
709 822 733 863 J
736 835 836 864 esus
852 823 982 865 Nico-

215 876 362 918 demo:
375 877 519 920 Nemo
535 878 736 920 ascendit
750 879 794 919 in
810 879 982 930 coelum,

147 933 231 974 nisi
256 933 331 985 qui
355 933 584 977 descendit
610 934 666 977 de
691 935 821 986 coelo,
846 936 982 978 Filius

147 988 352 1086 hominiS,
383 991 458 1042 qui
490 996 558 1033 est
589 992 634 1032 in
662 991 788 1033 coelo.
834 993 891 1034 Et
918 995 981 1034 re-

164 1059 278 1098 iqua.

244 1121 435 1163 Homilia
470 1121 611 1163 sancti
652 1120 887 1172 Augustini

453 1178 677 1230 Episcopi.

282 1244 342 1278 Ex
358 1244 484 1278 Tract.
503 1245 541 1278 in
558 1255 641 1288 cap.
658 1246 688 1280 3.
706 1246 845 1281 Joann.

157 1340 159 1344 ,
180 1308 256 1355 &2531
282 1312 380 1341 emo
406 1298 605 1341 ascendit
627 1299 671 1340 in
697 1300 873 1350 coelum,
897 1301 982 1341 nisi

153 1362 159 1410 ÷{
180 1352 275 1426 ’([χὶ1
300 1356 374 1408 qui
399 1354 454 1397 de
479 1355 594 1397 coelo
621 1355 862 1398 descendit.
897 1357 980 1399 De-

174 1420 184 1427 *
297 1412 470 1467 scendit
485 1412 611 1461 enim,
627 1417 671 1454 et
684 1414 886 1454 mortuus
901 1418 981 1464 est,

149 1473 193 1510 et
204 1468 303 1521 ipsa
315 1473 461 1510 morte
475 1467 681 1510 liberavit
690 1481 772 1509 nos
788 1481 813 1509 a
826 1475 981 1511 morte.

147 1524 293 1567 Morte
311 1527 496 1575 occisus,
515 1530 704 1567 mortem
724 1525 899 1567 occidit.
924 1526 982 1568 Et

147 1581 288 1622 nostis
311 1581 487 1632 fratres,
517 1582 620 1634 quia
645 1594 766 1623 mors
790 1582 875 1623 ista
900 1595 981 1634 per

148 1636 313 1679 diaboli
341 1637 552 1680 invidiam
579 1638 760 1680 intravit
788 1638 832 1678 in
858 1651 979 1679 mun-

147 1693 262 1735 dum.
289 1694 411 1736 Deus
425 1699 615 1736 mortem
629 1707 717 1736 non
736 1694 849 1744 fecit,
867 1694 979 1736 Scri-

146 1753 277 1802 ptura
291 1750 501 1803 loquitur:
515 1751 612 1793 Nec
626 1750 812 1801 laetatur,
827 1751 980 1802 inquit,

146 1807 190 1847 in
220 1806 491 1860 ‘perditione
539 1807 759 1858 vivorum3
813 1808 980 1848 creavit

147 1864 279 1914 enim,
307 1869 357 1906 ut
384 1869 532 1906 essent
561 1864 718 1906 omnia.
758 1863 846 1905 Sed
874 1863 981 1916 quid

145 1919 208 1961 ibi
221 1919 303 1962 ait?
331 1920 502 1962 Invidia
517 1926 664 1962 autem
679 1919 846 1962 diaboli
858 1933 980 1961 mors

144 1976 323 2018 intravit
358 1977 402 2018 in
439 1977 594 2019 orbem
628 1979 853 2018 terrarum.
907 1976 980 2018 Ad

145 2037 334 2074 mortem
353 2046 379 2074 a
398 2032 579 2075 diabolo
596 2033 879 2086 propinatam
893 2045 980 2074 non

146 2090 316 2130 veniret
329 2088 464 2131 homo
479 2090 523 2131 vi
538 2090 740 2131 adactus:
760 2102 849 2130 non
864 2090 980 2130 enim

147 2144 334 2195 cogendi
356 2146 601 2198 potentiam
626 2145 830 2187 diabolus
849 2145 979 2187 habe-

146 2200 242 2251 bat,
281 2201 362 2243 sed
397 2201 696 2254 persuadendi
727 2202 979 2243 versutiam.

145 2257 191 2298 Si
209 2270 298 2298 non
317 2261 601 2309 consentires,
627 2258 734 2299 nihil
752 2258 980 2300 invexerat

147 2312 367 2364 diabolus3
396 2316 630 2356 consensio
658 2320 750 2364 tua,
778 2327 804 2355 o
832 2314 978 2363 homo,

146 2373 189 2410 te
208 2369 418 2422 perduxit
437 2369 495 2412 ad
513 2375 713 2413 mortem.
742 2372 783 2411 A
802 2370 978 2411 mortali

145 2426 356 2468 mortales
381 2427 488 2476 nati,
517 2432 561 2469 et
586 2440 640 2468 ex
659 2426 978 2468 immortalibus

146 2482 357 2524 mortales
386 2483 502 2525 facti.
546 2483 617 2525 Ab
646 2483 792 2525 Adam
825 2495 978 2524 omnes

146 2537 346 2580 homines
360 2540 588 2590 mortales3
603 2540 628 2580 J
631 2553 731 2581 esus
747 2544 892 2580 autem
909 2539 976 2579 Fi-

146 2594 229 2635 lius
257 2595 357 2645 Dei,
384 2596 585 2638 Verbum
612 2596 713 2645 Dei,
745 2607 825 2647 per
857 2594 978 2646 quod

147 2650 262 2692 facta
286 2657 387 2693 sunt
412 2653 572 2702 omnia,
598 2652 766 2700 unicus,
794 2650 977 2702 aequalis

146 2707 276 2757 Patri,
291 2708 490 2750 mortalis
506 2709 646 2750 factus
661 2713 739 2757 est,
757 2707 858 2759 quia
868 2707 976 2748 Ver-

1766 192 1864 237 [307]

1035 283 1140 325 bum
1164 297 1267 326 caro
1292 285 1457 327 factum
1481 291 1558 337 est,
1584 291 1627 328 et
1650 286 1866 330 habitavit

1035 340 1079 380 in
1097 340 1236 382 nobis.
1261 341 1307 383 Si
1327 354 1432 393 ergo
1452 347 1641 384 mortem
1660 344 1865 396 suscepit,

1037 400 1080 437 et
1104 402 1293 438 mortem
1318 398 1548 450 suspendit
1569 399 1613 439 in
1639 412 1783 449 cruce,
1810 399 1866 441 de

1034 452 1131 504 ipsa
1172 458 1315 495 morte
1359 454 1601 496 liberantur
1644 455 1866 497 mortales.

1037 508 1168 558 Quod
1201 509 1245 549 in
1278 510 1420 560 figura
1451 510 1615 553 factum
1647 516 1715 553 est
1745 512 1866 564 apud

1036 567 1252 629 antiquos,
1273 568 1636 609 commemoravit
1654 567 1761 610 illud
1776 569 1864 609 Do-

1035 634 1189 662 minus.

1089 696 1139 747 Rz.
1164 695 1421 737 Laudabilis
1447 698 1654 749 populus,
1683 700 1704 722 *
1726 698 1866 748 Quem

1036 751 1251 792 Dominus
1271 755 1542 795 exercituum
1559 753 1785 796 benedixit
1805 754 1865 796 di-

1037 819 1157 848 cens:
1195 808 1319 861 Opus
1352 811 1560 851 manuum
1591 813 1787 852 mearum
1818 816 1867 852 tu

1037 876 1098 904 es:
1115 863 1352 906 haereditas
1371 879 1469 907 mea
1483 867 1631 907 Israel.
1662 862 1711 913 V.
1727 867 1866 908 Beata

1035 932 1162 970 gens,
1210 922 1330 973 cujus
1368 927 1436 964 est
1472 923 1689 964 Dominus
1724 923 1865 973 Deus3

1035 976 1226 1082 &opulus
1268 978 1433 1021 electus
1469 980 1512 1019 in
1549 978 1864 1021 haereditatem.
1916 1016 1918 1018 ,

1076 1046 1186 1074 uem.

1323 1115 1475 1155 Lectio
1498 1116 1579 1155 viii.

1119 1191 1138 1228 t
1156 1187 1280 1238 sicut,
1297 1188 1448 1240 inquit,
1465 1189 1643 1241 Moyses
1658 1189 1867 1231 exaltavit

1151 1246 1403 1296 serpentem
1426 1245 1470 1285 in
1490 1247 1649 1295 eremo,
1671 1245 1732 1286 ita
1751 1245 1864 1286 exal-

1033 1300 1118 1341 tari
1145 1303 1324 1352 oportet
1346 1301 1505 1342 Filium
1529 1301 1733 1343 hominis:
1758 1301 1864 1351 Quis

1035 1361 1102 1397 est
1133 1369 1314 1409 serpens
1343 1357 1587 1399 exaltatus?
1628 1358 1749 1399 Mors
1777 1357 1864 1398 Do-

1033 1412 1139 1453 mini
1170 1412 1214 1453 in
1247 1425 1388 1455 cruce.
1431 1414 1542 1464 Quia
1574 1414 1689 1455 enim
1721 1427 1747 1455 a
1777 1426 1863 1455 ser-

1034 1470 1166 1521 pente
1185 1482 1315 1520 mors,
1338 1482 1419 1522 per
1438 1471 1655 1523 serpentis
1676 1469 1866 1520 effigiem

1034 1525 1222 1575 figurata
1245 1531 1313 1567 est
1330 1539 1461 1567 mors.
1493 1527 1669 1568 Morsus
1690 1528 1864 1578 serpen-

1034 1586 1128 1622 tum
1152 1581 1340 1631 lethalis,
1363 1595 1483 1624 mors
1505 1583 1683 1624 Domini
1708 1583 1864 1624 vitalis.

1033 1637 1289 1679 Attenditur
1313 1651 1506 1691 serpens,
1529 1644 1577 1680 ut
1595 1639 1702 1679 nihil
1720 1638 1865 1680 valeat

1032 1706 1227 1746 serpens.
1256 1694 1372 1744 Quid
1387 1700 1454 1737 est
1471 1694 1581 1736 hoc?
1610 1694 1865 1736 Attenditur

1033 1763 1168 1801 mors,
1205 1755 1254 1792 ut
1285 1750 1391 1792 nihil
1423 1751 1568 1793 valeat
1599 1763 1730 1792 mors.
1775 1750 1864 1792 Sed

1033 1807 1154 1858 cujus
1173 1807 1315 1848 mors?
1346 1807 1466 1849 Mors
1485 1807 1598 1848 vitae.
1625 1807 1753 1848 Nofie
1773 1807 1863 1848 vita

1034 1862 1256 1905 Christus?
1302 1863 1360 1905 Et
1390 1868 1537 1905 tamen
1566 1865 1765 1906 mortuus
1794 1867 1862 1905 est

1034 1919 1244 1961 Christus.

1083 1995 1134 2047 R.
1152 1993 1254 2034 Duo
1280 1992 1509 2045 seraphim
1533 1992 1781 2034 clamabant
1803 1991 1861 2032 al-

1031 2053 1098 2091 ter
1118 2049 1175 2091 ad
1195 2049 1395 2091 alterum:
1409 2051 1432 2075 *
1448 2049 1644 2098 Sanctus,
1663 2049 1861 2097 Sanctus,

1031 2107 1218 2147 Sanctus
1248 2106 1464 2147 Dominus
1496 2106 1619 2147 Deus
1649 2104 1860 2146 Sabaoth:

1031 2165 1054 2190 *
1068 2163 1203 2204 Plena
1222 2167 1290 2205 est
1309 2163 1450 2204 omnis
1464 2167 1582 2204 terra
1600 2161 1740 2212 gloria
1760 2161 1860 2212 ejus.

1030 2214 1081 2266 V.
1096 2219 1208 2260 Tres
1225 2224 1336 2268 sunt,
1352 2219 1427 2270 qui
1440 2217 1739 2260 testimonium
1755 2217 1861 2258 dant

1030 2276 1074 2316 in
1098 2276 1228 2325 coelo,
1251 2275 1396 2325 Pater,
1420 2274 1634 2323 Verbum,
1659 2278 1703 2315 et
1727 2273 1859 2326 Spiri-

1030 2337 1101 2373 tus
1124 2336 1318 2373 sanctus:
1346 2336 1390 2373 et
1411 2331 1456 2371 hi
1478 2336 1569 2372 tres
1591 2343 1726 2371 unum
1748 2334 1858 2371 sunt.

1030 2388 1226 2429 Sanctus.
1254 2387 1407 2428 Gloria
1425 2387 1556 2428 Patri.
1583 2386 1729 2427 Plena.

1331 2466 1481 2507 Lectio
1502 2467 1556 2506 ix.

1015 2534 1230 2638 .Interim
1261 2535 1396 2578 modo
1426 2537 1597 2586 fratres,
1630 2541 1677 2578 ut
1705 2549 1730 2576 a
1757 2547 1855 2587 pec-

1098 2596 1198 2635 cato
1219 2595 1430 2642 sanemur,
1449 2592 1670 2633 Christum
1689 2589 1854 2632 crucifi-

1029 2663 1132 2690 xum
1147 2650 1407 2691 intueamur:
1425 2649 1525 2701 quia
1541 2649 1653 2690 sicut
1668 2647 1854 2696 Moyses,

1029 2706 1179 2758 inquit,
1206 2705 1416 2747 exaltavit
1435 2707 1682 2758 serpentem
1700 2702 1743 2743 in
1763 2702 1851 2743 ere-
