2040 2944
541 168 613 203 Die
636 169 666 202 2.
690 168 880 203 Octobris.
928 168 985 202 Ss.
1010 168 1249 210 Angelorum
1274 167 1499 202 Custodum.

209 269 309 309 Ant.
337 269 458 308 Deus
481 278 605 307 meus
630 265 749 306 misit
766 263 986 314 Angelum

155 336 298 372 suum,
325 327 370 364 et
389 322 604 364 conclusit
623 334 701 363 ora
720 321 914 370 le6num,
942 324 986 361 et

152 391 242 420 non
260 380 506 420 nocuerunt
524 378 641 419 mihi.

209 442 308 481 Ant.
349 441 469 480 Bene
499 438 748 488 ambuletis,
772 439 796 466 *
825 442 869 479 et
897 437 985 478 De·

153 496 297 537 minus
321 495 379 537 sit
403 495 447 536 in
468 495 624 537 itinere
642 499 808 544 vestro,
836 499 879 536 et
899 494 985 534 An-

152 551 277 603 gelus
297 552 388 603 ejus
408 551 642 593 comitetur
658 550 900 592 vobiscum.

430 616 628 656 psalmus
649 617 706 655 14.

155 672 389 778 Demine
410 676 508 729 quis
532 675 751 718 habitabit
774 676 819 716 in
842 675 984 717 taber-

257 732 416 774 naculo
444 731 548 773 tuo?
569 733 593 758 *
616 737 693 774 aut
721 732 819 784 quis
843 733 983 784 requi-

155 790 276 831 escet
303 789 348 829 in
378 793 530 830 monte
558 793 712 830 sancto
732 786 835 830 tuo?

206 845 292 895 Qui
310 844 553 896 ingreditur
578 844 672 886 sine
691 844 879 894 macula,
898 845 922 871 *
943 849 986 885 et

154 902 364 954 operatur
382 901 607 953 justitiam:

205 957 291 1008 Qui
312 957 509 1010 lequitur
527 957 763 999 veritatem
786 957 829 998 in
850 957 984 999 corde

154 1026 252 1063 suo,
271 1014 296 1040 *
316 1014 391 1066 qui
420 1026 509 1055 non
538 1014 627 1065 egit
657 1013 808 1055 dolum
834 1013 879 1054 in
906 1013 983 1054 lin-

153 1083 239 1121 gua
259 1083 351 1111 sua:

205 1126 301 1168 Nec
320 1126 424 1168 fecit
442 1126 647 1178 proximo
667 1138 748 1168 suo
768 1126 943 1175 malum,
961 1127 985 1153 *

154 1187 198 1224 et
219 1182 509 1236 opprebrium
528 1195 617 1225 non
641 1183 814 1235 accepit
833 1182 983 1224 adver-

153 1252 227 1280 sus
246 1239 475 1291 proximos
495 1251 609 1280 suos.

204 1295 277 1337 Ad
295 1294 478 1336 nihilum
497 1294 716 1337 deductus
737 1299 804 1337 est
824 1295 868 1335 in
884 1307 984 1336 con-

153 1353 309 1404 spectu
342 1352 434 1403 ejus
466 1351 700 1403 malignus:
727 1353 751 1379 *
778 1351 984 1393 timentes

91 1439 93 1442 .
153 1412 301 1449 autem
319 1407 560 1449 Deminum
578 1407 812 1458 glorificat:

205 1464 290 1514 Qui
316 1465 429 1516 jurat
455 1464 661 1517 preximo
691 1477 789 1514 suo,
822 1469 867 1506 et
894 1477 983 1505 non

153 1519 331 1573 decipit,
350 1521 374 1548 *
395 1521 469 1573 qui
491 1521 726 1573 pecuniam
750 1533 875 1562 suam
895 1533 984 1561 non

152 1576 276 1618 dedit
295 1576 352 1618 ad
371 1580 560 1627 usuram,
584 1581 629 1618 et
647 1580 831 1618 munera
851 1590 983 1629 super

152 1633 430 1674 innocentem
447 1645 536 1674 non
555 1633 740 1685 accepit:

204 1689 291 1739 Qui
314 1689 420 1731 facit
444 1689 558 1739 haec,
577 1690 601 1715 *
620 1702 709 1731 non
733 1689 983 1731 movebitur

150 1745 196 1786 in
215 1747 439 1787 aeternum.

206 1806 307 1847 Ant.
342 1806 461 1847 Bene
490 1805 736 1855 ambuletiS‚
766 1810 809 1848 et
835 1806 984 1847 Domi-

152 1875 233 1903 nus
257 1863 313 1904 sit
336 1862 380 1903 in
409 1862 563 1904 itinere
586 1867 751 1911 vestro,
775 1867 819 1903 et
842 1863 984 1914 Ange-

151 1917 220 1960 lus
239 1919 330 1970 ejus
350 1918 583 1960 comitetur
603 1917 846 1959 vobiscum.

207 1967 259 2020 V.
300 1974 432 2016 Stetit
469 1973 666 2025 Angelus
709 1974 829 2024 iuxta
865 1987 985 2015 aram

152 2030 316 2083 templi.
350 2029 402 2080 Rz.
421 2030 604 2072 Habens
623 2029 894 2072 thuribulum
913 2033 984 2071 au-

153 2099 277 2129 reum
294 2088 339 2128 in
357 2099 489 2128 manu
508 2099 599 2128 sua.

379 2166 447 2206 De
471 2163 584 2206 libro
606 2162 763 2206 Exodi.

233 2226 387 2268 Lectio
407 2227 430 2266 i.
669 2227 773 2279 Cap.
788 2227 852 2267 23.
869 2227 907 2268 d.

159 2292 186 2338 ’ἶ
235 2302 349 2343 x„cce
369 2301 452 2340 ego
472 2288 645 2330 mittam
663 2287 881 2339 Angelum
899 2301 985 2330 me-

168 2355 171 2385 :
194 2344 216 2397 ίξ,
230 2345 265 2402 3³2}
289 2359 379 2394 um,
408 2345 484 2396 qui
508 2343 736 2397 praecedat
758 2349 820 2394 te,
849 2349 893 2386 et
915 2357 985 2386 cu-

204 2402 227 2407 ”
290 2401 457 2443 stediat
481 2401 525 2441 in
549 2401 636 2450 via,
665 2405 709 2442 et
734 2400 987 2442 introducat

155 2458 200 2498 in
231 2458 379 2499 locum
411 2469 543 2509 quem
574 2456 741 2509 paravi.
787 2456 988 2498 Observa

158 2526 270 2564 eum,
295 2518 340 2555 et
359 2512 462 2562 audi
481 2525 637 2555 vocem
657 2513 759 2564 ejus,
786 2525 868 2553 nec
886 2525 986 2554 con-

157 2569 439 2610 temnendum
457 2574 601 2621 putes:
621 2569 724 2620 quia
742 2581 831 2609 non
846 2568 987 2610 dimit-

156 2629 222 2667 tet
246 2637 346 2666 cum
368 2625 643 2677 peccaveris,
673 2630 717 2666 et
742 2629 809 2666 est
827 2637 988 2666 nomen

156 2693 304 2723 meum
319 2681 364 2721 in
382 2680 470 2723 illo.
497 2681 628 2731 Quod
648 2681 686 2722 si
704 2679 895 2722 audieris
914 2692 987 2721 vo-

1806 168 1873 203 355

1040 274 1136 303 cem
1156 262 1262 314 ejus,
1287 267 1330 304 et
1349 262 1505 303 feceris
1524 261 1670 303 emnia
1691 274 1790 313 quae
1810 261 1871 303 lo-

1041 330 1163 370 quor,
1183 319 1383 360 inimicus
1404 331 1480 360 ero
1500 318 1689 359 inimicis
1708 318 1806 368 tuis,
1829 324 1872 360 et

1039 374 1233 425 affligam
1260 375 1506 426 affligentes
1533 378 1588 416 te.
1624 374 1872 416 Praecedet-

1041 443 1126 483 que
1145 436 1190 472 te
1209 431 1406 482 Angelus
1424 443 1560 472 meus

1094 500 1144 550 Ru
1175 496 1356 547 Angelis
1383 496 1472 537 suis
1497 496 1621 538 Deus
1647 496 1873 538 mandavit

1042 552 1098 594 de
1116 558 1176 602 te,
1202 558 1251 594 ut
1271 552 1523 594 custOdiant
1540 557 1585 594 te
1603 552 1648 592 in
1669 552 1873 594 emnibus

1041 609 1124 650 viis
1149 609 1250 650 tuis:
1277 612 1299 635 *
1325 608 1376 648 In
1401 608 1602 650 manibus
1630 608 1874 660 portabunt

1040 669 1099 716 te,
1132 678 1187 707 ne
1215 677 1425 716 umquam
1453 664 1653 706 offendas
1682 665 1738 707 ad
1765 665 1872 718 lapi-

1039 721 1141 763 dem
1167 721 1329 774 pedem
1356 726 1491 762 tuum.
1541 716 1587 766 Y.
1618 721 1754 762 Millia
1782 722 1873 762 mil-

1038 778 1145 819 lium
1163 777 1470 819 ministrabant
1488 778 1538 827 ei,
1559 782 1603 819 et
1618 777 1766 819 decies
1782 778 1872 818 mil-

1038 834 1119 875 lies
1151 835 1335 875 centena
1366 833 1502 874 millia
1531 834 1796 876 assistebant
1825 835 1873 876 ei.

1039 891 1090 930 In
1108 890 1321 931 manibus.

1180 965 1247 1004 Ex
1266 962 1482 1004 Zacharia
1500 963 1736 1015 Propheta.

1119 1029 1271 1070 Lectio
1293 1030 1332 1069 ii.
1592 1031 1694 1081 (lap.
1712 1031 1738 1069 1.
1757 1030 1794 1069 b.

1128 1092 1275 1129 actum
1309 1093 1376 1130 est
1408 1088 1593 1130 verbum
1611 1089 1789 1130 Domini
1817 1089 1873 1131 ad

1132 1145 1393 1186 Zachariam
1412 1145 1551 1186 filium
1566 1145 1806 1196 Barachiae‚
1827 1146 1872 1187 fi-

1039 1201 1087 1242 lii
1105 1200 1251 1252 Addo,
1276 1201 1553 1254 prophetam,
1579 1201 1744 1243 dicens:
1768 1202 1875 1244 Vidi

1038 1270 1118 1310 per
1136 1262 1330 1308 noctem,
1357 1263 1401 1299 et
1420 1269 1524 1299 ecce
1544 1257 1610 1299 vir
1631 1258 1874 1300 ascendens

1039 1326 1171 1366 super
1192 1326 1354 1366 equum
1374 1314 1529 1363 rufum,
1550 1319 1593 1356 et
1612 1314 1709 1366 ipse
1729 1315 1875 1356 stabat

1038 1370 1152 1412 inter
1183 1372 1375 1423 myrteta
1409 1382 1508 1422 quae
1542 1376 1667 1412 erant
1698 1371 1742 1411 in
1774 1384 1874 1423 pro-

1038 1426 1188 1468 fundo:
1213 1431 1258 1467 et
1276 1432 1381 1479 post
1401 1439 1500 1468 eum
1521 1428 1622 1478 equi
1641 1427 1735 1476 rufi,
1755 1428 1875 1477 varii,

1039 1488 1083 1524 et
1102 1482 1200 1524 albi.
1228 1483 1286 1524 Et
1306 1482 1412 1525 dixi:
1433 1483 1551 1533 Quid
1566 1488 1666 1525 sunt
1682 1484 1764 1534 isti,
1785 1485 1873 1525 De-

1037 1539 1154 1580 mine
1175 1538 1259 1580 mi?
1289 1540 1346 1581 Et
1370 1538 1480 1581 dixit
1500 1539 1557 1581 ad
1576 1553 1647 1581 me
1666 1540 1874 1591 Angelus,

1040 1595 1114 1647 qui
1138 1595 1405 1647 loquebatur
1428 1596 1472 1636 in
1497 1609 1582 1637 me:
1610 1596 1706 1647 Ego
1732 1599 1874 1638 osten-

1039 1651 1141 1692 dam
1159 1651 1241 1693 tibi
1262 1651 1368 1703 quid
1389 1651 1475 1693 sint
1493 1651 1602 1692 haec.
1623 1652 1681 1693 Et
1695 1655 1874 1705 respon-

1039 1706 1104 1749 dit
1119 1708 1195 1757 vir,
1217 1708 1292 1759 qui
1312 1707 1460 1750 stabat
1479 1708 1592 1749 inter
1610 1710 1811 1759 myrteta,
1831 1714 1875 1750 et

1039 1762 1163 1805 dixit:
1182 1763 1263 1805 Isti
1280 1768 1381 1804 sunt
1397 1775 1510 1815 quos
1525 1764 1645 1805 misit
1658 1764 1875 1806 Deminus

1038 1825 1086 1861 ut
1100 1819 1409 1872 perambulent
1423 1824 1598 1861 terram.
1622 1821 1679 1862 Et
1694 1833 1872 1873 respon·
1895 1864 1898 1866 ,

1039 1875 1200 1918 derunt
1219 1875 1392 1927 Angelo
1412 1876 1608 1926 Demini,
1635 1877 1709 1929 qui
1728 1877 1873 1919 stabat

1038 1933 1153 1974 inter
1171 1934 1372 1984 myrteta,
1393 1937 1436 1974 et
1458 1932 1676 1974 dixerunt:
1699 1934 1872 1975 Peram-

1038 1988 1286 2030 bulavimus
1314 1993 1493 2038 terram,
1527 1994 1572 2031 et
1599 2002 1703 2031 ecce
1732 1991 1873 2031 omnis

1038 2050 1158 2086 terra
1176 2044 1411 2095 habitatur,
1432 2050 1476 2086 et
1495 2046 1693 2097 quiescit.

1093 2107 1144 2159 R.
1178 2104 1429 2157 Respondit
1458 2105 1655 2156 Angelus
1683 2106 1874 2156 Demini,

1041 2167 1084 2204 et
1103 2161 1228 2203 dixit:
1247 2161 1436 2202 Domine
1457 2164 1739 2212 exercituum,
1754 2162 1776 2186 *
1792 2162 1872 2204 Us-

1041 2230 1218 2270 quequo
1252 2222 1301 2259 tu
1327 2230 1416 2259 non
1443 2217 1723 2259 misereberis
1749 2218 1775 2259 J
1778 2222 1871 2260 eru—

1040 2274 1178 2315 salem
1196 2278 1240 2315 et
1259 2272 1434 2315 urbium
1453 2273 1583 2328 Juda‚
1615 2274 1774 2326 quibus
1793 2275 1873 2315 ira-

1039 2335 1112 2371 tus
1139 2329 1209 2371 es?
1263 2325 1313 2377 V.
1342 2330 1433 2371 Iste
1461 2329 1578 2371 enim
1605 2331 1873 2382 septuagesi-

1040 2399 1137 2427 mus
1157 2398 1295 2427 annus
1315 2390 1392 2427 est.
1419 2386 1674 2438 Usquequo.

1117 2454 1272 2495 Lectio
1291 2454 1347 2495 iii.
1634 2455 1737 2506 Cap.
1756 2455 1792 2494 2.

1124 2516 1142 2552 t
1169 2511 1314 2552 levavi
1341 2511 1495 2553 Oculos
1521 2524 1663 2562 meo&
1698 2517 1742 2554 et
1768 2511 1873 2553 vidi:

1133 2572 1176 2609 et
1197 2579 1301 2608 ecce
1321 2566 1398 2617 vir,
1424 2572 1468 2609 et
1487 2568 1531 2608 in
1549 2580 1681 2609 manu
1701 2569 1791 2619 ejus
1810 2567 1870 2607 fu-

1041 2623 1211 2664 niculus
1235 2624 1500 2665 menserum.
1552 2624 1611 2665 Et
1636 2624 1740 2666 dixi:
1773 2623 1871 2671 Quo

1040 2685 1089 2721 tu
1107 2677 1258 2721 vadis?
1296 2679 1353 2720 Et
1378 2678 1488 2722 dixit
1513 2679 1571 2722 ad
1596 2692 1682 2721 me:
1709 2679 1768 2720 Ut
1785 2680 1870 2719 me-
