2040 2944
627 205 831 241 Dominica
855 207 959 242 XVI.
984 213 1074 251 post
1097 209 1359 246 Pentecosten.

145 301 422 343 suscitandos
467 305 675 353 venisset,
726 304 971 356 Apostolus

143 370 232 406 non
250 357 430 401 diceret:
455 360 603 411 Surge,
631 360 705 412 qui
725 359 902 410 dormis,
928 365 971 402 et

144 417 330 466 exsurge
360 428 385 456 a
413 416 612 466 mertuis,
640 421 684 458 et
710 416 970 459 illuminabit

142 475 187 512 te
207 471 418 514 Christus.

427 529 578 572 Lectio
597 531 680 571 viii.

137 578 289 684 Tres
322 589 468 626 autem
499 587 697 627 mortuos
724 585 968 628 invenimus

231 653 257 681 a
275 640 466 683 Demino
487 642 772 684 resuscitatos
792 643 967 685 visibili-

139 699 227 745 ter,
259 697 393 739 millia
425 697 709 740 invisibiliter.
750 700 868 750 Quot
895 713 965 742 au-

55 776 57 778 -
112 757 114 759 ’
138 756 229 793 tem
251 755 452 796 mortuos
476 754 706 796 visibiliter
731 756 966 798 suscitave-

138 808 204 858 rit,
234 810 330 861 quis
356 809 502 853 novit?
538 811 641 853 Non
669 812 784 853 enim
812 813 965 865 omnia,

140 878 239 917 quae
270 866 388 918 fecit,
420 867 586 921 scripta
618 874 729 911 sunt.
774 870 798 910 J
802 872 966 912 oannes

137 920 223 963 hoc
251 922 377 965 dixit:
415 923 554 966 Multa
582 924 667 966 alia
693 925 796 967 fecit
823 927 965 968 Jesus:

139 991 237 1030 quae
258 979 295 1020 si
315 980 481 1033 scripta
501 987 664 1032 essent,
692 982 880 1024 arbitror
899 989 963 1025 to-

136 1039 229 1076 tum
247 1036 458 1078 mundum
476 1051 564 1080 non
587 1051 721 1091 posse
740 1039 877 1081 libros
898 1043 963 1081 ca-

136 1104 254 1144 pere.
286 1092 413 1135 Multi
437 1106 542 1146 ergo
562 1101 662 1137 sunt
682 1095 755 1137 alii
775 1096 868 1138 sine
888 1096 962 1139 du-

137 1147 211 1205 bio
236 1150 448 1200 suscitati,
477 1151 557 1193 sed
579 1165 666 1194 non
688 1157 779 1194 tres
803 1153 964 1196 frustra

137 1208 476 1249 commemorati.
512 1208 727 1250 Dominus
751 1210 865 1251 enim
888 1223 962 1252 no-

137 1265 226 1303 ster
249 1262 377 1304 Jesus
403 1263 602 1306 Christus
632 1278 683 1307 ea
710 1278 807 1318 quae
836 1266 961 1308 facie-

135 1316 211 1360 bat
231 1320 532 1372 corporaliter,
558 1322 691 1363 etiam
709 1323 962 1375 spiritaliter

82 1371 86 1377 ’
135 1374 313 1418 volebat
330 1376 521 1429 intelligi.
553 1378 709 1431 Neque
736 1380 849 1420 enim
871 1385 961 1422 tan-

134 1433 227 1471 tum
270 1433 482 1475 miracula
525 1440 710 1488 propter
752 1436 962 1478 miracula

133 1486 337 1531 faciebat:
362 1490 442 1532 sed
460 1496 510 1533 ut
528 1491 617 1542 illa,
645 1505 743 1544 quae
762 1493 960 1543 faciebat,

132 1544 242 1586 mira
257 1551 404 1588 essent
417 1547 677 1599 videntibus,
696 1562 800 1592 vera
815 1555 961 1592 essent

131 1599 482 1653 intelligentibus.

430 1661 584 1702 Lectio
603 1662 656 1702 ix.

132 1691 559 1816 Quemadmodum
574 1718 648 1771 qui
658 1718 779 1761 videt
793 1719 959 1761 litteras

233 1771 277 1812 in
310 1771 464 1815 codice
499 1775 665 1827 eptime
697 1775 880 1828 scripto,
916 1781 960 1818 et

130 1839 219 1868 non
245 1828 368 1870 novit
395 1829 559 1881 legere,
602 1830 753 1873 laudat
782 1831 959 1884 quidem

131 1884 363 1937 antiquarii
389 1899 582 1937 manum,
614 1887 834 1929 admirans
870 1889 958 1941 api—

131 1953 230 1982 cum
247 1941 631 1994 pulchritudinem:
651 1944 731 1986 sed
751 1944 856 1996 quid
875 1945 958 1986 sibi

129 1996 279 2046 velint,
321 1998 427 2051 quid
464 1999 658 2042 indicent
695 2000 759 2041 illi
797 2001 957 2053 apices,

129 2054 279 2104 nescit,
299 2060 344 2096 et
363 2060 431 2097 est
450 2056 588 2098 eculis
607 2056 818 2107 laudator,
839 2070 956 2098 men-

129 2113 174 2151 te
201 2123 290 2152 non
319 2111 529 2162 cognitor.
581 2113 707 2154 Alius
739 2118 885 2155 autem
914 2118 958 2155 et

128 2165 278 2208 laudat
305 2168 552 2219 artificium,
579 2174 623 2211 et
652 2169 769 2222 capit
792 2169 955 2211 intelle-

131 2227 264 2264 ctum:
295 2223 369 2265 ille
395 2224 566 2276 utique,
599 2225 674 2278 qui
700 2238 788 2266 non
815 2225 956 2266 solum

128 2278 278 2321 videre
311 2280 431 2332 quod
465 2285 696 2323 commune
725 2286 791 2323 est
819 2282 954 2322 emni-

128 2333 221 2384 bus,
235 2340 394 2388 potest,
414 2335 493 2378 sed
508 2337 639 2378 etiam
652 2336 814 2389 legere;
836 2337 956 2389 quod

130 2391 204 2442 qui
236 2404 325 2433 non
356 2391 524 2442 didicit,
556 2405 645 2435 non
676 2398 835 2446 potest.
887 2393 956 2433 Ita

130 2447 204 2498 qui
231 2447 433 2490 viderunt
461 2448 624 2491 Christi
651 2449 879 2498 miracula,
911 2453 955 2490 et

128 2515 217 2544 non
233 2503 540 2547 intellexerunt
560 2505 665 2558 quid
683 2505 766 2547 sibi
782 2505 954 2554 vellent,

130 2563 174 2599 et
215 2559 321 2611 quid
359 2561 700 2612 intelligentibus
745 2560 952 2613 quodam-

128 2614 262 2656 modo
287 2616 535 2667 innuerent,
567 2617 712 2658 mirati
737 2621 836 2658 sunt
860 2621 952 2657 tan-

127 2675 220 2711 tum
248 2672 349 2723 quia
375 2673 490 2714 facta
518 2678 633 2714 sunt:
650 2673 736 2717 ,alii
767 2684 872 2713 vero
910 2677 953 2713 et

128 2725 242 2768 facta
260 2728 421 2778 mirati,
444 2734 488 2770 et
511 2728 733 2770 intellecta
751 2727 952 2769 assecuti.

1023 305 1154 347 Tales
1186 320 1267 348 nos
1299 308 1344 349 in
1377 309 1527 351 schola
1559 311 1719 354 Christi
1751 326 1846 356 esse

1022 361 1243 404 debemus.
1283 367 1344 406 Te
1363 366 1507 408 Deum
1526 367 1766 411 laudamus.
1788 373 1847 412 14.

1073 424 1144 464 Ad
1171 425 1331 466 Bened.
1362 428 1460 468 Ant.
1493 428 1591 470 Ibat
1614 430 1741 471 Jesus
1761 432 1845 473 *in

1021 478 1243 521 civitatem
1275 494 1373 533 quae
1405 487 1588 526 vocatur
1618 486 1661 526 N
1663 491 1763 527 a'im:
1803 494 1846 530 et

1021 547 1124 577 ecce
1162 537 1392 580 defunctus
1432 539 1693 583 efferebatur
1728 544 1844 585 filius

1019 592 1172 633 unicus
1192 594 1343 635 matris
1363 608 1464 636 suae.

1072 649 1122 698 V.
1151 653 1366 696 Dominus
1394 657 1606 707 regnavit,
1639 658 1843 701 decorem

1018 707 1168 750 induit.
1221 710 1271 761 R.
1303 711 1451 753 Induit
1479 713 1693 756 Deminus
1724 716 1841 758 forti-

1018 764 1225 817 tudinem,
1246 772 1288 808 et
1307 769 1538 820 praecinxit
1557 783 1604 812 se
1623 771 1794 814 virtute.

1071 831 1141 871 Ad
1166 832 1338 882 Magnif.
1374 834 1472 874 Ant.
1509 835 1730 888 Propheta
1754 852 1841 880 ma-

1017 898 1126 936 gnus
1155 888 1179 913 *
1207 889 1395 931 surrexit
1421 890 1465 931 in
1492 891 1637 942 nobis,
1671 898 1714 935 et
1741 895 1842 946 quia

1016 941 1136 983 Deus
1156 943 1350 987 visitavit
1368 946 1544 999 plebem
1563 961 1696 990 suam.

1068 998 1117 1049 V.
1136 1003 1359 1055 Dirigatur
1373 1007 1561 1049 Domine
1578 1010 1717 1051 oratio
1732 1023 1840 1051 mea.

1015 1060 1064 1112 Rg.
1101 1060 1221 1102 Sicut
1261 1062 1485 1104 incensum
1520 1065 1564 1104 in
1601 1068 1841 1119 conspectu

1015 1120 1102 1156 tuo.

1273 1180 1584 1207 —Maem—

1210 1250 1485 1302 Dominiea
1506 1254 1644 1303 XVI.

1122 1316 1262 1362 post
1305 1313 1734 1355 Pentecosten.

1349 1382 1512 1422 Oratio.

1012 1430 1147 1536 Tua
1192 1454 1290 1491 nOS,
1341 1445 1590 1495 quaesumus
1635 1445 1838 1496 Demine,

1104 1499 1244 1548 gratia
1268 1511 1442 1552 semper
1466 1505 1509 1541 et
1532 1502 1772 1553 praeveniat
1796 1508 1838 1544 et

1013 1556 1236 1605 sequatur:
1266 1567 1318 1596 ac
1345 1555 1471 1597 bonis
1500 1556 1706 1609 operibus
1734 1558 1836 1610 jugi-

1011 1614 1079 1651 ter
1097 1615 1278 1663 praestet
1298 1624 1394 1653 esse
1414 1612 1615 1654 intentos.
1647 1614 1731 1655 Per
1749 1614 1836 1655 De-

1011 1666 1175 1706 minum
1194 1672 1402 1708 nostrum.

1013 1740 1167 1781 Lectio
1188 1741 1336 1782 sancti·
1345 1741 1571 1793 Evangelii
1595 1742 1835 1783 secundum

1335 1796 1510 1838 Lucam.

1114 1855 1266 1895 Lectio
1292 1855 1358 1895 vii.
1552 1855 1653 1906 Cap.
1675 1856 1731 1893 14.

1008 1912 1085 2019 In
1103 1917 1178 1958 illo
1198 1919 1412 1970 tempore:
1440 1919 1550 1960 Cum
1569 1919 1750 1961 intraret
1767 1920 1791 1960 J
1794 1933 1833 1961 e-

1075 1987 1148 2014 sus
1169 1974 1214 2014 in
1233 1972 1413 2015 domum
1434 1975 1658 2027 cujusdam
1677 1977 1832 2028 princi-

1008 2030 1078 2081 pis
1100 2029 1420 2082 pharisaeerum
1444 2030 1631 2072 sabbato
1654 2031 1831 2072 mandu-

1009 2088 1109 2127 care
1140 2098 1314 2138 panem,
1349 2091 1392 2128 et
1424 2087 1507 2139 ipsi
1540 2086 1832 2128 observabant

1009 2154 1118 2182 eum.
1173 2142 1230 2183 Et
1262 2154 1364 2183 ecce
1392 2141 1524 2184 homo
1553 2142 1729 2194 quidam
1756 2142 1830 2194 hy-

1009 2197 1217 2250 drepicus
1250 2202 1344 2239 erat
1376 2203 1476 2240 ante
1506 2197 1637 2239 illum.
1684 2199 1741 2239 Et
1767 2200 1830 2239 re-

1008 2253 1137 2305 liqua.

1043 2325 1233 2366 Homilia
1259 2327 1299 2368 S.
1326 2325 1550 2368 Ambrosii
1576 2326 1797 2379 Episcopi.

1142 2388 1257 2422 Liber
1278 2388 1308 2421 7.
1334 2388 1372 2420 in
1395 2387 1511 2420 Lucae
1535 2396 1616 2429 cap.
1644 2386 1692 2419 14.

1012 2445 1828 2544 f*uxrffifflsfssiffisssssqffissss

1013 2519 1116 2586 &13¹
1143 2557 1354 2610 gravabat
1374 2558 1534 2604 officia,
1560 2559 1737 2610 spiritus
1756 2570 1825 2598 ex-

1006 2614 1253 2666 stinguebat
1272 2615 1484 2655 arderem.
1511 2614 1681 2655 Deinde
1701 2612 1826 2654 doce-

1003 2676 1075 2712 tur
1092 2670 1322 2719 humilitas,
1348 2669 1452 2711 dum
1470 2671 1513 2710 in
1532 2669 1606 2711 illo
1625 2668 1841 2710 convivio-

1003 2726 1188 2779 nuptiali
1206 2726 1459 2778 appetentia
1480 2726 1565 2767 loci
1587 2723 1823 2776 superieris
