2040 2944
183 170 250 205 266

407 266 455 304 In
479 266 549 303 III.
574 265 798 304 Nocturno.

188 325 338 367 Lectio
364 323 502 364 sancti
525 320 751 372 Evangelii
775 321 1016 363 secundum

464 378 734 419 Matthaeum.

291 444 440 483 Lectio
463 444 530 482 vii.
761 444 864 494 Cap.
884 445 911 482 1.

182 497 354 602 Liber
386 499 683 550 generationis
712 499 817 541 Jesu
852 499 1015 541 Christi

278 556 356 597 filii
375 555 535 605 David,
560 556 637 597 filii
657 556 893 598 Abraham.
926 555 1014 597 Ab-

183 613 333 654 raham
361 613 511 663 genuit
535 613 672 654 Isaac.
712 613 839 653 Isaac
868 617 1015 654 autem

181 669 330 720 genuit
349 668 500 710 Jacob.
528 669 585 710 Et
604 669 783 720 reliqua.

280 742 470 784 Homilia
498 743 637 784 sancti
664 742 922 794 Hieronymi

467 799 730 851 Presbyteri.

230 863 307 897 Lib.
340 865 362 897 l.
390 864 533 898 comm
562 867 597 898 in
620 865 763 901 Manli..
792 865 825 898 in
854 865 975 898 initio.

192 922 330 966 ·:,.=2¹“«:.⁶÷sn
366 917 481 957 Isaia
512 916 711 967 legimus:
756 918 1012 959 Generatio-

189 965 229 1028 {5¹
252 966 290 1026 ¹²¹3}
319 986 419 1014 nem
433 974 523 1025 ejus
540 974 637 1025 quis
652 973 895 1015 enarrabit?
911 974 1015 1016 Non

203 1038 207 1042 ’
319 1042 423 1081 ergo
455 1031 658 1082 putemus
685 1031 1013 1082 Evangelistam

179 1086 416 1138 Prophetae
429 1099 525 1127 esse
539 1087 818 1137 contrarium,
833 1093 882 1129 ut
894 1088 1014 1140 quod

178 1142 251 1184 ille
289 1142 564 1195 impossibile
605 1143 715 1185 dixit
751 1144 901 1194 effatu,
942 1145 1014 1187 hic

172 1201 356 1242 narrare
377 1199 571 1251 incipiat:
599 1200 700 1252 quia
724 1200 784 1242 ibi
810 1200 865 1242 de
884 1215 1013 1252 gene-

179 1256 349 1297 ratione
370 1255 628 1306 divinitatis,
652 1256 723 1298 hic
744 1257 799 1299 de
818 1258 1012 1300 incarna-

178 1313 297 1353 tione
318 1317 384 1354 est
405 1312 581 1354 dictum.
609 1315 650 1354 A
671 1314 920 1357 carnalibus
941 1329 1012 1357 au-

178 1374 268 1410 tem
285 1370 432 1422 coepit,
451 1375 499 1411 ut
518 1383 597 1422 per
617 1370 849 1418 hominem,
869 1372 1013 1414 Deum

180 1424 350 1468 discere
370 1426 641 1479 incipiamus.
657 1427 768 1471 ,Filii
787 1429 944 1479 David,
965 1430 1012 1470 fi-

178 1481 224 1522 lii
256 1482 493 1524 Abraham.
542 1483 664 1525 Ordo
696 1488 1012 1538 praeposteruS,

182 1538 261 1580 sed
306 1540 556 1581 necessario
602 1544 908 1584 commutatus.
966 1543 1012 1584 Si

179 1596 294 1636 enim
319 1597 510 1648 primum
532 1600 755 1649 posuisset
775 1599 1011 1647 Abraham,

178 1658 221 1694 et
250 1655 408 1705 postea
437 1653 598 1703 David,
631 1668 781 1697 rursus
817 1656 856 1698 ei
888 1670 1011 1710 repe-

177 1707 335 1750 tendus
365 1709 507 1751 fuerat
537 1710 779 1762 Abraham,
807 1717 855 1754 ut
882 1726 1010 1763 gene-

178 1765 360 1806 rationis
382 1767 519 1807 series
538 1770 775 1810 texeretur.

234 1830 284 1879 R'·
304 1827 488 1868 Beatam
508 1841 578 1869 me
599 1828 747 1870 dicent
767 1843 919 1872 omnes
938 1844 1010 1882 ge-

177 1883 441 1924 nerationes:
469 1888 490 1910 *
517 1884 630 1934 Quia
658 1885 761 1927 fecit
788 1886 894 1928 mihi
923 1888 1010 1930 Do-

177 1939 320 1980 minus
352 1953 510 1991 magna
544 1941 619 1992 qui
650 1947 810 1994 potens
844 1949 928 1994 est,
966 1950 1011 1986 et

178 2001 377 2037 sanctum
403 2009 563 2038 nomen
589 1999 691 2050 ejus.
736 1995 786 2046 V
804 2000 861 2042 Et
884 2001 1010 2043 mise-

178 2051 370 2093 ricordia
396 2054 487 2104 ejus
511 2067 536 2095 a
560 2056 770 2106 progenie
790 2057 833 2098 in
853 2060 1010 2110 proge-

177 2108 270 2149 nies
289 2109 543 2152 timentibus
565 2123 675 2152 eum.
705 2113 828 2162 Quia.

238 2170 394 2210 Bened.
442 2172 571 2223 Cujus
614 2172 775 2215 festum
813 2175 1010 2227 colimus,

178 2225 276 2278 ipsa
294 2227 431 2278 Virgo
452 2228 679 2280 virginum.

467 2293 619 2336 Lectio
640 2298 725 2336 viii.

181 2343 314 2448 Ideo
339 2358 486 2394 autem
509 2356 667 2398 ceteris
686 2360 1009 2410 praetermissis,

243 2406 402 2449 horum
427 2410 563 2451 filium
589 2415 875 2467 nuncupavit:
907 2417 1010 2468 quia

180 2462 237 2505 ad
266 2463 349 2506 hos
379 2470 547 2507 tantum
575 2468 690 2511 facta
717 2476 784 2512 est
809 2471 865 2513 de
890 2473 1008 2514 Chri-

180 2525 249 2561 sto
273 2523 566 2573 repromissio.
603 2526 674 2567 Ad
695 2527 934 2570 Abraham:
958 2530 1010 2570 In

181 2577 362 2626 semine,
394 2578 549 2631 inquit,
586 2587 662 2623 tuo
696 2583 1010 2626 benedicentur

181 2645 333 2674 omnes
358 2640 526 2685 gentes:
560 2638 679 2689 quod
707 2647 773 2681 est
798 2640 1010 2682 Christus.

180 2688 253 2731 Ad
285 2690 445 2732 David:
476 2692 544 2733 De
576 2694 720 2737 fructu
750 2698 916 2739 ventris
947 2699 1012 2739 tui

608 148 676 199 Die
702 170 733 199 s.
761 168 862 208 sept.
912 167 950 199 In
978 167 1191 200 &navitate
1218 167 1256 200 Β.
1284 167 1415 200 Mariae
1441 168 1483 202 v.

1068 273 1232 313 ponam
1258 275 1391 315 super
1418 262 1570 306 sedem
1594 269 1725 306 tuam.
1762 264 1901 306 Judas

1069 322 1216 358 autem
1238 319 1388 368 genuit
1407 319 1573 362 Phares
1597 326 1642 363 et
1659 322 1820 362 Zaram
1845 320 1902 363 de

1068 373 1272 416 Thamar.
1297 375 1567 428 Notandum,
1586 378 1629 418 in
1644 377 1902 429 genealogia

1067 430 1309 473 Salvatoris
1349 432 1512 475 nullam
1551 437 1800 476 sanctarum
1836 448 1901 476 as-

1068 487 1181 528 sumi
1199 488 1446 539 mulierum,
1467 489 1547 531 sed
1567 503 1642 532 eas
1662 503 1772 543 quas
1791 491 1902 533 Scri-

1067 547 1199 596 ptura
1222 546 1520 598 reprehendit:
1544 552 1593 589 ut
1619 547 1694 600 qui
1716 554 1903 602 propter

1066 604 1328 654 peccatores
1353 605 1549 654 venerat,
1579 604 1634 646 de
1659 605 1902 657 peccatori-

1067 658 1150 701 bus
1170 673 1374 710 nascens,
1401 663 1595 703 emnium
1617 663 1804 714 peccata
1830 661 1902 704 de-

1066 715 1188 758 leret.
1227 717 1356 759 Unde
1386 723 1430 759 et
1457 719 1500 759 in
1529 719 1902 770 consequentibus

1067 772 1191 815 Ruth
1209 773 1417 816 Moabitis
1436 776 1630 828 ponitur,
1655 781 1700 817 et
1719 775 1901 818 Bethsa-

1066 828 1149 871 bee
1169 843 1283 872 uxor
1300 830 1432 873 Uriae.

1123 898 1174 949 R.
1196 895 1322 937 Felix
1345 910 1537 949 namque
1561 911 1625 948 es,
1652 912 1777 941 sacra
1803 899 1902 941 Vir-

1066 964 1124 1002 go
1149 952 1304 1003 Maria,
1335 959 1379 995 et
1405 955 1524 996 omni
1546 954 1677 997 laude
1703 955 1902 1007 dignissi-

1067 1022 1156 1049 ma:
1201 1012 1224 1035 *
1258 1010 1369 1060 Quia
1406 1023 1460 1052 ex
1495 1016 1539 1053 te
1574 1017 1697 1054 ortus
1730 1018 1798 1055 est
1834 1012 1903 1054 sol

1066 1065 1260 1116 justitiae,
1294 1068 1317 1091 *
1350 1067 1549 1109 Christus
1586 1068 1708 1110 Deus
1741 1075 1902 1111 noster.

1070 1117 1119 1168 .V.
1147 1122 1236 1163 Ora
1261 1136 1343 1176 pro
1369 1123 1550 1177 pupulo,
1575 1125 1793 1167 interveni
1818 1139 1902 1179 pro

1067 1179 1205 1229 clero,
1242 1179 1468 1222 intercede
1511 1194 1595 1234 pro
1639 1181 1805 1225 devoto
1843 1183 1901 1224 fe-

1065 1238 1211 1277 mineo
1238 1249 1360 1278 sexu:
1385 1238 1575 1279 sentiant
1600 1251 1754 1280 omnes
1777 1244 1902 1281 tuum

1065 1293 1278 1344 juvamen,
1301 1294 1568 1346 quicumque
1589 1295 1814 1338 celebrant
1837 1301 1901 1338 tu-

1066 1362 1137 1390 am
1180 1355 1376 1392 sanctam
1411 1351 1712 1394 Nativitatem.
1779 1353 1901 1403 Quia.

1069 1405 1220 1447 Glaria
1247 1407 1380 1448 Patri.
1427 1407 1640 1450 Christus.

1207 1484 1283 1519 Pro
1309 1484 1344 1519 S.
1368 1484 1556 1527 Adriano,
1582 1484 1762 1529 Martyre.

1373 1546 1526 1587 Lectio
1548 1548 1602 1587 ix.

1073 1622 1155 1666 7²³3*
1177 1614 1356 1657 drianus
1389 1617 1509 1668 jussu
1539 1617 1793 1660 Maximiani
1825 1619 1901 1661 im-

1107 1675 1146 1708 ·‘32‘2
1193 1673 1411 1724 peratoris
1444 1673 1565 1726 apud
1592 1674 1902 1717 Nicomediam

1064 1732 1337 1782 persequens
1367 1729 1663 1780 Christianos,
1692 1744 1792 1773 cum
1820 1734 1899 1774 sae-

1064 1787 1165 1840 pius
1191 1788 1345 1828 eorum
1363 1787 1408 1827 in
1431 1786 1536 1829 fidei
1557 1788 1835 1831 confessione
1857 1794 1902 1832 et

1064 1845 1387 1885 tormentorum
1401 1845 1691 1897 perpessione
1706 1847 1902 1888 constan·

1063 1900 1171 1942 tiam
1191 1899 1433 1942 demiratus
1457 1906 1591 1950 esset,
1617 1901 1901 1945 vehementer

1065 1970 1116 1998 ea
1135 1970 1183 1999 re
1203 1959 1463 2007 commotus
1482 1956 1540 1999 ad
1561 1958 1784 2002 Christum
1802 1973 1901 2002 sese

1066 2014 1296 2055 convertit.
1338 2013 1638 2064 Quamobrem
1669 2029 1769 2058 curn
1803 2017 1901 2058 aliis

1063 2071 1218 2123 viginti
1235 2070 1376 2113 tribus
1397 2071 1656 2114 Christianis
1676 2075 1901 2126 conjectus

1065 2134 1133 2171 est
1157 2128 1202 2169 in
1228 2130 1467 2170 carcerem:
1495 2129 1571 2171 ubi
1597 2142 1698 2171 eum
1717 2131 1901 2173 visitans

1062 2185 1241 2227 Natalia
1259 2198 1387 2235 uxor,
1408 2199 1508 2238 quae
1529 2191 1573 2228 et
1591 2187 1689 2239 ipsa
1709 2189 1839 2230 antea
1856 2189 1901 2229 in

1065 2241 1287 2284 Christum
1298 2242 1560 2293 crediderat,
1575 2243 1632 2286 ad
1642 2246 1900 2297 martyrium

1063 2298 1269 2340 incendit.
1323 2300 1481 2352 Itaque
1512 2313 1535 2342 e
1564 2301 1767 2343 custodia
1796 2301 1899 2343 edu-

1064 2359 1180 2404 ctus,
1219 2355 1389 2397 tamdiu
1427 2356 1612 2407 flagellis
1645 2370 1788 2399 caesus
1820 2363 1898 2407 est,

1065 2411 1210 2453 donec
1246 2412 1455 2454 intestina
1491 2412 1753 2456 diffluerent.
1816 2415 1898 2457 Po-

1065 2469 1229 2509 stremo
1264 2468 1413 2510 fractis
1446 2469 1664 2520 cruribuS,
1696 2471 1898 2513 manibus

1064 2523 1344 2576 pedibusque
1394 2526 1611 2578 praecisis,
1663 2540 1749 2569 una
1798 2540 1899 2569 cum

1065 2580 1214 2622 multis
1235 2581 1332 2622 aliis
1350 2582 1549 2633 martyrii
1567 2586 1792 2625 certamen
1806 2583 1896 2625 feli-

1066 2637 1175 2678 citer
1195 2636 1397 2679 absolvit.

1120 2701 1182 2743 Te
1200 2701 1346 2742 Deum
1363 2701 1605 2744 laudamus.
1626 2705 1685 2744 14.
