2040 2944
716 220 816 254 Infra
843 219 1137 253 Hebdomadam
1163 229 1195 252 V.
1220 218 1409 252 Octobris,

512 317 662 357 Lectio
683 317 721 356 ii.

291 393 308 429 t
325 387 410 428 hoc
430 387 489 426 ita
500 383 719 433 defuncto,
740 387 942 435 quartum
961 395 1030 423 ve-

305 443 469 484 xabant
521 440 718 482 similiter
762 441 1030 491 torquentes.

206 502 274 549 Et,
301 513 398 540 cum
422 500 505 550 jam
525 502 643 539 esset
663 495 719 538 ad
741 501 943 545 mortem,
969 496 1031 536 sic

205 558 277 598 ait:
302 556 453 596 Potius
473 559 540 596 est
558 553 613 596 ab
633 552 883 594 hominibus
901 551 1031 593 morti

206 613 333 654 datos
379 624 503 663 spem
549 612 808 663 exspectare
853 622 877 650 a
923 609 1031 657 Deo,

204 672 359 711 iterum
384 667 439 709 ab
464 668 563 720 ipso
583 665 926 709 resuscitandos:
951 665 1031 708 tibi

205 726 317 767 enim
334 724 596 766 resurreetio
612 723 668 765 ad
682 724 817 765 vitam
836 735 923 764 non
939 723 1031 764 erit.

203 783 259 823 Et
279 795 378 823 cum
402 780 700 822 admovissent
723 779 937 831 quintum,
960 792 1030 820 ve-

203 838 367 880 xabant
386 851 497 879 eum.
540 837 598 878 At
624 837 695 878 ille
724 836 963 888 respiciens
988 836 1032 876 in

203 908 319 945 eum,
353 894 478 936 dixit:
510 894 782 935 Potestatem
812 893 925 933 inter
956 891 1031 934 ho-

202 952 340 993 mines
360 950 542 1000 habens,
573 964 672 992 cum
692 950 750 990 sis
771 948 1031 1002 corruptibi-

203 1008 271 1057 lis,
296 1008 401 1049 facis
428 1005 549 1060 quod
567 1007 648 1048 vis:
672 1006 762 1047 noli
786 1011 932 1047 autem
954 1019 1031 1057 pu-

202 1067 297 1106 tare
334 1077 471 1115 genus
508 1069 708 1105 nostrum
746 1076 772 1104 a
803 1063 901 1104 Deo
935 1075 1031 1103 esse

204 1121 471 1162 derelictum.
524 1120 592 1161 Tu
632 1124 778 1161 autem
814 1119 1032 1171 patienter

204 1178 388 1226 sustine,
421 1182 464 1219 et
489 1176 658 1218 videbis
682 1188 885 1226 magnam
910 1180 1031 1228 pote-

204 1236 364 1276 statem
392 1234 546 1286 ipsius,
584 1232 769 1284 qualiter
796 1237 858 1281 te,
896 1237 939 1273 et
967 1244 1030 1274 se-

203 1303 302 1331 men
334 1295 457 1332 tuum
489 1289 724 1342 torquebit.
776 1290 885 1330 Post
917 1288 1032 1330 hunc

205 1347 423 1388 ducebant
444 1351 633 1391 sextum,
660 1351 703 1387 et
722 1346 774 1395 is,
798 1346 912 1387 mori
930 1347 1032 1386 inci-

204 1403 344 1455 piens,
371 1403 434 1444 sic
454 1403 527 1444 ait:
552 1403 657 1444 Noli
683 1402 843 1443 frustra
869 1404 1032 1443 errare:

203 1472 285 1500 nos
301 1460 414 1500 enim
430 1465 613 1512 propter
626 1461 922 1511 nosmetipsos
937 1458 1032 1500 haec

204 1516 394 1569 patimur
429 1518 665 1569 peccantes
700 1515 744 1555 in
776 1515 921 1556 Deum
957 1528 1031 1556 no-

205 1578 356 1623 strum,
385 1578 428 1614 et
453 1572 583 1623 digna
607 1571 894 1614 admirati6ne
918 1572 1033 1614 facta

205 1635 305 1671 sunt
329 1630 372 1670 in
396 1629 537 1671 nobis:
565 1634 613 1670 tu
639 1633 786 1670 autem
811 1642 866 1670 ne
889 1630 1032 1671 existi-

204 1699 296 1727 mes
333 1686 414 1728 tibi
450 1686 629 1739 impune
660 1685 871 1735 futurum,
913 1685 1033 1738 quod

205 1748 356 1784 contra
384 1743 527 1784 Deum
559 1744 756 1795 pugnare
783 1743 1033 1784 tentaveris.

255 1809 306 1861 R.
334 1808 609 1850 Ornaverunt
628 1808 795 1849 faciem.
815 1809 903 1849 164.

503 1891 654 1932 Lectio
675 1891 729 1931 iii.

204 1952 384 2060 Supra
416 1954 596 1996 modum
622 1960 768 1996 autem
792 1959 933 1996 mater
957 1954 1032 1995 mi-

293 2012 460 2062 rabilis,
498 2017 542 2053 et
573 2011 790 2053 bonorum
822 2011 1034 2052 memoria

207 2069 347 2119 digna,
369 2081 466 2121 quae
480 2071 716 2121 pereuntes
734 2073 904 2121 septem
918 2067 1034 2109 filios

207 2125 287 2166 sub
298 2127 425 2166 unius
437 2124 523 2167 diei
535 2127 735 2178 tempore
746 2124 1034 2177 conspiciens,

205 2181 323 2223 bono
346 2181 490 2222 animo
510 2181 678 2223 ferebat
696 2186 880 2234 propter
899 2194 1034 2233 spem,

208 2250 339 2289 quam
366 2239 409 2278 in
434 2239 576 2279 Deum
601 2238 809 2280 habebat:
839 2238 1035 2288 singulos

207 2294 381 2335 illorum
429 2294 689 2336 hortabatur
733 2307 843 2336 voce
891 2294 1036 2347 patria

208 2350 388 2399 fortiter,
407 2351 577 2403 repleta
593 2351 822 2404 sapientia:
843 2356 896 2400 et,
916 2351 1035 2392 femi-

208 2418 302 2447 neae
341 2407 594 2456 cogitationi
627 2407 916 2449 masculinum
949 2407 1035 2448 ani-

207 2475 327 2502 mum
342 2464 548 2513 inserens,
568 2462 676 2505 dixit
691 2463 747 2505 ad
763 2476 854 2505 eos:
872 2463 1035 2504 Nescio

210 2518 397 2570 qualiter
419 2519 462 2558 in
487 2522 612 2561 litero
636 2533 735 2561 meo
756 2520 1035 2572 apparuistis3

209 2586 352 2626 neque
385 2575 499 2615 enim
533 2588 614 2625 ego
648 2577 849 2628 spiritum
877 2580 921 2617 et
950 2576 1036 2616 ani-

209 2643 325 2671 mam
345 2630 507 2672 donavi
527 2631 652 2673 vobis
672 2638 715 2674 et
729 2633 875 2682 vitam,
895 2636 939 2673 et
954 2632 1035 2672 sin-

210 2687 410 2738 gulomm
450 2687 645 2728 membra
684 2701 773 2729 non
817 2700 899 2739 ego
939 2688 1037 2740 ipsa

211 2743 427 2796 compegi:
447 2742 526 2784 sed
545 2744 659 2784 enim
675 2744 825 2786 mundi
842 2744 1036 2793 Creator,

1085 312 1158 364 qui
1183 312 1388 353 formavit
1412 310 1602 352 heminis
1627 310 1911 359 nativitatem,

1085 369 1245 420 quique
1277 368 1470 409 emnium
1499 367 1664 408 invenit
1689 366 1911 418 originem,

1084 430 1128 466 et
1153 424 1354 477 spiritum
1375 424 1504 466 vobis
1528 425 1687 464 iterum
1714 435 1812 464 cum
1836 422 1911 463 mi-

1084 481 1323 523 sericordia
1355 480 1512 522 reddet
1544 485 1588 521 et
1615 479 1766 528 vitam,
1799 479 1912 520 sicut

1083 550 1198 578 nunc
1228 538 1526 590 vosmetipsos
1559 535 1786 588 despicitis
1812 547 1911 588 pro-

1083 599 1183 646 pter
1202 593 1322 645 leges
1342 595 1443 645 ejus.

1136 658 1186 708 R.
1213 656 1263 696 In
1282 655 1464 708 hymnis.
1483 655 1571 695 164.

1323 768 1468 805 Feria
1492 767 1675 803 Tertia.

1085 831 1154 870 De
1182 828 1293 870 libro
1323 828 1517 870 secundo
1545 826 1913 869 Machabaeorum.

1188 899 1341 939 Lectio
1362 900 1385 939 i.
1602 900 1705 951 Cap.
1721 899 1756 939 7.
1773 911 1807 939 e.

1138 1014 1141 1016 .
1194 963 1396 1005 ntiochus
1425 968 1587 1013 autem,
1615 962 1837 1004 contemni
1866 975 1913 1003 se

1116 1026 1163 1058 «ὲκ.
1217 1020 1469 1070 arbitratus,
1511 1019 1639 1060 simul
1675 1024 1719 1061 et
1756 1031 1912 1072 expro-

1084 1076 1253 1117 brantis
1271 1089 1382 1117 voce
1402 1074 1627 1129 despecta,
1652 1088 1751 1117 cum
1771 1074 1913 1116 adhuc

1085 1132 1408 1175 adolescentior
1433 1134 1702 1184 superesset,
1731 1144 1820 1172 non
1845 1144 1912 1173 so-

1083 1190 1174 1231 lum
1191 1189 1338 1231 verbis
1356 1188 1630 1239 hortabatur,
1652 1186 1732 1230 sed
1751 1193 1795 1230 et
1814 1201 1914 1230 cum

1085 1248 1325 1298 juramento
1365 1245 1613 1287 affirmabat
1650 1257 1698 1286 se
1735 1243 1914 1286 divitem

1085 1308 1128 1345 et
1146 1303 1325 1345 beatum
1343 1302 1571 1350 facturum,
1592 1306 1635 1343 et
1653 1300 1915 1343 translatum

1085 1373 1110 1400 a
1138 1360 1293 1412 patriis
1324 1359 1496 1409 legibus
1529 1361 1717 1399 amicum
1744 1357 1913 1400 habitu-

1085 1429 1191 1465 rum,
1211 1421 1254 1457 et
1273 1428 1343 1456 res
1362 1415 1634 1456 necessarias
1654 1415 1694 1457 ei
1707 1413 1914 1467 praebitu-

1085 1485 1191 1513 rum.
1225 1471 1312 1514 Sed
1337 1471 1394 1513 ad
1417 1471 1513 1513 haec
1537 1484 1637 1513 cum
1656 1470 1914 1514 adolescens

1084 1531 1364 1581 nequaquam
1398 1528 1696 1578 inclinaretur,
1739 1527 1916 1569 vocavit

1085 1598 1163 1626 rex
1199 1591 1402 1634 matrem,
1447 1589 1492 1626 et
1537 1585 1751 1627 suadebat
1793 1584 1832 1626 ei
1867 1589 1915 1626 ut

1085 1641 1358 1684 adolescenti
1378 1642 1504 1684 fieret
1522 1642 1566 1683 in
1586 1642 1784 1684 salutem.
1806 1641 1923 1689 Cum,

1085 1703 1231 1740 autem
1276 1699 1424 1740 multis
1467 1712 1565 1741 eam
1606 1697 1752 1740 verbis
1798 1702 1916 1740 esset

1084 1754 1302 1803 hortatus,
1346 1755 1550 1808 promisit
1595 1757 1824 1796 suasuram
1868 1767 1915 1796 se

1086 1811 1176 1851 filio
1205 1823 1297 1852 suo.
1356 1813 1512 1864 Itaque
1544 1811 1751 1853 inclinata
1781 1809 1838 1852 ad
1869 1809 1916 1851 il-

1086 1867 1192 1917 lum,
1219 1867 1405 1909 irridens
1428 1867 1652 1910 crudelem
1672 1869 1916 1920 tyrannum,

1087 1924 1147 1965 ait
1174 1925 1317 1977 patria
1344 1937 1468 1966 voce:
1496 1925 1581 1966 Fili
1607 1924 1682 1975 mi,
1709 1924 1916 1966 miserere

1087 1980 1187 2030 mei,
1217 1993 1316 2033 quae
1339 1986 1384 2023 te
1407 1981 1451 2022 in
1474 1985 1602 2023 utero
1621 1993 1782 2022 novem
1799 1981 1915 2021 men-

1089 2036 1208 2078 sibus
1236 2038 1430 2090 portavi,
1458 2043 1502 2080 et
1520 2037 1589 2079 lac
1608 2036 1794 2079 triennio
1814 2035 1918 2078 dedi

1089 2099 1132 2135 et
1148 2093 1246 2143 alui,
1267 2099 1311 2135 et
1325 2094 1368 2134 in
1384 2097 1561 2136 aetatem
1575 2094 1705 2136 istam
1718 2092 1917 2146 perduxi.
1939 2099 1945 2107 '

1137 2156 1188 2207 Rz.
1213 2155 1298 2196 Hic
1318 2161 1385 2198 est
1404 2155 1598 2197 fratrum.
1615 2155 1703 2196 165.

1394 2230 1546 2271 Lectio
1567 2230 1606 2270 ii.

1173 2299 1264 2343 eto,
1295 2299 1413 2343 nate,
1445 2299 1493 2336 ut
1525 2293 1712 2347 aspicias
1746 2292 1804 2335 ad
1831 2306 1916 2335 coe-

1192 2350 1297 2399 lum,
1325 2356 1369 2392 et
1396 2355 1576 2399 terram,
1605 2355 1648 2392 et
1676 2349 1734 2391 ad
1762 2350 1916 2400 omnia,

1090 2419 1188 2458 quae
1208 2407 1252 2447 in
1272 2407 1335 2448 eis
1356 2411 1472 2448 sunt:
1502 2411 1545 2448 et
1563 2405 1790 2457 intelligas,
1815 2406 1918 2457 quia

1089 2476 1143 2504 ex
1166 2462 1302 2505 nihilo
1327 2463 1431 2505 fecit
1453 2463 1528 2504 illa
1545 2463 1684 2511 Deus,
1714 2467 1757 2504 et
1780 2462 1916 2503 hemi-

1089 2533 1193 2561 num
1211 2532 1362 2571 genus:
1390 2520 1451 2561 ita
1469 2519 1561 2569 fiet,
1588 2523 1637 2560 ut
1654 2531 1743 2560 non
1761 2520 1916 2560 timeas

1089 2576 1338 2617 carnificem
1365 2576 1515 2624 istum,
1544 2574 1623 2617 sed
1652 2574 1808 2625 dignus
1835 2575 1917 2616 fra-

1089 2631 1230 2673 tribus
1249 2632 1336 2673 tuis
1356 2631 1537 2673 effectus
1559 2631 1800 2684 particeps,
1825 2634 1916 2672 sus—

1089 2689 1186 2740 cipe
1201 2692 1398 2737 mortem,
1419 2692 1466 2728 ut
1484 2687 1528 2727 in
1546 2686 1620 2727 illa
1639 2687 1916 2729 miseratione

1090 2757 1188 2785 cum
1233 2743 1440 2785 fratribus
1485 2743 1571 2784 tuis
1616 2748 1659 2785 te
1696 2743 1917 2796 recipiam.
