2040 2944
160 266 372 308 memoria
411 273 589 310 sanctus
621 270 778 312 Petrus
809 272 983 315 Damia-

159 334 240 362 nus
274 327 318 364 et
344 323 691 376 Hildebrandus,
724 328 798 379 qui
824 331 984 381 postea

161 378 363 429 Gregorii
378 381 552 432 septimi
566 386 792 434 assumpto
809 386 983 428 nomine

159 433 303 476 eidem
320 435 575 478 Alexandro
597 439 818 481 successit.

212 497 262 548 R.
290 491 425 533 Posui
457 493 717 545 adjutorium
745 508 877 548 super
905 511 981 550 po-

157 549 338 598 tentem,
384 554 428 590 et
469 549 659 591 exaltavi
700 551 886 593 electum
927 554 982 596 de

157 603 287 655 plebe
303 617 415 646 mea:
438 612 459 634 *
477 606 632 647 Manus
657 608 770 648 enim
793 622 890 650 mea
909 623 979 652 au-

156 659 380 702 xiliabitur
401 662 450 703 ei.
485 662 534 713 Y,
554 663 706 704 Inveni
728 664 872 707 David
894 679 980 708 ser-

155 728 259 756 vum
302 729 464 767 meum,
513 718 611 760 oleo
671 726 824 763 sancto
880 736 978 765 meo

155 772 259 813 unxi
283 785 392 814 eum.
428 774 594 816 Manus.

456 837 608 879 Lectio
630 840 681 878 vi.

231 897 306 926 um
356 885 452 938 ipse
509 892 685 929 sanctus
741 889 979 940 Gregorius

247 941 379 983 morti
397 943 625 994 proximus
645 957 743 986 eum
756 950 979 998 tamquam

153 995 456 1047 dignissimum
481 1000 555 1051 qui
581 999 665 1042 sibi
688 1001 731 1041 in
756 1002 978 1054 Apostoli-

153 1064 205 1093 ca
239 1052 354 1095 Sede
392 1054 648 1097 succederet
690 1057 977 1108 designasset,

152 1110 371 1154 communi
384 1111 591 1163 suffragio
601 1113 856 1155 Desiderius
866 1115 976 1156 Pon·

150 1164 258 1207 tifex
285 1166 469 1218 eligitur.
513 1170 575 1210 At
604 1168 730 1222 hujus
758 1170 977 1213 humilitas

150 1225 253 1263 tunc
278 1223 467 1265 maxime
495 1226 665 1275 enituit,
699 1227 773 1279 qui
799 1240 878 1280 per
906 1241 975 1269 an-

149 1291 253 1319 num
270 1278 360 1321 fere
379 1282 595 1333 integrum
614 1288 780 1325 tantam
795 1283 975 1334 dignita-

149 1340 239 1376 tem
267 1335 512 1379 declinavit.
559 1338 710 1380 Enixis
739 1340 840 1381 dein
864 1343 974 1393 prae-

148 1390 306 1442 sulum,
333 1394 596 1447 principum,
625 1408 676 1437 ac
700 1397 853 1449 populi
879 1399 973 1449 pre-

148 1446 272 1490 cibus
287 1448 502 1501 inductus,
521 1451 565 1492 in
581 1452 789 1505 Capuana
803 1453 973 1505 synodo

146 1504 340 1547 Victoris
363 1519 523 1549 nomen
554 1514 598 1550 et
621 1510 779 1550 summi
802 1511 972 1562 pontifi-

147 1563 270 1603 catus
287 1562 473 1615 insignia
492 1565 672 1618 accepit.
696 1566 884 1607 Romam
901 1566 971 1608 de-

146 1616 320 1668 ductus,
349 1620 534 1662 solemni
558 1622 644 1663 ritu
673 1619 971 1673 consecratur,

145 1674 291 1725 ejectis
323 1674 425 1718 inde
454 1677 840 1731 pseudopontifice
869 1678 970 1720 Gui-

143 1729 269 1773 berto
289 1732 470 1785 ejusque
489 1734 692 1776 factionis
710 1734 970 1776 hominibus.

143 1785 396 1830 Exercitum
427 1790 509 1831 sub
535 1791 696 1832 vexillo
730 1791 868 1832 sancti
891 1792 969 1833 Pe-

79 1860 83 1865 =
142 1842 200 1883 tri
235 1856 290 1885 ex
324 1849 420 1887 tota
455 1846 546 1888 fere
574 1847 702 1889 Italia
737 1847 968 1889 collectum

143 1904 298 1942 contra
307 1901 550 1945 Saracenos
560 1903 798 1945 transmisit
810 1904 854 1944 in
865 1904 969 1944 Afri-

143 1967 249 2006 cam,
267 1956 343 1999 ubi
361 1962 596 2001 commisso
613 1959 777 2012 praelio,
795 1960 968 2001 illorum

143 2012 260 2054 acies
294 2015 469 2066 penitus
505 2016 765 2068 profligavit.
829 2016 966 2058 Bene-

142 2069 261 2110 venti
279 2073 434 2113 coacta
453 2072 640 2124 synodo,
664 2072 965 2114 schismaticos

142 2124 418 2169 anathemate
436 2129 638 2180 perculit,
668 2141 719 2170 ac
742 2129 964 2170 investitu-

140 2193 223 2231 ras,
243 2194 342 2233 quae
360 2183 404 2224 in
419 2184 705 2227 electionibus
719 2184 964 2226 libertatem

140 2237 351 2280 Ecclesiae
407 2241 732 2294 opprimebant,
788 2244 963 2283 omnino

140 2296 416 2348 proscripsit;
448 2297 663 2350 pluraque
695 2298 778 2339 alia
813 2297 868 2339 ad
896 2310 962 2339 ec-

141 2350 429 2394 clesiasticam
455 2352 728 2406 disciplinam
746 2354 961 2406 pertinen-

139 2406 199 2447 tia
227 2406 432 2451 decrevit.
476 2410 660 2452 Peracta
687 2410 875 2462 synodo,
903 2410 960 2451 le-

139 2461 246 2503 thali
273 2464 428 2507 morbo
458 2468 705 2518 correptus,
735 2466 961 2507 Cassinum

139 2531 165 2559 a
184 2518 486 2563 Cardinalibus
512 2528 554 2564 et
573 2522 807 2574 Episcopis
832 2522 960 2562 comi-

138 2577 255 2616 tatus
278 2576 439 2618 deferri
457 2579 613 2628 voluit,
637 2577 713 2619 ubi
735 2577 959 2619 laboribus

488 178 559 212 Die
583 179 635 214 23.
658 180 709 214 24.
736 181 814 215 Oct.
841 201 853 206 -
876 182 927 216 25.
952 183 986 217 S.
1011 184 1200 219 Bonifacii
1226 186 1250 220 1.
1276 187 1393 230 Papae
1419 193 1455 222 et
1479 189 1585 224 Conf.

161 232 1858 259 Ἣ

138 2635 432 2684 aerumnisque
462 2647 545 2686 pro
579 2633 850 2675 concilianda
879 2634 957 2675 Ec·
1012 2635 1131 2683 teris,
1162 2636 1407 2685 novemque
1435 2633 1826 2695 diversarumpro-

137 2687 283 2730 clesiae
297 2702 407 2741 pace
418 2691 652 2740 confectus,
667 2690 852 2731 animam
862 2690 958 2731 Deo
1011 2690 1249 2731 vinciarum
1274 2690 1504 2742 episcopis,
1530 2688 1685 2730 divinae
1708 2691 1825 2727 msti-

1793 190 1859 225 23*

1036 275 1227 319 reddidit
1251 279 1481 321 sanctitate
1508 286 1551 322 et
1574 282 1792 324 miraculis
1810 284 1856 324 il-

1035 331 1199 383 lustris,
1239 347 1350 376 anno
1382 336 1610 379 millesimo
1644 340 1856 390 octogesi-

1034 400 1107 429 mo
1137 391 1336 442 septimo.
1390 392 1511 434 Sedit
1538 406 1563 434 a
1590 407 1681 435 suae
1709 407 1856 437 conse-

1035 444 1240 486 crationis
1277 446 1347 488 die
1383 461 1555 490 menses
1590 452 1778 501 quatuor
1813 456 1856 493 et

1035 499 1128 541 dies
1164 507 1347 554 septem3
1393 505 1572 557 ejusque
1613 518 1772 559 corpus
1812 508 1855 548 in

1034 555 1215 598 basilica
1248 559 1495 601 Cassinensi
1530 574 1696 603 summa
1728 575 1853 605 vene-

1033 614 1200 655 ratione
1220 615 1386 657 celitur.

1091 674 1141 725 Β.
1160 671 1249 712 Iste
1269 676 1335 712 est
1355 672 1440 724 qui.

1089 738 1131 771 In
1155 738 1219 773 ΠΙ.
1242 739 1438 774 Nocturno
1463 741 1632 777 Homilia
1654 744 1691 777 in
1712 745 1855 787 Evang.

1038 785 1161 866 {Iolmo
1192 783 1361 827 peregre.
1405 789 1450 822 de
1491 791 1625 824 eodem
1655 788 1856 827 Communi

1059 860 1065 866 .
1106 843 1187 867 oco.

1242 904 1325 946 Die
1343 905 1407 946 23.
1427 905 1641 948 Octobris.

1216 967 1285 1009 Ss.
1309 968 1669 1020 Redemptoris.

1290 1031 1443 1074 Duplex
1464 1034 1595 1075 majus.

1086 1086 1221 1120 Omnia
1242 1092 1283 1121 ut
1304 1088 1402 1122 inter
1421 1088 1518 1123 festa
1534 1100 1603 1132 pro
1623 1091 1735 1133 aliqu.
1755 1092 1850 1126 locis

1032 1134 1166 1168 eadem
1189 1135 1260 1169 die.

1239 1202 1321 1243 Die
1341 1203 1405 1243 24.
1426 1182 1639 1246 Octobris.
1659 1183 1669 1185 -

1122 1266 1165 1306 S.
1185 1266 1457 1317 Raphaelis
1479 1270 1748 1321 Archangeli.

1288 1329 1442 1372 Duplex
1460 1330 1590 1371 majus.

1080 1385 1216 1419 Omnia
1237 1390 1278 1419 ut
1298 1385 1395 1419 inter
1416 1385 1511 1419 festa
1530 1396 1600 1428 pro
1619 1387 1730 1429 aliqu.
1750 1388 1845 1422 loeis

1028 1434 1161 1467 eadem
1186 1434 1257 1468 die.

1234 1503 1317 1544 Die
1337 1503 1401 1544 25.
1421 1504 1635 1547 Octobris.

1025 1566 1067 1607 S.
1094 1567 1336 1609 Bonifacii
1362 1569 1398 1608 Ι.
1430 1568 1562 1619 Papae
1587 1574 1629 1609 et
1654 1568 1844 1610 Confess.

1351 1628 1513 1670 Duplex.

1078 1684 1214 1718 Omnia
1234 1684 1281 1718 de
1298 1684 1461 1718 Comuni
1477 1684 1720 1719 Confessoris
1734 1685 1840 1721 Pont.

1024 1736 1163 1775 praeter
1188 1733 1395 1775 sequentia.

1075 1779 1237 1820 Oratio.
1291 1781 1369 1829 Da,
1398 1782 1657 1832 quaesumus.

1073 1841 1115 1874 In
1146 1840 1172 1874 Ι.
1205 1841 1401 1875 Nocturno
1434 1842 1635 1876 Lectiones
1668 1843 1712 1875 de
1743 1842 1838 1876 Scri-

1023 1892 1133 1931 ptura
1158 1894 1388 1923 occurrente.

1243 1953 1291 1992 In
1318 1954 1367 1992 ΙΙ.
1396 1954 1616 1993 Nocturno.

1321 2013 1470 2055 Lectio
1490 2015 1542 2053 iv.

1030 2088 1037 2122 i
1057 2073 1339 2125 oflnifacius
1359 2073 1595 2122 Romanus,
1618 2077 1743 2125 patre
1763 2073 1833 2114 Ju-

1030 2119 1122 2166 ’1
1145 2129 1289 2171 cundo
1315 2128 1583 2181 presbytero,
1610 2134 1712 2180 post
1736 2128 1834 2170 bea-

1029 2185 1036 2200 ¹
1052 2183 1098 2206 ’ζ
1110 2194 1116 2205 ’·
1143 2192 1235 2228 tum
1249 2185 1473 2226 Zosimum
1486 2184 1684 2226 humanis
1703 2184 1834 2226 rebus

1017 2245 1277 2295 exemptum,
1293 2242 1504 2282 Romanae
1518 2241 1726 2282 Ecclesiae
1746 2241 1832 2293 epi-

1016 2301 1247 2351 scopatum
1266 2297 1451 2350 adeptus
1470 2302 1545 2339 est.
1581 2298 1624 2338 Is
1643 2299 1832 2338 annosus

1014 2354 1255 2407 presbyter,
1281 2367 1332 2395 ac
1354 2354 1398 2394 in
1420 2353 1517 2404 lege
1543 2352 1831 2402 doctissimus,

1013 2411 1228 2462 bonisque
1271 2409 1465 2451 moribus
1510 2408 1830 2461 comprobatus,

1014 2468 1173 2508 invitus
1197 2479 1248 2507 ac
1270 2466 1499 2514 relactans,
1518 2467 1655 2506 totius
1678 2464 1830 2517 populi

1013 2522 1334 2571 acclamatione,
1353 2534 1404 2563 ac
1422 2521 1552 2563 Urbis
1572 2521 1829 2573 optimatum

1014 2580 1247 2627 consensu,
1283 2590 1309 2618 a
1345 2579 1617 2630 septuaginta
1650 2574 1826 2628 presby-
