2040 2944
736 218 842 251 Furia
870 216 1036 250 secunda
1064 215 1109 248 ad
1139 215 1372 248 Matutinum.

267 314 312 364 Y.
340 317 526 358 Domine
550 315 668 355 Deus
696 313 904 353 virtatum
929 324 1028 352 con-

213 377 332 416 verte
366 385 456 414 nos.
502 376 548 425 R.
577 370 632 410 Et
664 367 845 410 ostende
874 368 1029 409 faciem

212 437 340 479 tuam,
369 435 411 470 et
439 427 544 469 salvi
573 426 743 466 erimus.

266 487 311 537 X.
339 486 534 534 Exsurge
555 481 735 530 Christe,
764 481 920 533 adjuva
937 492 1029 521 nos.

217 548 260 597 Ιζη
289 542 344 583 Et
377 540 511 581 libera
545 551 624 579 nos
659 543 839 590 propter
872 548 1029 578 nomen

214 589 343 640 tuum.

266 653 309 702 X'.
356 653 542 693 Domine
588 650 744 693 exaudi
789 650 1029 691 orationem

211 723 362 752 meam.
398 713 442 762 R«.
474 709 530 749 Et
563 707 725 749 clamor
752 719 874 747 meus
903 705 959 747 ad
986 710 1030 746 te

212 767 365 807 veniat.

264 820 309 871 Υ.
356 821 569 862 Dominus
606 819 840 860 vobiscum.
884 823 933 873 R.
973 818 1030 859 Et

213 893 310 922 cum
331 878 484 931 spiritu
502 883 588 918 tuo.

253 944 382 977 ‹iratis›
403 945 642 977 com-eniens.

253 995 364 1038 chp.
402 997 435 1029 in
466 996 567 1029 Hom.
600 1005 633 1030 ct
668 997 701 1029 in
729 996 808 1029 Fer.
837 996 1024 1028 habentur

212 1043 365 1077 inferius
387 1051 471 1086 post
492 1045 640 1078 Laudes
658 1045 825 1078 sulamiti.

538 1111 703 1136 φ-ψθψςψψ

213 1189 356 1230 Feria
382 1189 599 1230 secunda
625 1188 689 1229 ad
713 1186 1027 1228 matutinum.

267 1260 390 1301 Pater
410 1265 568 1300 noster.
595 1262 686 1300 Ave
705 1258 852 1299 Maria.
872 1255 1028 1298 Credo.

261 1311 308 1361 Y.
332 1316 517 1357 Domine
534 1315 647 1356 labia
666 1327 763 1356 mea
782 1313 960 1366 aperies.
979 1320 1023 1354 ut

210 1385 347 1422 supra.
380 1373 410 1412 1.

264 1429 381 1468 invit.
419 1429 582 1477 Venite,
604 1431 625 1452 *
643 1427 919 1469 Exsultemus
942 1425 1028 1466 Do-

212 1484 339 1525 mino.

268 1541 330 1581 l‘s.
359 1540 594 1582 Jubilemus
619 1542 715 1582 Deo
750 1539 927 1581 salutari
955 1552 1028 1579 no-

213 1601 315 1638 stro.
342 1605 386 1638 ut
407 1610 547 1648 supra.
577 1599 614 1638 2.

511 1667 717 1717 Hymnus.

377 1739 506 1768 omno
534 1727 706 1769 refectis
738 1727 927 1775 artubuS,

391 1783 547 1835 Spreto
564 1783 692 1825 cubili
708 1784 936 1833 snrgimus:

301 1838 450 1888 Nobis,
468 1840 607 1889 Pater,
625 1839 876 1881 canentibus

304 1895 472 1936 Adesse
492 1901 535 1937 te
557 1896 843 1948 deposcimus.

251 1965 315 2005 Te
335 1964 477 2013 lingua
495 1965 681 2017 primum
703 1966 911 2014 concinat,

304 2020 367 2061 Te
386 2021 540 2062 mentis
560 2021 690 2063 ardor
711 2021 889 2063 ambiat:

304 2076 363 2118 Ut
380 2079 553 2118 actuum
573 2079 844 2130 sequentium

305 2132 383 2181 Tu,
407 2139 564 2183 sancte,
584 2134 642 2175 sis
664 2134 901 2176 exordium.

250 2201 422 2244 Cedant
439 2202 631 2244 tenebrae
650 2203 809 2253 lumini,

307 2258 362 2300 Et
380 2271 466 2300 nox
484 2259 638 2301 diurno
659 2260 800 2310 sideri,

305 2313 363 2356 Ut
381 2315 507 2368 culpa
528 2329 655 2368 quam
672 2329 759 2358 nox
779 2316 931 2366 intulit,

304 2370 432 2412 Lucis
451 2371 643 2414 labascat
661 2377 849 2414 manere.

251 2438 484 2481 Precamur
503 2440 631 2482 iidem
652 2442 881 2495 supplices,

306 2495 455 2537 Noxas
474 2502 520 2538 ut
539 2508 687 2539 omnes
708 2501 915 2551 amputes

306 2551 361 2592 Et
380 2564 455 2593 ore
474 2557 517 2593 te
537 2555 777 2596 canentium

306 2605 514 2649 Laudatis
535 2611 650 2650 omni
669 2613 875 2663 tempore.

251 2675 430 2725 l’raesta‚
449 2678 577 2719 Pater
596 2679 795 2731 piissime,

305 2732 508 2785 Patrique
529 2747 706 2787 compar
725 2736 870 2787 Unice,

1171 310 1279 351 Cum
1298 309 1461 362 Spiritu
1479 307 1699 349 Paraclito

1169 367 1374 416 Regnans
1409 378 1488 418 per
1521 376 1650 406 omne
1686 362 1906 405 saeculum.

1388 422 1540 463 Amen.

1133 498 1357 532 lnx'itatoria
1390 507 1458 539 per
1488 496 1620 530 Fcrias
1653 495 1833 530 dicuntur
1865 496 1903 530 in

1082 547 1202 580 ici-iuli
1234 546 1369 579 (micio
1400 546 1447 578 ab
1481 547 1625 578 (⁷⁷)ctuva
1655 544 1903 578 pentecostes

1080 606 1200 637 usquc
1220 595 1266 628 ad
1288 595 1514 627 Adventum.
1557 592 1699 636 Hymni
1717 603 1808 626 vero
1827 598 1903 626 tam

1080 643 1127 676 ad
1147 643 1371 676 Matutinum
1390 652 1503 685 quum
1523 642 1571 675 ud
1591 640 1707 674 Laud.
1727 646 1762 675 ct
1776 640 1903 684 Vesp„

1080 696 1114 724 ct
1139 692 1225 724 Ant.
1252 691 1548 731 Nocturnorum,
1576 695 1614 723 ut
1640 689 1748 723 infra.

1131 748 1229 787 Ant.
1258 744 1470 785 Dominus
1499 742 1714 784 defensor.

1349 812 1545 852 Psalmus
1566 813 1631 851 26.

1157 884 1166 886 “
1152 875 1378 925 ominus
1414 873 1672 915 illuminatio
1707 885 1824 923 mea,
1864 877 1908 915 et

1142 910 1203 986 ‘Ji
1226 931 1341 972 salus
1360 931 1511 981 mea‚*
1532 943 1662 983 quem
1680 928 1872 972 timebo?

1277 988 1491 1029 Dominus
1535 988 1764 1040 protector
1804 986 1907 1028 vitae

1078 1057 1199 1094 meae,
1219 1045 1242 1070 *
1262 1058 1287 1086 a
1308 1057 1395 1096 quo
1413 1043 1676 1097 trepidabo?

1129 1101 1245 1142 Dum
1278 1101 1542 1154 appropiant
1569 1113 1702 1153 super
1732 1113 1804 1142 me
1831 1105 1906 1142 no-

1080 1160 1238 1207 centes,
1257 1158 1280 1206 *Τ
1299 1163 1347 1199 ut
1367 1157 1498 1199 edant
1518 1170 1671 1198 carnes
1689 1169 1830 1198 meas:

1131 1215 1215 1264 Qui
1242 1214 1451 1256 tribulant
1478 1227 1548 1255 me
1574 1214 1737 1255 inimici
1759 1213 1856 1264 mei,
1883 1214 1908 1240 *

1078 1271 1162 1324 ipsi
1180 1271 1385 1313 infirmati
1405 1276 1515 1320 sunt,
1535 1275 1579 1312 et
1598 1269 1860 1312 ceeidarunt.

1130 1328 1174 1369 Si
1207 1330 1447 1370 consistant
1479 1326 1713 1369 adversum
1737 1339 1807 1368 me
1840 1339 1907 1368 ca-

1079 1389 1179 1434 stra,
1198 1385 1221 1410 *
1239 1397 1327 1426 non
1345 1383 1516 1426 timebit
1535 1396 1612 1425 cor
1631 1396 1788 1424 meum.

1130 1441 1175 1482 Si
1203 1444 1410 1491 exsurgat
1437 1439 1672 1492 adversum
1698 1452 1770 1482 me
1796 1441 1907 1493 prae-

1079 1496 1193 1548 lium,
1212 1498 1235 1523 *
1254 1498 1299 1538 in
1317 1497 1402 1538 hoc
1422 1510 1505 1548 ego
1525 1496 1727 1550 sperabo.

1131 1554 1272 1596 Unam
1299 1554 1406 1607 petii
1433 1567 1458 1595 a
1480 1553 1682 1604 Domino,
1710 1553 1824 1594 hanc
1842 1565 1906 1594 re-

1081 1614 1268 1663 quiram,
1296 1612 1319 1636 *
1347 1615 1395 1652 ut
1421 1609 1661 1652 inhabitem
1696 1610 1741 1650 in
1773 1609 1907 1652 domo

1078 1667 1255 1708 Domini
1275 1666 1475 1708 omnibus
1495 1666 1649 1708 diebus
1664 1666 1767 1708 vitae
1781 1678 1908 1708 meae:

1131 1724 1190 1766 Ut
1218 1723 1391 1766 videam
1419 1722 1692 1776 voluptatem
1719 1722 1908 1772 Domini,

1080 1782 1102 1806 *
1124 1786 1167 1822 et
1185 1781 1357 1822 visitem
1375 1779 1588 1832 templum
1608 1779 1709 1832 ejus.

1133 1837 1347 1888 Quoniam
1366 1835 1597 1878 abscondit
1615 1849 1685 1877 me
1704 1836 1749 1876 in
1766 1834 1909 1877 taber—

1081 1893 1237 1935 naculo
1257 1906 1354 1934 suo:
1376 1893 1399 1918 *
1423 1893 1467 1933 in
1487 1891 1557 1934 die
1575 1891 1791 1934 malorum
1808 1904 1909 1945 pro-

1081 1951 1189 1992 texit
1224 1963 1294 1991 me
1330 1950 1374 1990 in
1410 1948 1669 1991 abscondito
1708 1948 1909 1990 taberna-

1083 2006 1167 2048 culi
1195 2007 1271 2048 sui.

1133 2064 1183 2103 In
1202 2068 1327 2116 petra
1347 2062 1555 2104 exaltavit
1572 2075 1658 2104 me:
1683 2062 1707 2087 *
1733 2066 1777 2104 et
1795 2074 1910 2103 nunc

1083 2119 1290 2161 exaltavit
1309 2124 1440 2172 caput
1458 2131 1603 2160 meum
1623 2131 1754 2171 super
1773 2117 1909 2159 inimi-

1083 2188 1159 2217 cos
1178 2189 1311 2217 meos.

1137 2232 1334 2281 Circuivi‚
1355 2237 1397 2274 et
1413 2231 1636 2274 immolavi
1650 2231 1695 2273 in
1708 2231 1908 2273 taberna—

1084 2288 1181 2330 culo
1203 2289 1291 2340 ejus
1310 2288 1498 2330 hostiam
1516 2287 1858 2330 vociferationis:
1884 2287 1909 2313 *

1084 2344 1288 2395 cantabo,
1326 2350 1368 2387 et
1399 2344 1615 2398 psalmum
1647 2343 1790 2386 dicam
1820 2343 1908 2386 Do-

1082 2401 1211 2443 mino.

1135 2457 1305 2500 Exaudi
1341 2458 1528 2500 Domine
1565 2471 1721 2500 vocem
1755 2469 1908 2507 meam,

1085 2527 1169 2566 qua
1189 2514 1373 2556 clamavi
1391 2514 1447 2556 ad
1466 2521 1529 2557 te:
1547 2515 1571 2540 *
1590 2515 1798 2556 miserore
1812 2513 1908 2564 mei,

1084 2575 1126 2612 et
1147 2571 1305 2612 exaudi
1322 2584 1403 2612 me.

1134 2627 1233 2668 Tibi
1253 2627 1361 2669 dixit
1385 2640 1461 2669 cor
1489 2640 1648 2678 meum,
1677 2625 1910 2680 exquisivit

1082 2688 1126 2724 te
1146 2683 1278 2725 facies
1301 2696 1416 2724 mea:
1443 2684 1466 2709 *
1494 2684 1650 2726 faciem
1672 2688 1792 2726 tuam
1811 2683 1909 2724 Dfie

1084 2742 1312 2791 requiram.

947 2849 1224 2944 «m
