2040 2944
189 179 279 223 [252]

427 272 475 310 In
503 271 533 309 Ι.
562 270 785 309 Nocturno.

244 337 342 375 Ant.
359 331 599 374 Benedicta
613 335 661 372 tu
675 330 789 372 inter
802 328 1019 378 mulieres,

189 395 233 433 et
251 388 510 432 benedictus
529 388 697 430 fructus
716 385 881 428 ventris
895 385 970 427 tui.

246 450 304 482 I's.
332 447 443 481 trium
462 447 748 480 Nocturnorum
774 450 814 479 ut
839 445 877 486 in
894 444 1020 478 chtis

195 498 231 530 1—3.
259 496 390 529 Mariae
414 496 456 529 V.
481 497 571 541 [136]

246 554 342 592 Ant.
390 551 445 592 Et
480 550 541 592 ait
576 549 732 590 Maria:
768 547 1022 599 Magnificat

190 609 333 650 anima
351 620 450 649 mea
468 607 596 656 Dum,
616 611 660 648 et
680 604 916 647 exsultavit
935 605 1020 657 spi-

190 665 301 706 ritus
319 677 443 706 meus
461 664 507 705 in
525 664 623 705 Deo
644 662 826 704 salutari
843 674 956 703 meo.

246 728 344 766 Ant.
374 726 485 774 Quia
510 724 707 778 respexit
731 723 1023 765 humilitatem

190 782 359 824 ancillae
375 795 482 824 suae:
500 794 603 824 ecce
620 781 734 823 enim
751 793 806 822 ex
819 779 907 822 hoc
921 779 1022 821 bea-

189 844 280 881 tam
290 852 361 880 me
373 839 519 881 dicent
535 851 688 881 omnes
703 837 1022 889 generationes.

243 898 294 947 Y.
329 900 488 942 Anima
528 912 627 942 mea
662 899 901 952 liquefacta
945 902 1023 940 est.

192 958 242 1008 R.
271 957 330 999 Ut
357 957 532 999 locutus
561 961 629 999 est
657 955 854 998 dilectus.

316 1033 383 1074 De
404 1031 597 1074 Canticis
617 1030 901 1072 canticerum.

270 1098 421 1139 Lectio
443 1097 466 1136 i.
782 1093 885 1144 Cap.
906 1093 943 1131 4.

199 1166 219 1194 ι’
231 1162 421 1227 uam
449 1158 634 1211 pulchra
663 1171 710 1199 es
743 1159 884 1199 amica
914 1169 1024 1207 mea,

195 1163 313 1296 [lips
339 1229 470 1269 quam
494 1215 680 1269 pulchra
706 1214 769 1256 es!
807 1213 935 1256 Oculi
961 1213 1026 1255 tui

200 1272 261 1291 ‘Q
338 1273 652 1323 columbarum,
661 1271 830 1324 absque
840 1283 894 1313 eo
905 1269 1026 1323 quod

192 1330 455 1371 intrinsecus
482 1329 600 1371 latet.
641 1329 762 1371 Sicut
789 1328 900 1369 vitta
928 1340 1025 1369 coc-

194 1389 329 1437 cinea,
352 1386 471 1428 labia
490 1391 576 1436 tua,
597 1391 640 1428 et
660 1384 884 1438 elequium
902 1389 1026 1426 tuum

194 1443 334 1485 dulce.
370 1444 492 1485 Sicut
516 1443 713 1495 fragmen
736 1441 841 1483 mali
864 1441 1026 1494 punici,

193 1501 255 1542 ita
277 1513 402 1552 genae
421 1506 522 1550 tuae,
548 1499 718 1551 absque
743 1511 797 1540 eo
823 1497 943 1551 quod
965 1498 1025 1539 in-

193 1559 410 1599 trinsecus
435 1557 554 1598 latet.
589 1556 710 1598 Sicut
728 1555 861 1597 turris
880 1554 1026 1596 David

195 1614 357 1656 collum
389 1619 529 1664 tuum,
569 1626 668 1666 quae
705 1611 924 1654 aedificata
959 1617 1027 1653 est

195 1685 294 1713 cum
326 1670 691 1724 propugnaculis:
726 1669 845 1711 mille
883 1668 1027 1721 clypei

193 1727 388 1781 pendent
424 1741 480 1770 ex
517 1740 588 1778 ea,
625 1726 766 1768 omnis
803 1728 1027 1767 armatura

193 1785 383 1826 fortium.
410 1784 666 1826 Vulnerasti
686 1796 764 1825 cor
781 1796 939 1833 meum,
958 1795 1025 1824 so-

194 1854 268 1882 ror
309 1854 408 1883 mea
444 1853 626 1894 sponsa,
672 1839 912 1882 vulnerasti
949 1852 1027 1881 cor

194 1911 341 1939 meum
376 1898 421 1939 in
458 1910 545 1939 uno
578 1896 808 1939 oculorum
839 1898 1025 1946 tuerum,

196 1959 239 1995 et
259 1955 302 1995 in
324 1967 412 1996 uno
433 1955 551 1997 crine
571 1953 671 1995 colli
691 1954 765 1995 tui.
798 1954 944 1994 Favus
965 1952 1026 1994 di-

196 2010 364 2052 stillans
395 2011 513 2052 labia
543 2016 620 2053 tua
652 2023 832 2063 sponsa,
864 2010 952 2051 mel
983 2014 1027 2051 et

195 2067 263 2109 lac
282 2067 364 2110 sub
382 2067 531 2119 lingua
549 2072 635 2109 tua.
662 2067 832 2109 Hortus
852 2066 1025 2108 conclu-

198 2137 283 2174 sus,
302 2124 400 2165 fons
420 2125 629 2176 signatus.

253 2186 302 2235 R:-
316 2184 473 2227 Deduc
492 2198 563 2227 me
582 2185 770 2227 Demine
790 2185 834 2226 in
851 2184 921 2226 via
939 2190 1027 2235 tua,

199 2247 242 2282 et
265 2242 483 2292 ingrediar
510 2242 554 2283 in
579 2242 766 2284 veritate
789 2247 880 2284 tua:
906 2241 1025 2284 laete-

198 2302 268 2338 tur
293 2311 369 2339 cor
386 2312 542 2358 meum,
573 2299 596 2321 *
618 2299 678 2341 Ut
696 2301 849 2340 timeat
866 2311 1027 2340 nomen

198 2358 330 2394 tuum.
372 2352 419 2397 Υ-
440 2355 562 2397 Pone
587 2368 656 2397 me
680 2360 729 2396 ut
755 2354 1027 2406 signaculum

200 2422 331 2461 super
351 2423 426 2451 cor
445 2416 578 2461 tuum,
598 2416 647 2453 ut
667 2411 940 2463 signaculum
959 2424 1025 2452 su-

199 2478 278 2518 per
297 2464 525 2508 brachium
543 2473 678 2509 tuum.
706 2468 776 2510 Ut.

282 2533 431 2572 Lectio
454 2532 491 2571 ii.
791 2535 893 2585 Cap.
914 2535 950 2573 5.

204 2589 361 2695 Veni
380 2595 423 2635 in
438 2595 614 2637 hortum
628 2610 774 2639 meum
788 2610 915 2639 soror
929 2610 1028 2639 mea

321 2664 495 2705 sponsa,
519 2654 683 2694 messui
700 2654 923 2706 myrrham
940 2666 1027 2695 me-

201 2721 271 2748 am
294 2721 393 2750 cum
416 2709 684 2750 aromatibus
707 2710 831 2752 meis:
856 2709 1029 2752 comedi

720 172 922 206 Pru-issimi
950 170 1089 204 Cordis
1115 170 1154 203 Β.
1178 169 1311 202 Mariae
1336 168 1379 202 V.

1071 266 1219 308 favum
1243 278 1343 308 cum
1367 264 1498 306 melle
1522 275 1635 305 meo.
1667 263 1773 304 Vox
1797 261 1903 304 dile-

1072 323 1131 365 cti
1148 323 1236 364 mei
1249 321 1483 376 pulsantis:
1502 319 1641 373 Aperi
1655 318 1763 361 mihi
1777 331 1906 361 soror

1071 392 1181 429 mea,
1200 381 1342 421 amica
1355 391 1464 428 mea,
1484 375 1691 419 columba
1703 388 1813 426 mea,
1829 375 1905 416 im-

1072 435 1293 478 maculata
1319 448 1435 477 mea:
1468 433 1570 487 quia
1598 437 1733 486 caput
1759 444 1906 474 meum

1072 492 1251 546 plenum
1284 497 1352 534 est
1383 504 1500 542 rore,
1533 494 1578 532 et
1607 488 1794 532 cincinni
1821 488 1908 531 mei

1072 549 1211 601 guttis
1236 549 1444 591 uectium.
1480 546 1670 596 Surrexi,
1695 550 1745 588 ut
1767 547 1906 599 aperi·

1073 619 1167 648 rem
1191 605 1355 648 dilecto
1373 617 1492 648 meo:
1514 616 1670 646 manus
1687 614 1800 644 meae
1819 601 1907 644 stil-

1073 663 1274 705 laverunt
1308 662 1552 716 myrrham,
1590 665 1634 703 et
1665 659 1791 713 digiti
1820 659 1908 701 mei

1074 720 1193 774 pleni
1221 720 1399 773 myrrha
1425 717 1750 773 probatissima.
1791 716 1907 769 Ape-

1074 777 1143 819 rui
1166 777 1330 819 dilecto
1354 789 1473 819 meo:
1498 780 1543 818 at
1564 774 1638 817 ille
1664 773 1907 816 declinave-

1075 839 1157 885 rat,
1186 839 1321 887 atque
1345 834 1591 876 transierat.
1627 831 1787 873 Anima
1810 842 1910 871 mea

1076 891 1313 943 liquefacta
1333 895 1411 941 est,
1429 895 1478 932 ut
1495 889 1673 932 locutus
1692 892 1772 930 est.

1130 947 1182 998 R.
1196 948 1247 989 In
1262 948 1456 989 Domino
1471 945 1688 999 gaudebo,
1708 949 1752 987 et
1768 943 1909 986 exsul-

1075 1005 1181 1047 tabo
1209 1006 1253 1046 in
1277 1005 1375 1047 Deo
1401 1005 1426 1046 J
1429 1017 1508 1046 esu
1530 1016 1648 1046 meo:
1674 1003 1797 1044 Deus
1821 1001 1910 1043 Do-

1076 1062 1219 1104 minus
1243 1061 1459 1104 fortitudo
1484 1073 1583 1103 mea
1624 1057 1647 1081 *
1674 1059 1815 1112 Super
1838 1070 1909 1100 ex-

1077 1119 1195 1162 celsa
1224 1118 1417 1162 deducet
1443 1131 1525 1160 me.
1568 1092 1621 1161 {J
1656 1116 1791 1158 Laeva
1819 1115 1911 1167 ejus

1077 1176 1159 1218 sub
1188 1177 1334 1230 capite
1362 1188 1480 1226 meo,
1514 1179 1558 1217 et
1585 1174 1768 1216 dextera
1795 1172 1911 1215 illius

1077 1233 1401 1287 amplexabitur
1428 1245 1510 1274 me.
1546 1231 1701 1285 Super.

1171 1293 1324 1334 Lectio
1345 1292 1399 1331 iii.
1560 1291 1663 1342 Cap.
1679 1290 1715 1329 5.
1734 1294 1776 1330 et
1792 1290 1829 1329 6.

1084 1332 1276 1455 Qualis
1302 1353 1369 1389 est
1393 1346 1579 1389 dilectus
1603 1350 1705 1387 tuus
1730 1357 1784 1387 ex
1808 1342 1911 1386 dile-

1195 1409 1279 1455 cto,
1297 1416 1324 1446 o
1343 1403 1639 1457 pulcherrima
1657 1398 1911 1443 mulierum?

1080 1461 1221 1513 qualis
1248 1466 1316 1503 est
1336 1460 1522 1502 dilectus
1542 1464 1643 1502 tuus
1662 1471 1718 1512 ei}
1737 1457 1912 1507 dilecto,

1081 1518 1183 1571 quia
1215 1518 1280 1560 sic
1312 1517 1521 1570 adjurasti
1551 1515 1658 1558 nos?
1713 1513 1912 1556 Dilectus

1078 1587 1204 1617 meus
1223 1574 1438 1617 candidus
1459 1578 1503 1616 et
1522 1571 1803 1622 rubicundus,
1828 1570 1911 1613 ele·

1080 1638 1177 1674 ctus
1201 1645 1256 1674 ex
1274 1631 1479 1680 millibuS‚
1501 1635 1623 1673 totus
1642 1627 1910 1672 desiderabi-

1079 1689 1144 1730 lis.
1171 1689 1294 1730 Talis
1313 1693 1382 1731 est
1399 1687 1585 1730 dilectus
1603 1699 1739 1736 meus
1759 1690 1803 1728 et
1816 1685 1913 1738 ipse

1082 1751 1150 1788 est
1174 1748 1340 1787 amicus
1364 1758 1504 1795 meus,
1528 1744 1632 1786 filiae
1656 1742 1912 1785 Jerusalem.

1081 1803 1178 1853 Quo
1199 1802 1307 1845 abiit
1327 1802 1514 1844 dilectus
1532 1806 1646 1851 tuus,
1666 1813 1693 1842 0
1712 1798 1912 1853 pulcher-

1079 1860 1190 1901 rima
1206 1858 1462 1901 mulierum?
1486 1870 1575 1911 quo
1596 1855 1831 1900 declinavit
1852 1854 1912 1897 di-

1080 1917 1220 1959 lectus
1244 1921 1358 1966 tuus,
1384 1921 1428 1958 et
1453 1916 1702 1968 quaeremus
1727 1925 1828 1955 eum
1851 1917 1913 1954 te-

1081 1973 1203 2015 cum?
1236 1973 1427 2015 Pulchra
1451 1985 1499 2014 es
1518 1974 1660 2014 amica
1682 1982 1792 2021 mea,
1817 1970 1913 2011 sua-

1079 2030 1157 2080 vis,
1178 2035 1221 2072 et
1241 2030 1404 2072 decera
1420 2030 1533 2071 sicut
1552 2026 1809 2070 Jerusalem:
1828 2030 1912 2068 ter-

1079 2087 1218 2129 ribilis
1237 2092 1285 2129 ut
1304 2089 1550 2128 castretum
1565 2085 1683 2127 acies
1699 2082 1914 2126 ordinata.

1079 2145 1178 2187 Una
1213 2149 1280 2186 est
1317 2142 1522 2186 columba
1557 2155 1674 2192 mea,
1718 2140 1915 2194 perfecta

1082 2214 1196 2251 mea,
1232 2213 1319 2242 una
1350 2205 1417 2242 est
1448 2200 1600 2241 matris
1633 2211 1741 2248 suae,
1774 2196 1911 2239 electa

1079 2257 1282 2309 genitrici
1308 2269 1411 2298 suae.
1442 2255 1661 2298 Viderunt
1681 2267 1779 2296 eam
1797 2252 1913 2302 filiae,

1083 2319 1127 2356 et
1145 2313 1444 2356 beatissimam
1462 2311 1831 2365 praedicaverunt:
1850 2322 1914 2350 re-

1080 2373 1195 2422 ginae
1213 2369 1504 2412 laudaverunt
1524 2381 1633 2410 eam.

1138 2424 1188 2475 R:-
1217 2426 1370 2468 Inveni
1398 2425 1585 2480 gratiam
1612 2422 1732 2476 apud
1760 2421 1913 2463 eculos

1082 2489 1183 2526 tuos
1202 2483 1391 2526 Domine
1417 2482 1488 2532 mi,
1514 2478 1536 2502 *
1557 2480 1641 2531 Qui
1658 2478 1913 2522 consolatus

1082 2554 1129 2582 es
1148 2553 1230 2591 me,
1249 2545 1293 2582 et
1310 2539 1485 2581 locutus
1503 2550 1549 2578 es
1569 2536 1626 2578 ad
1645 2549 1723 2578 cor
1743 2535 1913 2577 ancillae

1081 2602 1180 2639 tuae.
1215 2589 1265 2640 V.
1284 2597 1338 2637 In
1361 2599 1456 2637 toto
1482 2592 1618 2635 corde
1641 2605 1742 2634 meo
1763 2591 1912 2644 exqui-

1082 2654 1164 2695 sivi
1181 2658 1243 2695 te:
1267 2665 1322 2694 ne
1345 2650 1535 2704 repellas
1553 2663 1625 2691 me
1649 2663 1675 2691 a
1694 2647 1914 2690 mandatis

1080 2710 1179 2751 tuis.
1206 2709 1301 2760 Qui.
1334 2706 1487 2749 Gloria
1504 2706 1635 2748 Patri.
1664 2705 1758 2756 Qui.
