2040 2944
543 182 573 215 3.
597 181 700 226 Sept.
748 183 783 218 S.
808 184 1008 219 Elisabeth
1031 186 1122 229 Reg.
1148 187 1355 230 Portugall.
1380 189 1466 223 Vid.
1809 188 1853 223 5*

305 281 392 323 Ad
424 283 810 324 matutinum.

135 370 138 374 .
197 339 322 382 Invit.
340 339 591 381 Laudemus
610 340 755 381 Deum
774 344 973 381 nostrum

144 397 167 423 *
195 395 246 436 In
265 396 427 438 sanctis
447 396 655 448 operibus
674 395 819 438 beatae
838 395 972 436 Elisa-

142 451 267 550 begg.
294 510 462 559 Venite,
483 508 761 550 exsultemus.

195 567 352 618 Hymn.
380 567 584 608 Domare.
609 575 656 610 ut
676 582 818 622 supra.
843 566 896 606 4*

385 637 434 677 In
453 637 483 678 1.
506 637 729 679 Nocturno.

194 703 295 743 Ant.
322 701 508 743 Elevata
527 707 594 743 est
613 701 637 727 *
651 701 973 753 magnificentia

143 756 372 799 Elisabeth
391 770 524 810 super
542 757 692 799 coelos.

192 819 254 854 Ps.
278 819 394 854 trium
418 819 529 855 Noct.
555 820 602 855 de
630 821 773 856 Comm.
799 822 904 866 Virg.

194 871 294 913 Ant.
317 871 427 913 Veni
442 871 582 913 electa
595 883 704 927 mea,
714 872 738 897 *
754 876 797 913 et
811 884 973 924 ponam

143 927 188 968 in
211 931 255 977 te
279 927 487 969 thronum
511 940 668 978 meum,
694 928 794 980 quia
817 941 972 971 concu-

142 984 252 1037 pivit
270 985 368 1026 Rex
387 985 582 1038 speciem
599 990 731 1027 tuam.

193 1043 293 1084 Ant.
326 1042 511 1095 Accepit
533 1041 886 1084 benedictionem
905 1043 929 1070 *
948 1055 972 1084 a

142 1097 347 1149 Domino,
376 1103 419 1141 et
447 1098 796 1140 misericordiam
824 1112 849 1140 a
874 1100 971 1141 Deo

143 1154 322 1196 salutari
340 1168 432 1197 suo.

193 1208 244 1261 V.
276 1211 427 1254 Multae
459 1212 563 1254 filiae
596 1214 972 1264 congregaverunt

144 1266 330 1310 divitias.
381 1271 433 1324 R.
482 1269 551 1311 Tu
594 1270 879 1322 supergressa
925 1281 971 1310 es

143 1324 381 1366 universas.

255 1399 322 1440 De
339 1398 569 1442 Parabolis
587 1399 845 1442 Salomonis.

217 1454 401 1497 Lectio
390 1470 414 1497 1.
652 1459 754 1511 Cap.
774 1460 831 1500 31.
853 1459 890 1500 b.

150 1547 180 1591 3
199 1534 237 1582 ’,ξ
250 1574 259 1580 .
288 1525 485 1568 ulierem
522 1526 683 1568 fortem
721 1526 818 1578 quis
854 1526 970 1567 inv-e

150 1574 221 1640 3}
224 1589 259 1641 ᾖς
319 1582 432 1624 niet?
459 1582 626 1635 procul,
655 1587 699 1625 et
727 1582 782 1625 de
807 1583 970 1624 ultimis

287 1638 291 1643 '
319 1638 480 1682 finibus
502 1639 693 1692 pretium
717 1640 818 1692 ejus.
859 1640 969 1681 Con-

140 1648 239 1736 fidit
266 1694 311 1736 in
338 1708 391 1737 ea
418 1709 496 1745 cor
523 1696 605 1737 viri
633 1696 717 1745 sui,
746 1701 790 1737 et
817 1695 969 1748 spoliis

140 1763 229 1792 non
242 1751 464 1803 indigebit.
488 1751 666 1794 Reddet
681 1753 721 1794 ei
734 1752 910 1802 bonum,
926 1757 969 1794 et

140 1820 229 1849 11011
254 1808 428 1859 1113111111,
456 1809 658 1851 omnibus
683 1809 839 1850 diebus
864 1809 968 1850 vitae

141 1876 245 1905 suae.
285 1865 499 1915 Quaesivit
520 1865 666 1907 13113111
689 1870 732 1907 61
755 1865 900 1915 111111111,
925 1869 969 1907 61

142 1923 325 1972 operata
349 1927 416 1964 est
439 1922 623 1964 consilio
646 1924 853 1963 manuum
872 1924 966 1963 sua-

141 1988 249 2018 rum.
292 1978 428 2020 Facta
457 1983 524 2020 est
550 1979 675 2031 quasi
700 1979 823 2020 navis
849 1978 967 2020 insti-

142 2033 264 2082 toris,
288 2033 343 2075 de
366 2034 498 2086 longe
520 2040 702 2088 portans
721 2047 882 2088 panem
901 2048 967 2076 su·

140 2102 225 2130 um.
252 2090 309 2131 Et
328 2090 381 2132 de
397 2097 528 2134 nocte
544 2092 743 2142 surrexit,
759 2090 967 2143 deditque

140 2146 339 2198 praedam
354 2146 608 2190 domesticis
628 2149 729 2198 suis,
748 2152 791 2190 et
807 2147 968 2189 cibaria

126 2203 309 2244 'ancillis
334 2204 437 2245 suis.
475 2204 782 2246 Consideravit
805 2216 967 2254 agrum,

141 2263 185 2300 et
218 2260 322 2301 emit
353 2273 467 2301 eum:
499 2260 554 2302 de
586 2261 730 2302 fructu
761 2263 968 2301 manuum

139 2317 316 2356 suarum
330 2316 545 2368 plantavit
559 2319 741 2359 vineam.
766 2316 968 2358 Accinxit

139 2371 396 2414 fortitudine
424 2372 600 2414 lumbos
627 2386 741 2423 suos,
769 2377 813 2414 et
837 2372 965 2414 robo-

139 2428 252 2470 ravit
270 2427 498 2470 brachium
517 2443 654 2470 suum.

194 2485 244 2537 R.
254 2485 411 2536 Regali
425 2488 579 2527 exorta
593 2485 803 2538 progenie
818 2485 965 2526 trium-

138 2539 246 2592 phat
264 2541 307 2581 in
323 2541 446 2583 eoelis
460 2541 697 2591 Elisabeth,
712 2541 873 2605 triplici
888 2541 965 2582 eir-

139 2595 345 2638 cumdata
381 2598 596 2639 varietate
630 2597 906 2638 meritorum:
942 2593 965 2617 ¹⁸¹

137 2650 281 2692 Ν3111
270 2666 314 2693 111
333 2658 451 2694 16113
469 2654 513 2694 111
531 2653 692 2706 triplici
706 2652 807 2694 vitae
826 2652 966 2702 gradu
1016 2651 1148 2693 buisti
1174 2652 1224 2700 ei,
1251 2651 1273 2674 *
1299 2652 1356 2692 Et
1379 2651 1602 2692 voluntate
1624 2648 1837 2690 labiorum
1912 2653 1921 2662 ⁴

1026 281 1238 333 exempla.
1294 281 1342 330 V.
1375 282 1647 332 Virginalem
1680 288 1852 334 statum,

1027 337 1308 389 conjugalem,
1334 343 1378 380 et
1397 338 1615 380 vidualem
1638 339 1852 381 inoffenso

1025 393 1140 445 pede
1161 395 1364 437 cucurrit.
1391 396 1516 436 Nam.

1334 457 1485 498 Lectio
1506 458 1543 498 ii.

1030 510 1280 618 Gustavit‚
1313 516 1357 554 et
1381 512 1490 554 vidit
1515 514 1617 566 quia
1641 513 1758 556 bona
1782 519 1849 556 est

1141 568 1380 619 negotiatio
1393 569 1483 620 61113
1492 585 1499 609 :
1509 582 1597 611 non
1608 571 1851 622 exstingue-

1025 623 1158 665 turin
1182 629 1313 666 nocte
1331 624 1508 667 lucerna
1533 627 1633 678 ejus.
1674 627 1852 668 Manum

1026 693 1149 722 suam
1173 681 1290 723 misit
1314 682 1370 723 ad
1394 682 1533 733 fortia,
1554 688 1597 725 et
1617 682 1740 734 digiti
1760 685 1851 736 ejus

1026 736 1411 790 apprehenderunt
1460 739 1614 781 fusum.
1673 739 1851 781 Manum

1026 807 1149 835 suam
1163 794 1334 846 aperuit
1352 796 1486 848 inopi,
1506 801 1549 838 et
1562 796 1730 848 palmas
1749 809 1850 838 suas

1026 850 1224 892 extendit
1243 850 1300 893 ad
1318 855 1569 904 pauperem.
1610 852 1711 894 Non
1730 852 1849 894 time-

1024 907 1090 948 bit
1116 907 1266 949 domui
1291 921 1382 949 suae
1410 921 1435 949 a
1463 909 1696 959 frigoribus
1722 909 1851 951 nivis:

1026 977 1178 1006 omnes
1202 965 1317 1006 enim
1340 963 1570 1007 domestici
1595 967 1686 1017 ejus
1705 966 1851 1008 vestiti

1025 1026 1126 1062 sunt
1154 1021 1412 1074 duplicibus.
1458 1022 1750 1073 Stragulatam
1779 1036 1849 1065 ve-

1025 1083 1137 1120 stem
1155 1078 1259 1120 fecit
1283 1078 1383 1120 sibi:
1406 1078 1564 1131 byssus
1590 1084 1632 1121 et
1654 1083 1850 1132 purpura

1024 1134 1325 1176 indumentum
1340 1136 1441 1187 ejus.
1463 1135 1635 1177 Nobilis
1650 1137 1693 1176 in
1707 1136 1849 1188 portis

1024 1190 1090 1231 vir
1109 1192 1211 1242 61113,
1232 1191 1408 1243 quando
1428 1191 1592 1233 sederit
1611 1205 1709 1233 cum
1729 1205 1849 1234 sena-

1024 1247 1194 1289 toribus
1218 1254 1359 1290 terrae.
1405 1249 1641 1290 Sindonem
1666 1249 1778 1299 fecit,
1805 1254 1850 1291 et

1024 1304 1232 1355 vendidit,
1253 1309 1297 1347 et
1311 1305 1529 1356 cingulum
1543 1304 1724 1347 tradidit
1741 1305 1848 1348 Cha-

1023 1374 1189 1403 nanaeo.

1077 1419 1127 1470 R
1145 1418 1206 1460 Os
1232 1431 1358 1460 suum
1377 1418 1548 1471 aperuit
1567 1418 1804 1471 sapientiae,
1824 1423 1845 1446 *

1023 1474 1080 1516 Et
1116 1475 1187 1516 lex
1220 1475 1462 1516 clementiae
1493 1475 1538 1515 in
1568 1474 1714 1540 lingua
1747 1476 1847 1528 ejus.

1026 1524 1073 1576 V.
1110 1532 1326 1581 Quoniam
1362 1531 1614 1584 praevenisti
1644 1532 1688 1572 in
1719 1531 1847 1574 bene·

1023 1587 1287 1630 dictionibus
1309 1587 1561 1629 dulcedinis.
1596 1588 1654 1629 Et
1672 1588 1743 1630 lex
1763 1589 1846 1630 cle-

1020 1644 1206 1686 mentiae.

1324 1699 1475 1739 Lectio
1495 1699 1548 1738 iii.
1906 1738 1910 1743 ,

1022 1749 1296 1854 Fortitudo
1321 1757 1365 1794 et
1388 1751 1522 1794 decor
1544 1751 1843 1794 indumentum

1123 1810 1232 1862 ejus,
1265 1814 1309 1851 et
1340 1809 1501 1851 ridebit
1530 1810 1574 1850 in
1602 1808 1672 1851 die
1699 1812 1842 1851 novis-

1020 1866 1142 1907 simo.
1179 1865 1240 1907 Os
1265 1878 1391 1907 suum
1415 1866 1587 1918 aperuit
1605 1866 1842 1918 sapientiae,

1021 1927 1065 1964 et
1100 1922 1171 1963 lex
1206 1922 1447 1963 clementiae
1482 1923 1526 1963 in
1560 1922 1706 1972 lingua
1741 1923 1842 1974 ejus.

1021 1978 1325 2020 Consideravit
1351 1978 1527 2019 semitas
1556 1977 1712 2020 domus
1740 1991 1843 2028 suae,

1021 2040 1064 2077 et
1082 2047 1239 2087 panem
1259 2034 1401 2076 otiosa
1414 2047 1502 2076 non
1518 2034 1717 2076 comedit.
1744 2034 1841 2076 Sur-

1019 2093 1225 2132 rexerunt
1250 2090 1327 2130 filii
1354 2092 1455 2142 ejus⁹
1480 2095 1522 2132 et
1546 2090 1842 2132 beatissimam

1019 2147 1385 2200 praedicaverunt:
1412 2147 1477 2188 vir
1503 2147 1603 2198 ejus,
1629 2151 1673 2188 et
1694 2146 1840 2188 lauda-

1019 2205 1082 2244 vit
1107 2216 1213 2245 eam.
1250 2203 1400 2244 Multae
1423 2203 1527 2244 fssiae
1551 2204 1840 2253 congregave-

1019 2265 1118 2301 runt
1154 2259 1344 2300 divitias:
1384 2264 1431 2300 tu
1472 2260 1756 2311 supergressa
1793 2271 1839 2300 es

1018 2317 1254 2357 universas.
1298 2315 1450 2356 Fallax
1476 2316 1630 2366 gratia,
1659 2320 1704 2357 et
1730 2328 1840 2356 vana

1019 2378 1085 2414 est
1100 2371 1396 2424 pulchritudo:
1412 2372 1567 2413 mulier
1581 2372 1737 2412 timens
1751 2372 1838 2412 Do-

1017 2429 1197 2477 minum,
1223 2427 1320 2479 ipsa
1346 2427 1606 2469 laudabitur.
1659 2427 1772 2468 Date
1801 2427 1839 2468 ei

1018 2484 1073 2526 de
1091 2484 1234 2525 fructu
1252 2486 1460 2524 manuum
1478 2486 1668 2524 suarum:
1690 2488 1734 2524 et
1751 2482 1837 2523 lau·
1866 2490 1872 2494 '

1018 2539 1123 2582 dent
1141 2552 1238 2581 eam
1256 2540 1299 2580 in
1317 2540 1459 2592 portis
1480 2542 1616 2604 opera
1635 2540 1735 2590 61113.

1072 2595 1122 2646 Rz.
1147 2595 1422 2637 Desiderium
1456 2596 1611 2636 animae
1644 2595 1731 2645 ejus
1763 2593 1835 2634 tri-

138 2709 329 2759 posteris
343 2709 554 2751 imitanda
567 2711 776 2751 virtutum
789 2708 966 2760 reliquit
1017 2709 1106 2760 61113
1129 2720 1217 2749 11011
1241 2707 1454 2749 fraudasti
1478 2720 1583 2748 eam.
1627 2697 1676 2748 V·
1703 2705 1835 2746 Scuto

185 2840 277 2873 Propr.
293 2849 340 2873 pro
357 2842 432 2867 Clero
448 2842 524 2866 Rom.
556 2842 620 2866 Pars
635 2842 806 2866 Autumnalis.

1594 2823 1630 2858 1*
