2040 2944
665 178 876 211 Commune
903 176 1156 219 plurimorum
1183 176 1404 219 Martyrum.

172 278 246 329 qui
262 277 401 318 effuso
419 275 629 326 sanguine
644 274 784 315 secuti
800 278 900 315 sunt
915 274 1003 314 Do-

171 334 350 374 minum:
375 334 396 356 *
415 332 756 372 Contemnentes
777 330 921 372 aulam
940 331 1003 370 re-

171 390 301 440 giam,
330 389 625 441 pervenerunt
645 387 702 428 ad
721 399 856 437 regna
876 385 1003 427 coele—

172 446 265 487 stia.
292 442 339 491 Y.
353 445 468 485 Ecce
487 457 618 496 quam
630 443 797 485 bonum
813 448 857 484 et
874 455 1004 495 quam

171 501 407 554 jucundum
421 500 621 542 habitare
632 500 790 541 fratres
805 500 850 540 in
860 512 1005 540 unum.

173 558 523 599 Contemnentes.
559 556 709 598 Gloria
728 556 860 598 Patri.
895 555 1005 597 Con-

171 616 426 656 temnentes.

228 668 389 710 Bencd.
419 669 490 711 Ad
509 669 779 711 societatem.

478 726 630 767 Lectio
650 727 704 766 ix.

244 783 299 825 ed
315 796 413 824 cum
430 788 497 824 tot
518 783 640 833 signa
660 780 1006 834 perturbationis

266 839 385 881 dicta
414 841 514 888 sint,
549 840 743 891 oportet,
777 842 825 878 ut
854 839 1006 878 eorum

173 896 573 938 considerationem
598 894 791 936 breviter
814 906 894 946 per
923 895 1006 934 sin-

172 953 274 1004 gula
298 952 661 1005 perstringamus:
699 951 801 1002 quia
825 951 1007 991 necesse

173 1014 251 1059 est,
270 1015 318 1050 ut
338 1008 421 1049 alia
442 1021 465 1050 e
486 1007 612 1057 coelo,
632 1006 717 1048 alia
732 1019 755 1048 e
775 1011 904 1055 terra,
924 1005 1008 1046 alia

174 1064 228 1107 ab
263 1065 509 1114 elementis,
551 1064 635 1105 alia
669 1063 724 1105 ab
757 1061 1007 1104 hominibus

173 1122 404 1174 patiamur.
441 1121 518 1162 Ait
546 1121 677 1162 enim:
714 1120 872 1170 Surget
899 1131 1007 1169 gens

173 1183 327 1219 contra
357 1183 550 1229 gentem,
595 1189 698 1218 ecce
731 1175 1006 1228 perturbatio

172 1235 411 1276 hominum:
427 1239 553 1275 erunt
568 1235 847 1275 terraemotus
862 1232 1008 1282 magni

171 1304 251 1343 per
269 1291 380 1340 loca,
409 1303 511 1332 ecce
535 1292 763 1342 respectus
783 1290 861 1330 irae
882 1288 1007 1329 desu-

172 1361 268 1400 per:
306 1353 433 1389 erunt
459 1347 740 1400 pestilentiae,
776 1358 879 1387 ecce
906 1345 1008 1386 inae-

173 1404 361 1456 qualitas
377 1406 629 1456 corporum:
645 1403 729 1444 erit
745 1402 893 1451 fames,
905 1414 1008 1442 ecce

171 1460 380 1502 sterilitas
427 1465 577 1501 terrae:
625 1460 910 1510 terroresque
954 1457 1009 1498 de

170 1516 288 1558 coelo
310 1522 354 1558 et
373 1518 673 1569 tempestates,
696 1527 799 1556 ecce
818 1515 1009 1566 inaequa-

173 1573 272 1614 litas
300 1573 425 1613 aeris.
472 1572 583 1622 Quia
610 1584 716 1622 ergo
743 1571 889 1612 omnia
909 1582 1009 1611 con-

175 1628 435 1670 summanda
461 1634 576 1678 sunt,
610 1633 712 1669 ante
737 1639 1009 1669 consumma-

174 1686 339 1727 tionem
356 1685 503 1726 omnia
523 1684 853 1738 perturbantur:
873 1688 917 1724 et
936 1683 1011 1735 qui

172 1742 216 1782 in
250 1742 418 1783 cunctis
453 1741 732 1793 deliquimus,
769 1740 813 1780 in
842 1739 1010 1781 cunctis

176 1798 368 1840 ferimur:
387 1803 435 1839 ut
455 1798 690 1850 impleatur
706 1796 826 1849 quod
842 1795 1011 1845 dicitur,

176 1855 232 1896 Et
251 1854 465 1907 pugnabit
484 1867 568 1906 pro
584 1866 638 1895 eo
654 1853 775 1894 orbis
794 1854 1012 1894 terrarum

178 1916 333 1952 contra
352 1911 612 1952 insensatos.

229 1967 294 2008 Te
314 1967 458 2008 Deum
476 1966 718 2007 laudamus.
738 1967 796 2006 14.

444 2030 523 2070 Ad.
549 2029 748 2071 Laudes

396 2089 442 2117 et
476 2095 567 2127 per
602 2085 786 2120 Horas.

230 2134 328 2174 Ant.
360 2135 388 2174 1.
432 2135 596 2177 Omnes
625 2135 776 2184 sancti,
795 2134 819 2159 *
850 2138 1013 2186 quanta

181 2192 299 2243 passi
317 2196 418 2233 sunt
437 2194 667 2241 tormenta,
687 2196 735 2232 ut
755 2191 899 2232 securi
917 2203 1012 2243 per-

181 2250 379 2289 venirent
397 2247 455 2289 ad
473 2248 665 2301 palmam
684 2247 892 2299 martyrii.

234 2303 390 2344 Psalm.
424 2304 640 2346 Dominus
668 2303 880 2355 regnavit.
911 2317 1010 2345 cum

182 2360 369 2411 reliquis.
398 2362 457 2401 15.

233 2419 268 2456 2.
295 2418 403 2457 Cum
424 2417 571 2469 palma
589 2417 613 2442 *
633 2416 690 2458 ad
709 2429 843 2467 regna
862 2429 1014 2468 perve-

183 2474 339 2513 nerunt
359 2473 508 2522 sancti,
528 2475 714 2514 coronas
734 2472 908 2514 decoris
928 2485 1014 2513 me-

184 2530 364 2570 ruerunt
384 2528 439 2570 de
457 2542 588 2570 manu
606 2530 702 2571 Dei.

234 2586 269 2624 3.
299 2586 499 2637 Corpora
523 2588 775 2627 sanctorum
794 2586 817 2611 *
838 2585 882 2626 in
906 2597 1015 2637 pace

185 2641 358 2694 sepulta
379 2646 494 2682 sunt:
519 2647 562 2682 et
581 2642 730 2683 vivent
748 2641 925 2682 nomina
946 2643 1015 2682 eo-

185 2711 281 2739 rum
299 2697 343 2738 in
363 2698 586 2739 aeternum.

1112 272 1149 311 4.
1178 272 1395 323 Martyres
1414 271 1592 313 Domini
1610 272 1634 298 *
1653 271 1892 312 Dominum

1057 327 1305 370 benedicite
1324 329 1367 369 in
1388 330 1612 370 aeternum.

1112 391 1150 429 5.
1190 389 1431 441 Martyrum
1464 388 1625 430 chorus
1658 389 1682 414 *
1714 387 1892 430 laudate

1058 446 1298 487 Dominum
1327 445 1382 487 de
1411 445 1547 494 coelis,
1575 444 1758 496 alleluja.

1166 523 1426 575 Capitulum.
1634 523 1732 575 Sap.
1752 524 1787 563 3.

1058 585 1331 693 Justorum
1368 589 1525 630 animae
1561 588 1606 628 in
1641 600 1774 628 manu
1809 587 1894 628 Dei

1157 651 1274 696 sunt,
1316 651 1359 687 et
1386 658 1474 687 non
1502 648 1653 695 tanget
1678 643 1779 685 iuos
1805 648 1894 685 tor·

1058 704 1255 744 mentum
1288 703 1454 744 mortis.
1496 700 1594 742 Visi
1623 704 1724 741 sunt
1755 699 1894 741 oculis

1059 759 1357 811 insipientium
1381 758 1508 800 mori:
1540 756 1603 798 illi
1627 761 1773 798 autem
1794 760 1896 797 sunt

1059 815 1102 856 in
1130 828 1252 868 pace.

1371 876 1582 927 Hymnus.

1206 964 1260 992 ex
1278 951 1470 1002 gloriose
1490 950 1745 1001 Martyrum,

1233 1007 1407 1048 Corona
1427 1005 1740 1054 confitentium,

1166 1064 1251 1113 Qui
1270 1065 1529 1116 respuentes
1549 1065 1694 1104 terrea

1165 1119 1379 1162 Perducis
1402 1119 1459 1161 ad
1478 1119 1688 1161 coelestia.

1119 1196 1280 1236 Aurem
1298 1194 1534 1245 benignam
1552 1193 1755 1246 protinus

1165 1250 1350 1292 Intende
1370 1251 1533 1292 nostris
1553 1248 1753 1291 vocibus:

1166 1307 1390 1359 Trophaea
1409 1319 1534 1348 sacra
1553 1306 1800 1359 pangimus:

1166 1364 1354 1414 Ignosce
1376 1362 1496 1416 quod
1518 1362 1793 1414 deliquimus.

1113 1436 1181 1477 Tu
1200 1437 1339 1478 vincis
1357 1436 1470 1478 inter
1490 1436 1718 1487 Martyres,

1165 1493 1405 1545 Parcisque
1428 1490 1784 1533 Confessoribus:

1166 1549 1237 1590 Tu
1255 1549 1382 1590 vince
1402 1553 1555 1590 nostra
1574 1547 1766 1597 crimina,

1167 1606 1372 1656 Largitor
1390 1604 1685 1655 indulgentiae.

1115 1680 1213 1720 Deo
1233 1678 1353 1719 Patri
1374 1678 1430 1719 sit
1448 1677 1599 1728 gloria,

1168 1736 1362 1787 Eiusque
1382 1734 1466 1775 soli
1484 1733 1608 1783 Filio,

1169 1792 1280 1833 Cum
1299 1791 1466 1844 Spiritu
1484 1789 1716 1839 paraclito,

1168 1849 1308 1897 Nunc,
1338 1852 1382 1889 et
1400 1860 1480 1900 per
1501 1859 1630 1888 omne
1651 1845 1873 1887 saeculum.

1380 1903 1534 1945 Amen.

1117 1971 1167 2022 V.
1195 1973 1490 2015 Exsultabunt
1515 1972 1655 2014 sancti
1678 1971 1723 2012 in
1747 1971 1897 2023 gloria.

1065 2033 1115 2084 Rg.
1143 2029 1432 2072 Laetabuntur
1450 2030 1495 2070 in
1515 2028 1733 2071 cubilibus
1753 2028 1855 2069 suis.

1117 2098 1189 2139 Ad
1221 2098 1383 2140 Bened.
1424 2099 1525 2140 Ant.
1572 2097 1719 2139 Vestri
1754 2095 1900 2149 capilli

1066 2156 1223 2209 capitis
1242 2156 1266 2181 *
1283 2167 1436 2197 omnes
1454 2153 1672 2196 numerati
1692 2157 1806 2194 sunt:
1825 2165 1899 2194 no-

1066 2213 1141 2254 lite
1166 2212 1336 2254 timere:
1363 2211 1512 2252 multis
1535 2208 1789 2264 passeribus
1813 2222 1899 2251 me-

1066 2269 1199 2310 liores
1220 2268 1326 2310 estis
1346 2280 1437 2308 vos.

1184 2345 1270 2385 Pro
1291 2345 1489 2397 pluribus
1510 2344 1634 2386 Mart.
1661 2344 1786 2384 Pont.

1404 2410 1568 2451 Oratio.

1151 2474 1351 2514 eatorum
1378 2471 1621 2521 Martyrum
1648 2469 1901 2522 pariterque

1171 2527 1436 2570 Pontificum
1454 2525 1506 2566 N.
1528 2531 1572 2568 et
1589 2525 1642 2565 N.
1660 2539 1757 2575 nos,
1785 2527 1902 2578 qua}-

1068 2598 1218 2626 sumus
1237 2583 1445 2631 Domine,
1478 2582 1590 2623 festa
1608 2584 1830 2624 tueantur:
1858 2586 1902 2623 et

1069 2643 1222 2682 eorum
1262 2638 1543 2681 commendet
1589 2639 1731 2680 oratio
1775 2650 1901 2679 vene-

1068 2696 1217 2738 randa.
1254 2696 1340 2737 Per
1358 2695 1597 2736 Dominum
1616 2699 1827 2737 nostrum.
