2040 2944
427 186 499 221 Die
525 186 574 220 11.
600 185 703 230 Sept.
750 186 894 226 Quarta
919 184 981 219 die
1006 184 1105 217 infra
1132 183 1211 218 Oct.
1237 183 1365 217 Nativ.
1391 183 1431 215 Β.
1458 183 1504 215 M.
1531 182 1573 214 Υ.

200 282 351 317 Deinde
375 282 432 316 Ss.
453 282 540 316 Mm.
564 280 673 316 Proti
697 285 733 316 et
753 280 975 325 Hyacinthi.

199 334 298 375 Ant.
332 335 524 375 Istorum
553 338 620 376 est
652 333 767 375 enim
795 346 978 384 regnum

146 390 371 440 coelorum,
387 390 462 442 qui
474 391 834 442 contempserunt
843 390 978 432 vitam

145 446 311 498 mundi,
342 451 385 488 et
403 448 701 499 pervenerunt
721 446 778 488 ad
796 446 979 499 praemia

146 503 286 555 regni,
319 507 363 545 et
394 502 595 546 laverunt
625 502 762 545 stolas
798 515 899 544 suas
933 503 978 544 in

146 560 354 611 sanguine
374 560 502 611 Agni.

200 616 250 668 Υ.
273 620 506 662 Laetamini
529 620 574 661 in
598 620 808 670 Domino,
837 624 881 662 et
906 632 976 661 ex-

145 676 305 718 sultate
334 677 445 728 justi.
494 678 544 729 Re.
571 677 629 718 Et
656 676 905 728 gloriamini
932 689 975 718 o-

144 746 268 775 mnes
287 733 396 776 recti
414 732 560 775 corde.

485 798 648 839 Oratio.

228 861 428 901 catorum
489 859 733 912 Martyrum
799 862 977 901 tuorum

255 916 379 958 Proti
416 921 463 957 et
495 916 732 968 Hyacinthi
772 929 854 957 nos
886 916 973 957 Do-

145 971 261 1013 mine
282 972 432 1014 foveat
454 973 651 1025 pretiosa
670 972 907 1014 confessio:
932 978 975 1014 et

143 1027 218 1080 pia
235 1028 392 1080 jugiter
407 1029 665 1071 intercessio
680 1031 867 1071 tueatur.
891 1030 977 1071 Per

144 1084 382 1126 Dominum
400 1090 611 1127 nostrum.

332 1180 417 1222 Die
434 1181 487 1221 11.
505 1180 789 1233 Septembris.

251 1246 417 1296 Quarta
436 1243 507 1287 die
529 1244 640 1287 infra
659 1245 872 1287 Octavam

298 1314 597 1357 Nativitatis
615 1315 667 1356 B.
687 1315 749 1356 Μ.
769 1315 827 1356 V.

198 1378 243 1414 In
270 1379 298 1415 Ι.
325 1380 526 1415 Nocturno
563 1380 769 1416 Lectiones
803 1379 851 1415 de
879 1379 978 1414 Scri-

147 1431 260 1472 ptura
284 1432 518 1463 occurrente.

371 1507 421 1546 In
447 1506 499 1546 11.
527 1506 751 1546 Nocturno.

177 1570 330 1614 Sermo
351 1571 492 1613 sancti
510 1571 725 1612 Bernardi
743 1571 945 1612 AbbatiS.

219 1634 354 1669 Sermo
378 1634 418 1668 in
442 1645 525 1679 cap.
551 1636 601 1670 12.
627 1634 905 1678 Apocalypsis.

415 1687 503 1717 ante
527 1683 708 1718 medium.

451 1739 605 1781 Lectio
624 1739 678 1779 iv.

156 1803 184 1849 ἶ,
210 1812 252 1854 ,ς’τ»,
277 1813 410 1842 ovum
450 1799 554 1841 fecit
588 1800 806 1841 Dominus
843 1812 976 1852 super

260 1890 263 1909 ,
293 1862 467 1907 terram,
493 1861 542 1898 ut
559 1856 718 1898 malier
736 1856 975 1899 circumda-

175 1913 264 1933 ’-”’
294 1918 361 1955 ret
384 1913 544 1963 virum,
576 1925 659 1954 nec
687 1912 820 1954 alium
845 1925 978 1965 quam

148 1969 385 2019 Christum,
426 1968 482 2011 de
519 1981 607 2022 quo
645 1968 819 2011 dicitur:
860 1969 977 2010 Ecce

145 2026 229 2076 vir,
261 2025 419 2068 Oriens
450 2039 612 2068 nomen
643 2027 746 2079 eius.
799 2025 977 2067 Novum

147 2095 326 2134 quoque
358 2082 463 2124 fecit
494 2082 539 2122 in
569 2083 701 2132 coelo,
740 2086 789 2123 ut
820 2082 978 2123 mulier

146 2138 239 2180 sole
258 2140 494 2191 appareret
513 2140 684 2180 amicta.
711 2138 914 2190 Denique
934 2142 978 2179 et

148 2195 378 2237 coronavit
403 2207 521 2244 eum,
551 2199 596 2237 et
620 2195 813 2237 vicissim
839 2194 894 2237 ab
924 2207 977 2236 eo

146 2251 304 2294 meruit
330 2251 543 2293 coronari.
579 2251 851 2303 Egredimini
874 2251 978 2293 fssiae

147 2308 269 2358 Sion,
299 2312 343 2349 et
361 2306 510 2349 videte
528 2320 679 2359 regem
697 2308 979 2350 Salomonem

146 2364 191 2405 in
209 2362 474 2413 diademate,
504 2375 592 2415 quo
621 2364 853 2406 coronavit
880 2377 980 2405 eum

148 2424 289 2462 mater
314 2432 404 2460 sua.
439 2420 607 2461 Verum
632 2420 719 2461 hoc
745 2420 864 2460 alias.
911 2420 978 2460 In-

147 2476 278 2518 terim
305 2488 410 2518 sane
437 2475 714 2527 ingredimini
742 2475 898 2526 magis,
921 2481 980 2518 'et

149 2531 296 2574 videte
311 2533 527 2584 Reginam
546 2533 590 2572 in
611 2532 871 2581 diademate,
891 2544 978 2583 quo

150 2588 380 2629 coronavit
408 2601 505 2630 eam
533 2589 649 2630 filius
679 2601 794 2629 suus.
834 2587 886 2627 In
911 2589 979 2628 ca-

150 2643 253 2695 pite,
276 2643 429 2696 inquit,
455 2645 547 2696 ejus
571 2646 735 2686 corona
755 2643 980 2685 stellarum

151 2699 396 2741 duodecim.

1798 179 1864 216 275

1084 277 1135 327 R.
1172 275 1392 318 Nativitas
1426 276 1634 327 gloriosae
1666 276 1863 327 Virginis

1030 332 1182 373 Mariae
1215 345 1269 374 ex
1302 333 1467 375 semine
1502 332 1711 383 Abrahae,
1752 337 1863 374 ortae

1031 388 1086 430 de
1105 388 1224 430 tribu
1242 389 1267 430 J
1269 389 1371 440 uda,
1398 390 1518 431 clara
1541 402 1596 431 ex
1620 389 1757 442 stirpe
1776 389 1861 430 Da-

1030 444 1120 486 vid:
1155 451 1178 476 *
1201 445 1334 497 Cujus
1365 446 1455 487 vita
1488 446 1650 498 inclyta
1682 450 1862 487 cunctas

1029 500 1219 542 illustrat
1247 501 1466 554 ecclesias.
1508 496 1557 547 V.
1584 502 1732 544 H6die
1760 506 1864 543 nata

1030 562 1098 599 est
1126 556 1257 599 beata
1283 558 1424 609 Virgo
1452 559 1592 601 Maria
1625 572 1680 601 ex
1706 560 1861 611 proge-

1029 614 1099 655 nie
1119 613 1275 656 David.
1305 615 1447 666 Cujus.

1345 673 1498 714 Lectio
1518 687 1555 713 v.

1035 726 1274 831 Dignum
1313 727 1445 780 plane
1485 727 1624 769 stellis
1658 728 1863 769 coronari

1134 789 1278 837 caput,
1299 783 1421 836 quod
1440 788 1484 825 et
1502 783 1609 836 ipsis
1628 784 1758 835 longe
1777 785 1861 826 cla-

1031 841 1121 882 rius
1135 841 1315 890 micans,
1332 845 1460 882 ornet
1475 853 1549 882 eas
1565 840 1713 893 potius
1732 854 1862 893 quarn

1031 899 1211 938 ornetur
1243 896 1299 938 ab
1332 897 1406 938 eis.
1461 896 1623 946 Quidni
1649 899 1863 939 coronent

1031 952 1187 1003 sidera,
1210 966 1342 1006 quam
1361 953 1429 994 sol
1447 953 1602 995 vestit?
1626 954 1749 995 Sicut
1768 954 1863 996 dies

1030 1010 1153 1051 verni
1172 1009 1505 1052 circumdabant
1526 1023 1623 1052 eam
1643 1011 1776 1052 flores
1796 1023 1862 1052 ro-

1031 1069 1179 1108 sarum
1206 1072 1251 1109 et
1277 1066 1368 1107 lilia
1398 1066 1674 1108 convallium.
1728 1067 1862 1108 Nimi-

1031 1136 1127 1164 rum
1152 1123 1265 1164 laeva
1291 1123 1444 1176 sponsi
1475 1123 1557 1165 sub
1589 1124 1735 1176 capite
1761 1125 1864 1175 ejus

1032 1185 1075 1221 et
1106 1181 1192 1231 jam
1224 1178 1407 1221 dextera
1436 1179 1554 1220 illius
1587 1180 1865 1232 amplexatur

1031 1249 1139 1277 eam.
1176 1236 1283 1286 Quis
1309 1236 1406 1277 illas
1433 1236 1622 1278 aestimet
1645 1235 1863 1287 gemmas?

1031 1292 1138 1342 Quis
1165 1292 1316 1334 stellas
1342 1292 1556 1342 nominet,
1592 1293 1751 1344 quibus
1775 1293 1863 1334 Ma-

1029 1351 1106 1389 riae
1138 1349 1307 1400 regium
1346 1347 1550 1390 diadema
1583 1351 1865 1402 compactum

1030 1405 1121 1447 est?

1086 1463 1137 1514 R.
1158 1462 1268 1504 Cum
1286 1461 1557 1514 jucunditate
1575 1461 1865 1504 Nativitatem

1028 1519 1173 1561 beatae
1216 1519 1368 1560 Mariae
1411 1519 1699 1560 celebremus:
1744 1518 1766 1541 *
1805 1518 1865 1560 Ut

1029 1576 1127 1628 ipsa
1157 1588 1240 1628 pro
1266 1575 1396 1617 nobis
1421 1575 1675 1635 intercedat¹
1695 1575 1752 1616 ad
1776 1575 1864 1615 Do-

1028 1632 1195 1672 minum
1214 1632 1239 1672 J
1242 1644 1366 1673 esum
1386 1631 1622 1673 Christum·
1653 1630 1701 1676 Υ
1717 1631 1864 1672 Corde

1030 1693 1074 1729 et
1094 1688 1239 1735 animo
1256 1687 1433 1729 Christo
1454 1690 1662 1729 canamus
1677 1687 1864 1738 gloriam

1028 1745 1073 1785 in
1091 1744 1175 1785 hac
1195 1757 1321 1785 sacra
1339 1744 1619 1786 solemnitate
1637 1744 1863 1796 praecelsae

1031 1800 1269 1842 Genitricis
1290 1800 1374 1842 Dei
1393 1800 1556 1842 Mariae.
1585 1801 1655 1843 Ut.

1337 1855 1489 1897 Lectio
1510 1855 1562 1895 vi.

1037 1896 1193 2020 Quid
1213 1925 1318 1964 ergo
1338 1912 1559 1955 sidereum
1579 1914 1712 1955 micat
1731 1914 1775 1954 in
1793 1926 1863 1965 ge-

1134 1969 1362 2011 neratione
1381 1969 1554 2011 Mariae?
1582 1969 1718 2011 Plane
1744 1970 1864 2022 quod

1032 2037 1087 2066 ex
1116 2025 1294 2076 regibus
1322 2031 1436 2077 orta,
1467 2026 1588 2078 quod
1616 2039 1671 2068 ex
1698 2026 1864 2068 semine

1032 2081 1241 2132 Abrahae,
1268 2082 1388 2134 quod
1412 2084 1629 2133 generosa
1653 2095 1708 2124 ex
1725 2083 1864 2135 stirpe

1031 2137 1188 2179 David.
1225 2138 1269 2179 Si
1292 2137 1338 2180 id
1357 2151 1514 2190 parum
1534 2138 1724 2188 videtur,
1750 2137 1864 2180 adde

1033 2193 1155 2246 quod
1177 2195 1450 2246 generationi
1473 2195 1536 2235 illi
1560 2194 1618 2237 ob
1644 2194 1864 2246 singulare

1031 2250 1309 2302 privilegium
1360 2251 1605 2293 sanctitatis
1657 2250 1864 2293 divinitus

1032 2307 1230 2348 noscitur
1253 2319 1351 2348 esse
1371 2309 1598 2358 concessa,
1629 2307 1749 2359 quod
1772 2307 1863 2348 lon-

1031 2375 1086 2414 ge
1120 2367 1220 2404 ante
1252 2362 1419 2404 eisdem
1453 2363 1653 2414 patribus
1689 2363 1864 2405 co'elitus

1032 2420 1317 2472 repromissa,
1347 2419 1468 2470 quod
1495 2419 1693 2471 mysticis
1720 2419 1863 2473 praefi-

1033 2477 1190 2527 gurata
1226 2475 1468 2525 miraculis,
1515 2475 1636 2528 quod
1673 2475 1863 2517 oraculis

1032 2531 1328 2584 praenuntiata
1384 2531 1668 2584 propheticis.
1736 2532 1863 2572 Hanc

1034 2587 1149 2628 enim
1168 2586 1456 2628 sacerdotalis
1474 2587 1615 2638 virga,
1643 2587 1748 2629 dum
1771 2586 1863 2627 sine

1033 2643 1181 2684 radice
1207 2643 1370 2684 floruit:
1396 2642 1508 2685 hanc
1529 2643 1753 2685 Gedeonis
1777 2641 1862 2683 vel-

1033 2699 1117 2749 lus,
1138 2699 1243 2740 dum
1260 2698 1304 2739 in
1322 2698 1468 2741 medio
1488 2700 1619 2741 siccae
1640 2701 1756 2740 areae
1774 2698 1862 2738 ma-
