2040 2944
531 171 604 205 Dic
626 171 655 205 2.
682 170 871 204 Octobris,
919 170 977 204 Ss.
1002 170 1241 212 Angelorum
1266 169 1489 203 Custodum.

158 273 214 301 na
233 264 277 314 et
295 260 518 302 miraculis
537 261 735 302 Francos
754 260 812 302 ad
828 260 990 302 Christi

158 316 336 358 Domini
360 316 495 359 fidem
518 315 738 370 perduxit.
772 317 877 368 Ejus
897 329 990 358 ora-

158 372 277 414 tione
304 374 479 415 mortua
506 372 653 426 puella
679 373 848 414 revixit.
882 373 991 414 Mul-

157 434 229 471 tos
254 429 570 482 interpretatus
602 433 669 471 est
695 428 855 471 divinae
879 429 990 470 Scri-

158 488 303 538 pturae
318 485 467 527 libros.
493 485 697 538 Amplius
712 487 991 538 septuaginta

159 554 298 583 annos
317 555 487 584 summa
507 555 607 584 cum
624 541 755 583 laude
774 541 990 583 Rhemen-

159 598 496 639 semecclesiam
507 597 839 639 administravit.
858 597 991 647 Cuius

158 654 262 695 vitae
288 658 332 696 et
356 654 510 696 mortis
536 654 816 695 sanctitatem
841 653 990 703 multa,

160 722 259 762 quae
274 713 512 752 consecuta
527 714 638 761 sunt,
652 709 863 751 miracula
874 722 990 751 com-

159 765 415 818 probarunt.

208 827 258 876 Ru
288 822 441 863 Inveni
463 821 610 863 David
634 835 811 863 servum
834 835 990 872 meum,

160 878 260 919 oleo
287 883 442 920 sancto
470 890 571 920 meo
596 878 702 919 unxi
727 891 841 920 eum:
858 883 879 905 *
902 878 992 919 Ma-

159 946 241 975 nus
256 934 372 975 enim
385 947 484 976 mea
498 934 778 976 auxiliabitur
793 935 844 976 ei.
857 933 906 984 V.
925 935 993 976 Ni·

159 990 221 1031 hil
245 990 450 1043 proficiet
474 991 675 1032 inimicus
704 991 749 1031 in
777 1004 842 1041 eo,
873 995 918 1033 et
944 991 991 1032 fi-

159 1046 242 1087 lius
259 1046 503 1098 iniquitatis
522 1059 611 1089 non
629 1047 807 1089 nocebit
826 1048 876 1089 ei.
903 1048 992 1088 Ma-

162 1115 242 1143 nus
262 1115 388 1144 emm.

190 1169 344 1209 Sermo
370 1168 511 1210 sancti
537 1167 718 1210 Maximi
741 1169 966 1221 Episcopi.

325 1231 495 1265 Homilia
518 1231 572 1271 59,
598 1240 686 1273 qua:
710 1236 769 1264 est
790 1232 820 1264 2.

285 1278 331 1312 de
357 1278 392 1313 S.
416 1278 588 1313 Eusebio
612 1278 861 1312 Vercellensi.

468 1328 621 1368 Lectio
642 1341 678 1366 v.

238 1379 268 1422 d
304 1380 446 1422 sancti
486 1392 538 1422 ac
573 1379 817 1422 beatissimi
849 1381 992 1423 Patris

270 1437 409 1479 nostri
440 1436 648 1488 Remigii,
695 1437 815 1488 cujus
860 1437 992 1480 hodie

160 1493 271 1535 festa
291 1492 576 1543 celebramus,
594 1492 748 1535 laudes
768 1493 992 1536 addidisse

161 1549 345 1602 aliquid,
365 1548 641 1602 decerpsisse
665 1554 747 1591 est:
773 1549 992 1602 siquidem

160 1607 372 1648 virtutum
399 1607 491 1658 ejus
514 1606 656 1656 gratia
673 1618 763 1647 non
782 1607 990 1648 sermoni-

160 1661 243 1704 bus
271 1661 535 1714 exponenda
563 1666 647 1712 est,
675 1661 756 1704 sed
783 1662 992 1715 operibus

161 1717 505 1771 comprobanda.
560 1718 671 1759 Cum
716 1718 832 1759 enim
875 1717 993 1761 dicat

160 1774 401 1827 Scriptura:
438 1773 592 1816 Gloria
614 1775 754 1827 patris
782 1779 850 1816 est
876 1775 992 1816 filius

161 1831 353 1883 sapiens:
373 1834 550 1883 quantae
569 1830 697 1882 huius
714 1836 815 1872 sunt
829 1831 992 1882 gloriae,

162 1887 237 1940 qui
271 1888 495 1929 tantorum
534 1886 726 1928 filiorum
766 1887 993 1940 sapientia,

161 1948 206 1985 et
234 1943 472 1986 devotione
499 1941 697 1984 laetatur?
735 1943 787 1984 In
815 1943 992 1986 Christo

161 2000 276 2042 enim
311 2000 417 2041 Jesu
453 2011 534 2052 per
570 1999 857 2050 Evangelium
896 2000 993 2052 ipse

160 2069 243 2098 nos
261 2056 422 2108 genuit.

211 2119 263 2170 Εἰ,
296 2113 433 2154 Posui
461 2111 730 2164 adjutorium
757 2124 890 2165 super
917 2125 993 2165 po—

161 2171 348 2219 tentem,
395 2173 439 2210 et
478 2168 670 2210 exaltavi
709 2167 898 2210 electum
938 2169 993 2210 de

160 2225 292 2278 plebe
328 2238 446 2267 mea:
486 2231 509 2255 *
542 2225 700 2266 Manus
738 2225 856 2266 enim
895 2238 994 2267 mea

161 2281 447 2323 auxiliabitur
480 2281 531 2323 ei.
576 2280 626 2331 V.
658 2281 813 2322 Inveni
845 2281 994 2323 David

162 2350 339 2380 servum
365 2350 529 2387 meum,
567 2337 667 2379 oleo
706 2341 861 2378 sancto
892 2350 992 2379 meo

162 2394 268 2435 unxi
288 2406 399 2436 eum.
426 2394 594 2435 Manus.

461 2456 614 2498 Lectio
634 2456 686 2497 vi.

249 2509 434 2562 uidquid
474 2510 607 2561 igitur
642 2510 687 2550 in
723 2509 806 2550 hac
843 2514 995 2550 sancta

269 2565 400 2618 plebe
434 2571 584 2619 potest
617 2578 715 2607 esse
745 2565 919 2606 virtutis
951 2570 994 2606 et

163 2622 329 2672 gratiae,
349 2621 404 2664 de
418 2622 504 2664 hoc
523 2622 647 2674 quasi
664 2620 858 2674 quodam
874 2621 994 2662 fonte

163 2678 444 2728 lucidissimo,
462 2678 656 2720 omnium
670 2677 910 2719 rivulorum
924 2680 994 2729 pu-

1810 167 1877 201 353

1043 263 1150 305 ritas
1171 263 1400 305 emanavit.
1428 263 1603 304 Etenim
1629 264 1731 316 quia
1751 264 1875 305 casti-

1042 320 1146 361 tatis
1178 318 1377 372 pollebat
1405 319 1574 370 vigore,
1609 320 1712 371 quia
1744 319 1875 362 absti-

1043 376 1203 418 nentiae
1222 375 1495 426 gloriabatur
1515 377 1746 427 angustiis,
1775 377 1876 429 quia

1043 430 1354 473 blandimentis
1379 436 1472 473 erat
1490 432 1705 484 praeditus
1724 433 1875 474 lenita-

1043 488 1115 537 tis,
1142 487 1338 529 omnium
1365 488 1525 529 civium
1550 489 1594 529 in
1613 489 1758 530 Deum
1775 501 1875 542 pro-

1044 544 1221 585 vocavit
1253 543 1474 585 affectum:
1515 545 1617 596 quia
1648 545 1877 586 Pontificis

1044 600 1423 641 administratione
1442 600 1654 651 fulgebat,
1682 602 1832 654 plures
1853 615 1876 643 e

1045 656 1272 708 discipulis
1314 656 1491 708 reliquit
1531 657 1601 697 sui
1640 658 1876 699 sacerdotii

1045 714 1337 755 successores.
1394 716 1443 766 Rg.
1466 714 1556 755 Iste
1576 719 1643 756 est
1662 715 1747 766 qui.
1767 714 1851 766 [54]

1098 778 1141 810 In
1152 777 1216 810 III.
1228 776 1338 810 Noct.
1351 776 1522 809 Homilia
1536 776 1575 808 in
1588 776 1733 817 Evang.
1751 776 1875 810 Homo

1044 823 1216 866 peregre.
1232 824 1278 858 dc
1296 824 1433 858 codem
1446 823 1611 858 Comuni
1628 824 1655 857 1.
1669 823 1766 857 loco.
1784 822 1853 865 [56]

1099 873 1213 915 Vcsp.
1238 873 1285 906 dc
1311 883 1417 915 sequ.
1444 882 1641 906 commem.
1666 872 1831 914 praeced.

1269 947 1354 988 Die
1372 948 1409 987 2.
1430 946 1650 988 Octobris.

1106 1010 1175 1051 Ss.
1194 1010 1507 1060 Angelorum
1529 1010 1814 1052 Custodum.

1308 1067 1463 1111 Duplex
1481 1068 1614 1110 majus.
1926 1107 1928 1110 y

1101 1125 1187 1159 Ant.
1214 1130 1250 1159 et
1274 1125 1398 1168 Capit.
1425 1125 1471 1158 de
1496 1125 1615 1158 Laud.
1642 1123 1722 1167 361;
1750 1124 1810 1157 Ps.
1836 1127 1877 1157 ut

1044 1174 1082 1206 in
1108 1174 1133 1207 Ι.
1159 1174 1275 1216 Vesp.
1302 1174 1349 1207 de
1374 1173 1578 1207 Communi
1602 1173 1739 1215 Apost.
1766 1171 1813 1215 [2]

1356 1230 1565 1281 Hymnus.

1048 1286 1313 1377 sstustodes
1323 1288 1551 1387 honligssum
1560 1287 1790 1340 psallimus
1799 1290 1880 1330 An-

1096 1403 1281 1445 Naturae
1306 1358 1447 1500 frzggli
1474 1377 1586 1455 quos
1606 1403 1738 1445 Pater
1758 1402 1878 1444 addi-

1102 1516 1307 1558 Coelestis
1327 1463 1523 1566 co1lrt1ites,
1542 1515 1853 1557 insidiantibus

1199 1572 1268 1613 Ne
1289 1571 1597 1614 succumberet
1617 1572 1831 1613 hostibus.

1048 1644 1159 1683 Nam
1190 1640 1311 1693 quod
1336 1641 1552 1737 corlraerit
1576 1639 1780 1693 proditor
1807 1642 1877 1680 an-

1099 1753 1334 1795 Concessis
1353 1709 1511 1850 {ieeffib
1530 1753 1684 1805 pulsus
1703 1752 1878 1793 honori-

1096 1867 1271 1909 Ardens
1290 1821 1455 1906 invidlisa
1473 1865 1639 1918 pellere
1658 1865 1809 1907 nititur

1203 1923 1323 1973 Quos
1344 1922 1460 1964 coelo
1479 1922 1601 1964 Deus
1621 1922 1821 1964 advocat.

1048 1996 1146 2035 Huc
1170 1996 1321 2033 custos
1345 1991 1478 2042 igitur
1500 1991 1687 2044 pervigil
1707 1989 1879 2037 advola,

1098 2049 1318 2090 Avertens
1337 2047 1481 2100 patria
1501 2047 1556 2089 de
1575 2047 1655 2089 tibi
1676 2046 1845 2088 credita

1099 2105 1212 2145 Tam
1245 2103 1428 2145 morbos
1461 2103 1608 2152 animi,
1651 2115 1783 2155 quam
1815 2114 1878 2143 re-

1359 2159 1586 2211 quiescere

1203 2215 1429 2267 Quidquid
1447 2228 1536 2256 non
1555 2215 1658 2256 sinit
1675 2214 1853 2256 incolas.

1049 2288 1221 2328 Sanctae
1249 2284 1307 2326 sit
1325 2284 1477 2326 Triadi
1498 2284 1594 2325 laus
1617 2283 1691 2336 pia
1713 2284 1880 2335 jugiter,

1099 2342 1231 2393 Cujus
1250 2341 1466 2393 perpetuo
1485 2340 1662 2381 numine
1677 2340 1879 2382 machina

1098 2396 1281 2449 Triplex
1304 2396 1402 2438 haec
1425 2396 1606 2461 regitur,
1632 2397 1816 2449 cujus-in
1836 2398 1879 2437 o-

1358 2465 1477 2493 mma

1201 2509 1375 2559 Regnat
1392 2508 1533 2559 gloria
1551 2508 1724 2551 saecula.

1359 2565 1515 2607 Amen.

1101 2618 1150 2669 W.
1203 2622 1254 2661 In
1309 2623 1553 2674 conspectu
1606 2620 1878 2671 Angelorum

1046 2678 1233 2731 psallam
1264 2677 1345 2720 tibi
1374 2677 1496 2719 Deus
1527 2689 1662 2719 meus.
1703 2677 1753 2727 Rz.
1790 2673 1878 2715 Ad-
