2040 2944
610 172 722 206 Feria
746 171 789 204 V.
816 171 915 204 infru
940 170 1020 205 Oct.
1047 170 1081 204 S.
1106 170 1247 212 Angeli
1273 169 1469 203 Custodis.

176 266 241 317 jus
274 270 428 307 sancto
457 268 606 307 amore
634 265 930 316 inardescunt,
963 269 1006 308 ό-

175 323 293 363 mnia
312 335 410 374 quae
430 322 541 363 infra
561 327 672 372 sunt,
693 328 737 365 et
758 322 879 375 quod
897 323 1007 366 illud

176 384 254 428 est,
273 391 360 420 non
380 383 491 428 sunt,
511 391 647 431 seque
666 379 789 432 ipsos
805 380 919 422 intra
933 380 1007 421 illa

176 437 468 485 contemnunt,
493 441 541 477 ut
561 448 615 477 ex
633 440 741 486 toto,
763 435 884 488 quod
902 435 1008 478 boni
1130 441 1132 477 i

176 497 292 542 sunt,
321 504 374 533 eo
403 491 539 542 bono,
569 505 623 534 ex
649 505 737 544 quo
763 492 869 534 boni
896 498 1006 543 sunt,
1063 485 1106 518 ⁹³3-
1124 503 1142 514 “

174 548 464 601 perfruantur.

231 611 281 661 R.
294 606 416 647 Vivit
434 606 529 658 ipse
549 606 776 648 Deminus.
797 606 901 659 [261]

486 676 638 716 Lectio
661 690 697 715 v.

351 734 500 767 Ibidem
525 733 589 766 lib.
617 734 673 775 10,
697 743 779 776 cup.
804 732 833 766 7.

179 788 359 894 AEgeli
378 789 422 829 in
439 788 694 831 coelestibus
710 789 889 832 sedibus
906 804 1006 832 con—

283 845 423 887 stituti
439 845 712 888 immortales
728 851 772 888 et
786 846 916 898 beati,
933 848 1007 901 qui

175 902 388 944 createris
428 903 495 943 sui
530 903 870 956 participatiene
906 918 1006 956 gau-

176 958 292 1009 dent,
317 960 437 1011 cujus
462 960 708 1002 aeternitate
732 961 857 1011 firmi,
886 963 1007 1013 cujus

175 1016 360 1058 veritate
385 1017 503 1066 certi,
527 1017 649 1068 cujus
667 1020 848 1059 manere
868 1019 1007 1060 sancti

176 1078 292 1114 sunt:
313 1073 519 1125 queniam
538 1086 619 1115 nos
638 1074 848 1116 mortales
868 1080 912 1117 et
930 1078 1006 1116 mi-

176 1143 317 1180 seros,
346 1135 393 1172 ut
419 1130 691 1172 immortales
719 1131 926 1183 beatique
955 1133 1007 1173 si—

174 1200 281 1237 mus,
292 1187 637 1229 misericorditer
649 1187 844 1239 diligunt,
853 1189 1008 1232 nolunt

174 1257 257 1285 nos
277 1244 361 1286 sibi
378 1244 639 1294 sacrificare,
660 1244 740 1286 sed
755 1245 806 1295 ei,
827 1247 948 1298 cujus
965 1252 1008 1289 et

174 1301 258 1353 ipsi
285 1300 517 1343 nobiscum
542 1314 590 1343 se
617 1301 881 1344 sacrificium
909 1316 1007 1346 esse

174 1359 402 1399 noverunt.

231 1418 282 1469 R.
297 1415 493 1466 Angelus
512 1415 701 1457 Domini.
721 1416 825 1469 [261]

481 1482 633 1522 Lectio
655 1482 707 1521 vi.

252 1549 325 1577 um
343 1537 451 1590 ipsis
470 1550 620 1578 sumus
639 1551 726 1579 una
745 1538 899 1580 civitas
912 1539 1007 1588 Dei,

267 1595 336 1636 cui
355 1594 515 1636 dicitur
529 1594 573 1635 in
586 1595 781 1637 Psalmo:
802 1595 1008 1637 Gloriosa

176 1650 294 1693 dieta
317 1656 418 1693 sunt
444 1651 499 1693 de
523 1656 567 1693 te
587 1652 742 1694 civitas
762 1653 860 1694 Dei:
886 1654 1007 1705 cujus

175 1720 278 1760 pars
296 1708 339 1748 in
358 1707 486 1750 nobis
505 1709 823 1761 peregrinatur,
840 1723 944 1763 pars
963 1710 1008 1751 in

174 1764 259 1805 illis
282 1764 534 1818 opitulatur.
566 1766 635 1807 De
660 1766 734 1807 illa
754 1767 919 1819 quippe
939 1780 1006 1808 su-

175 1822 311 1873 perna
347 1821 543 1872 civitate,
580 1822 655 1864 ubi
685 1822 770 1864 Dei
803 1823 1008 1865 volantas

176 1877 461 1929 intelligibilis
486 1883 619 1931 atque
638 1879 1008 1922 incommutabilis

175 1934 248 1975 lex
277 1940 359 1976 est:
393 1935 448 1977 de
476 1935 551 1977 illa
579 1938 769 1989 superna
797 1936 1006 1989 quodam-

176 1990 311 2032 modo
349 1992 469 2034 curia
506 1993 686 2044 (geritur
721 2006 911 2046 namque
946 1994 1008 2036 ibi

178 2060 281 2088 cura
309 2047 365 2090 de
392 2049 534 2100 nobis)
567 2049 624 2091 ad
654 2062 735 2091 nos
763 2051 1008 2093 ministrata

177 2116 257 2202 peg
281 2104 476 2203 Agngelos
504 2111 654 2148 sancta
678 2107 907 2160 Scriptura
935 2107 1006 2150 de-

178 2173 225 2201 sc
254 2174 281 2201 n
315 2161 360 2202 it.

234 2220 282 2270 Rg.
298 2218 348 2258 In
369 2219 487 2260 omni
505 2218 797 2262 tribulatiene.
817 2221 921 2274 [261]

393 2297 442 2335 In
469 2298 539 2335 III.
566 2297 789 2335 Nocturno.

187 2361 339 2402 Lectio
361 2362 499 2403 sancti
512 2362 739 2414 Evangelii
766 2365 1008 2408 secandum

460 2418 730 2461 Matthaeum.

260 2479 410 2519 Lectio
432 2480 499 2519 vii.
748 2484 850 2534 Cap.
874 2484 929 2522 18.

179 2533 255 2640 In
281 2538 356 2580 illo
383 2541 599 2592 tempore:
626 2543 922 2586 Accesserunt
948 2544 1007 2586 di-

246 2595 403 2648 scipuli
417 2596 473 2637 ad
487 2597 511 2637 J
514 2610 646 2647 esum,
663 2599 872 2643 dicentes:
892 2602 1009 2652 Quis,

180 2658 328 2704 putas,
364 2654 502 2705 major
535 2660 602 2696 est
632 2656 676 2696 in
707 2670 843 2709 regno
877 2658 1008 2700 coelo-

181 2708 300 2751 rum?
338 2709 394 2752 Et
421 2710 601 2762 reliqua.

1067 265 1254 308 Homilia
1285 265 1425 308 saneti
1450 264 1666 307 Bernardi
1692 264 1892 307 Abbatis.

1139 335 1246 369 Tom.
1274 335 1300 368 1.
1326 334 1365 368 in
1389 334 1533 369 Festiv.
1558 334 1593 370 S.
1618 334 1829 370 Michaelis.

1135 398 1159 447 ,g
1173 401 1243 429 am
1278 400 1385 430 vero
1423 400 1553 440 quem
1591 399 1680 428 non
1714 388 1892 428 moveat

1190 444 1311 496 quod
1340 444 1538 497 sequitur
1565 444 1608 484 in
1636 442 1892 494 Evangelio:

1189 502 1234 544 Si
1260 501 1414 543 oculus
1442 506 1544 543 tuus
1572 499 1892 542 scandalizave-

1060 559 1116 601 rit
1143 564 1203 608 te,
1233 561 1337 600 erue
1365 558 1488 600 eum?
1525 556 1751 609 Numquid
1778 556 1894 598 enim

1060 615 1341 669 corporalem
1385 614 1500 656 hunc
1536 614 1711 656 eculum
1747 615 1893 654 mone-

1059 686 1157 714 mur
1181 675 1345 722 eruere,
1372 676 1448 713 aut
1467 684 1599 713 unam
1618 683 1673 712 ex
1691 669 1893 711 manibus

1060 730 1170 779 istis,
1197 729 1395 771 similiter
1419 734 1463 771 et
1481 742 1615 770 unum
1634 726 1893 770 abscindere

1059 785 1245 840 pedem?
1282 786 1415 828 Absit
1441 798 1466 827 a
1491 785 1619 827 nobis
1643 783 1894 837 hujusmodi

1061 843 1246 885 carnalis
1271 845 1449 885 omnino
1475 848 1519 885 et
1541 842 1670 883 nimis
1689 840 1893 883 ridicule-

1060 914 1109 942 sa
1129 901 1352 952 cogitatio.

1117 961 1475 1018 RMachabaeuS.
1494 961 1600 1014 [261]
1631 998 1636 1002 .

1351 1035 1504 1077 Lectio
1527 1035 1611 1077 viii.

1065 1092 1248 1199 Porro
1292 1093 1454 1146 triplex
1499 1093 1596 1135 fieri
1637 1091 1894 1135 scandalum

1177 1149 1296 1193 istud
1323 1150 1581 1203 quotidiano
1609 1149 1737 1191 nobis
1761 1161 1894 1191 nosse

1060 1209 1163 1251 licet
1183 1207 1499 1260 experimento.
1532 1205 1760 1248 Interdum
1779 1205 1894 1247 enim

1061 1271 1128 1308 est
1159 1266 1204 1306 in
1232 1264 1361 1306 nobis
1394 1263 1604 1317 spiritalis
1637 1262 1893 1304 intenti6nis

1061 1323 1215 1364 Oculus
1239 1321 1437 1374 simplex,
1463 1325 1508 1362 et
1534 1320 1609 1372 qui
1632 1319 1786 1371 gratiae
1805 1332 1892 1361 ma-

1059 1380 1126 1430 gis
1153 1392 1285 1431 quam
1309 1383 1461 1420 noster
1486 1376 1698 1419 dicendus
1718 1376 1789 1426 sit,
1813 1375 1894 1418 sed

1061 1436 1330 1479 scandalizat
1355 1447 1438 1476 nos
1467 1433 1620 1476 oculus
1647 1437 1815 1483 noster,
1849 1437 1894 1474 et

1062 1494 1137 1546 qui
1151 1505 1255 1535 vere
1275 1505 1301 1533 a
1318 1491 1448 1533 nobis
1468 1496 1547 1541 est,
1568 1489 1672 1532 dum
1687 1489 1892 1531 voluntas

1059 1555 1211 1592 nostra
1235 1549 1365 1591 aliam
1383 1548 1526 1589 minus
1546 1551 1712 1589 castam
1732 1547 1892 1599 impor-

1059 1611 1164 1649 tune
1191 1606 1349 1658 ingerit
1375 1604 1680 1654 intentionem3
1713 1602 1793 1645 sed
1820 1602 1893 1644 ha-

1059 1665 1214 1707 bemus
1248 1675 1380 1716 super
1415 1662 1502 1704 hoc
1539 1660 1716 1703 salubre
1753 1662 1892 1702 consi-

1059 1722 1166 1763 lium
1184 1720 1441 1763 Salvateris:
1465 1720 1581 1760 Erue
1607 1731 1717 1768 eum,
1740 1717 1893 1770 inquit,

1061 1783 1105 1820 et
1130 1778 1295 1832 prejice
1319 1776 1399 1818 abs
1421 1781 1477 1818 te.
1511 1776 1613 1817 Hoc
1636 1779 1782 1816 autem
1805 1773 1892 1824 fiet,

1061 1836 1098 1877 si
1115 1848 1205 1877 non
1224 1834 1485 1884 consentias,
1509 1833 1546 1874 si
1565 1831 1754 1884 abjicias,
1773 1831 1811 1872 si
1829 1843 1893 1872 re-

1061 1895 1203 1935 sistas
1254 1891 1390 1934 Simili
1421 1889 1557 1932 modo
1591 1888 1648 1931 de
1677 1901 1810 1930 manu
1841 1900 1893 1929 ac

1060 1949 1176 2003 pede
1204 1954 1272 1991 est
1297 1945 1640 1998 intelligendum.

1117 2019 1167 2069 R.
1181 2015 1251 2056 Tu
1270 2014 1471 2056 Demine.
1490 2012 1600 2066 [262]

1370 2086 1521 2127 Lectio
1542 2086 1595 2126 ix.

1167 2159 1211 2187 m
1248 2150 1396 2187 autem
1428 2144 1557 2186 bonis
1591 2141 1800 2196 operibus
1831 2141 1891 2182 in-

1157 2205 1322 2252 tentos,
1356 2201 1413 2244 ad
1441 2201 1526 2242 alia
1555 2202 1692 2253 epera
1717 2198 1893 2241 trahere

1060 2260 1264 2303 voluntas
1296 2258 1478 2312 prepria
1506 2259 1706 2306 conatur,
1738 2267 1892 2296 manus

1061 2322 1213 2359 nostra
1246 2321 1329 2365 est,
1363 2328 1462 2368 quae
1495 2312 1764 2356 scandalizat
1795 2324 1892 2362 nos3

1061 2372 1141 2416 sed
1161 2372 1360 2415 abscindi
1379 2371 1522 2421 debet,
1542 2375 1586 2412 et
1606 2368 1759 2422 projici
1778 2381 1804 2409 a
1818 2381 1893 2409 no-

1061 2431 1146 2481 bis,
1178 2435 1227 2471 ut
1258 2442 1348 2471 non
1376 2429 1416 2470 ei
1443 2426 1782 2469 consentiamus.
1822 2425 1893 2466 Sic

1062 2488 1193 2529 etiam
1219 2486 1436 2540 proficere
1461 2484 1506 2525 in
1533 2487 1685 2525 sancta
1713 2494 1892 2523 conver·
1931 2520 1933 2522 .

1062 2544 1248 2593 satione,
1282 2547 1325 2584 et
1353 2539 1593 2583 ascendere
1619 2552 1702 2591 per
1728 2537 1893 2589 gradus

1061 2600 1203 2651 scalae,
1219 2612 1318 2652 quae
1328 2596 1467 2640 Jacob
1482 2595 1698 2649 apparuit,
1712 2608 1764 2636 ac
1774 2596 1893 2647 juxta

1062 2657 1183 2709 quod
1211 2657 1271 2699 ait
1297 2654 1546 2703 Psalmista‚
1576 2652 1631 2695 de
1661 2653 1822 2694 virtute
1849 2652 1893 2692 in

1061 2714 1271 2756 virtatem
1295 2712 1360 2754 ire
1388 2710 1703 2760 desiderantes,
1729 2708 1892 2761 saepius
