2040 2944
637 203 678 235 In
706 203 826 236 Festis
851 203 890 236 B.
916 203 1046 236 Mariae
1070 203 1113 236 Y.
1139 214 1206 246 per
1231 214 1378 237 annum.

170 298 194 324 *
211 311 265 340 ex
292 297 446 351 quibus
467 297 790 339 delectaverunt
812 302 856 339 te
884 297 985 338 filiae

170 367 320 405 regum
346 355 389 395 in
417 354 582 395 honore
609 359 696 396 tuo.

221 410 371 452 Astitit
402 413 550 461 regina
583 423 608 451 a
635 410 798 452 dextris
831 410 916 452 tuis
942 410 986 450 in

170 469 329 508 vestitu
348 466 571 508 deaurato:
588 467 612 492 *
631 466 897 508 circumdata
915 479 985 507 va-

170 523 333 565 rietate.

222 579 339 620 Audi
361 579 459 628 filia,
481 584 524 621 et
542 578 651 628 vide,
671 584 715 620 et
737 579 894 620 inclina
917 592 986 620 au-

171 648 263 676 rem
280 640 413 676 tuam:
423 636 446 661 *
457 640 500 676 et
511 635 766 677 obliviscere
778 636 987 688 populum

172 696 304 741 tuum,
332 696 375 733 et
402 691 579 733 domum
603 692 739 744 patris
766 692 839 733 tui.
932 732 934 734 .

222 747 278 789 Et
293 750 570 800 concupiscet
587 748 684 789 Rex
703 747 906 790 decorem
924 754 986 790 tu-

170 817 257 845 um:
283 804 307 830 *
336 803 538 856 quoniam
564 804 658 856 ipse
685 809 750 845 est
776 804 986 846 Dominus

170 860 290 901 Deus
317 864 427 909 tuus,
455 865 499 901 et
525 859 769 902 adorabunt
797 873 904 902 eum.

223 917 279 958 Et
295 915 395 957 filiae
414 916 520 968 Tyri
538 917 582 957 in
600 916 848 958 muneribus
862 919 884 943 *
900 917 987 959 vul-

171 977 263 1014 tum
294 977 415 1014 tuum
443 972 805 1025 deprecabantur:
839 987 988 1015 omnes

172 1028 328 1070 divites
355 1028 505 1081 plebis.

225 1085 374 1126 Omnis
392 1085 530 1135 gloria
551 1086 638 1137 ejus
663 1085 762 1127 filiae
782 1087 914 1137 Regis
934 1086 988 1128 ab

171 1141 296 1191 intus,
322 1142 346 1167 *
369 1142 412 1182 in
438 1141 617 1183 fimbriis
642 1142 783 1183 aureis
812 1143 988 1184 circum-

173 1199 329 1239 amicta
355 1197 646 1239 varietatibus.

224 1253 508 1295 Adducentur
536 1254 646 1305 Regi
671 1255 858 1306 virgines
889 1260 991 1308 post

174 1322 283 1350 eam:
293 1310 316 1335 *
326 1310 537 1362 proximae
554 1311 642 1362 ejus
657 1310 888 1353 afferentur
902 1311 990 1353 tibi.

225 1365 473 1407 Afferentur
499 1366 543 1406 in
561 1366 712 1408 laetitia
739 1372 783 1409 et
807 1368 990 1409 exsulta-

173 1421 305 1463 tione:
339 1422 362 1447 *
395 1421 664 1464 adducentur
702 1423 746 1464 in
781 1423 991 1476 templum

173 1478 317 1528 Regis.

225 1533 312 1575 Pro
339 1534 536 1586 patribus
563 1535 647 1576 tuis
672 1535 762 1577 nati
788 1541 888 1578 sunt
914 1536 992 1578 tibi

174 1589 267 1630 filii:
284 1590 308 1615 *
327 1592 563 1632 constitues
585 1603 660 1632 eos
684 1592 902 1644 principes
925 1605 991 1633 su-

176 1658 255 1698 per
283 1658 455 1687 omnem
480 1651 652 1688 terram.

227 1702 444 1743 Memores
482 1707 607 1744 erunt
641 1703 826 1744 nominis
860 1704 941 1745 tui:
968 1704 991 1729 *

177 1757 222 1798 in
246 1757 363 1799 omni
385 1758 662 1808 generatione
688 1764 731 1801 et
754 1760 991 1810 generatio-

176 1826 285 1855 nem.

227 1870 469 1922 Propterea
494 1870 646 1923 populi
673 1872 992 1914 confitebuntur

177 1925 256 1967 tibi
281 1926 326 1966 in
353 1928 576 1967 aeternum:
599 1927 623 1952 *
647 1932 690 1968 et
716 1928 760 1968 in
787 1928 994 1970 saeculum

177 1981 335 2023 saeculi.

228 2038 326 2078 Ant.
351 2038 504 2090 Specie
521 2043 596 2080 tua
615 2044 658 2081 et
674 2040 994 2092 pulchritudine

177 2098 254 2135 tua
272 2093 464 2144 intende,
488 2097 699 2147 prospere
717 2097 923 2149 procede,
953 2102 996 2139 et

177 2163 319 2201 regna.
971 2190 974 2193 ,

229 2210 327 2249 Ant.
347 2207 584 2258 Adiuvabit
599 2220 695 2249 eam
706 2209 729 2234 *
739 2209 859 2250 Deus
874 2210 996 2251 vultu

179 2274 272 2303 suo:
291 2263 412 2304 Deus
430 2263 474 2304 in
492 2263 636 2305 medio
658 2265 758 2316 ejus,
779 2278 866 2306 non
882 2279 995 2307 com-

177 2318 432 2360 movebitur.

442 2379 638 2419 Psalmus
667 2379 731 2418 45.

181 2429 341 2535 Deus
364 2436 512 2472 noster
532 2432 756 2482 refugium,
783 2438 826 2474 et
844 2433 996 2475 virtus:

285 2485 308 2511 *
344 2486 515 2538 adjutor
550 2488 593 2528 in
632 2488 996 2539 tribulationibUS,

183 2553 280 2592 quae
299 2541 554 2584 invenerunt
570 2557 652 2585 nos
670 2545 806 2585 nimis.

231 2597 468 2650 Propterea
498 2612 585 2641 non
617 2601 862 2642 timebimus
895 2601 998 2643 dum

181 2652 424 2695 turbabitur
451 2659 581 2696 terra:
608 2657 631 2682 *
662 2662 706 2698 et
740 2658 996 2699 transferen-

181 2712 252 2748 tur
269 2714 439 2752 montes
458 2711 503 2751 in
521 2724 597 2754 cor
614 2713 756 2754 maris.

1088 298 1342 349 Sonuerunt,
1358 305 1400 341 et
1414 300 1600 341 turbatae
1617 304 1716 340 sunt
1729 312 1854 351 aquae

1039 356 1204 395 eorum:
1233 356 1255 381 *
1284 356 1529 398 conturbati
1558 360 1658 397 sunt
1682 360 1853 396 montes

1037 410 1080 450 in
1099 410 1351 454 fortitudine
1371 414 1470 464 eius.

1088 467 1296 509 Fluminis
1323 471 1510 521 impetus
1537 468 1729 510 laetificat
1756 467 1854 509 civi—

1038 525 1174 564 tatem
1194 524 1289 565 Dei:
1309 525 1332 550 *
1352 525 1634 567 sanctificavit
1657 524 1854 566 taberna-

1040 579 1183 620 culum
1203 594 1327 621 suum
1346 581 1603 623 Altissimus.

1089 636 1208 677 Deus
1227 637 1270 677 in
1288 637 1431 679 medio
1448 639 1548 689 ejus,
1563 651 1649 680 non
1667 651 1855 680 commo-

1040 691 1223 733 vebitur:
1241 694 1264 719 *
1285 693 1503 745 adjuvabit
1522 707 1617 736 eam
1631 695 1750 736 Deus
1769 707 1854 735 ma-

1039 761 1093 790 ne
1113 748 1312 791 diluculo.

1092 805 1370 847 Conturbatae
1399 811 1497 848 sunt
1517 808 1698 857 Gentes,
1727 811 1770 848 et
1796 806 1855 846 in-

1041 861 1197 903 clinata
1224 867 1323 904 sunt
1350 876 1495 914 regna:
1514 864 1537 889 *
1557 863 1677 905 dedit
1703 875 1856 904 vocem

1041 931 1172 967 suam,
1191 923 1309 960 mota
1329 924 1394 960 est
1412 924 1536 961 terra.

1090 975 1303 1016 Dominus
1330 976 1535 1017 virtutum
1562 974 1806 1017 nobiscum:
1832 975 1855 999 *

1041 1033 1268 1083 susceptor
1286 1036 1435 1073 noster
1452 1033 1571 1073 Deus
1590 1031 1737 1072 Jacob.

1092 1087 1263 1137 Venite,
1288 1093 1331 1129 et
1352 1088 1495 1129 videte
1519 1091 1653 1140 opera
1670 1086 1856 1135 Domini,

1043 1155 1139 1195 quae
1158 1144 1305 1196 posuit
1323 1144 1521 1196 prodigia
1537 1156 1666 1196 super
1679 1148 1857 1185 terram:

1041 1200 1065 1225 *
1097 1200 1295 1241 anferens
1326 1199 1440 1241 bella
1471 1213 1609 1252 usque
1641 1199 1697 1241 ad
1728 1199 1858 1240 finem

1041 1260 1180 1297 terrae.

1094 1312 1257 1353 Arcum
1289 1314 1499 1362 conteret,
1541 1317 1583 1354 et
1619 1311 1859 1361 confringet

1044 1380 1178 1408 arma:
1197 1369 1220 1394 *
1240 1373 1283 1409 et
1302 1373 1425 1410 scuta
1445 1368 1671 1410 comburet
1689 1367 1786 1418 igni.

1094 1425 1276 1473 Vacate,
1304 1429 1347 1466 et
1374 1424 1519 1466 videte
1548 1424 1750 1476 quoniam
1778 1436 1859 1473 ego

1044 1493 1139 1521 sum
1154 1481 1289 1522 Deus:
1303 1481 1327 1506 *
1339 1480 1563 1522 exaltabor
1579 1481 1621 1520 in
1638 1479 1860 1528 Gentibus,

1045 1540 1088 1577 et
1109 1536 1334 1577 exaltabor
1352 1537 1395 1577 in
1413 1542 1539 1578 terra.

1095 1592 1308 1633 Dominus
1335 1593 1542 1634 virttitum
1569 1591 1811 1633 nobiscum:
1837 1590 1861 1616 *

1045 1650 1273 1700 susceptor
1290 1653 1440 1690 noster
1457 1649 1577 1689 Deus
1596 1647 1742 1688 Jacob.

1096 1707 1192 1747 Ant.
1226 1704 1458 1755 Adiuvabit
1483 1717 1578 1745 eam
1596 1704 1716 1744 Deus
1739 1702 1861 1743 vultu

1046 1773 1141 1801 suo:
1159 1760 1279 1802 Deus
1298 1760 1341 1801 in
1359 1760 1503 1802 medio
1525 1761 1623 1811 ejus,
1642 1772 1730 1800 non
1749 1771 1862 1800 com·

1045 1817 1301 1858 movebitur.

1096 1873 1195 1911 Ant.
1224 1873 1345 1914 Sicut
1366 1872 1605 1914 laetantium
1625 1872 1648 1897 *
1673 1871 1863 1912 omnium

1046 1935 1243 1971 nostrum
1259 1929 1470 1971 habitatio
1491 1934 1557 1970 est
1575 1929 1619 1969 in
1637 1932 1692 1978 te,
1714 1931 1863 1968 sancta

1046 1986 1129 2027 Dei
1147 1986 1353 2027 Genitrix.

1315 2039 1512 2079 Psalmus
1534 2040 1597 2079 86.

1046 2091 1389 2195 Fundamenta
1429 2099 1518 2150 ejus
1557 2098 1601 2138 in
1644 2097 1863 2139 montibus

1142 2154 1314 2195 sanctis:
1332 2154 1356 2179 *
1376 2153 1516 2205 diligit
1533 2154 1746 2195 Dominus
1765 2166 1863 2206 por-

1048 2216 1116 2251 tas
1139 2210 1242 2251 Sion
1265 2222 1395 2263 super
1419 2210 1563 2251 omnia
1585 2209 1865 2251 tabernacula

1047 2266 1194 2307 Jacob.

1100 2323 1302 2364 Gloriosa
1321 2322 1438 2364 dicta
1456 2326 1555 2363 sunt
1575 2322 1630 2363 de
1648 2327 1702 2371 te,
1721 2323 1745 2349 *
1764 2321 1862 2362 civi-

1048 2383 1114 2419 tas
1133 2378 1226 2420 Dei.

1098 2434 1265 2475 Memor
1285 2447 1360 2476 ero
1379 2432 1544 2482 Rahab,
1567 2438 1610 2474 et
1627 2432 1863 2485 Babylonis

1048 2491 1071 2515 *
1091 2491 1316 2532 scientium
1333 2503 1413 2532 me.

1098 2547 1212 2587 Eece
1244 2546 1513 2598 alienigenae,
1551 2550 1594 2587 et
1624 2545 1784 2597 Tyrus,
1821 2548 1863 2584 et

1048 2602 1236 2655 populus
1263 2602 1534 2655 AEthiopum,
1565 2602 1588 2627 *
1619 2601 1663 2642 hi
1693 2601 1863 2641 fuerunt

1048 2658 1145 2699 illic.

1099 2714 1323 2766 Numquid
1346 2714 1448 2756 Sion
1474 2714 1603 2756 dicet:
1629 2712 1791 2759 Hom0,
1818 2713 1862 2750 et
