2040 2944
562 190 634 225 Dic
658 192 713 226 23.
738 193 837 227 Nov.
884 195 918 229 S.
944 196 1085 231 Jacobi
1110 199 1155 233 de
1181 200 1351 235 Marchia
1379 202 1486 237 Cont'.

1793 202 1884 247 [327]

509 293 672 335 Oratio.

260 360 349 399 euS,
376 349 451 401 qui
469 350 526 392 ad
545 351 787 394 animarum
807 354 1004 406 salatem,

169 352 255 459 D
282 409 326 447 et
341 409 601 458 peccatores
617 421 641 449 e
653 408 861 452 vitiorum
875 424 1003 453 coeno

173 461 231 504 ad
249 462 365 504 viam
387 462 562 505 virtutis
586 466 880 517 revocandos,
904 467 1004 509 bea—

172 522 265 559 tum
294 517 510 560 Jacebum
539 519 849 563 Confessorem
880 528 1004 565 tuum

171 574 398 626 Evangelii
417 578 670 628 praeconem
686 579 890 620 eximium
904 580 1003 622 effe-

173 631 288 672 cisti:
325 631 520 674 concede
554 635 792 687 propitius3
828 641 877 677 ut
912 638 1003 689 ejus

170 687 486 730 intercessi6ne
520 702 545 730 a
572 691 769 742 peccatis
802 693 1003 735 omnibus

171 743 352 796 expiati,
378 744 513 786 vitam
537 750 860 800 consequamur
879 752 1002 792 aeter-

171 812 283 841 nam.
309 801 395 842 Per
412 801 661 844 Dominum.

216 863 261 898 In
293 865 319 899 1.
349 865 550 900 Nocturno
584 867 790 903 Lectiones
824 870 871 905 de
898 871 995 906 Scri-

164 915 278 955 ptura
303 918 538 948 occurrente.

388 992 438 1031 In
465 993 515 1031 H.
545 992 769 1035 Nocturno.

462 1062 617 1104 Lectio
646 1064 699 1105 iv.

178 1150 208 1185 :222
243 1134 446 1190 ⁴facebus
478 1136 628 1179 Monte
664 1137 899 1180 Prandono
933 1140 1000 1180 Pi-

231 1205 270 1246 με,
297 1192 394 1234 ceni
408 1193 588 1245 Oppido,
607 1193 651 1235 in
667 1193 849 1236 dioecesi
863 1196 999 1237 Ascu-

227 1248 270 1255 ”’“’
296 1248 407 1299 lana,
419 1249 504 1302 piis
519 1250 776 1302 parentibus
790 1257 930 1303 natus,
943 1253 999 1294 ab

136 1342 141 1345 .
166 1303 265 1356 ipsa
295 1306 486 1358 pueritia
519 1306 736 1349 bonarum
769 1309 929 1350 artium
957 1314 1001 1351 et

165 1359 412 1403 litterarum
435 1362 582 1404 studia
603 1376 763 1415 magna
786 1378 885 1406 cum
910 1366 999 1418 pie-

165 1419 258 1459 tate
283 1419 519 1470 conjunxit.
553 1419 830 1463 Adolescens
848 1423 1000 1464 mundi

165 1473 405 1516 vanitatem
441 1476 658 1527 cogitans,
691 1477 999 1520 Carthusiano-

165 1542 263 1572 rum
287 1531 489 1574 instituto
517 1545 678 1575 nomen
704 1534 810 1576 dare
839 1536 997 1576 consti-

164 1589 324 1629 tuerat:
342 1588 440 1630 Deo
456 1594 615 1640 tamen,
635 1590 710 1642 qui
725 1603 824 1632 eum
839 1591 897 1633 ad
912 1592 997 1632 ani-

163 1645 335 1686 marum
357 1645 560 1696 salutem,
587 1651 631 1688 et
653 1646 758 1688 fidei
781 1660 997 1700 propaga-

163 1699 329 1742 tionem
353 1701 668 1754 destinaverat,
693 1703 896 1755 ducente,
919 1705 995 1745 Mi-

163 1758 322 1798 norum
346 1758 555 1800 familiam
578 1759 802 1824 ingressus
828 1766 905 1802 est.
945 1762 996 1802 In

163 1812 263 1865 ipso
297 1814 518 1866 tirocinio,
556 1815 678 1868 quod
710 1816 754 1857 in
790 1817 995 1859 coen6bio

165 1869 403 1912 Carcerum
435 1872 555 1924 apud
588 1873 806 1914 Assisium
837 1874 995 1925 posuit,

164 1925 428 1978 obedientia,
449 1931 724 1982 paupertate,
749 1932 995 1982 ceterisque

163 1982 398 2026 virtutibus
421 1985 484 2027 ita
507 1986 726 2035 excelluit,
751 1990 800 2027 ut
826 1985 994 2037 religio-

164 2051 226 2079 sae
254 2040 537 2092 perfectionis
569 2043 794 2095 exemplar
822 2042 994 2084 absolu-

163 2095 380 2137 tissimum
416 2097 472 2140 ab
507 2098 711 2140 omnibus
747 2098 994 2140 haberetur.

162 2150 473 2202 Virginitatem
517 2157 736 2207 perpetuo
780 2154 994 2196 illibatam

161 2209 373 2259 servavit,
418 2210 550 2252 trium
590 2211 800 2253 horarum
837 2225 992 2253 somno

161 2267 411 2316 contentus,
442 2267 656 2320 reliquam
682 2274 858 2310 noctem
885 2268 989 2310 divi-

160 2320 227 2362 nis
256 2321 300 2362 in
328 2321 549 2374 latidibus,
582 2325 774 2366 cruentis
802 2324 990 2375 flagella-

159 2377 352 2419 ti6nibus
372 2383 607 2432 rerumque
628 2380 873 2422 coelestium
892 2393 990 2421 con-

158 2434 446 2486 templati6ne
471 2436 752 2487 transigebat.
786 2436 991 2477 Loricam

159 2489 346 2532 ferream
370 2505 504 2544 supra
526 2492 667 2534 nudas
691 2505 845 2534 carnes
867 2493 990 2534 annis

159 2547 349 2596 gestavit
366 2561 509 2600 prope
529 2549 691 2599 viginti,
720 2561 851 2600 quam
869 2550 988 2601 post-

160 2614 212 2643 ea
238 2603 358 2654 jussu
384 2605 644 2654 sacerdotis,
674 2605 748 2656 qui
772 2605 862 2655 ejus
889 2617 989 2645 con-

159 2658 373 2701 fessi6nes
399 2661 656 2713 excipiebat,
681 2660 821 2702 cilicio
843 2662 987 2712 asper-

158 2714 270 2756 rimo
308 2717 606 2760 commutavit.
660 2716 802 2758 Semel
836 2716 880 2757 in
918 2716 988 2757 die

1057 304 1172 343 pane
1199 298 1242 334 et
1270 307 1384 346 aqua
1404 295 1693 347 ·vescebatur‚
1722 298 1884 340 additis

1057 360 1158 390 raro
1187 350 1333 391 crudis
1356 351 1468 392 fabis
1496 352 1733 406 herbisque
1759 355 1884 397 silve-

1058 404 1220 446 stribus
1244 405 1417 448 obsonii
1439 407 1550 450 loco.
1587 410 1727 459 Quam
1747 410 1883 452 duris-

1058 460 1212 502 simam
1256 463 1433 505 vivendi
1476 465 1690 507 rationem
1734 468 1884 517 tenuit,

1058 516 1200 559 donec
1224 521 1355 560 aetate
1379 523 1650 572 provectum,
1674 529 1717 565 et
1740 523 1797 565 ob
1819 537 1882 565 as-

1059 573 1209 615 siduos
1226 575 1402 617 labores
1420 577 1535 618 mala
1552 578 1755 620 affectum
1769 580 1882 622 vale-

1056 631 1219 682 tudine,
1242 637 1291 674 ut
1308 633 1456 674 mitius
1476 634 1712 686 aliquando
1734 649 1883 678 secum

1057 690 1218 739 ageret,
1242 689 1381 730 sancti
1400 690 1661 732 Bernardini
1679 693 1882 734 Senensis

1056 744 1296 785 auctoritas
1313 746 1496 798 impulit.

1107 816 1159 868 Rz.
1185 814 1434 856 Honestum
1461 816 1564 858 fecit
1588 817 1709 858 illum
1734 818 1881 859 Demi-

1055 883 1148 920 nus,
1173 874 1217 911 et
1236 870 1475 913 custodivit
1495 885 1593 914 eum
1613 873 1667 915 ab
1687 874 1882 924 inimicis,

1055 930 1099 966 et
1126 939 1151 967 a
1175 926 1483 970 seductoribus
1508 930 1668 971 tutavit
1695 930 1830 971 illum:
1854 934 1877 958 *

1054 982 1111 1023 Et
1140 982 1262 1024 dedit
1294 984 1356 1024 illi
1388 984 1631 1027 claritatem
1663 989 1882 1029 aeternam.

1051 1037 1101 1088 V.
1136 1039 1309 1080 Justum
1342 1039 1524 1083 deduxit
1555 1043 1771 1084 Deminus
1802 1057 1881 1096 per

1054 1095 1147 1136 vias
1167 1101 1321 1146 rectaS,
1348 1102 1390 1139 et
1410 1098 1602 1140 ostendit
1619 1099 1681 1139 illi
1700 1112 1881 1150 regnum

1053 1151 1148 1193 Dei.
1175 1152 1232 1193 Et
1253 1153 1385 1195 dedit.

1360 1240 1511 1281 Lectio
1532 1256 1568 1281 v,

1051 1299 1308 1405 Sacerdos
1345 1309 1502 1359 factus,
1548 1315 1591 1352 et
1627 1310 1683 1352 ad
1724 1324 1879 1352 munus

1156 1366 1446 1407 concionandi
1472 1366 1683 1417 delectus,
1709 1368 1809 1408 vivo
1836 1373 1879 1409 et

1053 1422 1221 1464 efficaci
1247 1425 1449 1464 sermone
1475 1423 1638 1474 flagitia
1655 1423 1879 1465 hominum

1052 1481 1305 1520 constanter
1348 1484 1392 1521 et
1432 1479 1569 1521 libere
1609 1479 1879 1531 increpabat:

1050 1547 1132 1576 nec
1157 1535 1277 1576 viros
1302 1535 1474 1577 nobiles
1503 1549 1554 1577 ac
1581 1538 1787 1588 potentes
1815 1549 1878 1577 re-

1049 1590 1324 1643 prehendere
1344 1597 1411 1633 est
1425 1592 1600 1642 veritus
1620 1592 1657 1632 si
1674 1605 1785 1643 quos
1801 1593 1878 1633 cri-

1049 1647 1237 1689 minibus
1264 1648 1458 1690 irretitos
1487 1647 1758 1699 offendisset3
1787 1653 1877 1690 tan-

1048 1706 1209 1755 tusque
1236 1704 1371 1746 fiebat
1399 1705 1455 1746 ad
1483 1717 1582 1746 eum
1611 1704 1877 1747 audiendum

1050 1764 1301 1812 concursus,
1319 1766 1367 1802 ut
1387 1774 1486 1803 cum
1500 1761 1790 1813 frequentiam
1809 1765 1876 1804 ca-

1047 1829 1154 1868 pere
1186 1817 1257 1859 vel
1289 1830 1447 1868 magna
1473 1818 1639 1870 templa
1666 1830 1753 1859 non
1776 1831 1876 1871 pos-

1049 1878 1156 1923 sent,
1179 1874 1223 1914 in
1248 1874 1407 1927 plateis
1431 1879 1564 1927 atque
1588 1875 1700 1915 areis
1725 1877 1876 1926 sugge-

1049 1934 1118 1971 sta
1146 1930 1251 1981 erigi
1282 1931 1447 1983 passim
1480 1931 1716 1983 oporteret.
1760 1931 1876 1973 Hinc

1047 1986 1350 2038 imperatOres,
1365 1999 1491 2037 reges
1507 1991 1550 2028 et
1562 1987 1773 2039 praesules
1788 2000 1873 2028 am-

1046 2042 1232 2094 plissimi
1247 2043 1447 2085 certatim
1462 2043 1580 2096 apud
1595 2055 1642 2084 se
1659 2055 1757 2084 eum
1774 2056 1873 2085 con-

1047 2099 1296 2140 cionantem
1320 2099 1482 2141 habere
1508 2099 1749 2141 voluerunt.
1784 2099 1872 2141 Me-

1047 2154 1214 2197 diolani
1237 2155 1292 2197 de
1310 2155 1582 2207 Magdalenae
1602 2156 1791 2197 lacrimis
1812 2155 1872 2197 di·

1046 2225 1160 2261 cenS,
1179 2224 1257 2253 sex
1273 2217 1316 2253 et
1330 2212 1506 2263 triginta
1520 2211 1764 2264 impudicas
1780 2225 1870 2253 mu-

1045 2268 1173 2309 lieres
1217 2281 1242 2308 a
1277 2268 1396 2319 turpi
1441 2273 1612 2319 quaestu
1658 2268 1870 2319 avocavit,

1046 2324 1203 2376 quibus
1245 2324 1378 2364 etiam
1414 2324 1600 2376 pecunia
1638 2326 1870 2374 corrogata

1043 2379 1100 2421 ad
1131 2380 1202 2432 pie
1230 2379 1466 2421 vivendum
1498 2379 1767 2421 domicilium
1799 2392 1869 2421 ex-

1043 2436 1211 2477 struxit.
1246 2436 1359 2476 Tum
1379 2435 1539 2476 Sfortia
1563 2434 1674 2477 duce
1699 2449 1750 2477 ac
1769 2436 1867 2477 civi-

1042 2491 1125 2533 bus
1169 2491 1450 2532 vehementer
1492 2491 1773 2540 instantibus,
1819 2496 1867 2531 ut

1007 2565 1010 2570 ·
1042 2547 1418 2599 archiepiscopale
1438 2561 1594 2588 munus
1614 2549 1864 2598 susciperet,

1042 2616 1138 2644 eam
1158 2603 1416 2654 dignitatem
1435 2603 1782 2644 constantissime
1801 2613 1864 2642 re-

1041 2659 1220 2701 cusavit.
1278 2659 1355 2700 Bis
1402 2661 1584 2701 centena
1626 2657 1863 2698 infidelium

1039 2715 1175 2756 millia
1193 2715 1399 2767 baptismi
1417 2715 1592 2756 lavacro
1610 2714 1799 2762 tinxisse,
1819 2717 1862 2753 et
