2040 2944
167 155 242 190 406

169 251 457 294 domesticam
475 252 806 305 supellectilem,
831 266 885 295 ne
905 254 999 295 reli-

169 314 241 350 cto
261 308 343 349 sibi
362 308 533 358 lectulo,
552 309 595 349 in
616 309 797 351 eosdem
817 310 1000 352 alendos

169 365 369 413 contulit,
398 377 531 417 super
555 365 673 407 nuda
700 366 744 407 in
772 369 1000 419 posterum

169 420 319 462 tabula
347 420 633 472 decumbens3
667 424 810 474 eoque
842 423 999 466 morbo

168 477 421 518 laborantes
447 477 602 520 sedulo
627 479 830 529 invisens,
855 482 998 533 pater-

167 546 225 574 no
253 533 479 576 reficiebat
507 534 684 586 affectu,
713 541 757 578 et
786 537 999 578 Ecclesiae

168 592 439 632 sacramenta
463 592 656 644 propriis
679 593 775 645 ipse
798 593 1000 635 manibus

168 645 488 697 administrans,
504 648 662 690 mirum
677 649 721 689 in
734 649 916 691 modum
933 662 999 691 so-

167 702 354 744 labatur:
383 703 636 746 humillimis
661 706 836 747 interim
860 707 999 759 preci-

167 759 249 801 bus
274 761 584 803 reconciliator
609 762 836 812 accedens,
860 762 1000 815 publi-

169 829 220 858 ca
244 817 566 869 supplicatione
590 817 766 868 indicta,
792 819 893 860 fune
918 819 1002 861 sibi

170 873 228 914 ad
252 873 414 914 collum
437 873 629 925 alligato,
650 875 779 916 nudis
801 875 1001 928 pedibus,

169 929 300 971 etiam
329 929 595 972 offendiculo
623 932 877 982 cruentatis,
907 946 1000 974 cru-

168 998 264 1027 cem
279 986 490 1038 bajulam,
506 990 794 1040 semetipsum
808 1001 890 1040 pro
901 1002 1001 1042 pec-

169 1043 277 1084 catis
302 1043 457 1096 populi
486 1043 678 1085 hostiam
706 1044 912 1092 offerens,
941 1045 1000 1087 di-

167 1100 313 1139 vinam
327 1098 677 1149 indignationem
697 1102 895 1143 avertere
916 1107 1000 1143 sat-

168 1154 337 1205 agebat.
400 1155 727 1198 Ecclesiasticae
783 1158 1002 1200 libertatis

167 1211 247 1253 fuit
262 1212 502 1254 acerrimus
517 1216 837 1266 propugnator.
861 1215 1000 1256 Disci-

168 1267 301 1320 plinae
328 1281 434 1310 vero
463 1270 748 1312 restituendae
776 1271 1001 1322 sollicituS,

169 1337 194 1366 a
220 1324 459 1375 seditiosis,
488 1325 593 1367 dum
618 1327 806 1369 orationi
830 1328 1000 1370 insiste-

169 1387 253 1432 ret,
290 1383 500 1425 tormenti
537 1383 684 1425 bellici
720 1384 868 1427 laxata
903 1391 1002 1428 rota

169 1440 298 1489 igneo
335 1439 516 1490 globulo
554 1444 808 1492 percussus,
855 1441 1001 1484 divina

168 1495 332 1537 vittate
360 1498 562 1537 servatur
588 1496 764 1538 illaesus.

224 1556 274 1606 R«.
304 1552 439 1594 Posui
471 1553 734 1606 adjutorium
763 1567 896 1608 super
924 1569 1001 1609 po-

170 1610 352 1659 tentem,
398 1615 443 1651 et
485 1610 676 1652 exaltavi
717 1611 905 1653 electum
947 1613 1002 1655 de

172 1665 303 1718 plebe
319 1679 432 1708 mea:
455 1669 476 1691 *
494 1667 650 1708 Manus
675 1668 790 1709 enim
812 1682 911 1710 mea
930 1683 1001 1712 au·
1063 1675 1130 1725 mg(

169 1722 395 1764 xiliabitur
416 1723 465 1765 ei.
502 1721 551 1773 V.
571 1724 724 1766 Inveni
747 1725 892 1767 David
915 1739 1001 1768 ser-

170 1792 273 1820 vum
318 1792 482 1830 meum,
530 1780 630 1822 oleo
690 1787 845 1824 sancto
901 1796 1000 1825 meo

170 1836 274 1876 unxi
299 1848 409 1877 eum.
446 1837 612 1879 Manus.

476 1894 626 1935 Lectio
650 1896 700 1934 vi.

239 1950 475 1992 bstinentia
502 1951 582 1993 fuit
609 1952 870 1994 admirabili:
902 1953 1000 2005 jeju-

280 2007 415 2049 nabat
428 2009 683 2061 saepissime,
702 2022 817 2062 pane
831 2014 1002 2051 tantum

171 2069 214 2105 et
241 2076 372 2116 aqua,
406 2064 512 2106 solis
547 2066 814 2119 quandoque
841 2066 1002 2119 lupinis

171 2122 415 2162 contentus.
426 2121 666 2164 Nocturnis
675 2123 844 2173 vigiliis,
855 2125 1001 2175 asper-

170 2177 280 2218 rimo
306 2177 458 2227 cilicio,
483 2178 674 2220 assiduis
700 2179 883 2230 flagellis
907 2192 1000 2221 cor-

170 2246 253 2285 pus
273 2232 494 2276 domabat.
523 2235 795 2277 Humilitatis
814 2249 866 2278 ac
885 2249 1002 2278 man-

172 2289 415 2331 suetudinis
427 2291 776 2334 studiosissimus
787 2293 877 2335 fuit.
898 2293 1002 2334 Ora-

170 2345 336 2386 tionem
346 2347 619 2389 aeverbiDei
629 2348 1002 2401 praedicationem,

170 2403 440 2452 gravissimis
472 2403 577 2446 licet
605 2405 720 2446 curis
749 2408 1003 2458 occupatus,

171 2471 409 2510 numquam
423 2460 666 2502 intermisit.
690 2462 852 2504 Multas
868 2462 1003 2504 ecele-

172 2514 270 2564 sias,
297 2516 574 2566 monasteria‚
604 2517 791 2569 collegia
814 2517 1002 2560 aedifiea-

171 2570 245 2612 vit.
272 2570 403 2612 Plura
418 2572 605 2624 scripsit,
620 2573 676 2615 ad
692 2574 1003 2627 episcoporum

170 2627 417 2679 praesertim
459 2628 793 2671 instructionem
829 2631 1002 2672 utilissi-

171 2697 257 2725 ma:
273 2684 393 2735 cujus
408 2684 540 2726 etiam
556 2687 690 2737 opera
707 2686 1003 2738 parochorum

616 162 685 196 Die
710 163 738 195 4.
764 162 860 196 Nov.
910 162 944 196 S.
971 163 1100 197 Caroli
1127 163 1252 206 Epise.
1280 167 1315 196 et
1338 162 1446 197 Conf.

1053 254 1346 296 catechismus
1383 255 1558 308 prodiit.
1614 256 1805 298 Demum
1840 257 1883 298 in

1053 310 1337 352 solitudinem
1372 311 1542 354 Varalli
1582 313 1764 363 montis,
1809 313 1885 355 ubi

1053 367 1236 420 sculptis
1251 368 1511 419 imaginibus
1526 369 1771 411 Dominicae
1786 383 1884 423 pas-

1053 424 1189 465 sionis
1216 425 1425 477 mysteria
1457 424 1514 466 ad
1544 425 1692 467 vivum
1723 439 1883 479 reprae-

1053 483 1291 532 sentantur,
1320 481 1516 524 secessit:
1546 481 1706 535 ibique,
1730 482 1885 525 diebus

1054 537 1221 590 aliquot
1248 538 1496 580 voluntaria
1525 539 1815 590 castigatione
1843 543 1884 582 a·

1053 606 1244 646 speram,
1271 594 1350 636 sed
1378 594 1540 636 Christi
1568 594 1774 637 dolorum
1797 609 1884 639 me-

1053 649 1341 693 ditationibus
1362 654 1543 693 suavem
1558 651 1694 693 vitam
1708 651 1885 703 ducens,

1053 706 1096 747 in
1121 707 1278 749 febrim
1301 707 1464 750 incidit.
1498 707 1797 750 Mediolanum
1821 722 1885 751 re-

1054 765 1224 814 versus,
1256 764 1589 814 ingravescente
1620 763 1796 815 morbo,
1829 767 1884 807 ci-

1053 831 1157 860 nere
1177 832 1229 861 ac
1248 819 1391 862 cilicio
1412 822 1664 872 coopertus,
1684 825 1728 862 et
1747 821 1886 863 oculis

1053 876 1096 916 in
1125 876 1323 917 crucifixi
1349 876 1584 927 imaginem
1610 876 1783 928 defixis,
1809 879 1886 919 mi-

1053 932 1197 982 gravit
1218 933 1263 973 in
1282 932 1455 983 coelum,
1479 933 1624 975 aetatis
1648 946 1762 975 anno
1783 947 1885 986 qua-

1056 988 1303 1039 dragesimo
1333 989 1541 1042 septimo,
1573 989 1752 1031 Domini
1778 1003 1886 1033 vero

1054 1045 1286 1087 millesimo
1322 1046 1673 1098 quingentesimo
1709 1050 1886 1098 octoge-

1055 1101 1166 1143 simo
1188 1106 1358 1153 quarto,
1377 1102 1510 1144 tertio
1530 1102 1683 1144 Nonas
1696 1103 1886 1145 Novem-

1054 1158 1154 1200 bris.
1188 1159 1328 1208 Quem
1347 1159 1568 1201 miraculis
1594 1159 1759 1201 clarum
1777 1160 1887 1202 Pau-

1054 1215 1121 1256 lus
1156 1216 1333 1267 quintus
1360 1216 1566 1258 Pontifex
1594 1216 1812 1258 Maximus
1842 1217 1887 1258 in

1055 1274 1308 1314 sanctorum
1335 1275 1566 1314 numerum
1594 1273 1752 1315 retulit.

1110 1339 1159 1390 Rg.
1184 1333 1275 1375 Iste
1294 1338 1361 1375 est
1382 1333 1466 1386 qui.
1484 1333 1569 1386 [54]

1110 1401 1150 1434 ln
1179 1400 1239 1434 III.
1266 1400 1465 1435 Nocturno
1496 1402 1636 1436 Homil.
1670 1402 1708 1435 in
1737 1401 1883 1444 Evang.

1059 1450 1182 1483 Homo
1207 1448 1367 1492 peregre
1391 1447 1653 1492 proficiscens.
1679 1449 1725 1483 de
1750 1448 1886 1483 eodem

1059 1497 1262 1532 Communi
1289 1497 1315 1530 1.
1340 1497 1437 1531 loco.
1461 1495 1530 1540 [56]

1126 1563 1200 1596 Pro
1226 1562 1281 1596 Ss.
1307 1562 1434 1597 vitale
1460 1569 1496 1597 et
1522 1563 1706 1606 Agricola
1730 1561 1837 1596 Mart.

1357 1615 1509 1657 Lectio
1531 1616 1583 1656 ix.

1066 1715 1074 1719 κ
1148 1667 1299 1719 italis,
1327 1673 1372 1710 et
1397 1669 1607 1720 Agricola
1633 1670 1725 1721 ejus
1750 1669 1886 1712 domi-

1067 1720 1158 1765 ³·z-J}.›·1³
1190 1738 1286 1774 nus,
1311 1726 1355 1766 in
1379 1726 1690 1778 persecutione
1715 1726 1887 1769 Diocle-

1055 1782 1162 1824 tiani
1202 1787 1246 1824 et
1282 1783 1536 1824 Maximiani
1572 1783 1787 1825 Bononiae
1829 1783 1887 1826 ob

1055 1839 1080 1880 J
1083 1851 1161 1880 esu
1191 1839 1354 1881 Christi
1381 1839 1746 1892 praedicationem
1773 1853 1887 1882 com·

1054 1895 1261 1948 prehensi
1276 1901 1390 1938 sunt:
1405 1908 1594 1948 cumque
1609 1896 1783 1947 Vitalis,
1798 1909 1887 1949 quo

1055 1953 1195 2004 magis
1213 1953 1420 2006 precibus
1439 1957 1484 1995 et
1500 1953 1628 1995 minis
1642 1956 1888 1996 tentaretur
1962 1958 1967 1969 ¹

1056 2014 1103 2051 ut
1136 2010 1397 2052 sententiam
1423 2012 1631 2060 mutaret,
1664 2023 1718 2052 eo
1748 2011 1889 2062 magis

1056 2079 1104 2108 se
1120 2066 1284 2108 Christi
1300 2067 1516 2109 cultorem
1530 2079 1582 2109 ae
1597 2079 1772 2109 servum
1788 2080 1887 2121 pro-

1055 2123 1270 2174 fiteretur,
1306 2123 1431 2165 vario
1463 2125 1786 2166 tormentorum
1816 2126 1887 2176 ge-

1055 2192 1159 2221 nere
1188 2179 1423 2230 cruciatus,
1457 2182 1711 2222 constanter
1742 2181 1887 2222 omnia

1055 2236 1292 2289 perferens,
1307 2237 1350 2277 in
1362 2237 1561 2278 oratione
1577 2237 1779 2289 spiritum
1789 2237 1887 2279 Deo

1056 2291 1261 2334 reddidit.
1292 2293 1503 2344 Agricola
1525 2305 1643 2343 vero,
1670 2305 1769 2334 cum
1796 2295 1888 2346 ejus

1056 2349 1321 2402 supplicium
1347 2349 1532 2392 dilatum
1557 2354 1685 2400 esset,
1711 2350 1748 2391 si
1774 2350 1887 2392 forte

1056 2407 1288 2449 tormentis
1313 2407 1430 2448 servi
1452 2409 1691 2460 permotus,
1711 2406 1887 2449 Christo

1056 2462 1190 2505 vellet
1203 2463 1465 2513 renuntiare,
1481 2463 1572 2515 ejus
1583 2463 1788 2516 exemplo
1799 2477 1886 2505 ma-

1056 2519 1123 2570 gis
1151 2519 1436 2562 confirmatus
1465 2524 1542 2561 est.
1583 2520 1740 2572 Itaque
1769 2520 1887 2562 cruci

1057 2575 1225 2626 affixus,
1244 2575 1382 2618 Vitali
1401 2588 1530 2618 servo
1552 2588 1735 2618 consors
1756 2582 1800 2618 et
1819 2579 1886 2618 so-

1057 2632 1150 2674 cius
1181 2632 1262 2674 fuit
1288 2631 1447 2674 nobilis
1475 2633 1681 2685 martyrii.
1721 2633 1887 2675 Eorum

1057 2691 1246 2741 corpora
1278 2688 1335 2730 ad
1365 2688 1621 2730 Judaeorum
1654 2689 1888 2742 sepulchra
