2040 2944
202 225 246 259 36
919 214 980 248 Ad
1006 214 1171 246 Sextum.

260 322 304 359 ln
349 317 482 359 feriali
526 314 681 354 officio
724 324 801 363 per
841 311 1024 349 Annum.

209 378 304 415 Ant.
335 372 503 423 Adjuva
521 382 600 410 me.

515 426 719 466 l'salmus.

280 495 324 527 fx
339 484 464 526 efecit
482 482 524 522 in
545 480 733 521 salutare
748 482 870 518 tuum
886 475 1028 515 anima

325 535 463 581 mea:
490 539 512 562 *
542 542 584 578 et
617 536 659 576 in
692 533 874 575 verbum
906 536 1029 572 tuum

356 591 672 647 supersperavi.

259 652 520 693 Defecerunt
534 648 649 690 oculi
658 646 743 687 mei
754 645 797 686 in
806 643 1030 695 eloquium

209 715 339 756 tuum,
358 709 380 732 *
402 706 610 747 dicentes:
630 701 813 753 Quando
834 698 1029 741 consola-

208 765 323 806 beris
342 761 438 804 me?

260 820 371 870 Quia
407 819 546 859 factus
583 828 679 857 sum
715 813 826 854 sicut
857 816 955 853 uter
987 811 1030 850 in

209 878 375 929 pruina:
403 876 425 899 *
454 872 783 925 justificationes
813 874 910 910 tuas
943 879 1030 907 non

209 946 305 973 sum
325 931 497 972 oblitus.

261 990 377 1038 Quot
389 991 488 1027 sunt
500 985 592 1026 dies
604 983 719 1025 servi
731 980 815 1023 tui?
824 982 846 1006 *
855 979 1030 1032 quando

211 1045 342 1085 facies
368 1043 421 1084 de
447 1038 810 1094 persequentibus
834 1050 903 1078 mc
927 1035 1031 1087 judi-

211 1098 347 1142 cium?

262 1156 558 1196 Narraverunt
581 1152 685 1193 mihi
708 1149 843 1202 iniqui
871 1148 1033 1190 fabula-

211 1212 365 1253 tiones:
384 1212 406 1236 *
428 1210 505 1252 sed
525 1222 612 1250 non
631 1213 678 1249 ut
697 1207 768 1248 lex
787 1212 872 1247 tua.

263 1268 418 1308 Omnia
432 1265 637 1307 mandata
652 1270 727 1305 tua
738 1263 913 1303 veritas:
923 1262 946 1286 *
959 1261 1032 1300 ini-

212 1337 295 1375 que
314 1322 534 1376 persecuti
554 1325 653 1362 sunt
671 1332 757 1368 me,
779 1318 934 1369 adjuva
953 1329 1033 1357 me.

262 1380 398 1420 Paulo
439 1379 582 1419 minus
623 1375 1034 1418 consummaverunt

212 1449 281 1477 me
306 1436 348 1476 in
371 1441 502 1477 terra:
521 1435 543 1459 *
564 1446 645 1484 ego
674 1437 820 1473 autem
847 1443 934 1471 non
963 1428 1033 1470 de-

213 1491 366 1543 reliqui
384 1490 589 1532 mandata
608 1494 693 1530 tua.

264 1547 510 1589 Secundum
542 1543 888 1586 misericordiam
915 1547 1036 1584 tuam

214 1604 385 1645 vivifica
412 1616 496 1644 me:
523 1603 546 1627 *
574 1606 618 1643 et
645 1599 889 1642 custodiam
916 1598 1035 1640 testi-

213 1660 359 1701 monia
379 1660 467 1700 oris
488 1658 561 1700 tui.

266 1717 315 1756 In
343 1717 554 1757 aeternum
580 1713 784 1762 Domine,
808 1713 831 1738 *
856 1711 1038 1753 verbum

214 1777 338 1813 tuum
356 1773 582 1824 permanet
601 1770 644 1810 in
663 1769 788 1811 coelo.

267 1829 317 1868 In
354 1827 679 1877 generationem
714 1831 758 1866 et
798 1823 1039 1876 generatio-

217 1897 316 1925 nem
331 1884 490 1924 veritas
509 1888 596 1924 tua:
615 1883 638 1907 *
658 1881 850 1922 fundasti
867 1885 1041 1928 terram,

219 1945 262 1980 et
281 1941 517 1992 permanet.

272 1994 554 2036 Ordinatione
574 1998 649 2034 tua
666 1994 919 2045 perseverat
935 1991 1043 2033 dies:

219 2052 242 2076 *
264 2051 467 2102 quoniam
487 2050 631 2091 omnia
650 2050 843 2090 serviunt
862 2048 952 2089 tibi.

271 2107 365 2147 Nisi
385 2106 503 2158 quod
523 2106 593 2147 lex
613 2111 687 2147 tua
705 2104 931 2146 meditatio
947 2117 1045 2145 mea

222 2169 302 2204 est:
325 2164 347 2188 *
371 2168 474 2204 tunc
502 2163 614 2203 forte
643 2161 871 2214 periissem
898 2161 941 2201 in
970 2160 1044 2201 hu-

222 2219 402 2260 militate
421 2231 529 2260 mea.

275 2276 323 2315 In
342 2276 551 2315 aeternum
571 2287 658 2315 non
679 2274 911 2315 obliviscar
930 2272 1046 2324 justi-

223 2330 448 2372 ficationes
467 2336 578 2372 tuas:
594 2332 616 2356 *
633 2330 734 2382 quia
753 2330 795 2370 in
815 2329 923 2381 ipsis
943 2329 1045 2368 vivi-

224 2386 366 2428 ficesti
386 2399 465 2428 me.

276 2443 396 2483 Tuus
416 2456 510 2483 sum
530 2455 623 2493 ego,
645 2442 813 2483 salvum
832 2455 902 2483 me
922 2441 1004 2482 fac:
1023 2442 1046 2466 *

225 2499 247 2523 *
274 2499 477 2563 quoniam
501 2499 829 2550 justificationes
854 2503 952 2539 tuas
977 2510 1047 2538 ex-

228 2567 393 2606 quisivi.

278 2611 346 2651 Me
387 2612 752 2662 exspectaverunt
791 2611 1048 2663 peccatores

228 2671 274 2707 ut
299 2665 532 2718 perderent
556 2680 640 2707 me:
659 2667 682 2691 *
702 2666 950 2707 testimonia
975 2670 1049 2706 tua

228 2721 430 2763 intellexi.

1133 303 1285 345 Omnis
1300 297 1644 342 consumationis
1658 293 1749 336 vidi
1764 294 1911 334 finem:

1080 362 1102 387 *
1123 361 1257 402 latum
1278 356 1534 398 mandatum
1552 359 1677 395 tuum
1694 350 1835 392 nimis.

1167 470 1361 513 uomodo
1413 466 1545 510 dilexi
1596 465 1740 515 legem
1791 467 1912 504 tuam

1185 524 1397 569 Domine?
1421 526 1444 550 *
1469 528 1564 565 tota
1588 521 1658 563 die
1682 519 1912 561 meditatio

1082 597 1179 626 mea
1199 589 1278 625 est.

1133 641 1274 692 Super
1292 638 1492 679 inimicos
1511 646 1636 676 meos
1651 631 1914 686 prudentem

1082 710 1152 738 me
1180 695 1322 737 fecisti
1349 692 1558 734 mandato
1587 696 1680 732 tuo:
1699 690 1723 714 *
1744 688 1845 740 quia
1870 687 1915 728 in

1083 755 1295 794 aeternum
1314 750 1420 791 mihi
1439 754 1518 790 est.

1134 810 1275 861 Super
1294 819 1446 848 omnes
1467 805 1679 846 docentes
1703 814 1774 843 me
1793 799 1915 842 intel·

1083 866 1184 907 lexi:
1202 866 1226 891 *
1248 864 1349 916 quia
1367 860 1620 904 testimonia
1639 864 1716 901 tua
1734 856 1916 899 medite-

1083 922 1145 963 tio
1165 934 1263 962 mea
1283 925 1360 962 est.

1136 978 1276 1030 Super
1292 988 1419 1018 senes
1431 974 1641 1016 intellexi:
1651 973 1675 998 *
1687 971 1789 1025 quia
1799 983 1917 1012 man-

1085 1033 1189 1075 data
1208 1039 1283 1075 tua
1306 1031 1500 1085 quaesivi.

1137 1090 1207 1131 Ab
1234 1089 1351 1131 omni
1377 1089 1446 1129 via
1470 1087 1585 1128 mala
1612 1084 1821 1139 prohibui
1844 1097 1918 1136 pe-

1086 1147 1164 1189 des
1175 1159 1313 1188 meos:
1324 1146 1347 1171 *
1358 1150 1406 1186 ut
1421 1143 1671 1186 custodiam
1681 1141 1817 1183 verba
1832 1145 1919 1182 tua.

1138 1203 1179 1243 A
1207 1202 1375 1254 judiciis
1404 1201 1491 1243 tuis
1519 1213 1608 1241 non
1637 1197 1868 1240 declinavi:
1895 1197 1919 1222 *

1088 1259 1189 1312 quia
1208 1264 1256 1300 tu
1274 1258 1418 1310 legem
1437 1256 1625 1310 posuisti
1642 1254 1759 1295 mihi.

1139 1317 1281 1366 Quam
1306 1314 1451 1356 dulcia
1475 1312 1675 1354 faucibus
1699 1310 1809 1352 meis
1834 1309 1920 1351 elo-

1088 1372 1190 1424 quia
1208 1376 1295 1420 tua,
1314 1371 1337 1396 *
1358 1383 1490 1422 super
1509 1369 1596 1410 mel
1616 1368 1683 1409 ori
1701 1365 1817 1408 meo!

1140 1428 1181 1469 A
1205 1427 1424 1468 mandetis
1444 1426 1531 1467 tuis
1550 1423 1759 1466 intellexi:
1778 1424 1802 1449 *
1820 1434 1920 1476 pro-

1087 1487 1241 1538 pterea
1270 1483 1390 1526 odivi
1422 1495 1598 1524 omnem
1626 1481 1743 1522 viam
1769 1478 1922 1531 iniqui-

1090 1541 1205 1583 tatis.

1140 1597 1342 1638 Lucerna
1373 1595 1562 1649 pedibus
1594 1593 1704 1635 meis
1737 1591 1924 1634 verbum

1090 1659 1224 1703 tuum,
1243 1654 1267 1679 *
1287 1658 1331 1694 et
1350 1652 1496 1694 lumen
1516 1650 1684 1692 semitis
1703 1649 1824 1690 meis.

1143 1710 1167 1751 J
1171 1709 1304 1758 mavi,
1324 1714 1369 1750 et
1388 1708 1524 1750 statui
1537 1708 1561 1734 *
1577 1705 1801 1748 custodite
1820 1703 1926 1757 judi-

1093 1766 1160 1808 cia
1178 1766 1354 1817 justitiae
1372 1770 1474 1806 tuae.

1144 1822 1412 1863 Humiliatus
1463 1833 1560 1862 sum
1607 1819 1928 1871 usquequaque

1094 1878 1296 1920 Domine:
1324 1879 1347 1903 *
1376 1877 1550 1918 vivifica
1581 1889 1652 1917 me
1685 1873 1929 1917 secundum

1095 1934 1278 1976 verbum
1297 1939 1432 1975 tuum.

1147 1990 1409 2032 Voluntaria
1433 1990 1523 2032 oris
1545 1988 1633 2030 mei
1650 1986 1930 2040 beneplacita

1096 2047 1164 2088 fac
1171 2047 1360 2088 Domine
1368 2063 1375 2087 :
1382 2048 1405 2072 *
1414 2051 1458 2088 et
1468 2045 1627 2098 judicia
1639 2049 1715 2086 tua
1726 2043 1838 2085 doce
1847 2055 1930 2084 me.

1149 2103 1308 2144 Anima
1322 2116 1420 2145 mea
1431 2103 1475 2143 in
1485 2101 1688 2143 manibus
1698 2100 1808 2141 meis
1820 2111 1930 2141 sem-

1098 2173 1191 2212 per:
1210 2160 1233 2185 *
1253 2164 1296 2201 et
1319 2159 1462 2211 legem
1485 2164 1607 2200 tuam
1630 2169 1719 2198 non
1739 2169 1836 2197 sum
1855 2154 1930 2197 ob-

1098 2216 1211 2257 litus.

1150 2273 1397 2313 Posuerunt
1429 2272 1688 2324 peccatores
1724 2269 1932 2320 laqueum

1099 2328 1218 2369 mihi:
1251 2329 1274 2354 *
1308 2333 1352 2370 et
1385 2327 1440 2369 de
1472 2327 1692 2369 mandetis
1723 2325 1811 2367 tuis
1843 2337 1932 2365 non

1100 2385 1253 2426 erravi.

1152 2440 1425 2482 Haereditate
1445 2439 1660 2492 acquisivi
1679 2436 1934 2480 testimonia

1100 2502 1174 2538 tua
1200 2498 1243 2537 in
1269 2499 1496 2538 aeternum:
1520 2498 1543 2523 *
1570 2496 1673 2548 quia
1697 2493 1933 2536 exsultatio

1102 2553 1248 2594 cordis
1267 2554 1354 2595 mei
1373 2558 1484 2594 sunt.

1154 2609 1364 2650 Inclinavi
1385 2622 1461 2650 eor
1475 2622 1623 2650 meum
1638 2607 1695 2649 ad
1708 2604 1933 2648 faciendas

1103 2666 1433 2716 justificationes
1458 2670 1556 2706 tuas
1583 2665 1629 2705 in
1656 2665 1886 2712 aeternum,
1911 2662 1934 2687 *

1103 2726 1286 2773 propter
1306 2721 1651 2763 retributionem.
