2040 2944
166 164 232 199 454

228 266 298 307 Ad
320 266 492 316 Magnis.
518 260 828 304 Ant.‘Oremus
848 271 1001 299 omnes

168 315 225 358 ad
248 315 487 357 Dominum
511 315 536 356 J
539 327 663 357 esum
688 315 927 365 Christum,
955 320 1002 356 ut

168 371 507 414 Confessoribus
549 372 639 414 suis
676 372 810 414 fontis
845 384 1002 414 venam

168 429 347 482 aperiat.

509 480 672 520 Oratio.

566 167 638 201 Die
662 167 714 201 23.
739 166 837 200 Nov.
886 166 921 200 s.
947 152 1159 199 Clementis
1184 164 1303 207 Papae
1329 167 1366 198 et
1388 163 1496 198 Mart.

1304 261 1354 299 In
1373 260 1403 299 1.
1425 260 1648 300 Nocturno.

1166 330 1231 370 De
1249 326 1436 369 Actibus
1456 327 1786 380 Apostolorum.

1112 399 1265 441 Lectio
1286 399 1309 439 i.
1587 401 1690 453 Cap.
1710 403 1780 442 20.
1802 401 1839 442 d.

1063 464 1192 512 2³13
1220 458 1373 500 Mileto
1383 457 1547 499 Paulus
1557 457 1735 499 mittens
1745 457 1889 511 Ephe-

1063 507 1195 586 ls'yhl
1225 529 1340 565 sum,
1370 515 1547 556 vocavit
1574 514 1762 565 majores
1786 519 1891 556 natu

261 546 354 583 eUS,
384 534 458 586 qui
484 547 567 575 nos
594 536 739 575 annua
764 533 884 576 beati
909 534 1002 575 Cle·
1063 555 1064 575 ;
1153 544 1199 584 2«,

268 590 429 632 mentis
443 591 650 642 Martyris
665 590 728 632 tui
744 595 877 642 atque
891 590 1003 631 Pon-

168 647 298 689 tificis
318 647 597 689 solemnitate
616 646 831 689 laetificas:
849 648 1002 688 conce-

170 703 225 746 de
244 704 479 756 propitius3
503 709 552 746 ut
575 705 697 756 cujus
716 703 915 745 natalitia
934 705 1003 744 co-

170 761 315 810 limus,
344 761 553 803 virtutem
581 773 759 813 quoque
785 759 1004 813 passionis

169 818 401 859 imitemur.
428 818 514 859 Per
533 818 783 859 Dominum.

226 882 272 915 Et
294 881 334 915 fit
359 890 556 914 commem.
582 880 747 923 praeced.

227 935 325 974 Ant.
354 930 488 981 Virgo
513 930 708 981 gloriosa
727 943 903 984 semper
922 930 1005 971 Ev-

171 986 390 1038 angelium
427 987 591 1029 Christi
627 987 811 1038 gerebat
850 987 894 1028 in
931 988 1005 1040 pe-

171 1050 294 1086 ctore
331 1057 431 1094 suo,
471 1050 515 1086 et
551 1057 640 1086 non
673 1044 830 1086 diebus
861 1057 1006 1096 neque

171 1100 375 1143 noctibus
417 1113 443 1142 a
485 1101 720 1153 colloquiis
761 1101 921 1143 divinis
963 1106 1007 1143 et

172 1157 374 1200 oratione
393 1157 609 1199 cessabat.

227 1213 277 1266 V.
312 1214 486 1256 Diffusa
523 1220 591 1256 est
623 1215 764 1266 gratia
802 1214 846 1255 in
877 1213 1006 1255 labiis

172 1271 269 1312 tuis.
332 1276 381 1327 Κ.
414 1272 659 1324 Propterea
698 1271 926 1314 benedixit
962 1275 1006 1312 te

171 1328 294 1370 Deus
313 1328 357 1369 in
377 1330 600 1371 aeternum.

511 1395 676 1436 Oratio.

172 1440 353 1547 Deus,
382 1446 456 1497 qui
480 1458 560 1487 nos
585 1447 729 1486 annua
750 1444 895 1486 beatae
916 1445 1007 1486 Cae-

279 1502 390 1543 ciliae
410 1502 606 1554 Virginis
628 1508 672 1544 et
691 1502 899 1554 Martyris
918 1507 1007 1543 tuae

172 1559 452 1601 solemnitate
472 1559 688 1601 laetificas:
715 1558 787 1608 da,
807 1564 856 1600 ut
876 1572 1008 1611 quam

173 1617 434 1657 veneramur
458 1616 623 1667 officio,
650 1615 782 1658 etiam
801 1616 888 1668 piae
908 1629 1008 1657 con-

173 1672 435 1714 versationis
456 1675 694 1726 sequamur
714 1673 931 1726 exemplo.

229 1741 379 1776 Deinde
407 1741 443 1776 S.
467 1741 682 1776 Felicitatis
707 1741 816 1776 Mart.

232 1795 330 1835 Ant.
373 1792 520 1834 Simile
556 1797 623 1834 est
658 1804 842 1842 regnum
877 1792 1008 1834 coelo-

176 1861 274 1889 rum
307 1848 473 1890 homini
499 1849 767 1901 negotiatori
796 1849 1010 1901 quaerenti

176 1905 317 1947 bonas
332 1909 609 1957 margaritas:
623 1907 799 1947 inventa
812 1919 899 1947 una
913 1919 1010 1959 pre-

178 1963 308 2014 tiosa,
336 1963 459 2006 dedit
486 1964 631 2005 omnia
651 1976 747 2014 sua,
774 1968 818 2005 et
837 1976 1010 2016 compa-

178 2020 291 2062 ravit
310 2033 418 2062 eam.

232 2073 281 2125 V.
306 2077 462 2130 Specie
495 2083 572 2119 tua
607 2082 651 2119 et
683 2076 1011 2130 pulchritudine

177 2139 262 2175 tua.
292 2137 341 2188 Rg.
359 2134 556 2186 Intende,
575 2137 791 2188 prospere
806 2133 1012 2187 procede,

178 2197 222 2232 et
242 2204 388 2243 regna.

514 2241 677 2282 Oratio.

262 2301 411 2346 raesta,
450 2298 702 2349 quaesumus
734 2298 1014 2349 omnipotens

283 2353 421 2395 Deus:
472 2358 536 2404 ut,
580 2353 726 2395 beatae
772 2353 1014 2395 Felicitatis

182 2410 388 2461 Martyris
419 2415 508 2451 tuae
542 2410 756 2451 solemnia
787 2411 1013 2451 recensen-

181 2472 267 2516 tes,
301 2467 467 2508 meritis
499 2467 638 2519 ipsius
662 2469 948 2519 protegamur
973 2472 1016 2509 et

183 2523 400 2576 precibus.
430 2524 515 2565 Per
533 2523 782 2564 Dominum.

344 2600 431 2641 Ad
462 2600 854 2641 matutinum.

236 2660 373 2695 Omnia
398 2671 521 2703 usque
548 2661 597 2694 ad
614 2661 818 2695 Lectiones
839 2661 886 2695 de
905 2660 1015 2695 Com-

183 2710 289 2744 muni
313 2709 428 2743 unius
452 2709 560 2749 Mart.
590 2710 660 2754 [22]

1225 571 1450 613 Ecclesiae.
1506 571 1590 621 Qui
1623 583 1722 612 cum
1750 573 1890 612 venis-

1059 633 1156 670 sent
1176 628 1232 670 ad
1252 641 1363 678 eum,
1388 634 1432 670 et
1452 628 1582 669 simul
1602 633 1759 678 essent,
1783 627 1893 670 dixit

1060 685 1137 727 eis:
1157 686 1254 727 Vos
1275 685 1396 726 scitis
1416 698 1441 726 a
1460 685 1603 738 prima
1624 684 1705 734 die,
1728 697 1813 736 qua
1832 684 1892 725 in-

1059 743 1237 793 gressus
1275 755 1372 783 sum
1408 742 1452 782 in
1488 741 1656 792 Asiam,
1704 741 1894 793 qualiter

1059 798 1290 841 vobiscum
1299 811 1380 851 per
1391 810 1520 839 omne
1533 803 1710 850 tempus
1726 797 1894 847 fuerim,

1060 855 1257 897 serviens
1276 855 1470 897 Domino
1497 867 1596 896 cum
1620 854 1740 895 omni
1757 854 1894 895 humi-

1059 911 1194 961 litate,
1214 917 1258 954 et
1275 911 1480 961 lacrimis,
1502 916 1547 954 et
1564 910 1895 960 tentationibus,

1061 981 1161 1020 quae
1197 968 1303 1010 mihi
1342 967 1598 1010 acciderunt
1634 980 1690 1009 ex
1725 967 1895 1008 insidiis

1060 1025 1084 1066 J
1087 1025 1331 1067 udaeorum:
1355 1024 1580 1078 quomodo
1599 1023 1707 1065 nihil
1726 1023 1894 1066 subtra-

1060 1082 1199 1123 xerim
1226 1082 1415 1132 utilium,
1449 1093 1537 1133 quo
1565 1081 1709 1122 minus
1734 1093 1895 1122 annun-

1059 1138 1217 1180 tiarem
1240 1138 1388 1188 vobis,
1418 1143 1462 1180 et
1486 1137 1694 1179 docerem
1711 1149 1794 1178 vos
1817 1139 1895 1190 pu-

1059 1195 1185 1246 blice,
1208 1201 1251 1237 et
1269 1207 1350 1248 per
1369 1194 1539 1244 domos,
1562 1194 1806 1236 testificans
1823 1193 1849 1234 J
1852 1207 1895 1234 u-

1061 1252 1187 1303 daeis,
1226 1257 1360 1304 atque
1394 1251 1644 1294 Gentilibus
1676 1250 1721 1291 in
1752 1251 1897 1292 Deum

1061 1309 1381 1362 poenitentiam:
1423 1314 1467 1351 et
1502 1307 1638 1350 fidem
1671 1308 1716 1348 in
1747 1307 1896 1349 Domi-

1061 1380 1164 1407 num
1183 1371 1386 1408 nostrum
1403 1366 1427 1406 J
1430 1378 1555 1407 esum
1574 1365 1808 1406 Christum.
1839 1363 1897 1406 Et

1061 1436 1177 1464 nunc
1217 1435 1320 1465 ecce
1358 1422 1563 1474 alligatus
1601 1434 1683 1473 ego
1722 1421 1897 1473 spiritu,

1061 1479 1177 1522 vado
1196 1480 1241 1521 in
1259 1479 1522 1522 Jerusalem:
1543 1492 1642 1532 quae
1660 1479 1704 1519 in
1724 1491 1776 1520 ea
1795 1490 1895 1519 ven-

1061 1540 1161 1579 tura
1184 1537 1271 1579 sint
1293 1536 1400 1578 mihi
1421 1536 1645 1587 ignorans:
1669 1535 1752 1576 nisi
1776 1534 1898 1587 quod

1062 1594 1253 1647 Spiritus
1286 1598 1466 1636 sanctus
1497 1606 1578 1646 per
1611 1605 1764 1634 omnes
1797 1591 1897 1634 civi-

1062 1654 1177 1694 tates
1226 1650 1332 1692 mihi
1382 1652 1675 1703 protestatur,
1729 1648 1898 1691 dicens:

1065 1708 1273 1761 quoniam
1299 1707 1491 1757 vincula,
1520 1712 1564 1748 et
1590 1705 1898 1749 tribulationes

1063 1765 1088 1806 J
1090 1763 1353 1818 erosolymis
1371 1776 1443 1805 me
1461 1768 1652 1805 manent.
1683 1762 1772 1804 Sed
1789 1761 1898 1803 nihil

1064 1822 1221 1863 horum
1249 1823 1423 1863 vereor:
1452 1834 1534 1863 nec
1562 1820 1676 1862 facio
1706 1820 1897 1862 animam

1062 1892 1207 1921 meam
1221 1879 1533 1932 pretiosiorem
1543 1890 1676 1930 quam
1683 1889 1766 1927 me,
1782 1876 1899 1918 dum·

1064 1935 1198 1978 modo
1220 1939 1522 1978 consummem
1545 1947 1721 1976 cursum
1739 1946 1896 1983 meum,

1066 1998 1110 2035 et
1129 1992 1418 2034 ministerium
1436 1991 1576 2041 verbi,
1606 1991 1726 2043 quod
1745 1991 1897 2043 accepi

1066 2063 1092 2091 a
1109 2049 1302 2091 Domino
1317 2049 1342 2090 J
1345 2061 1434 2099 esu,
1453 2048 1683 2091 testificari
1700 2047 1897 2098 Evange-
1918 2054 1926 2069 ‘

1064 2106 1171 2148 lium
1189 2105 1344 2158 gratiae
1362 2105 1458 2147 Dei.

1122 2179 1173 2229 R.
1195 2175 1361 2216 Orante
1381 2179 1536 2216 sancto
1558 2174 1798 2223 Clemente,
1823 2186 1896 2225 ap-

1066 2232 1215 2286 paruit
1253 2232 1293 2274 ei
1326 2232 1481 2283 Agnus
1518 2231 1616 2275 Dei:
1650 2231 1672 2256 *
1708 2230 1776 2272 De
1816 2230 1897 2271 sub

1067 2290 1188 2341 cujus
1207 2287 1322 2342 pede
1342 2289 1440 2330 fons
1460 2288 1585 2330 vivus
1605 2289 1794 2337 emanat,
1821 2287 1898 2328 flu-

1067 2346 1193 2388 minis
1225 2348 1417 2399 impetus
1448 2345 1645 2387 laetificat
1678 2343 1899 2385 civitatem

1067 2404 1162 2445 Dei.
1188 2396 1238 2448 V.
1249 2403 1355 2445 Vidi
1368 2415 1502 2455 supra
1514 2406 1709 2443 montem
1723 2401 1899 2452 Agnum

1068 2465 1269 2502 stantem.
1296 2459 1364 2502 De
1384 2457 1476 2500 sub.

1384 2522 1535 2564 Lectio
1555 2522 1594 2562 ii.

1157 2592 1177 2629 t
1201 2598 1316 2628 nunc
1335 2597 1438 2627 ecce
1459 2596 1542 2634 ego
1566 2583 1659 2625 scio
1686 2583 1789 2636 quia
1813 2585 1901 2624 am-

1160 2644 1277 2696 plius
1301 2654 1390 2683 non
1409 2641 1615 2683 videbitis
1634 2641 1791 2682 faciem
1813 2652 1900 2681 me-

1071 2714 1141 2742 am
1166 2713 1247 2742 vos
1273 2711 1444 2748 omnes,
1476 2711 1556 2750 per
1582 2710 1695 2749 quos
1719 2696 1902 2739 transivi
