2040 2944
703 175 774 208 Die
799 175 850 209 23.
878 175 957 209 Oct.
1003 175 1060 210 Ss.
1084 175 1367 219 Redemptoris.

237 275 448 317 Sustinuit
484 274 627 314 anima
663 285 762 313 mea
797 271 842 312 in
877 271 1014 313 verbo

186 333 292 383 ejus:
315 332 338 357 *
357 330 552 384 speravit
576 329 720 370 anima
741 341 840 369 mea
863 328 908 368 in
926 328 1014 369 Do-

184 389 314 429 mino.

236 445 277 485 A
309 442 512 485 custodia
542 444 756 483 matutina
790 453 931 492 usque
959 439 1016 481 ad

185 505 376 542 noctem:
416 499 440 524 *
477 503 626 551 speret
662 497 802 538 Isra'el
842 497 886 537 in
927 496 1015 537 Do-

183 557 313 598 mino.

237 613 349 663 Quia
373 612 492 665 apud
511 611 748 652 Dominum
772 609 1014 651 misericor-

186 669 275 711 dia:
303 671 327 696 *
356 675 400 711 et
428 669 613 721 copiosa
640 666 759 719 apud
789 679 889 707 eum
919 665 1015 707 red-

185 726 361 778 emptio.

236 783 293 824 Et
320 783 417 835 ipse
444 780 632 822 redimet
659 779 808 829 Israel,
836 779 860 804 *
889 792 943 820 ex
972 779 1014 819 o-

184 839 356 880 mnibus
375 836 677 890 iniquitatibus
697 837 798 887 ejus.

238 894 337 934 Ant.
365 893 497 947 Apud
515 893 753 934 Dominum
771 891 1015 932 misericor-

185 950 271 1001 dia,
301 955 344 993 et
369 950 553 1003 copiosa
578 948 699 1002 apud
723 961 823 990 eum
848 947 1015 989 redem-

184 1008 290 1060 ptio.

237 1064 335 1104 Ant.
366 1064 416 1104 In
442 1066 718 1115 quacumque
744 1061 815 1103 die
840 1061 1016 1102 invoca-

184 1133 290 1162 vero
317 1125 377 1169 te,
405 1118 616 1161 exaudies
641 1131 729 1160 me:
755 1117 1015 1170 multiplica-

186 1177 253 1218 bis
273 1177 316 1217 in
336 1176 479 1217 anima
497 1188 596 1217 mea
615 1176 834 1217 virtutem.

448 1229 646 1270 Psalmus
667 1230 751 1269 137.

186 1279 485 1387 Confitebor
517 1287 597 1329 tibi
620 1287 809 1328 Domine
842 1287 887 1327 in
919 1291 1016 1328 toto

284 1345 420 1387 corde
444 1357 560 1386 meo:
579 1346 603 1371 *
623 1344 831 1396 quoniam
855 1341 1017 1384 audisti

184 1402 321 1444 verba
340 1402 429 1443 oris
451 1401 548 1442 mei.
623 1440 635 1449 s

236 1459 287 1499 In
323 1459 566 1510 conspectu
598 1455 869 1507 Angelorum
901 1455 1015 1508 psal-

185 1514 272 1555 lam
305 1513 401 1555 tibi:
428 1514 451 1539 *
481 1512 679 1554 adorabo
714 1512 770 1553 ad
803 1512 1016 1564 templum

185 1576 384 1612 sanctum
416 1575 554 1619 tuum,
587 1573 631 1610 et
664 1567 909 1610 confitebor
941 1570 1016 1609 no-

185 1627 290 1667 mini
307 1631 397 1668 tuo.

237 1683 378 1735 Super
405 1681 706 1724 misericordia
726 1686 816 1731 tua,
845 1685 889 1723 et
908 1681 1016 1723 veri-

184 1741 276 1780 tate
309 1744 398 1780 tua:
430 1739 453 1764 *
489 1738 697 1790 quoniam
727 1737 1018 1788 magnificasti

185 1808 317 1848 super
332 1807 471 1844 omne,
491 1807 652 1836 nomen
668 1798 867 1835 sanctum
882 1799 1017 1840 tuum,

237 1852 287 1891 In
305 1854 580 1904 quacumque
596 1849 666 1891 die
684 1850 947 1891 invocavero
962 1856 1017 1900 te,

188 1907 348 1949 exaudi
370 1920 456 1949 me:
479 1908 503 1933 *
526 1906 838 1959 multiplicabis
862 1907 905 1947 in
930 1907 1017 1948 ani-

186 1977 256 2004 ma
276 1976 375 2005 mea
392 1964 609 2005 virtutem.

239 2019 541 2061 Confiteantur
559 2018 640 2060 tibi
657 2019 845 2060 Domine
864 2031 1017 2061 omnes

187 2088 313 2126 reges
345 2081 489 2117 terrae:
517 2077 541 2102 *
575 2075 676 2127 quia
708 2074 940 2116 audierunt
973 2077 1016 2116 o-

185 2132 301 2173 mnia
318 2132 454 2173 verba
473 2132 560 2173 oris
578 2132 656 2174 tui:

237 2188 294 2229 Et
312 2194 488 2230 cantent
506 2189 550 2229 in
568 2189 650 2230 viis
666 2188 857 2230 Domini:
871 2188 896 2213 *
912 2189 1016 2239 quo-

186 2244 302 2285 niam
321 2257 478 2295 magna
498 2250 564 2286 est
584 2245 725 2295 gloria
743 2245 931 2286 Domini.

240 2300 454 2349 Quoniam
483 2301 682 2342 excelsus
710 2301 943 2350 Dominus,
973 2305 1017 2341 et

187 2354 367 2396 humilia
394 2357 587 2408 respicit:
606 2358 630 2384 *
650 2362 694 2398 et
720 2356 808 2397 alta
834 2369 860 2398 a
884 2357 1016 2408 longe

187 2411 425 2461 cognoscit.

239 2467 285 2508 Si
303 2466 585 2509 ambulavero
609 2468 652 2508 in
671 2467 818 2510 medio
838 2467 1015 2510 tribula-

188 2522 334 2572 tionis,
367 2523 610 2564 vivificabis
641 2537 726 2566 me:
754 2527 778 2552 *
807 2530 850 2566 et
885 2537 1017 2576 super

187 2579 297 2620 iram
314 2579 588 2620 inimicorum
607 2583 805 2621 meorum
822 2579 1016 2621 extendi-

188 2635 244 2676 sti
263 2647 439 2675 manum
457 2639 592 2683 tuam,
619 2641 661 2676 et
675 2636 849 2677 salvum
868 2649 938 2677 me
958 2636 1015 2676 fe-

189 2691 248 2732 cit
267 2690 448 2732 dextera
465 2695 551 2731 tua.

1120 270 1337 312 Dominus
1351 268 1565 312 retribuet
1577 281 1662 322 pro
1674 280 1760 310 me:
1769 268 1794 294 *
1803 268 1902 309 Dfie

1069 326 1372 370 misericordia
1390 331 1467 368 tua
1483 326 1528 367 in
1547 324 1774 366 saeculum:
1798 326 1900 376 ope-

1070 398 1119 426 ra
1137 387 1345 425 manuum
1358 385 1534 425 tuarum
1551 394 1607 423 ne
1627 380 1858 434 despicias.

1125 448 1223 488 Ant.
1254 445 1302 485 In
1330 446 1608 496 quacumque
1634 441 1706 484 die
1727 442 1901 483 invoca-

1071 514 1177 543 vero
1204 506 1265 551 te,
1295 500 1505 543 exaudies
1530 512 1615 541 me:
1642 497 1902 551 multiplica-

1070 557 1138 600 bis
1157 558 1201 598 in
1221 558 1366 599 anima
1383 569 1482 599 mea
1501 556 1718 598 virtutem.

1151 632 1411 684 Capitulum.
1599 633 1708 681 Tob.
1728 634 1764 673 3.
1784 631 1824 673 b.

1072 692 1404 797 Benedictum
1434 707 1596 738 nomen
1627 698 1752 736 tuum
1781 694 1904 735 Deus

1188 759 1366 806 patrum
1393 754 1662 794 nostrerum:
1695 750 1771 803 qui
1805 763 1904 792 cum

1070 810 1210 851 iratus
1227 810 1372 859 fueris,
1390 807 1739 850 misericordiam
1757 806 1904 857 facies,

1071 871 1115 908 et
1132 866 1176 907 in
1194 868 1393 919 tempore
1407 864 1703 907 tribulationis
1718 865 1905 916 peccata

1071 923 1254 964 dimittis
1274 923 1352 973 his,
1374 922 1449 975 qui
1468 924 1676 963 invocant
1693 925 1750 962 te.

1380 992 1592 1043 Hymnus.

1146 1061 1296 1100 reator
1315 1058 1428 1099 alme
1448 1055 1653 1108 siderum,

1179 1116 1366 1157 AEterna
1383 1115 1460 1156 lux
1479 1113 1764 1162 credentium,

1122 1172 1148 1212 J
1150 1184 1229 1213 esu
1247 1170 1525 1224 Redemptor
1543 1169 1749 1220 omnium,

1120 1227 1305 1270 Intende
1325 1228 1441 1270 votis
1461 1226 1721 1280 supplicum.

1075 1298 1316 1339 Commi'me
1337 1297 1412 1349 qui
1429 1294 1582 1338 mundi
1599 1295 1722 1336 nefas

1120 1353 1180 1395 Ut
1199 1353 1414 1406 expiareS‚
1434 1352 1491 1394 ad
1510 1364 1687 1394 crucem

1119 1410 1157 1450 E
1176 1410 1372 1461 Virginis
1391 1409 1585 1450 sacrario

1120 1466 1294 1508 Intacta
1311 1465 1466 1519 prodis
1485 1465 1674 1507 victima.

1075 1531 1204 1582 Cujus
1222 1533 1422 1584 potestas
1441 1530 1605 1582 gloriae,

1121 1587 1384 1640 Nomenque
1403 1600 1502 1629 cum
1521 1586 1712 1639 primum
1731 1590 1870 1636 sonat,

1122 1643 1180 1686 Et
1199 1644 1381 1694 co'eliteS‚
1401 1649 1445 1686 et
1464 1643 1592 1684 inferi

1124 1700 1361 1742 Tremente
1381 1701 1618 1742 curvantur
1637 1711 1761 1750 genu.

1074 1771 1155 1821 Qui
1175 1769 1388 1812 daemonis
1407 1782 1462 1812 ne
1481 1767 1710 1811 fraudibus

1121 1827 1291 1868 Periret
1311 1826 1442 1875 orbis,
1461 1828 1631 1878 impetu

1123 1883 1302 1924 Amoris
1322 1887 1458 1932 actus,
1476 1879 1674 1933 languidi

1123 1939 1276 1981 Mundi
1294 1938 1468 1981 medela
1485 1938 1628 1979 factus
1647 1949 1706 1978 es.

1073 2010 1137 2050 Te
1158 2008 1449 2060 deprecamur
1467 2006 1634 2049 ultimae

1123 2064 1331 2115 Magnum
1353 2064 1441 2106 diei
1459 2063 1671 2112 Judicem‚

1090 2154 1093 2156 .
1122 2121 1271 2162 Armis
1291 2123 1495 2173 supernae
1515 2119 1669 2171 gratiae

1121 2177 1323 2219 Defende
1342 2190 1423 2219 nos
1442 2177 1497 2218 ab
1517 2175 1732 2218 hostibus.

1072 2249 1186 2297 Jesu,
1205 2247 1285 2289 tibi
1303 2247 1359 2288 sit
1378 2246 1529 2298 gloria,

1123 2303 1207 2353 Qui
1225 2308 1354 2344 natus
1374 2315 1421 2344 es
1442 2302 1497 2344 de
1515 2300 1710 2352 Virgine,

1122 2359 1233 2400 Cum
1251 2360 1393 2408 Patre,
1413 2364 1456 2400 et
1475 2358 1591 2399 almo
1611 2355 1785 2409 Spiritu,

1123 2417 1174 2456 In
1193 2416 1462 2468 sempiterna
1482 2413 1654 2455 saecula.
1682 2411 1836 2452 Amen.

1070 2526 1105 2559 H
1124 2478 1186 2512 Sic
1222 2479 1475 2513 terminantur
1502 2476 1646 2522 Hymni
1686 2477 1735 2511 ad
1766 2487 1899 2511 omnes

1110 2536 1208 2560 oras.

1122 2575 1172 2623 V.
1187 2578 1432 2620 Redemisti
1446 2589 1528 2618 nos
1543 2575 1732 2617 Domine
1747 2575 1791 2616 in
1806 2577 1901 2616 san-

1069 2635 1200 2685 guine
1226 2640 1316 2676 tuo.
1356 2635 1406 2686 R.
1436 2633 1493 2674 Et
1525 2632 1667 2674 fecisti
1694 2644 1776 2673 nos
1803 2632 1901 2673 Deo

1069 2695 1222 2732 nostro
1251 2702 1444 2741 regnum.
