<?xml version="1.0" encoding="UTF-8"?>
<!DOCTYPE html PUBLIC "-//W3C//DTD XHTML 1.0 Transitional//EN"
    "http://www.w3.org/TR/xhtml1/DTD/xhtml1-transitional.dtd">
<html xmlns="http://www.w3.org/1999/xhtml" xml:lang="en" lang="en">
 <head>
  <title>
</title>
<meta http-equiv="Content-Type" content="text/html;charset=utf-8" />
  <meta name='ocr-system' content='tesseract 3.04.00' />
  <meta name='ocr-capabilities' content='ocr_page ocr_carea ocr_par ocr_line ocrx_word'/>
</head>
<body>
  <div class='ocr_page' id='page_1' title='image "./p4breviariumroma00cathuoft_0631.png"; bbox 0 0 2040 2944; ppageno 0'>
   <div class='ocr_carea' id='block_1_1' title="bbox 590 199 1420 234">
    <p class='ocr_par' dir='ltr' id='par_1_1' title="bbox 590 199 1420 234">
     <span class='ocr_line' id='line_1_1' title="bbox 590 199 1420 234; baseline 0.001 -2"><span class='ocrx_word' id='word_1_1' title='bbox 590 199 694 233; x_wconf 81' lang='lat' dir='ltr'>Infra</span> <span class='ocrx_word' id='word_1_2' title='bbox 720 199 906 234; x_wconf 70' lang='lat' dir='ltr'>Octavam</span> <span class='ocrx_word' id='word_1_3' title='bbox 929 199 1198 233; x_wconf 74' lang='lat' dir='ltr'>Dedicationis</span> <span class='ocrx_word' id='word_1_4' title='bbox 1224 200 1420 234; x_wconf 60' lang='lat' dir='ltr'>Ecclesiae.</span> 
     </span>
    </p>
   </div>
   <div class='ocr_carea' id='block_1_2' title="bbox 1776 197 1867 241">
    <p class='ocr_par' dir='ltr' id='par_1_2' title="bbox 1776 197 1867 241">
     <span class='ocr_line' id='line_1_2' title="bbox 1776 197 1867 241; baseline 0 -9"><span class='ocrx_word' id='word_1_5' title='bbox 1776 197 1867 241; x_wconf 84' lang='lat'>[131]</span> 
     </span>
    </p>
   </div>
   <div class='ocr_carea' id='block_1_3' title="bbox 149 256 1872 270">
    <p class='ocr_par' dir='ltr' id='par_1_3' title="bbox 149 256 1872 270">
     <span class='ocr_line' id='line_1_3' title="bbox 149 256 1872 270; baseline 0 2674"><span class='ocrx_word' id='word_1_6' title='bbox 149 256 1872 270; x_wconf 95' lang='lat' dir='ltr'> </span> 
     </span>
    </p>
   </div>
   <div class='ocr_carea' id='block_1_4' title="bbox 153 292 986 501">
    <p class='ocr_par' dir='ltr' id='par_1_4' title="bbox 153 292 986 501">
     <span class='ocr_line' id='line_1_4' title="bbox 154 292 984 344; baseline -0.001 -10"><span class='ocrx_word' id='word_1_7' title='bbox 154 297 220 334; x_wconf 92' lang='lat' dir='ltr'>est</span> <span class='ocrx_word' id='word_1_8' title='bbox 232 297 364 344; x_wconf 91' lang='lat' dir='ltr'>atque</span> <span class='ocrx_word' id='word_1_9' title='bbox 375 292 617 343; x_wconf 83' lang='lat' dir='ltr'>jucundior:</span> <span class='ocrx_word' id='word_1_10' title='bbox 633 297 676 334; x_wconf 90' lang='lat' dir='ltr'>et</span> <span class='ocrx_word' id='word_1_11' title='bbox 689 293 868 334; x_wconf 90' lang='lat' dir='ltr'>lucerna</span> <span class='ocrx_word' id='word_1_12' title='bbox 877 292 984 342; x_wconf 78' lang='lat' dir='ltr'>haec,</span> 
     </span>
     <span class='ocr_line' id='line_1_5' title="bbox 156 347 984 401; baseline 0 -12"><span class='ocrx_word' id='word_1_13' title='bbox 156 361 286 401; x_wconf 89' lang='lat' dir='ltr'>quam</span> <span class='ocrx_word' id='word_1_14' title='bbox 304 347 394 397; x_wconf 91' lang='lat' dir='ltr'>illa,</span> <span class='ocrx_word' id='word_1_15' title='bbox 420 353 468 390; x_wconf 93' lang='lat' dir='ltr'>ut</span> <span class='ocrx_word' id='word_1_16' title='bbox 491 353 652 390; x_wconf 89' lang='lat' dir='ltr'>norunt</span> <span class='ocrx_word' id='word_1_17' title='bbox 677 349 752 401; x_wconf 91' lang='lat' dir='ltr'>qui</span> <span class='ocrx_word' id='word_1_18' title='bbox 776 361 875 390; x_wconf 93' lang='lat' dir='ltr'>cum</span> <span class='ocrx_word' id='word_1_19' title='bbox 897 348 984 389; x_wconf 88' lang='lat' dir='ltr'>fide</span> 
     </span>
     <span class='ocr_line' id='line_1_6' title="bbox 154 403 986 456; baseline -0.001 -11"><span class='ocrx_word' id='word_1_20' title='bbox 154 403 252 445; x_wconf 89' lang='lat' dir='ltr'>oleo</span> <span class='ocrx_word' id='word_1_21' title='bbox 284 405 503 456; x_wconf 82' lang='lat' dir='ltr'>peruncti,</span> <span class='ocrx_word' id='word_1_22' title='bbox 546 417 572 445; x_wconf 89' lang='lat' dir='ltr'>a</span> <span class='ocrx_word' id='word_1_23' title='bbox 608 404 775 446; x_wconf 85' lang='lat' dir='ltr'>morbis</span> <span class='ocrx_word' id='word_1_24' title='bbox 813 404 986 446; x_wconf 88' lang='lat' dir='ltr'>liberati</span> 
     </span>
     <span class='ocr_line' id='line_1_7' title="bbox 153 460 984 501; baseline 0.001 -1"><span class='ocrx_word' id='word_1_25' title='bbox 153 465 263 501; x_wconf 91' lang='lat' dir='ltr'>sunt.</span> <span class='ocrx_word' id='word_1_26' title='bbox 304 460 422 500; x_wconf 88' lang='lat' dir='ltr'>Arca</span> <span class='ocrx_word' id='word_1_27' title='bbox 451 460 582 501; x_wconf 91' lang='lat' dir='ltr'>etiam</span> <span class='ocrx_word' id='word_1_28' title='bbox 609 460 705 501; x_wconf 87' lang='lat' dir='ltr'>haec</span> <span class='ocrx_word' id='word_1_29' title='bbox 732 460 871 501; x_wconf 90' lang='lat' dir='ltr'>multo</span> <span class='ocrx_word' id='word_1_30' title='bbox 897 462 984 500; x_wconf 90' lang='lat' dir='ltr'>me-</span> 
     </span>
    </p>
   </div>
   <div class='ocr_carea' id='block_1_5' title="bbox 151 515 1051 572">
    <p class='ocr_par' dir='ltr' id='par_1_5' title="bbox 151 515 1089 572">
     <span class='ocr_line' id='line_1_8' title="bbox 151 515 1051 572; baseline 0.002 -17"><span class='ocrx_word' id='word_1_31' title='bbox 151 515 251 564; x_wconf 89' lang='lat' dir='ltr'>lior,</span> <span class='ocrx_word' id='word_1_32' title='bbox 297 518 525 568; x_wconf 78' lang='lat' dir='ltr'>magisque</span> <span class='ocrx_word' id='word_1_33' title='bbox 567 516 824 558; x_wconf 88' lang='lat' dir='ltr'>necessaria.</span> <span class='ocrx_word' id='word_1_34' title='bbox 882 515 984 556; x_wconf 90' lang='lat' dir='ltr'>Non</span> <span class='ocrx_word' id='word_1_35' title='bbox 1045 536 1051 572; x_wconf 70' lang='lat'>2³</span> 
     </span>
    </p>
   </div>
   <div class='ocr_carea' id='block_1_6' title="bbox 152 571 987 2144">
    <p class='ocr_par' dir='ltr' id='par_1_6' title="bbox 152 571 987 2144">
     <span class='ocr_line' id='line_1_9' title="bbox 153 571 984 621; baseline -0.001 -9"><span class='ocrx_word' id='word_1_36' title='bbox 153 571 268 613; x_wconf 91' lang='lat' dir='ltr'>enim</span> <span class='ocrx_word' id='word_1_37' title='bbox 283 576 441 621; x_wconf 91' lang='lat' dir='ltr'>vestes,</span> <span class='ocrx_word' id='word_1_38' title='bbox 461 571 541 613; x_wconf 94' lang='lat' dir='ltr'>sed</span> <span class='ocrx_word' id='word_1_39' title='bbox 558 571 906 613; x_wconf 91' lang='lat' dir='ltr'>misericordiam</span> <span class='ocrx_word' id='word_1_40' title='bbox 924 571 984 611; x_wconf 92' lang='lat' dir='ltr'>in-</span> 
     </span>
     <span class='ocr_line' id='line_1_10' title="bbox 154 627 985 680; baseline -0.001 -12"><span class='ocrx_word' id='word_1_41' title='bbox 154 627 321 668; x_wconf 75' lang='lat' dir='ltr'>clasam</span> <span class='ocrx_word' id='word_1_42' title='bbox 360 628 575 669; x_wconf 85' lang='lat' dir='ltr'>continet:</span> <span class='ocrx_word' id='word_1_43' title='bbox 618 628 817 680; x_wconf 88' lang='lat' dir='ltr'>quamvis</span> <span class='ocrx_word' id='word_1_44' title='bbox 855 627 985 679; x_wconf 90' lang='lat' dir='ltr'>pauci</span> 
     </span>
     <span class='ocr_line' id='line_1_11' title="bbox 154 683 985 736; baseline 0.001 -12"><span class='ocrx_word' id='word_1_45' title='bbox 154 684 255 733; x_wconf 92' lang='lat' dir='ltr'>sint,</span> <span class='ocrx_word' id='word_1_46' title='bbox 291 683 365 735; x_wconf 93' lang='lat' dir='ltr'>qui</span> <span class='ocrx_word' id='word_1_47' title='bbox 397 696 494 724; x_wconf 91' lang='lat' dir='ltr'>eam</span> <span class='ocrx_word' id='word_1_48' title='bbox 521 683 787 736; x_wconf 83' lang='lat' dir='ltr'>possideant.</span> <span class='ocrx_word' id='word_1_49' title='bbox 827 683 913 724; x_wconf 91' lang='lat' dir='ltr'>Hic</span> <span class='ocrx_word' id='word_1_50' title='bbox 941 688 985 725; x_wconf 85' lang='lat' dir='ltr'>et</span> 
     </span>
     <span class='ocr_line' id='line_1_12' title="bbox 152 739 985 791; baseline 0 -12"><span class='ocrx_word' id='word_1_51' title='bbox 152 739 338 781; x_wconf 90' lang='lat' dir='ltr'>lectulus</span> <span class='ocrx_word' id='word_1_52' title='bbox 357 743 423 780; x_wconf 90' lang='lat' dir='ltr'>est</span> <span class='ocrx_word' id='word_1_53' title='bbox 443 739 573 780; x_wconf 90' lang='lat' dir='ltr'>valde</span> <span class='ocrx_word' id='word_1_54' title='bbox 592 739 667 780; x_wconf 89' lang='lat' dir='ltr'>illo</span> <span class='ocrx_word' id='word_1_55' title='bbox 687 739 985 791; x_wconf 82' lang='lat' dir='ltr'>praestantior:</span> 
     </span>
     <span class='ocr_line' id='line_1_13' title="bbox 153 794 984 847; baseline -0.001 -11"><span class='ocrx_word' id='word_1_56' title='bbox 153 794 397 836; x_wconf 85' lang='lat' dir='ltr'>divinarum</span> <span class='ocrx_word' id='word_1_57' title='bbox 430 795 545 836; x_wconf 92' lang='lat' dir='ltr'>enim</span> <span class='ocrx_word' id='word_1_58' title='bbox 572 796 897 847; x_wconf 90' lang='lat' dir='ltr'>Scripturarum</span> <span class='ocrx_word' id='word_1_59' title='bbox 921 797 984 835; x_wconf 91' lang='lat' dir='ltr'>re-</span> 
     </span>
     <span class='ocr_line' id='line_1_14' title="bbox 154 850 884 903; baseline 0 -12"><span class='ocrx_word' id='word_1_60' title='bbox 154 851 278 903; x_wconf 89' lang='lat' dir='ltr'>quies</span> <span class='ocrx_word' id='word_1_61' title='bbox 298 850 454 902; x_wconf 91' lang='lat' dir='ltr'>quovis</span> <span class='ocrx_word' id='word_1_62' title='bbox 473 850 589 892; x_wconf 92' lang='lat' dir='ltr'>lecto</span> <span class='ocrx_word' id='word_1_63' title='bbox 609 852 786 893; x_wconf 91' lang='lat' dir='ltr'>suavior</span> <span class='ocrx_word' id='word_1_64' title='bbox 807 856 884 892; x_wconf 92' lang='lat' dir='ltr'>est.</span> 
     </span>
     <span class='ocr_line' id='line_1_15' title="bbox 204 906 611 961; baseline 0 -13"><span class='ocrx_word' id='word_1_65' title='bbox 204 909 256 961; x_wconf 67' lang='lat' dir='ltr'>R.</span> <span class='ocrx_word' id='word_1_66' title='bbox 285 906 322 948; x_wconf 93' lang='grc' dir='ltr'>Ο</span> <span class='ocrx_word' id='word_1_67' title='bbox 344 919 485 958; x_wconf 90' lang='lat' dir='ltr'>quam.</span> <span class='ocrx_word' id='word_1_68' title='bbox 515 906 611 959; x_wconf 85' lang='lat'>[118]</span> 
     </span>
     <span class='ocr_line' id='line_1_16' title="bbox 455 972 680 1013; baseline -0.004 0"><span class='ocrx_word' id='word_1_69' title='bbox 455 972 607 1013; x_wconf 84' lang='lat' dir='ltr'>Lectio</span> <span class='ocrx_word' id='word_1_70' title='bbox 627 972 680 1013; x_wconf 89' lang='lat' dir='ltr'>vi.</span> 
     </span>
     <span class='ocr_line' id='line_1_17' title="bbox 236 1027 985 1081; baseline 0.004 -13"><span class='ocrx_word' id='word_1_71' title='bbox 236 1032 255 1068; x_wconf 93' lang='lat' dir='ltr'>t</span> <span class='ocrx_word' id='word_1_72' title='bbox 275 1027 452 1079; x_wconf 91' lang='lat' dir='ltr'>quidem</span> <span class='ocrx_word' id='word_1_73' title='bbox 476 1029 514 1069; x_wconf 92' lang='lat' dir='ltr'>si</span> <span class='ocrx_word' id='word_1_74' title='bbox 532 1028 772 1070; x_wconf 92' lang='lat' dir='ltr'>concordia</span> <span class='ocrx_word' id='word_1_75' title='bbox 789 1029 985 1081; x_wconf 87' lang='lat' dir='ltr'>perfecte</span> 
     </span>
     <span class='ocr_line' id='line_1_18' title="bbox 259 1084 985 1134; baseline 0.003 -10"><span class='ocrx_word' id='word_1_76' title='bbox 259 1086 509 1126; x_wconf 91' lang='lat' dir='ltr'>servaretur</span> <span class='ocrx_word' id='word_1_77' title='bbox 555 1098 581 1125; x_wconf 91' lang='lat' dir='ltr'>a</span> <span class='ocrx_word' id='word_1_78' title='bbox 623 1084 768 1134; x_wconf 90' lang='lat' dir='ltr'>nobis,</span> <span class='ocrx_word' id='word_1_79' title='bbox 822 1084 985 1126; x_wconf 89' lang='lat' dir='ltr'>nullam</span> 
     </span>
     <span class='ocr_line' id='line_1_19' title="bbox 153 1139 984 1193; baseline 0.002 -13"><span class='ocrx_word' id='word_1_80' title='bbox 153 1139 284 1181; x_wconf 89' lang='lat' dir='ltr'>aliam</span> <span class='ocrx_word' id='word_1_81' title='bbox 313 1139 493 1181; x_wconf 92' lang='lat' dir='ltr'>domum</span> <span class='ocrx_word' id='word_1_82' title='bbox 519 1146 683 1193; x_wconf 88' lang='lat' dir='ltr'>praeter</span> <span class='ocrx_word' id='word_1_83' title='bbox 711 1140 824 1182; x_wconf 85' lang='lat' dir='ltr'>hanc</span> <span class='ocrx_word' id='word_1_84' title='bbox 854 1140 984 1182; x_wconf 91' lang='lat' dir='ltr'>habe-</span> 
     </span>
     <span class='ocr_line' id='line_1_20' title="bbox 152 1196 986 1249; baseline 0.002 -14"><span class='ocrx_word' id='word_1_85' title='bbox 152 1197 309 1236; x_wconf 92' lang='lat' dir='ltr'>remus.</span> <span class='ocrx_word' id='word_1_86' title='bbox 343 1196 445 1237; x_wconf 89' lang='lat' dir='ltr'>Hoc</span> <span class='ocrx_word' id='word_1_87' title='bbox 464 1202 610 1238; x_wconf 92' lang='lat' dir='ltr'>autem</span> <span class='ocrx_word' id='word_1_88' title='bbox 629 1196 750 1249; x_wconf 93' lang='lat' dir='ltr'>quod</span> <span class='ocrx_word' id='word_1_89' title='bbox 769 1196 873 1246; x_wconf 83' lang='lat' dir='ltr'><strong>dixi,</strong></span> <span class='ocrx_word' id='word_1_90' title='bbox 898 1210 986 1238; x_wconf 94' lang='lat' dir='ltr'>non</span> 
     </span>
     <span class='ocr_line' id='line_1_21' title="bbox 154 1251 985 1302; baseline 0.001 -10"><span class='ocrx_word' id='word_1_91' title='bbox 154 1264 251 1293; x_wconf 92' lang='lat' dir='ltr'>esse</span> <span class='ocrx_word' id='word_1_92' title='bbox 271 1251 443 1302; x_wconf 91' lang='lat' dir='ltr'>durum,</span> <span class='ocrx_word' id='word_1_93' title='bbox 463 1255 680 1294; x_wconf 89' lang='lat' dir='ltr'>testantur</span> <span class='ocrx_word' id='word_1_94' title='bbox 698 1253 773 1293; x_wconf 90' lang='lat' dir='ltr'>illa</span> <span class='ocrx_word' id='word_1_95' title='bbox 792 1253 877 1294; x_wconf 89' lang='lat' dir='ltr'>tria</span> <span class='ocrx_word' id='word_1_96' title='bbox 893 1253 985 1293; x_wconf 92' lang='lat' dir='ltr'>mil-</span> 
     </span>
     <span class='ocr_line' id='line_1_22' title="bbox 153 1307 986 1360; baseline 0.004 -13"><span class='ocrx_word' id='word_1_97' title='bbox 153 1307 225 1357; x_wconf 91' lang='lat' dir='ltr'>lia,</span> <span class='ocrx_word' id='word_1_98' title='bbox 272 1312 316 1350; x_wconf 91' lang='lat' dir='ltr'>et</span> <span class='ocrx_word' id='word_1_99' title='bbox 353 1308 544 1360; x_wconf 90' lang='lat' dir='ltr'>quinque</span> <span class='ocrx_word' id='word_1_100' title='bbox 581 1308 716 1349; x_wconf 89' lang='lat' dir='ltr'>millia</span> <span class='ocrx_word' id='word_1_101' title='bbox 750 1308 986 1358; x_wconf 91' lang='lat' dir='ltr'>hominum,</span> 
     </span>
     <span class='ocr_line' id='line_1_23' title="bbox 155 1363 987 1416; baseline 0.001 -11"><span class='ocrx_word' id='word_1_102' title='bbox 155 1363 312 1416; x_wconf 82' lang='lat' dir='ltr'>quibus</span> <span class='ocrx_word' id='word_1_103' title='bbox 348 1369 392 1406; x_wconf 92' lang='lat' dir='ltr'>et</span> <span class='ocrx_word' id='word_1_104' title='bbox 428 1364 585 1406; x_wconf 89' lang='lat' dir='ltr'>domus</span> <span class='ocrx_word' id='word_1_105' title='bbox 621 1378 721 1414; x_wconf 92' lang='lat' dir='ltr'>una,</span> <span class='ocrx_word' id='word_1_106' title='bbox 758 1370 802 1406; x_wconf 93' lang='lat' dir='ltr'>et</span> <span class='ocrx_word' id='word_1_107' title='bbox 835 1378 987 1406; x_wconf 90' lang='lat' dir='ltr'>mensa</span> 
     </span>
     <span class='ocr_line' id='line_1_24' title="bbox 153 1421 985 1470; baseline 0.001 -9"><span class='ocrx_word' id='word_1_108' title='bbox 153 1433 256 1470; x_wconf 91' lang='lat' dir='ltr'>una,</span> <span class='ocrx_word' id='word_1_109' title='bbox 279 1426 323 1462; x_wconf 91' lang='lat' dir='ltr'>et</span> <span class='ocrx_word' id='word_1_110' title='bbox 341 1421 485 1462; x_wconf 84' lang='lat' dir='ltr'>anima</span> <span class='ocrx_word' id='word_1_111' title='bbox 503 1434 590 1462; x_wconf 92' lang='lat' dir='ltr'>una</span> <span class='ocrx_word' id='word_1_112' title='bbox 609 1426 713 1463; x_wconf 90' lang='lat' dir='ltr'>erat.</span> <span class='ocrx_word' id='word_1_113' title='bbox 746 1421 985 1463; x_wconf 83' lang='lat' dir='ltr'>Multitudi-</span> 
     </span>
     <span class='ocr_line' id='line_1_25' title="bbox 152 1476 986 1529; baseline 0.001 -12"><span class='ocrx_word' id='word_1_114' title='bbox 152 1476 220 1517; x_wconf 89' lang='lat' dir='ltr'>nis</span> <span class='ocrx_word' id='word_1_115' title='bbox 240 1476 355 1518; x_wconf 83' lang='lat' dir='ltr'>enim</span> <span class='ocrx_word' id='word_1_116' title='bbox 374 1476 656 1526; x_wconf 90' lang='lat' dir='ltr'>credentium,</span> <span class='ocrx_word' id='word_1_117' title='bbox 679 1477 831 1529; x_wconf 90' lang='lat' dir='ltr'>inquit,</span> <span class='ocrx_word' id='word_1_118' title='bbox 852 1491 986 1518; x_wconf 89' lang='lat' dir='ltr'>unum</span> 
     </span>
     <span class='ocr_line' id='line_1_26' title="bbox 155 1532 986 1585; baseline 0 -11"><span class='ocrx_word' id='word_1_119' title='bbox 155 1537 250 1574; x_wconf 86' lang='lat' dir='ltr'>erat</span> <span class='ocrx_word' id='word_1_120' title='bbox 274 1545 366 1583; x_wconf 92' lang='lat' dir='ltr'>cor,</span> <span class='ocrx_word' id='word_1_121' title='bbox 395 1537 438 1574; x_wconf 92' lang='lat' dir='ltr'>et</span> <span class='ocrx_word' id='word_1_122' title='bbox 463 1533 607 1574; x_wconf 89' lang='lat' dir='ltr'>anima</span> <span class='ocrx_word' id='word_1_123' title='bbox 631 1546 728 1574; x_wconf 89' lang='lat' dir='ltr'>una.</span> <span class='ocrx_word' id='word_1_124' title='bbox 772 1532 860 1574; x_wconf 94' lang='lat' dir='ltr'>Sed</span> <span class='ocrx_word' id='word_1_125' title='bbox 885 1533 986 1585; x_wconf 92' lang='lat' dir='ltr'>quia</span> 
     </span>
     <span class='ocr_line' id='line_1_27' title="bbox 153 1587 986 1640; baseline 0.001 -11"><span class='ocrx_word' id='word_1_126' title='bbox 153 1587 283 1640; x_wconf 89' lang='lat' dir='ltr'>longe</span> <span class='ocrx_word' id='word_1_127' title='bbox 307 1588 362 1630; x_wconf 89' lang='lat' dir='ltr'>ab</span> <span class='ocrx_word' id='word_1_128' title='bbox 385 1588 560 1630; x_wconf 89' lang='lat' dir='ltr'>illorum</span> <span class='ocrx_word' id='word_1_129' title='bbox 579 1589 740 1630; x_wconf 78' lang='lat' dir='ltr'>virtute</span> <span class='ocrx_word' id='word_1_130' title='bbox 767 1588 986 1639; x_wconf 92' lang='lat' dir='ltr'>absumus,</span> 
     </span>
     <span class='ocr_line' id='line_1_28' title="bbox 155 1644 985 1697; baseline -0.001 -11"><span class='ocrx_word' id='word_1_131' title='bbox 155 1649 199 1686; x_wconf 90' lang='lat' dir='ltr'>et</span> <span class='ocrx_word' id='word_1_132' title='bbox 216 1657 297 1697; x_wconf 91' lang='lat' dir='ltr'>per</span> <span class='ocrx_word' id='word_1_133' title='bbox 316 1644 474 1686; x_wconf 90' lang='lat' dir='ltr'>domos</span> <span class='ocrx_word' id='word_1_134' title='bbox 494 1644 698 1696; x_wconf 82' lang='lat' dir='ltr'>disjuncti</span> <span class='ocrx_word' id='word_1_135' title='bbox 716 1658 881 1694; x_wconf 91' lang='lat' dir='ltr'>sumus,</span> <span class='ocrx_word' id='word_1_136' title='bbox 905 1645 985 1686; x_wconf 84' lang='lat' dir='ltr'>sal-</span> 
     </span>
     <span class='ocr_line' id='line_1_29' title="bbox 153 1700 986 1753; baseline -0.001 -11"><span class='ocrx_word' id='word_1_137' title='bbox 153 1705 245 1742; x_wconf 85' lang='lat' dir='ltr'>tem</span> <span class='ocrx_word' id='word_1_138' title='bbox 279 1700 455 1753; x_wconf 91' lang='lat' dir='ltr'>quando</span> <span class='ocrx_word' id='word_1_139' title='bbox 487 1700 573 1742; x_wconf 92' lang='lat' dir='ltr'>huc</span> <span class='ocrx_word' id='word_1_140' title='bbox 606 1703 905 1750; x_wconf 79' lang='lat' dir='ltr'>convenimus,</span> <span class='ocrx_word' id='word_1_141' title='bbox 941 1700 986 1742; x_wconf 94' lang='lat' dir='ltr'>id</span> 
     </span>
     <span class='ocr_line' id='line_1_30' title="bbox 155 1755 985 1798; baseline -0.001 -1"><span class='ocrx_word' id='word_1_142' title='bbox 155 1756 275 1797; x_wconf 92' lang='lat' dir='ltr'>omni</span> <span class='ocrx_word' id='word_1_143' title='bbox 293 1755 440 1798; x_wconf 85' lang='lat' dir='ltr'>studio</span> <span class='ocrx_word' id='word_1_144' title='bbox 460 1756 681 1797; x_wconf 89' lang='lat' dir='ltr'>faciamus.</span> <span class='ocrx_word' id='word_1_145' title='bbox 709 1756 824 1797; x_wconf 89' lang='lat' dir='ltr'>Nam</span> <span class='ocrx_word' id='word_1_146' title='bbox 845 1757 926 1798; x_wconf 92' lang='lat' dir='ltr'>etsi</span> <span class='ocrx_word' id='word_1_147' title='bbox 942 1757 985 1797; x_wconf 90' lang='lat' dir='ltr'>in</span> 
     </span>
     <span class='ocr_line' id='line_1_31' title="bbox 153 1811 986 1865; baseline 0.001 -13"><span class='ocrx_word' id='word_1_148' title='bbox 153 1811 248 1852; x_wconf 90' lang='lat' dir='ltr'>aliis</span> <span class='ocrx_word' id='word_1_149' title='bbox 267 1811 399 1853; x_wconf 91' lang='lat' dir='ltr'>rebus</span> <span class='ocrx_word' id='word_1_150' title='bbox 419 1815 656 1865; x_wconf 82' lang='lat' dir='ltr'>paupereS,</span> <span class='ocrx_word' id='word_1_151' title='bbox 681 1817 725 1854; x_wconf 90' lang='lat' dir='ltr'>et</span> <span class='ocrx_word' id='word_1_152' title='bbox 743 1814 898 1864; x_wconf 85' lang='lat' dir='ltr'>inopes</span> <span class='ocrx_word' id='word_1_153' title='bbox 919 1826 986 1853; x_wconf 93' lang='lat' dir='ltr'>su-</span> 
     </span>
     <span class='ocr_line' id='line_1_32' title="bbox 153 1867 986 1918; baseline 0.002 -10"><span class='ocrx_word' id='word_1_154' title='bbox 153 1881 262 1918; x_wconf 90' lang='lat' dir='ltr'>mus,</span> <span class='ocrx_word' id='word_1_155' title='bbox 286 1867 372 1909; x_wconf 90' lang='lat' dir='ltr'>hoc</span> <span class='ocrx_word' id='word_1_156' title='bbox 390 1867 491 1909; x_wconf 91' lang='lat' dir='ltr'>loco</span> <span class='ocrx_word' id='word_1_157' title='bbox 509 1867 675 1918; x_wconf 86' lang='lat' dir='ltr'>saltem,</span> <span class='ocrx_word' id='word_1_158' title='bbox 702 1881 802 1909; x_wconf 93' lang='lat' dir='ltr'>cum</span> <span class='ocrx_word' id='word_1_159' title='bbox 824 1868 910 1909; x_wconf 93' lang='lat' dir='ltr'>huc</span> <span class='ocrx_word' id='word_1_160' title='bbox 930 1868 986 1910; x_wconf 89' lang='lat' dir='ltr'>ad</span> 
     </span>
     <span class='ocr_line' id='line_1_33' title="bbox 154 1924 985 1973; baseline 0.001 -9"><span class='ocrx_word' id='word_1_161' title='bbox 154 1936 235 1965; x_wconf 94' lang='lat' dir='ltr'>vos</span> <span class='ocrx_word' id='word_1_162' title='bbox 276 1924 500 1973; x_wconf 68' lang='lat' dir='ltr'>intramus,</span> <span class='ocrx_word' id='word_1_163' title='bbox 542 1937 641 1965; x_wconf 90' lang='lat' dir='ltr'>cum</span> <span class='ocrx_word' id='word_1_164' title='bbox 678 1925 860 1966; x_wconf 85' lang='lat' dir='ltr'>caritate</span> <span class='ocrx_word' id='word_1_165' title='bbox 904 1937 985 1966; x_wconf 91' lang='lat' dir='ltr'>nos</span> 
     </span>
     <span class='ocr_line' id='line_1_34' title="bbox 155 1979 986 2032; baseline 0 -12"><span class='ocrx_word' id='word_1_166' title='bbox 155 1980 378 2032; x_wconf 83' lang='lat' dir='ltr'>suscipite:</span> <span class='ocrx_word' id='word_1_167' title='bbox 396 1992 594 2031; x_wconf 88' lang='lat' dir='ltr'>cumque,</span> <span class='ocrx_word' id='word_1_168' title='bbox 604 1980 698 2021; x_wconf 85' lang='lat' dir='ltr'>Pax</span> <span class='ocrx_word' id='word_1_169' title='bbox 717 1979 854 2030; x_wconf 90' lang='lat' dir='ltr'>vobis,</span> <span class='ocrx_word' id='word_1_170' title='bbox 871 1980 986 2022; x_wconf 91' lang='lat' dir='ltr'>dico:</span> 
     </span>
     <span class='ocr_line' id='line_1_35' title="bbox 155 2036 985 2088; baseline 0.002 -12"><span class='ocrx_word' id='word_1_171' title='bbox 155 2036 213 2077; x_wconf 88' lang='lat' dir='ltr'>Et</span> <span class='ocrx_word' id='word_1_172' title='bbox 237 2048 336 2076; x_wconf 92' lang='lat' dir='ltr'>cum</span> <span class='ocrx_word' id='word_1_173' title='bbox 362 2036 519 2088; x_wconf 91' lang='lat' dir='ltr'>spiritu</span> <span class='ocrx_word' id='word_1_174' title='bbox 542 2040 636 2086; x_wconf 91' lang='lat' dir='ltr'>tuo,</span> <span class='ocrx_word' id='word_1_175' title='bbox 666 2049 755 2078; x_wconf 91' lang='lat' dir='ltr'>non</span> <span class='ocrx_word' id='word_1_176' title='bbox 780 2049 891 2078; x_wconf 90' lang='lat' dir='ltr'>voce</span> <span class='ocrx_word' id='word_1_177' title='bbox 919 2049 985 2078; x_wconf 90' lang='lat' dir='ltr'>so-</span> 
     </span>
     <span class='ocr_line' id='line_1_36' title="bbox 155 2091 985 2144; baseline 0.002 -12"><span class='ocrx_word' id='word_1_178' title='bbox 155 2091 256 2142; x_wconf 91' lang='lat' dir='ltr'>lum,</span> <span class='ocrx_word' id='word_1_179' title='bbox 273 2092 352 2133; x_wconf 89' lang='lat' dir='ltr'>sed</span> <span class='ocrx_word' id='word_1_180' title='bbox 363 2092 508 2133; x_wconf 87' lang='lat' dir='ltr'>animo</span> <span class='ocrx_word' id='word_1_181' title='bbox 522 2104 698 2144; x_wconf 89' lang='lat' dir='ltr'>quoque</span> <span class='ocrx_word' id='word_1_182' title='bbox 709 2092 985 2144; x_wconf 88' lang='lat' dir='ltr'>respondete.</span> 
     </span>
    </p>
   </div>
   <div class='ocr_carea' id='block_1_7' title="bbox 206 2152 752 2205">
    <p class='ocr_par' dir='ltr' id='par_1_7' title="bbox 206 2152 752 2205">
     <span class='ocr_line' id='line_1_37' title="bbox 206 2152 752 2205; baseline 0 -13"><span class='ocrx_word' id='word_1_183' title='bbox 206 2154 257 2205; x_wconf 66' lang='lat' dir='ltr'>R.</span> <span class='ocrx_word' id='word_1_184' title='bbox 285 2153 414 2194; x_wconf 91' lang='lat' dir='ltr'>Mane</span> <span class='ocrx_word' id='word_1_185' title='bbox 434 2164 627 2203; x_wconf 88' lang='lat' dir='ltr'>surgens.</span> <span class='ocrx_word' id='word_1_186' title='bbox 655 2152 752 2204; x_wconf 85' lang='lat'>[118]</span> 
     </span>
    </p>
   </div>
   <div class='ocr_carea' id='block_1_8' title="bbox 372 2228 770 2276">
    <p class='ocr_par' dir='ltr' id='par_1_8' title="bbox 372 2228 770 2276">
     <span class='ocr_line' id='line_1_38' title="bbox 372 2228 770 2276; baseline -0.005 -9"><span class='ocrx_word' id='word_1_187' title='bbox 372 2230 421 2276; x_wconf 76' lang='lat'>111</span> <span class='ocrx_word' id='word_1_188' title='bbox 449 2229 519 2267; x_wconf 88' lang='grc' dir='ltr'>ΙΙΙ,</span> <span class='ocrx_word' id='word_1_189' title='bbox 548 2228 770 2267; x_wconf 79' lang='lat' dir='ltr'>Nocturno.</span> 
     </span>
    </p>
   </div>
   <div class='ocr_carea' id='block_1_9' title="bbox 155 2295 989 2747">
    <p class='ocr_par' dir='ltr' id='par_1_9' title="bbox 155 2295 987 2460">
     <span class='ocr_line' id='line_1_39' title="bbox 155 2295 987 2346; baseline 0.004 -12"><span class='ocrx_word' id='word_1_190' title='bbox 155 2295 310 2337; x_wconf 90' lang='lat' dir='ltr'>Lectio</span> <span class='ocrx_word' id='word_1_191' title='bbox 336 2296 476 2337; x_wconf 89' lang='lat' dir='ltr'>sancti</span> <span class='ocrx_word' id='word_1_192' title='bbox 495 2295 723 2346; x_wconf 77' lang='lat' dir='ltr'>Evangelii</span> <span class='ocrx_word' id='word_1_193' title='bbox 746 2296 987 2338; x_wconf 85' lang='lat' dir='ltr'>secundum</span> 
     </span>
     <span class='ocr_line' id='line_1_40' title="bbox 482 2351 658 2392; baseline 0.006 -1"><span class='ocrx_word' id='word_1_194' title='bbox 482 2351 658 2392; x_wconf 92' lang='lat' dir='ltr'>Lucam.</span> 
     </span>
     <span class='ocr_line' id='line_1_41' title="bbox 257 2409 879 2460; baseline -0.005 -9"><span class='ocrx_word' id='word_1_195' title='bbox 257 2411 409 2452; x_wconf 83' lang='lat' dir='ltr'>Lectio</span> <span class='ocrx_word' id='word_1_196' title='bbox 430 2411 496 2450; x_wconf 76' lang='lat' dir='ltr'>vii.</span> <span class='ocrx_word' id='word_1_197' title='bbox 704 2409 879 2460; x_wconf 81' lang='lat' dir='ltr'>Cap.19.</span> 
     </span>
    </p>

    <p class='ocr_par' dir='ltr' id='par_1_10' title="bbox 159 2466 987 2571">
     <span class='ocr_line' id='line_1_42' title="bbox 159 2466 987 2571; baseline 0.001 -60"><span class='ocrx_word' id='word_1_198' title='bbox 159 2466 236 2571; x_wconf 88' lang='lat' dir='ltr'>In</span> <span class='ocrx_word' id='word_1_199' title='bbox 258 2468 335 2512; x_wconf 86' lang='lat' dir='ltr'>illo</span> <span class='ocrx_word' id='word_1_200' title='bbox 359 2473 575 2523; x_wconf 92' lang='lat' dir='ltr'>tempore:</span> <span class='ocrx_word' id='word_1_201' title='bbox 607 2472 836 2521; x_wconf 82' lang='lat' dir='ltr'>Ingressus</span> <span class='ocrx_word' id='word_1_202' title='bbox 859 2471 884 2511; x_wconf 89' lang='lat' dir='ltr'><strong>J</strong></span> <span class='ocrx_word' id='word_1_203' title='bbox 887 2484 987 2512; x_wconf 86' lang='lat' dir='ltr'>esus</span> 
     </span>
    </p>

    <p class='ocr_par' dir='ltr' id='par_1_11' title="bbox 161 2526 989 2747">
     <span class='ocr_line' id='line_1_43' title="bbox 225 2526 988 2578; baseline 0.003 -12"><span class='ocrx_word' id='word_1_204' title='bbox 225 2526 559 2578; x_wconf 76' lang='lat' dir='ltr'>perambulabat</span> <span class='ocrx_word' id='word_1_205' title='bbox 581 2527 604 2567; x_wconf 87' lang='lat' dir='ltr'><strong>J</strong></span> <span class='ocrx_word' id='word_1_206' title='bbox 609 2527 769 2568; x_wconf 92' lang='lat' dir='ltr'>ericho.</span> <span class='ocrx_word' id='word_1_207' title='bbox 805 2527 862 2568; x_wconf 91' lang='lat' dir='ltr'>Et</span> <span class='ocrx_word' id='word_1_208' title='bbox 885 2539 988 2568; x_wconf 91' lang='lat' dir='ltr'>ecce</span> 
     </span>
     <span class='ocr_line' id='line_1_44' title="bbox 161 2582 988 2635; baseline 0.001 -13"><span class='ocrx_word' id='word_1_209' title='bbox 161 2582 226 2623; x_wconf 91' lang='lat' dir='ltr'>vir</span> <span class='ocrx_word' id='word_1_210' title='bbox 250 2583 424 2624; x_wconf 91' lang='lat' dir='ltr'>nomine</span> <span class='ocrx_word' id='word_1_211' title='bbox 447 2583 675 2624; x_wconf 79' lang='lat' dir='ltr'>Zachaeus:</span> <span class='ocrx_word' id='word_1_212' title='bbox 708 2587 751 2624; x_wconf 93' lang='lat' dir='ltr'>et</span> <span class='ocrx_word' id='word_1_213' title='bbox 777 2582 848 2623; x_wconf 91' lang='lat' dir='ltr'>hic</span> <span class='ocrx_word' id='word_1_214' title='bbox 874 2583 988 2635; x_wconf 91' lang='lat' dir='ltr'>prin-</span> 
     </span>
     <span class='ocr_line' id='line_1_45' title="bbox 163 2639 989 2691; baseline 0.002 -13"><span class='ocrx_word' id='word_1_215' title='bbox 163 2650 268 2690; x_wconf 90' lang='lat' dir='ltr'>ceps</span> <span class='ocrx_word' id='word_1_216' title='bbox 301 2643 394 2680; x_wconf 86' lang='lat' dir='ltr'>erat</span> <span class='ocrx_word' id='word_1_217' title='bbox 424 2639 774 2691; x_wconf 83' lang='lat' dir='ltr'>publicanorum,</span> <span class='ocrx_word' id='word_1_218' title='bbox 817 2643 860 2680; x_wconf 90' lang='lat' dir='ltr'>et</span> <span class='ocrx_word' id='word_1_219' title='bbox 894 2639 989 2690; x_wconf 93' lang='lat' dir='ltr'>ipse</span> 
     </span>
     <span class='ocr_line' id='line_1_46' title="bbox 163 2693 584 2747; baseline 0.005 -13"><span class='ocrx_word' id='word_1_220' title='bbox 163 2693 298 2735; x_wconf 74' lang='lat' dir='ltr'>dives</span> <span class='ocrx_word' id='word_1_221' title='bbox 332 2694 390 2735; x_wconf 88' lang='lat' dir='ltr'>Et</span> <span class='ocrx_word' id='word_1_222' title='bbox 407 2694 584 2747; x_wconf 89' lang='lat' dir='ltr'>reliqua.</span> 
     </span>
    </p>
   </div>
   <div class='ocr_carea' id='block_1_10' title="bbox 1032 470 1156 615">
    <p class='ocr_par' dir='ltr' id='par_1_12' title="bbox 1032 470 1156 615">
     <span class='ocr_line' id='line_1_47' title="bbox 1032 470 1156 615; baseline 0 0"><span class='ocrx_word' id='word_1_223' title='bbox 1032 470 1156 615; x_wconf 95' lang='lat' dir='ltr'>  </span> 
     </span>
    </p>
   </div>
   <div class='ocr_carea' id='block_1_11' title="bbox 1037 292 1871 2746">
    <p class='ocr_par' dir='ltr' id='par_1_13' title="bbox 1037 292 1871 2746">
     <span class='ocr_line' id='line_1_48' title="bbox 1087 292 1839 334; baseline -0.001 0"><span class='ocrx_word' id='word_1_224' title='bbox 1087 295 1152 334; x_wconf 90' lang='lat' dir='ltr'>De</span> <span class='ocrx_word' id='word_1_225' title='bbox 1171 292 1364 334; x_wconf 90' lang='lat' dir='ltr'>Homilia</span> <span class='ocrx_word' id='word_1_226' title='bbox 1382 292 1660 334; x_wconf 84' lang='lat' dir='ltr'>Venerabilis</span> <span class='ocrx_word' id='word_1_227' title='bbox 1678 292 1839 333; x_wconf 83' lang='lat' dir='ltr'>Bedae.</span> 
     </span>
     <span class='ocr_line' id='line_1_49' title="bbox 1319 348 1582 400; baseline 0 -12"><span class='ocrx_word' id='word_1_228' title='bbox 1319 348 1582 400; x_wconf 73' lang='lat' dir='ltr'>Presbyteri.</span> 
     </span>
     <span class='ocr_line' id='line_1_50' title="bbox 1224 417 1683 460; baseline 0 -10"><span class='ocrx_word' id='word_1_229' title='bbox 1224 417 1345 451; x_wconf 81' lang='lat' dir='ltr'>Paulo</span> <span class='ocrx_word' id='word_1_230' title='bbox 1371 420 1461 460; x_wconf 83' lang='lat' dir='ltr'>post</span> <span class='ocrx_word' id='word_1_231' title='bbox 1485 417 1683 460; x_wconf 62' lang='lat' dir='ltr'>praedicta.</span> 
     </span>
     <span class='ocr_line' id='line_1_51' title="bbox 1043 468 1867 533; baseline 0 -23"><span class='ocrx_word' id='word_1_232' title='bbox 1043 472 1172 533; x_wconf 44' lang='lat'>¹³71&lt;</span> <span class='ocrx_word' id='word_1_233' title='bbox 1199 482 1298 510; x_wconf 91' lang='lat' dir='ltr'>cum</span> <span class='ocrx_word' id='word_1_234' title='bbox 1325 468 1525 510; x_wconf 88' lang='lat' dir='ltr'>viderent</span> <span class='ocrx_word' id='word_1_235' title='bbox 1554 482 1722 519; x_wconf 92' lang='lat' dir='ltr'>omnes,</span> <span class='ocrx_word' id='word_1_236' title='bbox 1754 483 1867 510; x_wconf 93' lang='lat' dir='ltr'>mur-</span> 
     </span>
     <span class='ocr_line' id='line_1_52' title="bbox 1071 522 1868 587; baseline 0.001 -21"><span class='ocrx_word' id='word_1_237' title='bbox 1071 522 1148 587; x_wconf 29' lang='grc' dir='ltr'>ᾗ</span> <span class='ocrx_word' id='word_1_238' title='bbox 1170 525 1417 574; x_wconf 90' lang='lat' dir='ltr'>murabant,</span> <span class='ocrx_word' id='word_1_239' title='bbox 1437 524 1647 575; x_wconf 90' lang='lat' dir='ltr'>dicentes,</span> <span class='ocrx_word' id='word_1_240' title='bbox 1673 525 1793 577; x_wconf 93' lang='lat' dir='ltr'>quod</span> <span class='ocrx_word' id='word_1_241' title='bbox 1812 526 1868 567; x_wconf 92' lang='lat' dir='ltr'>ad</span> 
     </span>
     <span class='ocr_line' id='line_1_53' title="bbox 1170 581 1867 633; baseline 0.001 -11"><span class='ocrx_word' id='word_1_242' title='bbox 1170 582 1392 622; x_wconf 90' lang='lat' dir='ltr'>hominem</span> <span class='ocrx_word' id='word_1_243' title='bbox 1419 583 1701 633; x_wconf 89' lang='lat' dir='ltr'>peccatorem</span> <span class='ocrx_word' id='word_1_244' title='bbox 1729 581 1867 623; x_wconf 93' lang='lat' dir='ltr'>diver-</span> 
     </span>
     <span class='ocr_line' id='line_1_54' title="bbox 1037 637 1868 688; baseline -0.001 -9"><span class='ocrx_word' id='word_1_245' title='bbox 1037 641 1174 679; x_wconf 91' lang='lat' dir='ltr'>tisset.</span> <span class='ocrx_word' id='word_1_246' title='bbox 1229 637 1509 678; x_wconf 84' lang='lat' dir='ltr'>Manifestum</span> <span class='ocrx_word' id='word_1_247' title='bbox 1555 642 1638 688; x_wconf 85' lang='lat' dir='ltr'>est,</span> <span class='ocrx_word' id='word_1_248' title='bbox 1688 637 1868 679; x_wconf 68' lang='lat' dir='ltr'>‚Iudaeos</span> 
     </span>
     <span class='ocr_line' id='line_1_55' title="bbox 1038 692 1868 746; baseline 0 -12"><span class='ocrx_word' id='word_1_249' title='bbox 1038 707 1213 746; x_wconf 90' lang='lat' dir='ltr'>semper</span> <span class='ocrx_word' id='word_1_250' title='bbox 1246 693 1454 734; x_wconf 88' lang='lat' dir='ltr'>Gentium</span> <span class='ocrx_word' id='word_1_251' title='bbox 1488 692 1635 734; x_wconf 86' lang='lat' dir='ltr'>odisse</span> <span class='ocrx_word' id='word_1_252' title='bbox 1672 693 1868 735; x_wconf 72' lang='lat' dir='ltr'>saltitem.</span> 
     </span>
     <span class='ocr_line' id='line_1_56' title="bbox 1037 749 1867 802; baseline 0.001 -12"><span class='ocrx_word' id='word_1_253' title='bbox 1037 750 1257 802; x_wconf 89' lang='lat' dir='ltr'>Scriptum</span> <span class='ocrx_word' id='word_1_254' title='bbox 1282 753 1348 790; x_wconf 95' lang='lat' dir='ltr'>est</span> <span class='ocrx_word' id='word_1_255' title='bbox 1374 749 1503 789; x_wconf 85' lang='lat' dir='ltr'>enim:</span> <span class='ocrx_word' id='word_1_256' title='bbox 1530 749 1739 801; x_wconf 89' lang='lat' dir='ltr'>Sequenti</span> <span class='ocrx_word' id='word_1_257' title='bbox 1761 762 1867 791; x_wconf 90' lang='lat' dir='ltr'>vero</span> 
     </span>
     <span class='ocr_line' id='line_1_57' title="bbox 1039 805 1868 857; baseline -0.001 -10"><span class='ocrx_word' id='word_1_258' title='bbox 1039 805 1225 847; x_wconf 86' lang='lat' dir='ltr'>sabbato</span> <span class='ocrx_word' id='word_1_259' title='bbox 1244 817 1358 857; x_wconf 92' lang='lat' dir='ltr'>pene</span> <span class='ocrx_word' id='word_1_260' title='bbox 1377 805 1580 845; x_wconf 88' lang='lat' dir='ltr'>universa</span> <span class='ocrx_word' id='word_1_261' title='bbox 1600 806 1753 846; x_wconf 87' lang='lat' dir='ltr'>civitas</span> <span class='ocrx_word' id='word_1_262' title='bbox 1769 818 1868 846; x_wconf 92' lang='lat' dir='ltr'>con-</span> 
     </span>
     <span class='ocr_line' id='line_1_58' title="bbox 1039 860 1868 903; baseline -0.001 0"><span class='ocrx_word' id='word_1_263' title='bbox 1039 862 1157 903; x_wconf 89' lang='lat' dir='ltr'>venit</span> <span class='ocrx_word' id='word_1_264' title='bbox 1185 860 1336 902; x_wconf 86' lang='lat' dir='ltr'>audire</span> <span class='ocrx_word' id='word_1_265' title='bbox 1363 860 1547 901; x_wconf 90' lang='lat' dir='ltr'>verbum</span> <span class='ocrx_word' id='word_1_266' title='bbox 1571 861 1667 902; x_wconf 91' lang='lat' dir='ltr'>Dei.</span> <span class='ocrx_word' id='word_1_267' title='bbox 1707 861 1868 902; x_wconf 89' lang='lat' dir='ltr'>Viden-</span> 
     </span>
     <span class='ocr_line' id='line_1_59' title="bbox 1039 916 1870 969; baseline -0.001 -10"><span class='ocrx_word' id='word_1_268' title='bbox 1039 922 1106 959; x_wconf 91' lang='lat' dir='ltr'>tes</span> <span class='ocrx_word' id='word_1_269' title='bbox 1148 922 1295 958; x_wconf 90' lang='lat' dir='ltr'>autem</span> <span class='ocrx_word' id='word_1_270' title='bbox 1334 916 1487 958; x_wconf 89' lang='lat' dir='ltr'>turbas</span> <span class='ocrx_word' id='word_1_271' title='bbox 1528 916 1671 957; x_wconf 83' lang='lat' dir='ltr'>Judaei</span> <span class='ocrx_word' id='word_1_272' title='bbox 1712 917 1870 969; x_wconf 91' lang='lat' dir='ltr'>repleti</span> 
     </span>
     <span class='ocr_line' id='line_1_60' title="bbox 1040 971 1868 1023; baseline 0 -10"><span class='ocrx_word' id='word_1_273' title='bbox 1040 978 1140 1015; x_wconf 92' lang='lat' dir='ltr'>sunt</span> <span class='ocrx_word' id='word_1_274' title='bbox 1176 972 1289 1022; x_wconf 85' lang='lat' dir='ltr'>zelo,</span> <span class='ocrx_word' id='word_1_275' title='bbox 1328 977 1371 1013; x_wconf 94' lang='lat' dir='ltr'>et</span> <span class='ocrx_word' id='word_1_276' title='bbox 1409 971 1770 1014; x_wconf 87' lang='lat' dir='ltr'>contradicebant</span> <span class='ocrx_word' id='word_1_277' title='bbox 1805 973 1868 1023; x_wconf 92' lang='lat' dir='ltr'>iis,</span> 
     </span>
     <span class='ocr_line' id='line_1_61' title="bbox 1041 1027 1868 1081; baseline 0 -11"><span class='ocrx_word' id='word_1_278' title='bbox 1041 1042 1139 1081; x_wconf 83' lang='lat' dir='ltr'>quae</span> <span class='ocrx_word' id='word_1_279' title='bbox 1164 1042 1188 1069; x_wconf 87' lang='lat' dir='ltr'>a</span> <span class='ocrx_word' id='word_1_280' title='bbox 1206 1028 1344 1069; x_wconf 91' lang='lat' dir='ltr'>Paulo</span> <span class='ocrx_word' id='word_1_281' title='bbox 1371 1027 1640 1069; x_wconf 83' lang='lat' dir='ltr'>dicebantur.</span> <span class='ocrx_word' id='word_1_282' title='bbox 1675 1029 1733 1070; x_wconf 89' lang='lat' dir='ltr'>Et</span> <span class='ocrx_word' id='word_1_283' title='bbox 1756 1029 1868 1080; x_wconf 86' lang='lat' dir='ltr'>alibi,</span> 
     </span>
     <span class='ocr_line' id='line_1_62' title="bbox 1038 1083 1870 1137; baseline 0.001 -12"><span class='ocrx_word' id='word_1_284' title='bbox 1038 1084 1191 1126; x_wconf 93' lang='lat' dir='ltr'>fideles</span> <span class='ocrx_word' id='word_1_285' title='bbox 1211 1085 1342 1125; x_wconf 86' lang='lat' dir='ltr'>etiam</span> <span class='ocrx_word' id='word_1_286' title='bbox 1355 1084 1515 1125; x_wconf 85' lang='lat' dir='ltr'>fratres</span> <span class='ocrx_word' id='word_1_287' title='bbox 1532 1083 1743 1125; x_wconf 89' lang='lat' dir='ltr'>adversus</span> <span class='ocrx_word' id='word_1_288' title='bbox 1757 1085 1870 1137; x_wconf 91' lang='lat' dir='ltr'>Apo-</span> 
     </span>
     <span class='ocr_line' id='line_1_63' title="bbox 1039 1139 1869 1192; baseline -0.001 -10"><span class='ocrx_word' id='word_1_289' title='bbox 1039 1143 1255 1182; x_wconf 84' lang='lat' dir='ltr'>stolorum</span> <span class='ocrx_word' id='word_1_290' title='bbox 1278 1140 1523 1192; x_wconf 87' lang='lat' dir='ltr'>principem</span> <span class='ocrx_word' id='word_1_291' title='bbox 1551 1139 1869 1192; x_wconf 81' lang='lat' dir='ltr'>disceptabant,</span> 
     </span>
     <span class='ocr_line' id='line_1_64' title="bbox 1039 1196 1869 1246; baseline -0.001 -8"><span class='ocrx_word' id='word_1_292' title='bbox 1039 1196 1250 1238; x_wconf 88' lang='lat' dir='ltr'>dicentes:</span> <span class='ocrx_word' id='word_1_293' title='bbox 1283 1197 1429 1246; x_wconf 90' lang='lat' dir='ltr'>Quare</span> <span class='ocrx_word' id='word_1_294' title='bbox 1454 1196 1646 1237; x_wconf 85' lang='lat' dir='ltr'>introisti</span> <span class='ocrx_word' id='word_1_295' title='bbox 1671 1196 1727 1237; x_wconf 88' lang='lat' dir='ltr'>ad</span> <span class='ocrx_word' id='word_1_296' title='bbox 1751 1197 1869 1237; x_wconf 89' lang='lat' dir='ltr'>viros</span> 
     </span>
     <span class='ocr_line' id='line_1_65' title="bbox 1037 1251 1869 1305; baseline 0.001 -13"><span class='ocrx_word' id='word_1_297' title='bbox 1037 1253 1305 1305; x_wconf 80' lang='lat' dir='ltr'>praeputium</span> <span class='ocrx_word' id='word_1_298' title='bbox 1322 1251 1549 1301; x_wconf 87' lang='lat' dir='ltr'>habentes,</span> <span class='ocrx_word' id='word_1_299' title='bbox 1575 1256 1618 1293; x_wconf 96' lang='lat' dir='ltr'>et</span> <span class='ocrx_word' id='word_1_300' title='bbox 1636 1251 1869 1293; x_wconf 88' lang='lat' dir='ltr'>manduca-</span> 
     </span>
     <span class='ocr_line' id='line_1_66' title="bbox 1039 1306 1340 1350; baseline -0.007 -1"><span class='ocrx_word' id='word_1_301' title='bbox 1039 1309 1095 1350; x_wconf 92' lang='lat' dir='ltr'>sti</span> <span class='ocrx_word' id='word_1_302' title='bbox 1114 1322 1213 1350; x_wconf 92' lang='lat' dir='ltr'>cum</span> <span class='ocrx_word' id='word_1_303' title='bbox 1231 1306 1340 1348; x_wconf 89' lang='lat' dir='ltr'>illis?</span> 
     </span>
     <span class='ocr_line' id='line_1_67' title="bbox 1089 1363 1605 1419; baseline -0.002 -14"><span class='ocrx_word' id='word_1_304' title='bbox 1089 1368 1140 1419; x_wconf 63' lang='lat' dir='ltr'>R.</span> <span class='ocrx_word' id='word_1_305' title='bbox 1168 1365 1340 1406; x_wconf 92' lang='lat' dir='ltr'>Domus</span> <span class='ocrx_word' id='word_1_306' title='bbox 1359 1378 1467 1407; x_wconf 90' lang='lat' dir='ltr'>mea.</span> <span class='ocrx_word' id='word_1_307' title='bbox 1496 1363 1605 1416; x_wconf 87' lang='lat'>[120]</span> 
     </span>
     <span class='ocr_line' id='line_1_68' title="bbox 1322 1436 1578 1476; baseline -0.004 -1"><span class='ocrx_word' id='word_1_308' title='bbox 1322 1436 1475 1476; x_wconf 87' lang='lat' dir='ltr'>Lectio</span> <span class='ocrx_word' id='word_1_309' title='bbox 1496 1436 1578 1476; x_wconf 79' lang='lat' dir='ltr'>viii.</span> 
     </span>
     <span class='ocr_line' id='line_1_69' title="bbox 1109 1499 1871 1549; baseline -0.001 -7"><span class='ocrx_word' id='word_1_310' title='bbox 1109 1505 1206 1542; x_wconf 89' lang='lat' dir='ltr'>tans</span> <span class='ocrx_word' id='word_1_311' title='bbox 1234 1505 1381 1542; x_wconf 90' lang='lat' dir='ltr'>autem</span> <span class='ocrx_word' id='word_1_312' title='bbox 1408 1500 1640 1549; x_wconf 65' lang='lat' dir='ltr'>Zachaeus,</span> <span class='ocrx_word' id='word_1_313' title='bbox 1678 1499 1788 1541; x_wconf 80' lang='lat' dir='ltr'>dixit</span> <span class='ocrx_word' id='word_1_314' title='bbox 1815 1500 1871 1541; x_wconf 87' lang='lat' dir='ltr'>ad</span> 
     </span>
     <span class='ocr_line' id='line_1_70' title="bbox 1126 1555 1870 1598; baseline 0.001 -1"><span class='ocrx_word' id='word_1_315' title='bbox 1126 1557 1379 1598; x_wconf 90' lang='lat' dir='ltr'>Dominum:</span> <span class='ocrx_word' id='word_1_316' title='bbox 1406 1557 1522 1598; x_wconf 90' lang='lat' dir='ltr'>Ecce</span> <span class='ocrx_word' id='word_1_317' title='bbox 1547 1555 1870 1598; x_wconf 67' lang='lat' dir='ltr'>dimidium‘bo-</span> 
     </span>
     <span class='ocr_line' id='line_1_71' title="bbox 1038 1611 1870 1664; baseline -0.001 -11"><span class='ocrx_word' id='word_1_318' title='bbox 1038 1615 1195 1654; x_wconf 92' lang='lat' dir='ltr'>norum</span> <span class='ocrx_word' id='word_1_319' title='bbox 1209 1615 1408 1654; x_wconf 90' lang='lat' dir='ltr'>meorum</span> <span class='ocrx_word' id='word_1_320' title='bbox 1421 1612 1610 1653; x_wconf 92' lang='lat' dir='ltr'>Domine</span> <span class='ocrx_word' id='word_1_321' title='bbox 1630 1611 1688 1652; x_wconf 93' lang='lat' dir='ltr'>do</span> <span class='ocrx_word' id='word_1_322' title='bbox 1708 1613 1870 1664; x_wconf 90' lang='lat' dir='ltr'>paupe-</span> 
     </span>
     <span class='ocr_line' id='line_1_72' title="bbox 1038 1667 1871 1720; baseline -0.001 -12"><span class='ocrx_word' id='word_1_323' title='bbox 1038 1667 1175 1709; x_wconf 87' lang='lat' dir='ltr'>ribus:</span> <span class='ocrx_word' id='word_1_324' title='bbox 1209 1673 1253 1710; x_wconf 94' lang='lat' dir='ltr'>et</span> <span class='ocrx_word' id='word_1_325' title='bbox 1283 1669 1320 1709; x_wconf 93' lang='lat' dir='ltr'>si</span> <span class='ocrx_word' id='word_1_326' title='bbox 1349 1667 1455 1720; x_wconf 84' lang='lat' dir='ltr'>quid</span> <span class='ocrx_word' id='word_1_327' title='bbox 1482 1668 1673 1719; x_wconf 84' lang='lat' dir='ltr'>aliquem</span> <span class='ocrx_word' id='word_1_328' title='bbox 1701 1667 1871 1708; x_wconf 91' lang='lat' dir='ltr'>defrau-</span> 
     </span>
     <span class='ocr_line' id='line_1_73' title="bbox 1040 1722 1869 1777; baseline -0.001 -13"><span class='ocrx_word' id='word_1_329' title='bbox 1040 1723 1151 1773; x_wconf 90' lang='lat' dir='ltr'>davi,</span> <span class='ocrx_word' id='word_1_330' title='bbox 1171 1724 1310 1765; x_wconf 92' lang='lat' dir='ltr'>reddo</span> <span class='ocrx_word' id='word_1_331' title='bbox 1332 1723 1637 1777; x_wconf 84' lang='lat' dir='ltr'>quadruplum.</span> <span class='ocrx_word' id='word_1_332' title='bbox 1672 1722 1782 1763; x_wconf 91' lang='lat' dir='ltr'>Aliis</span> <span class='ocrx_word' id='word_1_333' title='bbox 1803 1736 1869 1764; x_wconf 90' lang='lat' dir='ltr'>ca-</span> 
     </span>
     <span class='ocr_line' id='line_1_74' title="bbox 1038 1779 1869 1831; baseline 0 -11"><span class='ocrx_word' id='word_1_334' title='bbox 1038 1779 1350 1821; x_wconf 87' lang='lat' dir='ltr'>lumniantibus</span> <span class='ocrx_word' id='word_1_335' title='bbox 1398 1779 1621 1820; x_wconf 90' lang='lat' dir='ltr'>hominem</span> <span class='ocrx_word' id='word_1_336' title='bbox 1667 1781 1869 1831; x_wconf 90' lang='lat' dir='ltr'>peccato-</span> 
     </span>
     <span class='ocr_line' id='line_1_75' title="bbox 1039 1834 1870 1888; baseline -0.001 -12"><span class='ocrx_word' id='word_1_337' title='bbox 1039 1848 1143 1886; x_wconf 90' lang='lat' dir='ltr'>rem,</span> <span class='ocrx_word' id='word_1_338' title='bbox 1162 1836 1257 1888; x_wconf 90' lang='lat' dir='ltr'>ipse</span> <span class='ocrx_word' id='word_1_339' title='bbox 1276 1835 1490 1876; x_wconf 82' lang='lat' dir='ltr'>Zachaeus</span> <span class='ocrx_word' id='word_1_340' title='bbox 1510 1839 1641 1884; x_wconf 89' lang='lat' dir='ltr'>stans,</span> <span class='ocrx_word' id='word_1_341' title='bbox 1659 1834 1705 1876; x_wconf 91' lang='lat' dir='ltr'>id</span> <span class='ocrx_word' id='word_1_342' title='bbox 1725 1839 1801 1884; x_wconf 91' lang='lat' dir='ltr'>est,</span> <span class='ocrx_word' id='word_1_343' title='bbox 1825 1835 1870 1875; x_wconf 92' lang='lat' dir='ltr'>in</span> 
     </span>
     <span class='ocr_line' id='line_1_76' title="bbox 1040 1890 1869 1944; baseline -0.001 -11"><span class='ocrx_word' id='word_1_344' title='bbox 1040 1904 1092 1933; x_wconf 90' lang='lat' dir='ltr'>ea</span> <span class='ocrx_word' id='word_1_345' title='bbox 1134 1905 1265 1944; x_wconf 92' lang='lat' dir='ltr'>quam</span> <span class='ocrx_word' id='word_1_346' title='bbox 1306 1895 1505 1943; x_wconf 84' lang='lat' dir='ltr'>co&#39;eperat</span> <span class='ocrx_word' id='word_1_347' title='bbox 1544 1890 1649 1931; x_wconf 91' lang='lat' dir='ltr'>fidei</span> <span class='ocrx_word' id='word_1_348' title='bbox 1684 1891 1869 1932; x_wconf 89' lang='lat' dir='ltr'>veritate</span> 
     </span>
     <span class='ocr_line' id='line_1_77' title="bbox 1038 1946 1868 2000; baseline -0.002 -11"><span class='ocrx_word' id='word_1_349' title='bbox 1038 1950 1291 2000; x_wconf 90' lang='lat' dir='ltr'>persistens,</span> <span class='ocrx_word' id='word_1_350' title='bbox 1310 1960 1398 1988; x_wconf 94' lang='lat' dir='ltr'>non</span> <span class='ocrx_word' id='word_1_351' title='bbox 1418 1946 1560 1988; x_wconf 93' lang='lat' dir='ltr'>solum</span> <span class='ocrx_word' id='word_1_352' title='bbox 1578 1959 1626 1987; x_wconf 93' lang='lat' dir='ltr'>se</span> <span class='ocrx_word' id='word_1_353' title='bbox 1646 1959 1701 1987; x_wconf 83' lang='lat' dir='ltr'>ex</span> <span class='ocrx_word' id='word_1_354' title='bbox 1716 1959 1868 1998; x_wconf 90' lang='lat' dir='ltr'>pecca-</span> 
     </span>
     <span class='ocr_line' id='line_1_78' title="bbox 1038 2002 1870 2051; baseline -0.004 -6"><span class='ocrx_word' id='word_1_355' title='bbox 1038 2005 1135 2045; x_wconf 85' lang='lat' dir='ltr'>tore</span> <span class='ocrx_word' id='word_1_356' title='bbox 1169 2005 1446 2051; x_wconf 89' lang='lat' dir='ltr'>conversum,</span> <span class='ocrx_word' id='word_1_357' title='bbox 1484 2002 1564 2043; x_wconf 92' lang='lat' dir='ltr'>sed</span> <span class='ocrx_word' id='word_1_358' title='bbox 1596 2002 1726 2044; x_wconf 91' lang='lat' dir='ltr'>etiam</span> <span class='ocrx_word' id='word_1_359' title='bbox 1756 2002 1870 2043; x_wconf 89' lang='lat' dir='ltr'>inter</span> 
     </span>
     <span class='ocr_line' id='line_1_79' title="bbox 1038 2058 1869 2111; baseline -0.002 -11"><span class='ocrx_word' id='word_1_360' title='bbox 1038 2059 1261 2111; x_wconf 92' lang='lat' dir='ltr'>perfectos</span> <span class='ocrx_word' id='word_1_361' title='bbox 1300 2058 1462 2111; x_wconf 91' lang='lat' dir='ltr'>probat</span> <span class='ocrx_word' id='word_1_362' title='bbox 1503 2070 1601 2099; x_wconf 92' lang='lat' dir='ltr'>esse</span> <span class='ocrx_word' id='word_1_363' title='bbox 1639 2059 1869 2098; x_wconf 88' lang='lat' dir='ltr'>conversa-</span> 
     </span>
     <span class='ocr_line' id='line_1_80' title="bbox 1038 2114 1869 2156; baseline -0.002 0"><span class='ocrx_word' id='word_1_364' title='bbox 1038 2120 1142 2156; x_wconf 93' lang='lat' dir='ltr'>tum.</span> <span class='ocrx_word' id='word_1_365' title='bbox 1177 2115 1362 2156; x_wconf 90' lang='lat' dir='ltr'>Dicente</span> <span class='ocrx_word' id='word_1_366' title='bbox 1382 2114 1497 2155; x_wconf 85' lang='lat' dir='ltr'>enim</span> <span class='ocrx_word' id='word_1_367' title='bbox 1514 2114 1720 2154; x_wconf 89' lang='lat' dir='ltr'>Domino:</span> <span class='ocrx_word' id='word_1_368' title='bbox 1739 2114 1784 2155; x_wconf 91' lang='lat' dir='ltr'>Si</span> <span class='ocrx_word' id='word_1_369' title='bbox 1803 2114 1869 2154; x_wconf 89' lang='lat' dir='ltr'>vis</span> 
     </span>
     <span class='ocr_line' id='line_1_81' title="bbox 1039 2169 1871 2223; baseline -0.002 -11"><span class='ocrx_word' id='word_1_370' title='bbox 1039 2171 1260 2223; x_wconf 89' lang='lat' dir='ltr'>perfectus</span> <span class='ocrx_word' id='word_1_371' title='bbox 1281 2183 1394 2220; x_wconf 87' lang='lat' dir='ltr'>esse,</span> <span class='ocrx_word' id='word_1_372' title='bbox 1415 2169 1543 2219; x_wconf 90' lang='lat' dir='ltr'>vade,</span> <span class='ocrx_word' id='word_1_373' title='bbox 1563 2169 1704 2211; x_wconf 89' lang='lat' dir='ltr'>vende</span> <span class='ocrx_word' id='word_1_374' title='bbox 1725 2170 1871 2210; x_wconf 94' lang='lat' dir='ltr'>omnia</span> 
     </span>
     <span class='ocr_line' id='line_1_82' title="bbox 1041 2225 1869 2278; baseline -0.001 -11"><span class='ocrx_word' id='word_1_375' title='bbox 1041 2239 1140 2278; x_wconf 88' lang='lat' dir='ltr'>quae</span> <span class='ocrx_word' id='word_1_376' title='bbox 1155 2226 1302 2276; x_wconf 90' lang='lat' dir='ltr'>habes,</span> <span class='ocrx_word' id='word_1_377' title='bbox 1323 2231 1367 2267; x_wconf 88' lang='lat' dir='ltr'>et</span> <span class='ocrx_word' id='word_1_378' title='bbox 1382 2226 1439 2267; x_wconf 89' lang='lat' dir='ltr'>da</span> <span class='ocrx_word' id='word_1_379' title='bbox 1453 2225 1736 2278; x_wconf 87' lang='lat' dir='ltr'>pauperibus:</span> <span class='ocrx_word' id='word_1_380' title='bbox 1757 2225 1869 2277; x_wconf 88' lang='lat' dir='ltr'>quis-</span> 
     </span>
     <span class='ocr_line' id='line_1_83' title="bbox 1041 2281 1870 2334; baseline -0.002 -11"><span class='ocrx_word' id='word_1_381' title='bbox 1041 2282 1138 2334; x_wconf 91' lang='lat' dir='ltr'>quis</span> <span class='ocrx_word' id='word_1_382' title='bbox 1153 2287 1253 2324; x_wconf 88' lang='lat' dir='ltr'>ante</span> <span class='ocrx_word' id='word_1_383' title='bbox 1269 2282 1602 2323; x_wconf 89' lang='lat' dir='ltr'>conversionem</span> <span class='ocrx_word' id='word_1_384' title='bbox 1615 2281 1870 2322; x_wconf 90' lang='lat' dir='ltr'>innocenter</span> 
     </span>
     <span class='ocr_line' id='line_1_84' title="bbox 1039 2336 1870 2388; baseline 0 -10"><span class='ocrx_word' id='word_1_385' title='bbox 1039 2338 1157 2387; x_wconf 85' lang='lat' dir='ltr'>vixit,</span> <span class='ocrx_word' id='word_1_386' title='bbox 1179 2338 1324 2379; x_wconf 92' lang='lat' dir='ltr'>omnia</span> <span class='ocrx_word' id='word_1_387' title='bbox 1335 2339 1583 2381; x_wconf 64' lang='lat' dir='ltr'>‚conversus</span> <span class='ocrx_word' id='word_1_388' title='bbox 1601 2341 1750 2388; x_wconf 91' lang='lat' dir='ltr'>potest</span> <span class='ocrx_word' id='word_1_389' title='bbox 1765 2336 1870 2378; x_wconf 86' lang='lat' dir='ltr'>dare</span> 
     </span>
     <span class='ocr_line' id='line_1_85' title="bbox 1040 2391 1782 2446; baseline -0.004 -11"><span class='ocrx_word' id='word_1_390' title='bbox 1040 2393 1319 2446; x_wconf 90' lang='lat' dir='ltr'>pauperibus.</span> <span class='ocrx_word' id='word_1_391' title='bbox 1370 2395 1421 2445; x_wconf 68' lang='lat' dir='ltr'>R&#39;·</span> <span class='ocrx_word' id='word_1_392' title='bbox 1453 2391 1658 2443; x_wconf 87' lang='lat' dir='ltr'>Lapides.</span> <span class='ocrx_word' id='word_1_393' title='bbox 1686 2392 1782 2444; x_wconf 88' lang='lat'>[121]</span> 
     </span>
     <span class='ocr_line' id='line_1_86' title="bbox 1336 2459 1563 2500; baseline 0 -1"><span class='ocrx_word' id='word_1_394' title='bbox 1336 2459 1488 2500; x_wconf 87' lang='lat' dir='ltr'>Lectio</span> <span class='ocrx_word' id='word_1_395' title='bbox 1509 2459 1563 2499; x_wconf 83' lang='lat' dir='ltr'>ix.</span> 
     </span>
     <span class='ocr_line' id='line_1_87' title="bbox 1118 2524 1869 2578; baseline -0.004 -11"><span class='ocrx_word' id='word_1_396' title='bbox 1118 2531 1136 2568; x_wconf 96' lang='lat' dir='ltr'>t</span> <span class='ocrx_word' id='word_1_397' title='bbox 1157 2527 1231 2578; x_wconf 92' lang='lat' dir='ltr'>qui</span> <span class='ocrx_word' id='word_1_398' title='bbox 1251 2526 1395 2578; x_wconf 90' lang='lat' dir='ltr'>aliqua</span> <span class='ocrx_word' id='word_1_399' title='bbox 1413 2525 1567 2566; x_wconf 87' lang='lat' dir='ltr'>fraude</span> <span class='ocrx_word' id='word_1_400' title='bbox 1583 2525 1768 2574; x_wconf 82' lang='lat' dir='ltr'>sustulit,</span> <span class='ocrx_word' id='word_1_401' title='bbox 1786 2524 1869 2576; x_wconf 93' lang='lat' dir='ltr'>pri-</span> 
     </span>
     <span class='ocr_line' id='line_1_88' title="bbox 1150 2579 1868 2633; baseline -0.006 -10"><span class='ocrx_word' id='word_1_402' title='bbox 1150 2595 1224 2623; x_wconf 92' lang='lat' dir='ltr'>mo</span> <span class='ocrx_word' id='word_1_403' title='bbox 1244 2582 1340 2623; x_wconf 88' lang='lat' dir='ltr'>haec</span> <span class='ocrx_word' id='word_1_404' title='bbox 1363 2583 1482 2633; x_wconf 83' lang='lat' dir='ltr'>juxta</span> <span class='ocrx_word' id='word_1_405' title='bbox 1505 2581 1648 2631; x_wconf 90' lang='lat' dir='ltr'>legem</span> <span class='ocrx_word' id='word_1_406' title='bbox 1672 2579 1868 2627; x_wconf 89' lang='lat' dir='ltr'>reddere,</span> 
     </span>
     <span class='ocr_line' id='line_1_89' title="bbox 1043 2634 1870 2690; baseline -0.006 -11"><span class='ocrx_word' id='word_1_407' title='bbox 1043 2638 1201 2680; x_wconf 86' lang='lat' dir='ltr'>deinde</span> <span class='ocrx_word' id='word_1_408' title='bbox 1219 2637 1339 2690; x_wconf 93' lang='lat' dir='ltr'>quod</span> <span class='ocrx_word' id='word_1_409' title='bbox 1355 2636 1437 2678; x_wconf 91' lang='lat' dir='ltr'>sibi</span> <span class='ocrx_word' id='word_1_410' title='bbox 1451 2636 1718 2684; x_wconf 90' lang='lat' dir='ltr'>remanserit,</span> <span class='ocrx_word' id='word_1_411' title='bbox 1738 2634 1870 2675; x_wconf 84' lang='lat' dir='ltr'>debet</span> 
     </span>
     <span class='ocr_line' id='line_1_90' title="bbox 1044 2689 1868 2746; baseline -0.008 -10"><span class='ocrx_word' id='word_1_412' title='bbox 1044 2694 1149 2736; x_wconf 90' lang='lat' dir='ltr'>dare</span> <span class='ocrx_word' id='word_1_413' title='bbox 1176 2693 1454 2746; x_wconf 89' lang='lat' dir='ltr'>pauperibus.</span> <span class='ocrx_word' id='word_1_414' title='bbox 1494 2692 1562 2734; x_wconf 87' lang='lat' dir='ltr'>Ac</span> <span class='ocrx_word' id='word_1_415' title='bbox 1594 2692 1656 2733; x_wconf 92' lang='lat' dir='ltr'>sic</span> <span class='ocrx_word' id='word_1_416' title='bbox 1689 2695 1732 2731; x_wconf 94' lang='lat' dir='ltr'>et</span> <span class='ocrx_word' id='word_1_417' title='bbox 1762 2689 1868 2741; x_wconf 91' lang='lat' dir='ltr'>ipse,</span> 
     </span>
    </p>
   </div>
  </div>
 </body>
</html>
