<?xml version="1.0" encoding="UTF-8"?>
<!DOCTYPE html PUBLIC "-//W3C//DTD XHTML 1.0 Transitional//EN"
    "http://www.w3.org/TR/xhtml1/DTD/xhtml1-transitional.dtd">
<html xmlns="http://www.w3.org/1999/xhtml" xml:lang="en" lang="en">
 <head>
  <title>
</title>
<meta http-equiv="Content-Type" content="text/html;charset=utf-8" />
  <meta name='ocr-system' content='tesseract 3.04.00' />
  <meta name='ocr-capabilities' content='ocr_page ocr_carea ocr_par ocr_line ocrx_word'/>
</head>
<body>
  <div class='ocr_page' id='page_1' title='image "./p4breviariumroma00cathuoft_0832.png"; bbox 0 0 2040 2944; ppageno 0'>
   <div class='ocr_carea' id='block_1_1' title="bbox 170 145 1018 2106">
    <p class='ocr_par' dir='ltr' id='par_1_1' title="bbox 170 145 1018 2106">
     <span class='ocr_line' id='line_1_1' title="bbox 173 145 1018 194; baseline 0.004 -12"><span class='ocrx_word' id='word_1_1' title='bbox 173 145 264 190; x_wconf 85' lang='lat'>[332]</span> <span class='ocrx_word' id='word_1_2' title='bbox 779 151 1018 194; x_wconf 81' lang='lat' dir='ltr'>Praeparatio</span> 
     </span>
     <span class='ocr_line' id='line_1_2' title="bbox 173 243 1005 288; baseline 0.001 -10"><span class='ocrx_word' id='word_1_3' title='bbox 173 243 388 287; x_wconf 75' lang='lat' dir='ltr'>caritatem,</span> <span class='ocrx_word' id='word_1_4' title='bbox 426 254 503 288; x_wconf 92' lang='lat' dir='ltr'>qua</span> <span class='ocrx_word' id='word_1_5' title='bbox 534 253 607 278; x_wconf 90' lang='lat' dir='ltr'>nos</span> <span class='ocrx_word' id='word_1_6' title='bbox 640 244 804 279; x_wconf 82' lang='lat' dir='ltr'>miseros</span> <span class='ocrx_word' id='word_1_7' title='bbox 838 248 875 279; x_wconf 92' lang='lat' dir='ltr'>et</span> <span class='ocrx_word' id='word_1_8' title='bbox 908 244 1005 279; x_wconf 88' lang='lat' dir='ltr'>indi-</span> 
     </span>
     <span class='ocr_line' id='line_1_3' title="bbox 173 293 1006 338; baseline 0.001 -10"><span class='ocrx_word' id='word_1_9' title='bbox 173 304 272 337; x_wconf 92' lang='lat' dir='ltr'>gnos</span> <span class='ocrx_word' id='word_1_10' title='bbox 297 294 354 329; x_wconf 89' lang='lat' dir='ltr'>sic</span> <span class='ocrx_word' id='word_1_11' title='bbox 378 295 506 328; x_wconf 78' lang='lat' dir='ltr'>amare</span> <span class='ocrx_word' id='word_1_12' title='bbox 531 293 714 338; x_wconf 82' lang='lat' dir='ltr'>dignatus</span> <span class='ocrx_word' id='word_1_13' title='bbox 743 304 800 338; x_wconf 92' lang='lat' dir='ltr'>es,</span> <span class='ocrx_word' id='word_1_14' title='bbox 832 298 874 329; x_wconf 91' lang='lat' dir='ltr'>ut</span> <span class='ocrx_word' id='word_1_15' title='bbox 900 294 1006 330; x_wconf 77' lang='lat' dir='ltr'>lava-</span> 
     </span>
     <span class='ocr_line' id='line_1_4' title="bbox 173 343 1005 388; baseline 0.002 -10"><span class='ocrx_word' id='word_1_16' title='bbox 173 355 235 379; x_wconf 86' lang='lat' dir='ltr'>res</span> <span class='ocrx_word' id='word_1_17' title='bbox 258 354 331 379; x_wconf 90' lang='lat' dir='ltr'>nos</span> <span class='ocrx_word' id='word_1_18' title='bbox 357 354 379 378; x_wconf 92' lang='lat' dir='ltr'>a</span> <span class='ocrx_word' id='word_1_19' title='bbox 402 343 573 387; x_wconf 79' lang='lat' dir='ltr'>peccatis</span> <span class='ocrx_word' id='word_1_20' title='bbox 590 344 735 379; x_wconf 91' lang='lat' dir='ltr'>nostris</span> <span class='ocrx_word' id='word_1_21' title='bbox 753 344 794 379; x_wconf 92' lang='lat' dir='ltr'>in</span> <span class='ocrx_word' id='word_1_22' title='bbox 809 343 1005 388; x_wconf 80' lang='lat' dir='ltr'>Sanguine</span> 
     </span>
     <span class='ocr_line' id='line_1_5' title="bbox 173 394 1005 439; baseline 0 -9"><span class='ocrx_word' id='word_1_23' title='bbox 173 400 256 430; x_wconf 90' lang='lat' dir='ltr'>tuo:</span> <span class='ocrx_word' id='word_1_24' title='bbox 281 395 378 430; x_wconf 93' lang='lat' dir='ltr'>doce</span> <span class='ocrx_word' id='word_1_25' title='bbox 402 404 462 429; x_wconf 88' lang='lat' dir='ltr'>me</span> <span class='ocrx_word' id='word_1_26' title='bbox 488 404 643 430; x_wconf 87' lang='lat' dir='ltr'>servum</span> <span class='ocrx_word' id='word_1_27' title='bbox 665 399 774 430; x_wconf 91' lang='lat' dir='ltr'>tuum</span> <span class='ocrx_word' id='word_1_28' title='bbox 794 394 1005 439; x_wconf 87' lang='lat' dir='ltr'>indignum,</span> 
     </span>
     <span class='ocr_line' id='line_1_6' title="bbox 173 445 1007 490; baseline -0.001 -9"><span class='ocrx_word' id='word_1_29' title='bbox 173 456 287 490; x_wconf 93' lang='lat' dir='ltr'>quem</span> <span class='ocrx_word' id='word_1_30' title='bbox 315 445 416 480; x_wconf 88' lang='lat' dir='ltr'>inter</span> <span class='ocrx_word' id='word_1_31' title='bbox 443 446 570 480; x_wconf 88' lang='lat' dir='ltr'>cetera</span> <span class='ocrx_word' id='word_1_32' title='bbox 600 445 704 481; x_wconf 92' lang='lat' dir='ltr'>dona</span> <span class='ocrx_word' id='word_1_33' title='bbox 726 450 793 480; x_wconf 79' lang='lat' dir='ltr'>tua</span> <span class='ocrx_word' id='word_1_34' title='bbox 817 445 933 480; x_wconf 87' lang='lat' dir='ltr'>etiam</span> <span class='ocrx_word' id='word_1_35' title='bbox 956 446 1007 481; x_wconf 88' lang='lat' dir='ltr'>ad</span> 
     </span>
     <span class='ocr_line' id='line_1_7' title="bbox 173 496 1006 541; baseline 0 -9"><span class='ocrx_word' id='word_1_36' title='bbox 173 497 342 532; x_wconf 88' lang='lat' dir='ltr'>officium</span> <span class='ocrx_word' id='word_1_37' title='bbox 375 496 617 531; x_wconf 78' lang='lat' dir='ltr'>sacerdotale</span> <span class='ocrx_word' id='word_1_38' title='bbox 650 498 792 532; x_wconf 78' lang='lat' dir='ltr'>vocare</span> <span class='ocrx_word' id='word_1_39' title='bbox 824 496 1006 541; x_wconf 81' lang='lat' dir='ltr'>dignatus</span> 
     </span>
     <span class='ocr_line' id='line_1_8' title="bbox 173 546 1006 591; baseline 0 -9"><span class='ocrx_word' id='word_1_40' title='bbox 173 557 225 591; x_wconf 85' lang='lat' dir='ltr'>es,</span> <span class='ocrx_word' id='word_1_41' title='bbox 249 546 367 581; x_wconf 92' lang='lat' dir='ltr'>nullis</span> <span class='ocrx_word' id='word_1_42' title='bbox 384 546 481 580; x_wconf 90' lang='lat' dir='ltr'>meis</span> <span class='ocrx_word' id='word_1_43' title='bbox 498 546 656 590; x_wconf 87' lang='lat' dir='ltr'>meritis,</span> <span class='ocrx_word' id='word_1_44' title='bbox 682 547 753 582; x_wconf 91' lang='lat' dir='ltr'>sed</span> <span class='ocrx_word' id='word_1_45' title='bbox 769 547 855 582; x_wconf 90' lang='lat' dir='ltr'>sola</span> <span class='ocrx_word' id='word_1_46' title='bbox 873 547 1006 591; x_wconf 93' lang='lat' dir='ltr'>digna-</span> 
     </span>
     <span class='ocr_line' id='line_1_9' title="bbox 172 596 1006 642; baseline 0 -10"><span class='ocrx_word' id='word_1_47' title='bbox 172 598 276 633; x_wconf 83' lang='lat' dir='ltr'>tione</span> <span class='ocrx_word' id='word_1_48' title='bbox 292 596 573 631; x_wconf 79' lang='lat' dir='ltr'>misericordiae</span> <span class='ocrx_word' id='word_1_49' title='bbox 590 602 683 641; x_wconf 86' lang='lat' dir='ltr'>tuae;</span> <span class='ocrx_word' id='word_1_50' title='bbox 702 597 799 632; x_wconf 90' lang='lat' dir='ltr'>doce</span> <span class='ocrx_word' id='word_1_51' title='bbox 814 607 886 641; x_wconf 90' lang='lat' dir='ltr'>me,</span> <span class='ocrx_word' id='word_1_52' title='bbox 904 607 1006 642; x_wconf 86' lang='lat' dir='ltr'>quae-</span> 
     </span>
     <span class='ocr_line' id='line_1_10' title="bbox 173 646 1006 691; baseline -0.001 -8"><span class='ocrx_word' id='word_1_53' title='bbox 173 658 234 691; x_wconf 85' lang='lat' dir='ltr'>so,</span> <span class='ocrx_word' id='word_1_54' title='bbox 266 657 336 691; x_wconf 91' lang='lat' dir='ltr'>per</span> <span class='ocrx_word' id='word_1_55' title='bbox 359 646 544 691; x_wconf 90' lang='lat' dir='ltr'>Spiritum</span> <span class='ocrx_word' id='word_1_56' title='bbox 569 651 746 682; x_wconf 90' lang='lat' dir='ltr'>sanctum</span> <span class='ocrx_word' id='word_1_57' title='bbox 769 651 894 690; x_wconf 85' lang='lat' dir='ltr'>tuum,</span> <span class='ocrx_word' id='word_1_58' title='bbox 925 651 1006 683; x_wconf 86' lang='lat' dir='ltr'>tan-</span> 
     </span>
     <span class='ocr_line' id='line_1_11' title="bbox 172 698 1007 741; baseline 0 -8"><span class='ocrx_word' id='word_1_59' title='bbox 172 703 253 733; x_wconf 92' lang='lat' dir='ltr'>tum</span> <span class='ocrx_word' id='word_1_60' title='bbox 275 699 441 732; x_wconf 81' lang='lat' dir='ltr'>tractare</span> <span class='ocrx_word' id='word_1_61' title='bbox 464 698 692 741; x_wconf 86' lang='lat' dir='ltr'>mysterium</span> <span class='ocrx_word' id='word_1_62' title='bbox 720 708 766 733; x_wconf 89' lang='lat' dir='ltr'>ea</span> <span class='ocrx_word' id='word_1_63' title='bbox 789 698 1007 733; x_wconf 90' lang='lat' dir='ltr'>reverentia</span> 
     </span>
     <span class='ocr_line' id='line_1_12' title="bbox 173 748 1007 794; baseline 0 -10"><span class='ocrx_word' id='word_1_64' title='bbox 173 753 210 784; x_wconf 88' lang='lat' dir='ltr'>et</span> <span class='ocrx_word' id='word_1_65' title='bbox 225 749 384 791; x_wconf 83' lang='lat' dir='ltr'>honore,</span> <span class='ocrx_word' id='word_1_66' title='bbox 409 758 455 783; x_wconf 86' lang='lat' dir='ltr'>ea</span> <span class='ocrx_word' id='word_1_67' title='bbox 472 748 680 784; x_wconf 81' lang='lat' dir='ltr'>devotione</span> <span class='ocrx_word' id='word_1_68' title='bbox 699 753 736 784; x_wconf 89' lang='lat' dir='ltr'>et</span> <span class='ocrx_word' id='word_1_69' title='bbox 751 749 899 792; x_wconf 84' lang='lat' dir='ltr'>timore,</span> <span class='ocrx_word' id='word_1_70' title='bbox 924 749 1007 794; x_wconf 88' lang='lat' dir='ltr'>qui-</span> 
     </span>
     <span class='ocr_line' id='line_1_13' title="bbox 172 798 1006 843; baseline -0.001 -9"><span class='ocrx_word' id='word_1_71' title='bbox 172 799 246 834; x_wconf 91' lang='lat' dir='ltr'>bus</span> <span class='ocrx_word' id='word_1_72' title='bbox 272 799 425 842; x_wconf 72' lang='lat' dir='ltr'>opertet</span> <span class='ocrx_word' id='word_1_73' title='bbox 448 802 485 833; x_wconf 88' lang='lat' dir='ltr'>et</span> <span class='ocrx_word' id='word_1_74' title='bbox 509 798 629 833; x_wconf 90' lang='lat' dir='ltr'>decet.</span> <span class='ocrx_word' id='word_1_75' title='bbox 665 798 744 833; x_wconf 89' lang='lat' dir='ltr'>Fac</span> <span class='ocrx_word' id='word_1_76' title='bbox 759 809 820 834; x_wconf 89' lang='lat' dir='ltr'>me</span> <span class='ocrx_word' id='word_1_77' title='bbox 837 809 907 843; x_wconf 90' lang='lat' dir='ltr'>per</span> <span class='ocrx_word' id='word_1_78' title='bbox 923 801 1006 843; x_wconf 77' lang='lat' dir='ltr'>gra-</span> 
     </span>
     <span class='ocr_line' id='line_1_14' title="bbox 171 849 1006 894; baseline 0.001 -11"><span class='ocrx_word' id='word_1_79' title='bbox 171 849 267 884; x_wconf 86' lang='lat' dir='ltr'><strong>tiam</strong></span> <span class='ocrx_word' id='word_1_80' title='bbox 289 852 396 883; x_wconf 87' lang='lat' dir='ltr'>tuam</span> <span class='ocrx_word' id='word_1_81' title='bbox 419 859 573 893; x_wconf 85' lang='lat' dir='ltr'>semper</span> <span class='ocrx_word' id='word_1_82' title='bbox 596 849 695 884; x_wconf 85' lang='lat' dir='ltr'>illud</span> <span class='ocrx_word' id='word_1_83' title='bbox 724 849 772 884; x_wconf 92' lang='lat' dir='ltr'>de</span> <span class='ocrx_word' id='word_1_84' title='bbox 795 853 904 884; x_wconf 91' lang='lat' dir='ltr'>tanto</span> <span class='ocrx_word' id='word_1_85' title='bbox 926 860 1006 894; x_wconf 89' lang='lat' dir='ltr'>my-</span> 
     </span>
     <span class='ocr_line' id='line_1_15' title="bbox 173 899 1007 944; baseline 0 -9"><span class='ocrx_word' id='word_1_86' title='bbox 173 900 291 935; x_wconf 92' lang='lat' dir='ltr'>sterio</span> <span class='ocrx_word' id='word_1_87' title='bbox 316 899 472 934; x_wconf 90' lang='lat' dir='ltr'>credere</span> <span class='ocrx_word' id='word_1_88' title='bbox 497 903 534 934; x_wconf 95' lang='lat' dir='ltr'>et</span> <span class='ocrx_word' id='word_1_89' title='bbox 553 899 785 944; x_wconf 87' lang='lat' dir='ltr'>intelligere,</span> <span class='ocrx_word' id='word_1_90' title='bbox 810 900 951 935; x_wconf 87' lang='lat' dir='ltr'>sentire</span> <span class='ocrx_word' id='word_1_91' title='bbox 970 905 1007 936; x_wconf 90' lang='lat' dir='ltr'>et</span> 
     </span>
     <span class='ocr_line' id='line_1_16' title="bbox 172 950 1006 995; baseline 0.001 -10"><span class='ocrx_word' id='word_1_92' title='bbox 172 951 333 985; x_wconf 85' lang='lat' dir='ltr'>firmiter</span> <span class='ocrx_word' id='word_1_93' title='bbox 348 951 488 994; x_wconf 86' lang='lat' dir='ltr'>tenere,</span> <span class='ocrx_word' id='word_1_94' title='bbox 508 950 635 985; x_wconf 78' lang='lat' dir='ltr'>dicere</span> <span class='ocrx_word' id='word_1_95' title='bbox 649 954 686 985; x_wconf 90' lang='lat' dir='ltr'>et</span> <span class='ocrx_word' id='word_1_96' title='bbox 699 950 881 995; x_wconf 77' lang='lat' dir='ltr'>cogitare,</span> <span class='ocrx_word' id='word_1_97' title='bbox 899 951 1006 995; x_wconf 89' lang='lat' dir='ltr'>quod</span> 
     </span>
     <span class='ocr_line' id='line_1_17' title="bbox 171 1000 1006 1045; baseline -0.001 -8"><span class='ocrx_word' id='word_1_98' title='bbox 171 1001 243 1037; x_wconf 90' lang='lat' dir='ltr'>tibi</span> <span class='ocrx_word' id='word_1_99' title='bbox 261 1001 400 1045; x_wconf 85' lang='lat' dir='ltr'>placet,</span> <span class='ocrx_word' id='word_1_100' title='bbox 425 1004 462 1035; x_wconf 91' lang='lat' dir='ltr'>et</span> <span class='ocrx_word' id='word_1_101' title='bbox 479 1000 638 1044; x_wconf 83' lang='lat' dir='ltr'>expedit</span> <span class='ocrx_word' id='word_1_102' title='bbox 654 1001 794 1036; x_wconf 80' lang='lat' dir='ltr'>animae</span> <span class='ocrx_word' id='word_1_103' title='bbox 810 1011 917 1036; x_wconf 90' lang='lat' dir='ltr'>meae.</span> <span class='ocrx_word' id='word_1_104' title='bbox 946 1001 1006 1036; x_wconf 87' lang='lat' dir='ltr'>In-</span> 
     </span>
     <span class='ocr_line' id='line_1_18' title="bbox 170 1051 1006 1096; baseline -0.001 -8"><span class='ocrx_word' id='word_1_105' title='bbox 170 1056 244 1088; x_wconf 90' lang='lat' dir='ltr'>tret</span> <span class='ocrx_word' id='word_1_106' title='bbox 267 1052 427 1096; x_wconf 86' lang='lat' dir='ltr'>spiritus</span> <span class='ocrx_word' id='word_1_107' title='bbox 451 1055 540 1086; x_wconf 91' lang='lat' dir='ltr'>tuus</span> <span class='ocrx_word' id='word_1_108' title='bbox 564 1051 691 1086; x_wconf 93' lang='lat' dir='ltr'>bonus</span> <span class='ocrx_word' id='word_1_109' title='bbox 716 1051 757 1086; x_wconf 90' lang='lat' dir='ltr'>in</span> <span class='ocrx_word' id='word_1_110' title='bbox 781 1062 849 1087; x_wconf 93' lang='lat' dir='ltr'>cor</span> <span class='ocrx_word' id='word_1_111' title='bbox 868 1062 1006 1095; x_wconf 85' lang='lat' dir='ltr'>meum,</span> 
     </span>
     <span class='ocr_line' id='line_1_19' title="bbox 172 1102 1006 1147; baseline 0.001 -10"><span class='ocrx_word' id='word_1_112' title='bbox 172 1103 239 1147; x_wconf 94' lang='lat' dir='ltr'>qui</span> <span class='ocrx_word' id='word_1_113' title='bbox 263 1106 375 1137; x_wconf 88' lang='lat' dir='ltr'>sonet</span> <span class='ocrx_word' id='word_1_114' title='bbox 399 1102 455 1137; x_wconf 88' lang='lat' dir='ltr'>ibi</span> <span class='ocrx_word' id='word_1_115' title='bbox 480 1102 563 1137; x_wconf 88' lang='lat' dir='ltr'>sine</span> <span class='ocrx_word' id='word_1_116' title='bbox 589 1111 703 1146; x_wconf 89' lang='lat' dir='ltr'>sono,</span> <span class='ocrx_word' id='word_1_117' title='bbox 736 1106 773 1137; x_wconf 91' lang='lat' dir='ltr'>et</span> <span class='ocrx_word' id='word_1_118' title='bbox 801 1102 884 1137; x_wconf 90' lang='lat' dir='ltr'>sine</span> <span class='ocrx_word' id='word_1_119' title='bbox 914 1104 1006 1138; x_wconf 91' lang='lat' dir='ltr'>stre-</span> 
     </span>
     <span class='ocr_line' id='line_1_20' title="bbox 171 1153 1006 1198; baseline 0 -10"><span class='ocrx_word' id='word_1_120' title='bbox 171 1154 255 1198; x_wconf 92' lang='lat' dir='ltr'>pitu</span> <span class='ocrx_word' id='word_1_121' title='bbox 284 1153 492 1188; x_wconf 77' lang='lat' dir='ltr'>verborum</span> <span class='ocrx_word' id='word_1_122' title='bbox 519 1153 703 1197; x_wconf 80' lang='lat' dir='ltr'>loquatur</span> <span class='ocrx_word' id='word_1_123' title='bbox 732 1163 884 1188; x_wconf 88' lang='lat' dir='ltr'>omnem</span> <span class='ocrx_word' id='word_1_124' title='bbox 907 1154 1006 1189; x_wconf 84' lang='lat' dir='ltr'>veri—</span> 
     </span>
     <span class='ocr_line' id='line_1_21' title="bbox 171 1202 1006 1248; baseline -0.001 -9"><span class='ocrx_word' id='word_1_125' title='bbox 171 1206 298 1239; x_wconf 76' lang='lat' dir='ltr'>tatem.</span> <span class='ocrx_word' id='word_1_126' title='bbox 343 1202 544 1238; x_wconf 83' lang='lat' dir='ltr'>Profunda</span> <span class='ocrx_word' id='word_1_127' title='bbox 578 1203 724 1248; x_wconf 87' lang='lat' dir='ltr'>quippe</span> <span class='ocrx_word' id='word_1_128' title='bbox 759 1207 848 1239; x_wconf 90' lang='lat' dir='ltr'>sunt</span> <span class='ocrx_word' id='word_1_129' title='bbox 878 1203 1006 1248; x_wconf 88' lang='lat' dir='ltr'>nimis,</span> 
     </span>
     <span class='ocr_line' id='line_1_22' title="bbox 172 1253 1006 1298; baseline 0.001 -9"><span class='ocrx_word' id='word_1_130' title='bbox 172 1258 209 1290; x_wconf 90' lang='lat' dir='ltr'>et</span> <span class='ocrx_word' id='word_1_131' title='bbox 232 1264 343 1289; x_wconf 89' lang='lat' dir='ltr'>sacro</span> <span class='ocrx_word' id='word_1_132' title='bbox 366 1258 468 1289; x_wconf 87' lang='lat' dir='ltr'>tecta</span> <span class='ocrx_word' id='word_1_133' title='bbox 491 1253 694 1289; x_wconf 75' lang='lat' dir='ltr'>velamine.</span> <span class='ocrx_word' id='word_1_134' title='bbox 738 1253 904 1298; x_wconf 88' lang='lat' dir='ltr'>Propter</span> <span class='ocrx_word' id='word_1_135' title='bbox 928 1265 1006 1290; x_wconf 85' lang='lat' dir='ltr'>ma-</span> 
     </span>
     <span class='ocr_line' id='line_1_23' title="bbox 171 1304 1006 1348; baseline 0 -9"><span class='ocrx_word' id='word_1_136' title='bbox 171 1315 287 1348; x_wconf 92' lang='lat' dir='ltr'>gnam</span> <span class='ocrx_word' id='word_1_137' title='bbox 316 1304 559 1339; x_wconf 88' lang='lat' dir='ltr'>clementiam</span> <span class='ocrx_word' id='word_1_138' title='bbox 585 1308 693 1339; x_wconf 86' lang='lat' dir='ltr'>tuam</span> <span class='ocrx_word' id='word_1_139' title='bbox 717 1304 886 1339; x_wconf 90' lang='lat' dir='ltr'>concede</span> <span class='ocrx_word' id='word_1_140' title='bbox 910 1304 1006 1339; x_wconf 86' lang='lat' dir='ltr'>mihi</span> 
     </span>
     <span class='ocr_line' id='line_1_24' title="bbox 170 1354 1007 1398; baseline 0 -9"><span class='ocrx_word' id='word_1_141' title='bbox 170 1354 378 1389; x_wconf 79' lang='lat' dir='ltr'>Missarum</span> <span class='ocrx_word' id='word_1_142' title='bbox 410 1354 599 1389; x_wconf 89' lang='lat' dir='ltr'>solemnia</span> <span class='ocrx_word' id='word_1_143' title='bbox 630 1354 775 1389; x_wconf 89' lang='lat' dir='ltr'>mundo</span> <span class='ocrx_word' id='word_1_144' title='bbox 806 1354 939 1398; x_wconf 90' lang='lat' dir='ltr'>corde,</span> <span class='ocrx_word' id='word_1_145' title='bbox 970 1358 1007 1389; x_wconf 90' lang='lat' dir='ltr'>et</span> 
     </span>
     <span class='ocr_line' id='line_1_25' title="bbox 172 1404 1003 1449; baseline 0 -10"><span class='ocrx_word' id='word_1_146' title='bbox 172 1415 270 1449; x_wconf 89' lang='lat' dir='ltr'>pura</span> <span class='ocrx_word' id='word_1_147' title='bbox 283 1409 409 1440; x_wconf 90' lang='lat' dir='ltr'>mente</span> <span class='ocrx_word' id='word_1_148' title='bbox 423 1404 629 1439; x_wconf 81' lang='lat' dir='ltr'>celebrare.</span> <span class='ocrx_word' id='word_1_149' title='bbox 646 1404 786 1439; x_wconf 89' lang='lat' dir='ltr'>Libera</span> <span class='ocrx_word' id='word_1_150' title='bbox 800 1415 867 1440; x_wconf 93' lang='lat' dir='ltr'>cor</span> <span class='ocrx_word' id='word_1_151' title='bbox 879 1415 1003 1439; x_wconf 89' lang='lat' dir='ltr'>meum</span> 
     </span>
     <span class='ocr_line' id='line_1_26' title="bbox 172 1455 1006 1499; baseline 0 -9"><span class='ocrx_word' id='word_1_152' title='bbox 172 1456 220 1490; x_wconf 87' lang='lat' dir='ltr'>ab</span> <span class='ocrx_word' id='word_1_153' title='bbox 246 1455 455 1490; x_wconf 77' lang='lat' dir='ltr'>immundis</span> <span class='ocrx_word' id='word_1_154' title='bbox 481 1459 518 1490; x_wconf 86' lang='lat' dir='ltr'>et</span> <span class='ocrx_word' id='word_1_155' title='bbox 537 1455 733 1499; x_wconf 70' lang='lat' dir='ltr'>neffindis,</span> <span class='ocrx_word' id='word_1_156' title='bbox 756 1455 871 1491; x_wconf 89' lang='lat' dir='ltr'>vanis</span> <span class='ocrx_word' id='word_1_157' title='bbox 888 1460 926 1490; x_wconf 87' lang='lat' dir='ltr'>et</span> <span class='ocrx_word' id='word_1_158' title='bbox 939 1456 1006 1490; x_wconf 82' lang='lat' dir='ltr'>no-</span> 
     </span>
     <span class='ocr_line' id='line_1_27' title="bbox 172 1506 1005 1550; baseline 0.001 -10"><span class='ocrx_word' id='word_1_159' title='bbox 172 1506 249 1540; x_wconf 90' lang='lat' dir='ltr'>xiis</span> <span class='ocrx_word' id='word_1_160' title='bbox 279 1506 592 1550; x_wconf 82' lang='lat' dir='ltr'>cogitationibus.</span> <span class='ocrx_word' id='word_1_161' title='bbox 645 1506 753 1541; x_wconf 92' lang='lat' dir='ltr'>Muni</span> <span class='ocrx_word' id='word_1_162' title='bbox 784 1516 844 1541; x_wconf 90' lang='lat' dir='ltr'>me</span> <span class='ocrx_word' id='word_1_163' title='bbox 874 1506 1005 1541; x_wconf 80' lang='lat' dir='ltr'>beato-</span> 
     </span>
     <span class='ocr_line' id='line_1_28' title="bbox 172 1557 1005 1601; baseline 0 -9"><span class='ocrx_word' id='word_1_164' title='bbox 172 1567 257 1592; x_wconf 89' lang='lat' dir='ltr'>rum</span> <span class='ocrx_word' id='word_1_165' title='bbox 279 1557 519 1600; x_wconf 83' lang='lat' dir='ltr'>Angelorum</span> <span class='ocrx_word' id='word_1_166' title='bbox 546 1557 613 1601; x_wconf 90' lang='lat' dir='ltr'>pia</span> <span class='ocrx_word' id='word_1_167' title='bbox 643 1561 680 1591; x_wconf 92' lang='lat' dir='ltr'>et</span> <span class='ocrx_word' id='word_1_168' title='bbox 707 1557 786 1592; x_wconf 86' lang='lat' dir='ltr'>fida</span> <span class='ocrx_word' id='word_1_169' title='bbox 817 1557 1005 1601; x_wconf 82' lang='lat' dir='ltr'>cust6dia,</span> 
     </span>
     <span class='ocr_line' id='line_1_29' title="bbox 173 1607 1006 1651; baseline -0.001 -8"><span class='ocrx_word' id='word_1_170' title='bbox 173 1618 218 1643; x_wconf 85' lang='lat' dir='ltr'>ac</span> <span class='ocrx_word' id='word_1_171' title='bbox 233 1607 352 1642; x_wconf 92' lang='lat' dir='ltr'>tutela</span> <span class='ocrx_word' id='word_1_172' title='bbox 369 1607 596 1651; x_wconf 88' lang='lat' dir='ltr'>fortissima,</span> <span class='ocrx_word' id='word_1_173' title='bbox 620 1610 663 1642; x_wconf 88' lang='lat' dir='ltr'>ut</span> <span class='ocrx_word' id='word_1_174' title='bbox 682 1607 817 1642; x_wconf 88' lang='lat' dir='ltr'>hostes</span> <span class='ocrx_word' id='word_1_175' title='bbox 835 1607 1006 1642; x_wconf 84' lang='lat' dir='ltr'>omnium</span> 
     </span>
     <span class='ocr_line' id='line_1_30' title="bbox 170 1657 1005 1693; baseline 0 0"><span class='ocrx_word' id='word_1_176' title='bbox 170 1659 361 1693; x_wconf 80' lang='lat' dir='ltr'>bonorum</span> <span class='ocrx_word' id='word_1_177' title='bbox 391 1657 544 1693; x_wconf 79' lang='lat' dir='ltr'>confusi</span> <span class='ocrx_word' id='word_1_178' title='bbox 573 1658 785 1693; x_wconf 88' lang='lat' dir='ltr'>discedant.</span> <span class='ocrx_word' id='word_1_179' title='bbox 831 1657 907 1693; x_wconf 89' lang='lat' dir='ltr'>Per</span> <span class='ocrx_word' id='word_1_180' title='bbox 929 1659 1005 1693; x_wconf 89' lang='lat' dir='ltr'>vir—</span> 
     </span>
     <span class='ocr_line' id='line_1_31' title="bbox 171 1708 1006 1753; baseline -0.001 -9"><span class='ocrx_word' id='word_1_181' title='bbox 171 1711 291 1744; x_wconf 75' lang='lat' dir='ltr'>tutem</span> <span class='ocrx_word' id='word_1_182' title='bbox 321 1708 419 1743; x_wconf 89' lang='lat' dir='ltr'>tanti</span> <span class='ocrx_word' id='word_1_183' title='bbox 447 1708 638 1753; x_wconf 87' lang='lat' dir='ltr'>mysterii,</span> <span class='ocrx_word' id='word_1_184' title='bbox 674 1712 711 1743; x_wconf 89' lang='lat' dir='ltr'>et</span> <span class='ocrx_word' id='word_1_185' title='bbox 745 1718 816 1752; x_wconf 88' lang='lat' dir='ltr'>per</span> <span class='ocrx_word' id='word_1_186' title='bbox 849 1718 1006 1743; x_wconf 90' lang='lat' dir='ltr'>manum</span> 
     </span>
     <span class='ocr_line' id='line_1_32' title="bbox 173 1758 1005 1803; baseline 0 -9"><span class='ocrx_word' id='word_1_187' title='bbox 173 1759 297 1794; x_wconf 89' lang='lat' dir='ltr'>sancti</span> <span class='ocrx_word' id='word_1_188' title='bbox 320 1759 464 1803; x_wconf 87' lang='lat' dir='ltr'>Angeli</span> <span class='ocrx_word' id='word_1_189' title='bbox 494 1759 551 1794; x_wconf 88' lang='lat' dir='ltr'>tui</span> <span class='ocrx_word' id='word_1_190' title='bbox 579 1758 725 1803; x_wconf 89' lang='lat' dir='ltr'>repelle</span> <span class='ocrx_word' id='word_1_191' title='bbox 757 1769 780 1793; x_wconf 92' lang='lat' dir='ltr'>a</span> <span class='ocrx_word' id='word_1_192' title='bbox 807 1769 884 1803; x_wconf 89' lang='lat' dir='ltr'>me,</span> <span class='ocrx_word' id='word_1_193' title='bbox 917 1763 954 1794; x_wconf 90' lang='lat' dir='ltr'>et</span> <span class='ocrx_word' id='word_1_194' title='bbox 984 1770 1005 1794; x_wconf 89' lang='lat' dir='ltr'>a</span> 
     </span>
     <span class='ocr_line' id='line_1_33' title="bbox 173 1809 1006 1854; baseline 0 -10"><span class='ocrx_word' id='word_1_195' title='bbox 173 1809 322 1845; x_wconf 88' lang='lat' dir='ltr'>cunctis</span> <span class='ocrx_word' id='word_1_196' title='bbox 353 1809 478 1845; x_wconf 88' lang='lat' dir='ltr'>servis</span> <span class='ocrx_word' id='word_1_197' title='bbox 506 1809 584 1844; x_wconf 86' lang='lat' dir='ltr'>tuis</span> <span class='ocrx_word' id='word_1_198' title='bbox 615 1809 866 1845; x_wconf 88' lang='lat' dir='ltr'>durissimum</span> <span class='ocrx_word' id='word_1_199' title='bbox 895 1810 1006 1854; x_wconf 90' lang='lat' dir='ltr'>spiri-</span> 
     </span>
     <span class='ocr_line' id='line_1_34' title="bbox 173 1859 1006 1904; baseline 0 -9"><span class='ocrx_word' id='word_1_200' title='bbox 173 1865 254 1895; x_wconf 91' lang='lat' dir='ltr'>tum</span> <span class='ocrx_word' id='word_1_201' title='bbox 278 1859 487 1904; x_wconf 80' lang='lat' dir='ltr'>superbiae,</span> <span class='ocrx_word' id='word_1_202' title='bbox 512 1864 549 1895; x_wconf 90' lang='lat' dir='ltr'>et</span> <span class='ocrx_word' id='word_1_203' title='bbox 572 1860 816 1903; x_wconf 79' lang='lat' dir='ltr'>cenodoxiae,</span> <span class='ocrx_word' id='word_1_204' title='bbox 846 1861 1006 1896; x_wconf 84' lang='lat' dir='ltr'>invidiae</span> 
     </span>
     <span class='ocr_line' id='line_1_35' title="bbox 172 1910 1014 1954; baseline 0.001 -9"><span class='ocrx_word' id='word_1_205' title='bbox 172 1914 209 1945; x_wconf 87' lang='lat' dir='ltr'>et</span> <span class='ocrx_word' id='word_1_206' title='bbox 225 1910 492 1954; x_wconf 84' lang='lat' dir='ltr'>blasphemiae,</span> <span class='ocrx_word' id='word_1_207' title='bbox 509 1910 778 1946; x_wconf 81' lang='lat' dir='ltr'>fornicationis</span> <span class='ocrx_word' id='word_1_208' title='bbox 796 1915 833 1946; x_wconf 92' lang='lat' dir='ltr'>et</span> <span class='ocrx_word' id='word_1_209' title='bbox 846 1911 1014 1946; x_wconf 56' lang='lat' dir='ltr'>immun:</span> 
     </span>
     <span class='ocr_line' id='line_1_36' title="bbox 173 1960 1006 2004; baseline 0.004 -10"><span class='ocrx_word' id='word_1_210' title='bbox 173 1960 294 2004; x_wconf 77' lang='lat' dir='ltr'>ditiae,</span> <span class='ocrx_word' id='word_1_211' title='bbox 328 1960 538 1996; x_wconf 79' lang='lat' dir='ltr'>dubietatis</span> <span class='ocrx_word' id='word_1_212' title='bbox 564 1965 600 1996; x_wconf 86' lang='lat' dir='ltr'>et</span> <span class='ocrx_word' id='word_1_213' title='bbox 622 1961 859 1997; x_wconf 84' lang='lat' dir='ltr'>diffidentiae.</span> <span class='ocrx_word' id='word_1_214' title='bbox 907 1961 1006 1997; x_wconf 93' lang='lat' dir='ltr'>Con-</span> 
     </span>
     <span class='ocr_line' id='line_1_37' title="bbox 173 2010 1006 2056; baseline 0.004 -12"><span class='ocrx_word' id='word_1_215' title='bbox 173 2010 391 2054; x_wconf 79' lang='lat' dir='ltr'>fundantur,</span> <span class='ocrx_word' id='word_1_216' title='bbox 415 2011 483 2055; x_wconf 92' lang='lat' dir='ltr'>qui</span> <span class='ocrx_word' id='word_1_217' title='bbox 506 2021 579 2046; x_wconf 90' lang='lat' dir='ltr'>nos</span> <span class='ocrx_word' id='word_1_218' title='bbox 600 2013 899 2056; x_wconf 80' lang='lat' dir='ltr'>persequuntur:</span> <span class='ocrx_word' id='word_1_219' title='bbox 923 2013 1006 2056; x_wconf 89' lang='lat' dir='ltr'>per-</span> 
     </span>
     <span class='ocr_line' id='line_1_38' title="bbox 173 2061 943 2106; baseline 0.004 -11"><span class='ocrx_word' id='word_1_220' title='bbox 173 2065 261 2095; x_wconf 85' lang='lat' dir='ltr'>eant</span> <span class='ocrx_word' id='word_1_221' title='bbox 285 2061 353 2104; x_wconf 86' lang='lat' dir='ltr'>illi,</span> <span class='ocrx_word' id='word_1_222' title='bbox 379 2061 445 2105; x_wconf 93' lang='lat' dir='ltr'>qui</span> <span class='ocrx_word' id='word_1_223' title='bbox 469 2071 541 2096; x_wconf 92' lang='lat' dir='ltr'>nos</span> <span class='ocrx_word' id='word_1_224' title='bbox 566 2062 727 2106; x_wconf 91' lang='lat' dir='ltr'>perdere</span> <span class='ocrx_word' id='word_1_225' title='bbox 752 2063 943 2098; x_wconf 87' lang='lat' dir='ltr'>festinant.</span> 
     </span>
    </p>
   </div>
   <div class='ocr_carea' id='block_1_2' title="bbox 343 2169 833 2206">
    <p class='ocr_par' dir='ltr' id='par_1_2' title="bbox 343 2169 833 2206">
     <span class='ocr_line' id='line_1_39' title="bbox 343 2169 833 2206; baseline 0.002 -2"><span class='ocrx_word' id='word_1_226' title='bbox 343 2169 516 2204; x_wconf 87' lang='lat' dir='ltr'>Feria</span> <span class='ocrx_word' id='word_1_227' title='bbox 553 2169 833 2206; x_wconf 87' lang='lat' dir='ltr'>Secunda.</span> 
     </span>
    </p>
   </div>
   <div class='ocr_carea' id='block_1_3' title="bbox 175 2236 1007 2732">
    <p class='ocr_par' dir='ltr' id='par_1_3' title="bbox 229 2236 1007 2280">
     <span class='ocr_line' id='line_1_40' title="bbox 229 2236 1007 2280; baseline 0.003 -10"><span class='ocrx_word' id='word_1_228' title='bbox 229 2245 278 2270; x_wconf 84' lang='lat' dir='ltr'>ex</span> <span class='ocrx_word' id='word_1_229' title='bbox 293 2236 501 2280; x_wconf 89' lang='lat' dir='ltr'>virginum,</span> <span class='ocrx_word' id='word_1_230' title='bbox 526 2240 563 2271; x_wconf 91' lang='lat' dir='ltr'>et</span> <span class='ocrx_word' id='word_1_231' title='bbox 588 2238 736 2272; x_wconf 81' lang='lat' dir='ltr'>amator</span> <span class='ocrx_word' id='word_1_232' title='bbox 756 2237 946 2273; x_wconf 77' lang='lat' dir='ltr'>castitatis</span> <span class='ocrx_word' id='word_1_233' title='bbox 970 2242 1007 2272; x_wconf 89' lang='lat' dir='ltr'>et</span> 
     </span>
    </p>

    <p class='ocr_par' dir='ltr' id='par_1_4' title="bbox 175 2285 1007 2732">
     <span class='ocr_line' id='line_1_41' title="bbox 247 2285 1006 2331; baseline 0.007 -12"><span class='ocrx_word' id='word_1_234' title='bbox 247 2285 490 2331; x_wconf 71' lang='lat' dir='ltr'>integritatis,</span> <span class='ocrx_word' id='word_1_235' title='bbox 505 2287 655 2322; x_wconf 87' lang='lat' dir='ltr'>coelesti</span> <span class='ocrx_word' id='word_1_236' title='bbox 669 2298 755 2323; x_wconf 89' lang='lat' dir='ltr'>rore</span> <span class='ocrx_word' id='word_1_237' title='bbox 768 2288 1006 2324; x_wconf 81' lang='lat' dir='ltr'>benedictio-</span> 
     </span>
     <span class='ocr_line' id='line_1_42' title="bbox 175 2336 1007 2383; baseline 0.006 -13"><span class='ocrx_word' id='word_1_238' title='bbox 175 2336 236 2370; x_wconf 93' lang='lat' dir='ltr'>nis</span> <span class='ocrx_word' id='word_1_239' title='bbox 261 2340 338 2370; x_wconf 88' lang='lat' dir='ltr'>tuae</span> <span class='ocrx_word' id='word_1_240' title='bbox 362 2338 563 2381; x_wconf 84' lang='lat' dir='ltr'>exstingue</span> <span class='ocrx_word' id='word_1_241' title='bbox 591 2338 630 2372; x_wconf 93' lang='lat' dir='ltr'>in</span> <span class='ocrx_word' id='word_1_242' title='bbox 655 2339 817 2383; x_wconf 73' lang='lat' dir='ltr'>cei-pore</span> <span class='ocrx_word' id='word_1_243' title='bbox 841 2350 928 2375; x_wconf 91' lang='lat' dir='ltr'>meo</span> <span class='ocrx_word' id='word_1_244' title='bbox 952 2340 1007 2375; x_wconf 80' lang='lat' dir='ltr'>fo-</span> 
     </span>
     <span class='ocr_line' id='line_1_43' title="bbox 175 2438 1006 2483; baseline 0.007 -13"><span class='ocrx_word' id='word_1_245' title='bbox 175 2447 235 2471; x_wconf 91' lang='lat' dir='ltr'>me</span> <span class='ocrx_word' id='word_1_246' title='bbox 260 2441 371 2471; x_wconf 89' lang='lat' dir='ltr'>tenor</span> <span class='ocrx_word' id='word_1_247' title='bbox 394 2438 583 2473; x_wconf 80' lang='lat' dir='ltr'>castitatis</span> <span class='ocrx_word' id='word_1_248' title='bbox 606 2440 782 2483; x_wconf 82' lang='lat' dir='ltr'>corporis</span> <span class='ocrx_word' id='word_1_249' title='bbox 803 2444 840 2475; x_wconf 93' lang='lat' dir='ltr'>et</span> <span class='ocrx_word' id='word_1_250' title='bbox 857 2441 1006 2475; x_wconf 62' lang='lat' dir='ltr'>Animae.</span> 
     </span>
     <span class='ocr_line' id='line_1_44' title="bbox 176 2486 1006 2526; baseline 0.007 -6"><span class='ocrx_word' id='word_1_251' title='bbox 176 2486 364 2521; x_wconf 88' lang='lat' dir='ltr'>Mortifica</span> <span class='ocrx_word' id='word_1_252' title='bbox 396 2486 435 2521; x_wconf 92' lang='lat' dir='ltr'>in</span> <span class='ocrx_word' id='word_1_253' title='bbox 463 2489 645 2523; x_wconf 90' lang='lat' dir='ltr'>membris</span> <span class='ocrx_word' id='word_1_254' title='bbox 669 2490 766 2525; x_wconf 89' lang='lat' dir='ltr'>meis</span> <span class='ocrx_word' id='word_1_255' title='bbox 791 2491 918 2526; x_wconf 88' lang='lat' dir='ltr'>carnis</span> <span class='ocrx_word' id='word_1_256' title='bbox 943 2492 1006 2526; x_wconf 87' lang='lat' dir='ltr'>sti-</span> 
     </span>
     <span class='ocr_line' id='line_1_45' title="bbox 177 2537 1007 2581; baseline 0.006 -10"><span class='ocrx_word' id='word_1_257' title='bbox 177 2537 318 2580; x_wconf 86' lang='lat' dir='ltr'>mulos,</span> <span class='ocrx_word' id='word_1_258' title='bbox 349 2538 558 2581; x_wconf 90' lang='lat' dir='ltr'>omnesque</span> <span class='ocrx_word' id='word_1_259' title='bbox 582 2539 816 2575; x_wconf 82' lang='lat' dir='ltr'>libidinosas</span> <span class='ocrx_word' id='word_1_260' title='bbox 840 2551 1007 2576; x_wconf 92' lang='lat' dir='ltr'>commo—</span> 
     </span>
     <span class='ocr_line' id='line_1_46' title="bbox 177 2586 1007 2636; baseline 0.007 -15"><span class='ocrx_word' id='word_1_261' title='bbox 177 2587 319 2630; x_wconf 80' lang='lat' dir='ltr'>tiones,</span> <span class='ocrx_word' id='word_1_262' title='bbox 357 2591 394 2621; x_wconf 89' lang='lat' dir='ltr'>et</span> <span class='ocrx_word' id='word_1_263' title='bbox 429 2586 478 2621; x_wconf 86' lang='lat' dir='ltr'>da</span> <span class='ocrx_word' id='word_1_264' title='bbox 510 2588 606 2622; x_wconf 89' lang='lat' dir='ltr'>mihi</span> <span class='ocrx_word' id='word_1_265' title='bbox 638 2600 771 2624; x_wconf 89' lang='lat' dir='ltr'>veram</span> <span class='ocrx_word' id='word_1_266' title='bbox 803 2595 840 2626; x_wconf 89' lang='lat' dir='ltr'>et</span> <span class='ocrx_word' id='word_1_267' title='bbox 872 2593 1007 2636; x_wconf 89' lang='lat' dir='ltr'>perpe-</span> 
     </span>
     <span class='ocr_line' id='line_1_47' title="bbox 176 2637 1007 2685; baseline 0.008 -14"><span class='ocrx_word' id='word_1_268' title='bbox 176 2642 282 2672; x_wconf 89' lang='lat' dir='ltr'>tuam</span> <span class='ocrx_word' id='word_1_269' title='bbox 299 2637 514 2672; x_wconf 69' lang='lat' dir='ltr'>castitatem</span> <span class='ocrx_word' id='word_1_270' title='bbox 532 2648 617 2673; x_wconf 91' lang='lat' dir='ltr'>cum</span> <span class='ocrx_word' id='word_1_271' title='bbox 635 2641 771 2675; x_wconf 86' lang='lat' dir='ltr'>ceteris</span> <span class='ocrx_word' id='word_1_272' title='bbox 789 2641 903 2677; x_wconf 90' lang='lat' dir='ltr'>donis</span> <span class='ocrx_word' id='word_1_273' title='bbox 918 2643 1007 2685; x_wconf 86' lang='lat' dir='ltr'>tuis,</span> 
     </span>
     <span class='ocr_line' id='line_1_48' title="bbox 177 2687 1007 2732; baseline 0.007 -10"><span class='ocrx_word' id='word_1_274' title='bbox 177 2698 265 2732; x_wconf 86' lang='lat' dir='ltr'>quae</span> <span class='ocrx_word' id='word_1_275' title='bbox 289 2687 361 2723; x_wconf 89' lang='lat' dir='ltr'>tibi</span> <span class='ocrx_word' id='word_1_276' title='bbox 385 2687 539 2731; x_wconf 81' lang='lat' dir='ltr'>placent</span> <span class='ocrx_word' id='word_1_277' title='bbox 562 2688 601 2722; x_wconf 93' lang='lat' dir='ltr'>in</span> <span class='ocrx_word' id='word_1_278' title='bbox 626 2690 801 2725; x_wconf 80' lang='lat' dir='ltr'>veritate:</span> <span class='ocrx_word' id='word_1_279' title='bbox 826 2696 867 2726; x_wconf 92' lang='lat' dir='ltr'>ut</span> <span class='ocrx_word' id='word_1_280' title='bbox 891 2693 1007 2727; x_wconf 90' lang='lat' dir='ltr'>sacri-</span> 
     </span>
    </p>
   </div>
   <div class='ocr_carea' id='block_1_4' title="bbox 1045 152 1285 186">
    <p class='ocr_par' dir='ltr' id='par_1_5' title="bbox 1045 152 1285 186">
     <span class='ocr_line' id='line_1_49' title="bbox 1045 152 1285 186; baseline 0.004 -1"><span class='ocrx_word' id='word_1_281' title='bbox 1045 152 1093 185; x_wconf 79' lang='lat' dir='ltr'>ad</span> <span class='ocrx_word' id='word_1_282' title='bbox 1115 152 1285 186; x_wconf 86' lang='lat' dir='ltr'>Missam.</span> 
     </span>
    </p>
   </div>
   <div class='ocr_carea' id='block_1_5' title="bbox 1058 245 1893 886">
    <p class='ocr_par' dir='ltr' id='par_1_6' title="bbox 1058 245 1893 886">
     <span class='ocr_line' id='line_1_50' title="bbox 1058 245 1889 291; baseline 0.004 -12"><span class='ocrx_word' id='word_1_283' title='bbox 1058 245 1190 280; x_wconf 86' lang='lat' dir='ltr'>ficium</span> <span class='ocrx_word' id='word_1_284' title='bbox 1208 245 1338 281; x_wconf 91' lang='lat' dir='ltr'>laudis</span> <span class='ocrx_word' id='word_1_285' title='bbox 1355 249 1464 281; x_wconf 91' lang='lat' dir='ltr'>casto</span> <span class='ocrx_word' id='word_1_286' title='bbox 1483 247 1662 291; x_wconf 74' lang='lat' dir='ltr'>cerpore,</span> <span class='ocrx_word' id='word_1_287' title='bbox 1687 250 1725 282; x_wconf 89' lang='lat' dir='ltr'>et</span> <span class='ocrx_word' id='word_1_288' title='bbox 1743 246 1889 282; x_wconf 90' lang='lat' dir='ltr'>mundo</span> 
     </span>
     <span class='ocr_line' id='line_1_51' title="bbox 1059 296 1891 339; baseline 0.002 -9"><span class='ocrx_word' id='word_1_289' title='bbox 1059 296 1175 331; x_wconf 92' lang='lat' dir='ltr'>corde</span> <span class='ocrx_word' id='word_1_290' title='bbox 1188 296 1342 331; x_wconf 78' lang='lat' dir='ltr'>valeam</span> <span class='ocrx_word' id='word_1_291' title='bbox 1357 297 1431 332; x_wconf 92' lang='lat' dir='ltr'>tibi</span> <span class='ocrx_word' id='word_1_292' title='bbox 1447 297 1593 332; x_wconf 86' lang='lat' dir='ltr'>offerre.</span> <span class='ocrx_word' id='word_1_293' title='bbox 1618 296 1771 339; x_wconf 86' lang='lat' dir='ltr'>Quanta</span> <span class='ocrx_word' id='word_1_294' title='bbox 1788 297 1891 333; x_wconf 90' lang='lat' dir='ltr'>enim</span> 
     </span>
     <span class='ocr_line' id='line_1_52' title="bbox 1059 347 1891 392; baseline 0.002 -11"><span class='ocrx_word' id='word_1_295' title='bbox 1059 347 1189 382; x_wconf 90' lang='lat' dir='ltr'>cordis</span> <span class='ocrx_word' id='word_1_296' title='bbox 1211 347 1441 383; x_wconf 71' lang='lat' dir='ltr'>contritione</span> <span class='ocrx_word' id='word_1_297' title='bbox 1459 352 1497 383; x_wconf 87' lang='lat' dir='ltr'>et</span> <span class='ocrx_word' id='word_1_298' title='bbox 1512 348 1759 384; x_wconf 76' lang='lat' dir='ltr'>lacrimarum</span> <span class='ocrx_word' id='word_1_299' title='bbox 1775 348 1891 392; x_wconf 88' lang='lat' dir='ltr'>fonte,</span> 
     </span>
     <span class='ocr_line' id='line_1_53' title="bbox 1059 397 1891 443; baseline 0.002 -12"><span class='ocrx_word' id='word_1_300' title='bbox 1059 401 1204 441; x_wconf 84' lang='lat' dir='ltr'>quanta</span> <span class='ocrx_word' id='word_1_301' title='bbox 1227 397 1444 433; x_wconf 88' lang='lat' dir='ltr'>reverentia</span> <span class='ocrx_word' id='word_1_302' title='bbox 1472 401 1510 433; x_wconf 89' lang='lat' dir='ltr'>et</span> <span class='ocrx_word' id='word_1_303' title='bbox 1536 399 1717 442; x_wconf 80' lang='lat' dir='ltr'>tremore,</span> <span class='ocrx_word' id='word_1_304' title='bbox 1747 403 1891 443; x_wconf 86' lang='lat' dir='ltr'>quanta</span> 
     </span>
     <span class='ocr_line' id='line_1_54' title="bbox 1059 447 1890 493; baseline 0.004 -12"><span class='ocrx_word' id='word_1_305' title='bbox 1059 447 1235 491; x_wconf 75' lang='lat' dir='ltr'>cerporis</span> <span class='ocrx_word' id='word_1_306' title='bbox 1271 448 1448 483; x_wconf 78' lang='lat' dir='ltr'>castitate</span> <span class='ocrx_word' id='word_1_307' title='bbox 1485 452 1522 483; x_wconf 87' lang='lat' dir='ltr'>et</span> <span class='ocrx_word' id='word_1_308' title='bbox 1554 448 1694 484; x_wconf 79' lang='lat' dir='ltr'>animae</span> <span class='ocrx_word' id='word_1_309' title='bbox 1722 448 1890 493; x_wconf 79' lang='lat' dir='ltr'>puritate</span> 
     </span>
     <span class='ocr_line' id='line_1_55' title="bbox 1059 497 1893 535; baseline 0.004 -3"><span class='ocrx_word' id='word_1_310' title='bbox 1059 497 1165 533; x_wconf 92' lang='lat' dir='ltr'>istud</span> <span class='ocrx_word' id='word_1_311' title='bbox 1194 498 1369 533; x_wconf 86' lang='lat' dir='ltr'>divinum</span> <span class='ocrx_word' id='word_1_312' title='bbox 1398 503 1435 534; x_wconf 90' lang='lat' dir='ltr'>et</span> <span class='ocrx_word' id='word_1_313' title='bbox 1467 499 1625 535; x_wconf 84' lang='lat' dir='ltr'>coeleste</span> <span class='ocrx_word' id='word_1_314' title='bbox 1657 499 1893 535; x_wconf 86' lang='lat' dir='ltr'>sacrificium</span> 
     </span>
     <span class='ocr_line' id='line_1_56' title="bbox 1060 548 1892 593; baseline 0.004 -10"><span class='ocrx_word' id='word_1_315' title='bbox 1060 552 1118 583; x_wconf 89' lang='lat' dir='ltr'>est</span> <span class='ocrx_word' id='word_1_316' title='bbox 1142 548 1431 593; x_wconf 80' lang='lat' dir='ltr'>celebrandum,</span> <span class='ocrx_word' id='word_1_317' title='bbox 1456 549 1525 585; x_wconf 92' lang='lat' dir='ltr'>ubi</span> <span class='ocrx_word' id='word_1_318' title='bbox 1550 549 1652 586; x_wconf 92' lang='lat' dir='ltr'>Caro</span> <span class='ocrx_word' id='word_1_319' title='bbox 1674 554 1742 586; x_wconf 87' lang='lat' dir='ltr'>tua</span> <span class='ocrx_word' id='word_1_320' title='bbox 1764 550 1805 585; x_wconf 89' lang='lat' dir='ltr'>in</span> <span class='ocrx_word' id='word_1_321' title='bbox 1827 561 1892 587; x_wconf 85' lang='lat' dir='ltr'>ve-</span> 
     </span>
     <span class='ocr_line' id='line_1_57' title="bbox 1059 598 1892 645; baseline 0.004 -12"><span class='ocrx_word' id='word_1_322' title='bbox 1059 598 1171 634; x_wconf 81' lang='lat' dir='ltr'>ritate</span> <span class='ocrx_word' id='word_1_323' title='bbox 1196 599 1374 643; x_wconf 76' lang='lat' dir='ltr'>sumitur,</span> <span class='ocrx_word' id='word_1_324' title='bbox 1398 599 1466 635; x_wconf 91' lang='lat' dir='ltr'>ubi</span> <span class='ocrx_word' id='word_1_325' title='bbox 1482 599 1650 645; x_wconf 87' lang='lat' dir='ltr'>Sanguis</span> <span class='ocrx_word' id='word_1_326' title='bbox 1666 604 1756 636; x_wconf 87' lang='lat' dir='ltr'>tuus</span> <span class='ocrx_word' id='word_1_327' title='bbox 1771 601 1812 636; x_wconf 92' lang='lat' dir='ltr'>in</span> <span class='ocrx_word' id='word_1_328' title='bbox 1827 611 1892 636; x_wconf 88' lang='lat' dir='ltr'>ve-</span> 
     </span>
     <span class='ocr_line' id='line_1_58' title="bbox 1059 649 1892 695; baseline 0.004 -12"><span class='ocrx_word' id='word_1_329' title='bbox 1059 649 1170 684; x_wconf 81' lang='lat' dir='ltr'>ritate</span> <span class='ocrx_word' id='word_1_330' title='bbox 1187 649 1342 694; x_wconf 86' lang='lat' dir='ltr'>bibitur,</span> <span class='ocrx_word' id='word_1_331' title='bbox 1365 649 1433 685; x_wconf 93' lang='lat' dir='ltr'>ubi</span> <span class='ocrx_word' id='word_1_332' title='bbox 1452 650 1530 685; x_wconf 91' lang='lat' dir='ltr'>ima</span> <span class='ocrx_word' id='word_1_333' title='bbox 1546 651 1718 695; x_wconf 89' lang='lat' dir='ltr'>summis,</span> <span class='ocrx_word' id='word_1_334' title='bbox 1740 652 1892 686; x_wconf 88' lang='lat' dir='ltr'>terrena</span> 
     </span>
     <span class='ocr_line' id='line_1_59' title="bbox 1060 699 1892 744; baseline 0.001 -10"><span class='ocrx_word' id='word_1_335' title='bbox 1060 699 1204 735; x_wconf 85' lang='lat' dir='ltr'>divinis</span> <span class='ocrx_word' id='word_1_336' title='bbox 1220 700 1440 744; x_wconf 78' lang='lat' dir='ltr'>junguntur,</span> <span class='ocrx_word' id='word_1_337' title='bbox 1456 700 1526 735; x_wconf 92' lang='lat' dir='ltr'>ubi</span> <span class='ocrx_word' id='word_1_338' title='bbox 1542 700 1654 736; x_wconf 87' lang='lat' dir='ltr'>adest</span> <span class='ocrx_word' id='word_1_339' title='bbox 1671 702 1892 737; x_wconf 81' lang='lat' dir='ltr'>sanctorum</span> 
     </span>
     <span class='ocr_line' id='line_1_60' title="bbox 1058 749 1892 794; baseline 0.002 -10"><span class='ocrx_word' id='word_1_340' title='bbox 1058 749 1299 794; x_wconf 69' lang='lat' dir='ltr'>AngelOrum</span> <span class='ocrx_word' id='word_1_341' title='bbox 1318 750 1544 794; x_wconf 83' lang='lat' dir='ltr'>praesentia,</span> <span class='ocrx_word' id='word_1_342' title='bbox 1567 751 1636 786; x_wconf 93' lang='lat' dir='ltr'>ubi</span> <span class='ocrx_word' id='word_1_343' title='bbox 1651 755 1693 786; x_wconf 90' lang='lat' dir='ltr'>tu</span> <span class='ocrx_word' id='word_1_344' title='bbox 1710 761 1751 786; x_wconf 89' lang='lat' dir='ltr'>es</span> <span class='ocrx_word' id='word_1_345' title='bbox 1768 749 1892 786; x_wconf 90' lang='lat' dir='ltr'>Sacri-</span> 
     </span>
     <span class='ocr_line' id='line_1_61' title="bbox 1059 799 1892 836; baseline 0.002 -2"><span class='ocrx_word' id='word_1_346' title='bbox 1059 799 1191 835; x_wconf 85' lang='lat' dir='ltr'>ficium</span> <span class='ocrx_word' id='word_1_347' title='bbox 1214 804 1252 835; x_wconf 90' lang='lat' dir='ltr'>et</span> <span class='ocrx_word' id='word_1_348' title='bbox 1273 799 1464 835; x_wconf 75' lang='lat' dir='ltr'>Sacerdos</span> <span class='ocrx_word' id='word_1_349' title='bbox 1485 801 1714 836; x_wconf 88' lang='lat' dir='ltr'>mirabiliter</span> <span class='ocrx_word' id='word_1_350' title='bbox 1737 805 1775 836; x_wconf 85' lang='lat' dir='ltr'>et</span> <span class='ocrx_word' id='word_1_351' title='bbox 1798 800 1892 836; x_wconf 89' lang='lat' dir='ltr'>inef-</span> 
     </span>
     <span class='ocr_line' id='line_1_62' title="bbox 1060 850 1498 886; baseline 0.002 -1"><span class='ocrx_word' id='word_1_352' title='bbox 1060 850 1229 886; x_wconf 89' lang='lat' dir='ltr'>fabssiter</span> <span class='ocrx_word' id='word_1_353' title='bbox 1251 851 1498 886; x_wconf 80' lang='lat' dir='ltr'>constitutus!</span> 
     </span>
    </p>
   </div>
   <div class='ocr_carea' id='block_1_6' title="bbox 1253 924 1702 960">
    <p class='ocr_par' dir='ltr' id='par_1_7' title="bbox 1253 924 1702 960">
     <span class='ocr_line' id='line_1_63' title="bbox 1253 924 1702 960; baseline 0.002 -1"><span class='ocrx_word' id='word_1_354' title='bbox 1253 925 1437 960; x_wconf 88' lang='lat' dir='ltr'>Feria</span> <span class='ocrx_word' id='word_1_355' title='bbox 1472 924 1702 960; x_wconf 86' lang='lat' dir='ltr'>Tertia.</span> 
     </span>
    </p>
   </div>
   <div class='ocr_carea' id='block_1_7' title="bbox 1058 986 1894 2083">
    <p class='ocr_par' dir='ltr' id='par_1_8' title="bbox 1113 986 1889 1030">
     <span class='ocr_line' id='line_1_64' title="bbox 1113 986 1889 1030; baseline 0.003 -10"><span class='ocrx_word' id='word_1_356' title='bbox 1113 986 1174 1021; x_wconf 92' lang='lat' dir='ltr'>uis</span> <span class='ocrx_word' id='word_1_357' title='bbox 1195 986 1312 1030; x_wconf 86' lang='lat' dir='ltr'>digne</span> <span class='ocrx_word' id='word_1_358' title='bbox 1335 986 1411 1021; x_wconf 92' lang='lat' dir='ltr'>hoc</span> <span class='ocrx_word' id='word_1_359' title='bbox 1427 986 1670 1022; x_wconf 86' lang='lat' dir='ltr'>Sacrificium</span> <span class='ocrx_word' id='word_1_360' title='bbox 1694 986 1889 1022; x_wconf 79' lang='lat' dir='ltr'>celebrare</span> 
     </span>
    </p>

    <p class='ocr_par' dir='ltr' id='par_1_9' title="bbox 1058 1037 1894 2083">
     <span class='ocr_line' id='line_1_65' title="bbox 1134 1037 1893 1082; baseline 0 -11"><span class='ocrx_word' id='word_1_361' title='bbox 1134 1037 1287 1081; x_wconf 83' lang='lat' dir='ltr'>poterit,</span> <span class='ocrx_word' id='word_1_362' title='bbox 1300 1037 1379 1072; x_wconf 90' lang='lat' dir='ltr'>nisi</span> <span class='ocrx_word' id='word_1_363' title='bbox 1397 1042 1440 1073; x_wconf 92' lang='lat' dir='ltr'>tu</span> <span class='ocrx_word' id='word_1_364' title='bbox 1451 1037 1558 1073; x_wconf 89' lang='lat' dir='ltr'>Deus</span> <span class='ocrx_word' id='word_1_365' title='bbox 1576 1038 1821 1082; x_wconf 88' lang='lat' dir='ltr'>omnipotens</span> <span class='ocrx_word' id='word_1_366' title='bbox 1838 1037 1893 1073; x_wconf 87' lang='lat' dir='ltr'>of-</span> 
     </span>
     <span class='ocr_line' id='line_1_66' title="bbox 1059 1087 1892 1132; baseline 0 -10"><span class='ocrx_word' id='word_1_367' title='bbox 1059 1087 1244 1123; x_wconf 78' lang='lat' dir='ltr'>ferentem</span> <span class='ocrx_word' id='word_1_368' title='bbox 1273 1087 1412 1123; x_wconf 88' lang='lat' dir='ltr'>feceris</span> <span class='ocrx_word' id='word_1_369' title='bbox 1437 1088 1617 1132; x_wconf 86' lang='lat' dir='ltr'>dignum?</span> <span class='ocrx_word' id='word_1_370' title='bbox 1647 1088 1737 1124; x_wconf 89' lang='lat' dir='ltr'>Scio</span> <span class='ocrx_word' id='word_1_371' title='bbox 1762 1088 1892 1124; x_wconf 69' lang='lat' dir='ltr'>Demi-</span> 
     </span>
     <span class='ocr_line' id='line_1_67' title="bbox 1058 1138 1892 1183; baseline 0.001 -10"><span class='ocrx_word' id='word_1_372' title='bbox 1058 1148 1117 1181; x_wconf 83' lang='lat' dir='ltr'>ne,</span> <span class='ocrx_word' id='word_1_373' title='bbox 1139 1142 1176 1173; x_wconf 89' lang='lat' dir='ltr'>et</span> <span class='ocrx_word' id='word_1_374' title='bbox 1191 1148 1282 1173; x_wconf 90' lang='lat' dir='ltr'>vere</span> <span class='ocrx_word' id='word_1_375' title='bbox 1303 1138 1397 1182; x_wconf 90' lang='lat' dir='ltr'>scio,</span> <span class='ocrx_word' id='word_1_376' title='bbox 1422 1142 1459 1174; x_wconf 90' lang='lat' dir='ltr'>et</span> <span class='ocrx_word' id='word_1_377' title='bbox 1477 1138 1647 1183; x_wconf 89' lang='lat' dir='ltr'>idipsum</span> <span class='ocrx_word' id='word_1_378' title='bbox 1662 1139 1799 1183; x_wconf 82' lang='lat' dir='ltr'>pietati</span> <span class='ocrx_word' id='word_1_379' title='bbox 1814 1142 1892 1174; x_wconf 89' lang='lat' dir='ltr'>tuae</span> 
     </span>
     <span class='ocr_line' id='line_1_68' title="bbox 1060 1189 1892 1235; baseline 0.001 -11"><span class='ocrx_word' id='word_1_380' title='bbox 1060 1189 1263 1233; x_wconf 86' lang='lat' dir='ltr'>confiteor,</span> <span class='ocrx_word' id='word_1_381' title='bbox 1292 1189 1385 1234; x_wconf 90' lang='lat' dir='ltr'>quia</span> <span class='ocrx_word' id='word_1_382' title='bbox 1406 1200 1487 1225; x_wconf 89' lang='lat' dir='ltr'>non</span> <span class='ocrx_word' id='word_1_383' title='bbox 1510 1200 1596 1225; x_wconf 91' lang='lat' dir='ltr'>sum</span> <span class='ocrx_word' id='word_1_384' title='bbox 1620 1190 1762 1235; x_wconf 82' lang='lat' dir='ltr'>dignus</span> <span class='ocrx_word' id='word_1_385' title='bbox 1786 1190 1892 1226; x_wconf 89' lang='lat' dir='ltr'>acee-</span> 
     </span>
     <span class='ocr_line' id='line_1_69' title="bbox 1060 1240 1893 1286; baseline 0.001 -11"><span class='ocrx_word' id='word_1_386' title='bbox 1060 1240 1150 1275; x_wconf 92' lang='lat' dir='ltr'>dere</span> <span class='ocrx_word' id='word_1_387' title='bbox 1175 1240 1226 1275; x_wconf 88' lang='lat' dir='ltr'>ad</span> <span class='ocrx_word' id='word_1_388' title='bbox 1248 1244 1398 1275; x_wconf 88' lang='lat' dir='ltr'>tantum</span> <span class='ocrx_word' id='word_1_389' title='bbox 1418 1241 1646 1286; x_wconf 76' lang='lat' dir='ltr'>mysterium</span> <span class='ocrx_word' id='word_1_390' title='bbox 1662 1244 1824 1286; x_wconf 88' lang='lat' dir='ltr'>propter</span> <span class='ocrx_word' id='word_1_391' title='bbox 1838 1241 1893 1276; x_wconf 83' lang='lat' dir='ltr'>ni-</span> 
     </span>
     <span class='ocr_line' id='line_1_70' title="bbox 1058 1291 1893 1336; baseline 0.001 -10"><span class='ocrx_word' id='word_1_392' title='bbox 1058 1291 1137 1326; x_wconf 89' lang='lat' dir='ltr'>mia</span> <span class='ocrx_word' id='word_1_393' title='bbox 1153 1293 1314 1336; x_wconf 78' lang='lat' dir='ltr'>peccata</span> <span class='ocrx_word' id='word_1_394' title='bbox 1329 1302 1431 1335; x_wconf 89' lang='lat' dir='ltr'>mea,</span> <span class='ocrx_word' id='word_1_395' title='bbox 1457 1295 1494 1327; x_wconf 89' lang='lat' dir='ltr'>et</span> <span class='ocrx_word' id='word_1_396' title='bbox 1510 1292 1680 1327; x_wconf 86' lang='lat' dir='ltr'>infinitas</span> <span class='ocrx_word' id='word_1_397' title='bbox 1695 1291 1893 1336; x_wconf 86' lang='lat' dir='ltr'>negligen-</span> 
     </span>
     <span class='ocr_line' id='line_1_71' title="bbox 1058 1341 1894 1386; baseline 0 -10"><span class='ocrx_word' id='word_1_398' title='bbox 1058 1341 1133 1377; x_wconf 85' lang='lat' dir='ltr'>tias</span> <span class='ocrx_word' id='word_1_399' title='bbox 1163 1352 1280 1377; x_wconf 89' lang='lat' dir='ltr'>meas.</span> <span class='ocrx_word' id='word_1_400' title='bbox 1327 1341 1406 1377; x_wconf 92' lang='lat' dir='ltr'>Sed</span> <span class='ocrx_word' id='word_1_401' title='bbox 1431 1342 1530 1386; x_wconf 83' lang='lat' dir='ltr'>scio⁷</span> <span class='ocrx_word' id='word_1_402' title='bbox 1560 1346 1597 1378; x_wconf 91' lang='lat' dir='ltr'>et</span> <span class='ocrx_word' id='word_1_403' title='bbox 1624 1342 1816 1378; x_wconf 77' lang='lat' dir='ltr'>veraciter</span> <span class='ocrx_word' id='word_1_404' title='bbox 1844 1351 1894 1377; x_wconf 84' lang='lat' dir='ltr'>ex</span> 
     </span>
     <span class='ocr_line' id='line_1_72' title="bbox 1058 1393 1892 1437; baseline 0 -9"><span class='ocrx_word' id='word_1_405' title='bbox 1058 1397 1141 1428; x_wconf 89' lang='lat' dir='ltr'>toto</span> <span class='ocrx_word' id='word_1_406' title='bbox 1163 1393 1279 1428; x_wconf 92' lang='lat' dir='ltr'>corde</span> <span class='ocrx_word' id='word_1_407' title='bbox 1295 1403 1382 1428; x_wconf 88' lang='lat' dir='ltr'>meo</span> <span class='ocrx_word' id='word_1_408' title='bbox 1400 1393 1527 1437; x_wconf 92' lang='lat' dir='ltr'>credo,</span> <span class='ocrx_word' id='word_1_409' title='bbox 1553 1397 1591 1429; x_wconf 86' lang='lat' dir='ltr'>et</span> <span class='ocrx_word' id='word_1_410' title='bbox 1607 1403 1674 1429; x_wconf 89' lang='lat' dir='ltr'>ore</span> <span class='ocrx_word' id='word_1_411' title='bbox 1693 1393 1892 1436; x_wconf 85' lang='lat' dir='ltr'>confiteor,</span> 
     </span>
     <span class='ocr_line' id='line_1_73' title="bbox 1062 1442 1892 1488; baseline -0.001 -10"><span class='ocrx_word' id='word_1_412' title='bbox 1062 1443 1154 1487; x_wconf 88' lang='lat' dir='ltr'>quia</span> <span class='ocrx_word' id='word_1_413' title='bbox 1175 1448 1218 1478; x_wconf 93' lang='lat' dir='ltr'>tu</span> <span class='ocrx_word' id='word_1_414' title='bbox 1241 1447 1354 1488; x_wconf 86' lang='lat' dir='ltr'>potes</span> <span class='ocrx_word' id='word_1_415' title='bbox 1378 1453 1438 1478; x_wconf 91' lang='lat' dir='ltr'>me</span> <span class='ocrx_word' id='word_1_416' title='bbox 1467 1443 1593 1479; x_wconf 79' lang='lat' dir='ltr'>facere</span> <span class='ocrx_word' id='word_1_417' title='bbox 1620 1444 1796 1488; x_wconf 88' lang='lat' dir='ltr'>dignum,</span> <span class='ocrx_word' id='word_1_418' title='bbox 1826 1442 1892 1488; x_wconf 92' lang='lat' dir='ltr'>qui</span> 
     </span>
     <span class='ocr_line' id='line_1_74' title="bbox 1061 1494 1893 1539; baseline 0 -10"><span class='ocrx_word' id='word_1_419' title='bbox 1061 1494 1168 1530; x_wconf 91' lang='lat' dir='ltr'>sol‘us</span> <span class='ocrx_word' id='word_1_420' title='bbox 1188 1498 1302 1539; x_wconf 91' lang='lat' dir='ltr'>potes</span> <span class='ocrx_word' id='word_1_421' title='bbox 1323 1494 1449 1529; x_wconf 77' lang='lat' dir='ltr'>facere</span> <span class='ocrx_word' id='word_1_422' title='bbox 1465 1494 1652 1530; x_wconf 92' lang='lat' dir='ltr'>mundum</span> <span class='ocrx_word' id='word_1_423' title='bbox 1668 1494 1716 1530; x_wconf 85' lang='lat' dir='ltr'>de</span> <span class='ocrx_word' id='word_1_424' title='bbox 1732 1494 1893 1529; x_wconf 79' lang='lat' dir='ltr'>immun-</span> 
     </span>
     <span class='ocr_line' id='line_1_75' title="bbox 1060 1543 1893 1588; baseline 0.001 -10"><span class='ocrx_word' id='word_1_425' title='bbox 1060 1543 1110 1578; x_wconf 93' lang='lat' dir='ltr'>do</span> <span class='ocrx_word' id='word_1_426' title='bbox 1134 1545 1366 1588; x_wconf 89' lang='lat' dir='ltr'>conceptum</span> <span class='ocrx_word' id='word_1_427' title='bbox 1390 1543 1552 1588; x_wconf 89' lang='lat' dir='ltr'>semine,</span> <span class='ocrx_word' id='word_1_428' title='bbox 1585 1548 1623 1579; x_wconf 90' lang='lat' dir='ltr'>et</span> <span class='ocrx_word' id='word_1_429' title='bbox 1646 1543 1694 1579; x_wconf 92' lang='lat' dir='ltr'>de</span> <span class='ocrx_word' id='word_1_430' title='bbox 1715 1544 1893 1588; x_wconf 73' lang='lat' dir='ltr'>peccate-</span> 
     </span>
     <span class='ocr_line' id='line_1_76' title="bbox 1059 1594 1892 1638; baseline 0.002 -10"><span class='ocrx_word' id='word_1_431' title='bbox 1059 1594 1167 1629; x_wconf 89' lang='lat' dir='ltr'>ribus</span> <span class='ocrx_word' id='word_1_432' title='bbox 1183 1594 1308 1638; x_wconf 90' lang='lat' dir='ltr'>justos</span> <span class='ocrx_word' id='word_1_433' title='bbox 1325 1598 1362 1630; x_wconf 89' lang='lat' dir='ltr'>et</span> <span class='ocrx_word' id='word_1_434' title='bbox 1379 1598 1546 1630; x_wconf 89' lang='lat' dir='ltr'>sanctos.</span> <span class='ocrx_word' id='word_1_435' title='bbox 1567 1594 1642 1630; x_wconf 90' lang='lat' dir='ltr'>Per</span> <span class='ocrx_word' id='word_1_436' title='bbox 1657 1594 1759 1630; x_wconf 86' lang='lat' dir='ltr'>hanc</span> <span class='ocrx_word' id='word_1_437' title='bbox 1772 1594 1892 1630; x_wconf 90' lang='lat' dir='ltr'>omni-</span> 
     </span>
     <span class='ocr_line' id='line_1_77' title="bbox 1058 1644 1892 1689; baseline 0.001 -10"><span class='ocrx_word' id='word_1_438' title='bbox 1058 1644 1272 1689; x_wconf 85' lang='lat' dir='ltr'>potentiam</span> <span class='ocrx_word' id='word_1_439' title='bbox 1299 1649 1407 1680; x_wconf 86' lang='lat' dir='ltr'>tuam</span> <span class='ocrx_word' id='word_1_440' title='bbox 1432 1648 1470 1680; x_wconf 86' lang='lat' dir='ltr'>te</span> <span class='ocrx_word' id='word_1_441' title='bbox 1493 1654 1607 1689; x_wconf 86' lang='lat' dir='ltr'>rogo,</span> <span class='ocrx_word' id='word_1_442' title='bbox 1636 1644 1744 1680; x_wconf 87' lang='lat' dir='ltr'>Deus</span> <span class='ocrx_word' id='word_1_443' title='bbox 1771 1654 1892 1688; x_wconf 82' lang='lat' dir='ltr'>meuS,</span> 
     </span>
     <span class='ocr_line' id='line_1_78' title="bbox 1058 1695 1893 1740; baseline 0 -10"><span class='ocrx_word' id='word_1_444' title='bbox 1058 1699 1100 1730; x_wconf 94' lang='lat' dir='ltr'>ut</span> <span class='ocrx_word' id='word_1_445' title='bbox 1124 1695 1316 1731; x_wconf 88' lang='lat' dir='ltr'>concedas</span> <span class='ocrx_word' id='word_1_446' title='bbox 1339 1695 1437 1730; x_wconf 86' lang='lat' dir='ltr'>mihi</span> <span class='ocrx_word' id='word_1_447' title='bbox 1460 1695 1658 1740; x_wconf 75' lang='lat' dir='ltr'>peccateri</span> <span class='ocrx_word' id='word_1_448' title='bbox 1675 1695 1753 1730; x_wconf 90' lang='lat' dir='ltr'>hoc</span> <span class='ocrx_word' id='word_1_449' title='bbox 1775 1696 1893 1730; x_wconf 91' lang='lat' dir='ltr'>sacri-</span> 
     </span>
     <span class='ocr_line' id='line_1_79' title="bbox 1059 1745 1893 1781; baseline -0.001 0"><span class='ocrx_word' id='word_1_450' title='bbox 1059 1745 1191 1781; x_wconf 76' lang='lat' dir='ltr'>ficium</span> <span class='ocrx_word' id='word_1_451' title='bbox 1225 1746 1420 1781; x_wconf 78' lang='lat' dir='ltr'>celebrare</span> <span class='ocrx_word' id='word_1_452' title='bbox 1456 1756 1544 1781; x_wconf 93' lang='lat' dir='ltr'>cum</span> <span class='ocrx_word' id='word_1_453' title='bbox 1577 1745 1714 1781; x_wconf 78' lang='lat' dir='ltr'>timore</span> <span class='ocrx_word' id='word_1_454' title='bbox 1748 1749 1785 1780; x_wconf 89' lang='lat' dir='ltr'>et</span> <span class='ocrx_word' id='word_1_455' title='bbox 1819 1748 1893 1780; x_wconf 89' lang='lat' dir='ltr'>tre·</span> 
     </span>
     <span class='ocr_line' id='line_1_80' title="bbox 1058 1795 1892 1841; baseline -0.001 -10"><span class='ocrx_word' id='word_1_456' title='bbox 1058 1797 1175 1840; x_wconf 82' lang='lat' dir='ltr'>more,</span> <span class='ocrx_word' id='word_1_457' title='bbox 1200 1806 1287 1831; x_wconf 92' lang='lat' dir='ltr'>cum</span> <span class='ocrx_word' id='word_1_458' title='bbox 1311 1795 1441 1831; x_wconf 90' lang='lat' dir='ltr'>cordis</span> <span class='ocrx_word' id='word_1_459' title='bbox 1465 1796 1633 1841; x_wconf 76' lang='lat' dir='ltr'>puritate</span> <span class='ocrx_word' id='word_1_460' title='bbox 1657 1799 1695 1831; x_wconf 90' lang='lat' dir='ltr'>et</span> <span class='ocrx_word' id='word_1_461' title='bbox 1717 1795 1892 1831; x_wconf 78' lang='lat' dir='ltr'>lacrima-</span> 
     </span>
     <span class='ocr_line' id='line_1_81' title="bbox 1058 1845 1892 1891; baseline -0.001 -10"><span class='ocrx_word' id='word_1_462' title='bbox 1058 1857 1143 1881; x_wconf 87' lang='lat' dir='ltr'>rum</span> <span class='ocrx_word' id='word_1_463' title='bbox 1166 1846 1283 1890; x_wconf 90' lang='lat' dir='ltr'>fonte‚</span> <span class='ocrx_word' id='word_1_464' title='bbox 1310 1857 1396 1882; x_wconf 90' lang='lat' dir='ltr'>cum</span> <span class='ocrx_word' id='word_1_465' title='bbox 1419 1846 1555 1882; x_wconf 89' lang='lat' dir='ltr'>laetitia</span> <span class='ocrx_word' id='word_1_466' title='bbox 1577 1845 1746 1891; x_wconf 64' lang='lat' dir='ltr'>spiritelli</span> <span class='ocrx_word' id='word_1_467' title='bbox 1763 1849 1800 1881; x_wconf 90' lang='lat' dir='ltr'>et</span> <span class='ocrx_word' id='word_1_468' title='bbox 1816 1855 1892 1880; x_wconf 89' lang='lat' dir='ltr'>coe-</span> 
     </span>
     <span class='ocr_line' id='line_1_82' title="bbox 1058 1895 1892 1941; baseline -0.001 -9"><span class='ocrx_word' id='word_1_469' title='bbox 1058 1897 1147 1932; x_wconf 88' lang='lat' dir='ltr'>lesti</span> <span class='ocrx_word' id='word_1_470' title='bbox 1170 1897 1326 1941; x_wconf 76' lang='lat' dir='ltr'>gaudio.</span> <span class='ocrx_word' id='word_1_471' title='bbox 1361 1896 1510 1932; x_wconf 79' lang='lat' dir='ltr'>sentiat</span> <span class='ocrx_word' id='word_1_472' title='bbox 1531 1907 1641 1932; x_wconf 90' lang='lat' dir='ltr'>mens</span> <span class='ocrx_word' id='word_1_473' title='bbox 1661 1906 1748 1931; x_wconf 89' lang='lat' dir='ltr'>mea</span> <span class='ocrx_word' id='word_1_474' title='bbox 1765 1895 1892 1931; x_wconf 83' lang='lat' dir='ltr'>dulce-</span> 
     </span>
     <span class='ocr_line' id='line_1_83' title="bbox 1060 1947 1893 1992; baseline -0.001 -10"><span class='ocrx_word' id='word_1_475' title='bbox 1060 1947 1190 1983; x_wconf 89' lang='lat' dir='ltr'>dinem</span> <span class='ocrx_word' id='word_1_476' title='bbox 1216 1947 1455 1983; x_wconf 74' lang='lat' dir='ltr'>beatissimae</span> <span class='ocrx_word' id='word_1_477' title='bbox 1482 1947 1704 1992; x_wconf 87' lang='lat' dir='ltr'>praesentiae</span> <span class='ocrx_word' id='word_1_478' title='bbox 1726 1951 1822 1990; x_wconf 77' lang='lat' dir='ltr'>tuae,</span> <span class='ocrx_word' id='word_1_479' title='bbox 1855 1950 1893 1981; x_wconf 89' lang='lat' dir='ltr'>et</span> 
     </span>
     <span class='ocr_line' id='line_1_84' title="bbox 1060 1996 1892 2042; baseline -0.001 -10"><span class='ocrx_word' id='word_1_480' title='bbox 1060 1997 1246 2033; x_wconf 75' lang='lat' dir='ltr'>excubias</span> <span class='ocrx_word' id='word_1_481' title='bbox 1282 1998 1504 2033; x_wconf 71' lang='lat' dir='ltr'>sanctorum</span> <span class='ocrx_word' id='word_1_482' title='bbox 1538 1997 1778 2042; x_wconf 82' lang='lat' dir='ltr'>Angelorum</span> <span class='ocrx_word' id='word_1_483' title='bbox 1810 1996 1892 2031; x_wconf 77' lang='lat' dir='ltr'>tud-</span> 
     </span>
     <span class='ocr_line' id='line_1_85' title="bbox 1058 2048 1516 2083; baseline 0 0"><span class='ocrx_word' id='word_1_484' title='bbox 1058 2059 1143 2083; x_wconf 93' lang='lat' dir='ltr'>rum</span> <span class='ocrx_word' id='word_1_485' title='bbox 1168 2048 1209 2083; x_wconf 89' lang='lat' dir='ltr'>in</span> <span class='ocrx_word' id='word_1_486' title='bbox 1233 2048 1395 2083; x_wconf 80' lang='lat' dir='ltr'>circuitu</span> <span class='ocrx_word' id='word_1_487' title='bbox 1419 2058 1516 2083; x_wconf 92' lang='lat' dir='ltr'>meo.</span> 
     </span>
    </p>
   </div>
   <div class='ocr_carea' id='block_1_8' title="bbox 1242 2127 1709 2174">
    <p class='ocr_par' dir='ltr' id='par_1_10' title="bbox 1242 2127 1709 2174">
     <span class='ocr_line' id='line_1_86' title="bbox 1242 2127 1709 2174; baseline 0.004 -13"><span class='ocrx_word' id='word_1_488' title='bbox 1242 2127 1427 2162; x_wconf 86' lang='lat' dir='ltr'>Feria</span> <span class='ocrx_word' id='word_1_489' title='bbox 1464 2127 1709 2174; x_wconf 87' lang='lat' dir='ltr'>Quarta.</span> 
     </span>
    </p>
   </div>
   <div class='ocr_carea' id='block_1_9' title="bbox 1058 2188 1908 2735">
    <p class='ocr_par' dir='ltr' id='par_1_11' title="bbox 1058 2188 1908 2735">
     <span class='ocr_line' id='line_1_87' title="bbox 1061 2188 1892 2275; baseline -0.002 -51"><span class='ocrx_word' id='word_1_490' title='bbox 1061 2199 1162 2275; x_wconf 82' lang='lat' dir='ltr'>Ego</span> <span class='ocrx_word' id='word_1_491' title='bbox 1194 2189 1311 2233; x_wconf 89' lang='lat' dir='ltr'>enim,</span> <span class='ocrx_word' id='word_1_492' title='bbox 1334 2188 1514 2233; x_wconf 81' lang='lat' dir='ltr'>Domine,</span> <span class='ocrx_word' id='word_1_493' title='bbox 1537 2198 1685 2224; x_wconf 92' lang='lat' dir='ltr'>memor</span> <span class='ocrx_word' id='word_1_494' title='bbox 1707 2189 1892 2223; x_wconf 79' lang='lat' dir='ltr'>veneran-</span> 
     </span>
     <span class='ocr_line' id='line_1_88' title="bbox 1140 2238 1891 2284; baseline -0.004 -9"><span class='ocrx_word' id='word_1_495' title='bbox 1140 2240 1201 2275; x_wconf 87' lang='lat' dir='ltr'>dae</span> <span class='ocrx_word' id='word_1_496' title='bbox 1222 2239 1421 2284; x_wconf 81' lang='lat' dir='ltr'>passionis</span> <span class='ocrx_word' id='word_1_497' title='bbox 1439 2244 1516 2274; x_wconf 91' lang='lat' dir='ltr'>tuae</span> <span class='ocrx_word' id='word_1_498' title='bbox 1538 2239 1681 2274; x_wconf 89' lang='lat' dir='ltr'>accedo</span> <span class='ocrx_word' id='word_1_499' title='bbox 1703 2239 1754 2274; x_wconf 92' lang='lat' dir='ltr'>ad</span> <span class='ocrx_word' id='word_1_500' title='bbox 1771 2238 1891 2273; x_wconf 79' lang='lat' dir='ltr'>altare</span> 
     </span>
     <span class='ocr_line' id='line_1_89' title="bbox 1058 2288 1891 2334; baseline -0.004 -9"><span class='ocrx_word' id='word_1_501' title='bbox 1058 2294 1181 2334; x_wconf 90' lang='lat' dir='ltr'>tuum,</span> <span class='ocrx_word' id='word_1_502' title='bbox 1213 2290 1304 2325; x_wconf 91' lang='lat' dir='ltr'>licet</span> <span class='ocrx_word' id='word_1_503' title='bbox 1333 2291 1532 2333; x_wconf 79' lang='lat' dir='ltr'>peccator,</span> <span class='ocrx_word' id='word_1_504' title='bbox 1560 2293 1603 2324; x_wconf 87' lang='lat' dir='ltr'>ut</span> <span class='ocrx_word' id='word_1_505' title='bbox 1631 2289 1789 2324; x_wconf 74' lang='lat' dir='ltr'>efferam</span> <span class='ocrx_word' id='word_1_506' title='bbox 1819 2288 1891 2323; x_wconf 92' lang='lat' dir='ltr'>tibi</span> 
     </span>
     <span class='ocr_line' id='line_1_90' title="bbox 1060 2339 1891 2385; baseline -0.004 -9"><span class='ocrx_word' id='word_1_507' title='bbox 1060 2341 1310 2384; x_wconf 89' lang='lat' dir='ltr'>sacrificium,</span> <span class='ocrx_word' id='word_1_508' title='bbox 1335 2340 1442 2385; x_wconf 92' lang='lat' dir='ltr'>quod</span> <span class='ocrx_word' id='word_1_509' title='bbox 1465 2345 1506 2375; x_wconf 90' lang='lat' dir='ltr'>tu</span> <span class='ocrx_word' id='word_1_510' title='bbox 1530 2339 1747 2383; x_wconf 86' lang='lat' dir='ltr'>instituisti,</span> <span class='ocrx_word' id='word_1_511' title='bbox 1777 2343 1814 2374; x_wconf 90' lang='lat' dir='ltr'>et</span> <span class='ocrx_word' id='word_1_512' title='bbox 1837 2339 1891 2374; x_wconf 89' lang='lat' dir='ltr'>of-</span> 
     </span>
     <span class='ocr_line' id='line_1_91' title="bbox 1059 2388 1891 2435; baseline -0.002 -10"><span class='ocrx_word' id='word_1_513' title='bbox 1059 2391 1150 2426; x_wconf 89' lang='lat' dir='ltr'>ferri</span> <span class='ocrx_word' id='word_1_514' title='bbox 1173 2391 1395 2435; x_wconf 78' lang='lat' dir='ltr'>praecepisti</span> <span class='ocrx_word' id='word_1_515' title='bbox 1419 2391 1459 2425; x_wconf 86' lang='lat' dir='ltr'>in</span> <span class='ocrx_word' id='word_1_516' title='bbox 1487 2388 1891 2425; x_wconf 70' lang='lat' dir='ltr'>commemorationem</span> 
     </span>
     <span class='ocr_line' id='line_1_92' title="bbox 1059 2438 1891 2486; baseline -0.004 -10"><span class='ocrx_word' id='word_1_517' title='bbox 1059 2441 1130 2484; x_wconf 90' lang='lat' dir='ltr'>tui,</span> <span class='ocrx_word' id='word_1_518' title='bbox 1159 2451 1231 2486; x_wconf 94' lang='lat' dir='ltr'>pro</span> <span class='ocrx_word' id='word_1_519' title='bbox 1257 2441 1380 2476; x_wconf 76' lang='lat' dir='ltr'>salute</span> <span class='ocrx_word' id='word_1_520' title='bbox 1404 2445 1548 2476; x_wconf 87' lang='lat' dir='ltr'>nostra.</span> <span class='ocrx_word' id='word_1_521' title='bbox 1596 2439 1759 2483; x_wconf 79' lang='lat' dir='ltr'>Suscipe</span> <span class='ocrx_word' id='word_1_522' title='bbox 1783 2438 1891 2481; x_wconf 90' lang='lat' dir='ltr'>illud,</span> 
     </span>
     <span class='ocr_line' id='line_1_93' title="bbox 1060 2489 1908 2535; baseline -0.004 -9"><span class='ocrx_word' id='word_1_523' title='bbox 1060 2501 1207 2535; x_wconf 78' lang='lat' dir='ltr'>quaeso,</span> <span class='ocrx_word' id='word_1_524' title='bbox 1226 2501 1372 2526; x_wconf 90' lang='lat' dir='ltr'>summe</span> <span class='ocrx_word' id='word_1_525' title='bbox 1388 2491 1506 2534; x_wconf 92' lang='lat' dir='ltr'>Deus,</span> <span class='ocrx_word' id='word_1_526' title='bbox 1521 2500 1594 2535; x_wconf 92' lang='lat' dir='ltr'>pro</span> <span class='ocrx_word' id='word_1_527' title='bbox 1611 2489 1787 2524; x_wconf 88' lang='lat' dir='ltr'>Ecclesia</span> <span class='ocrx_word' id='word_1_528' title='bbox 1806 2491 1908 2524; x_wconf 82' lang='lat' dir='ltr'>san-¹</span> 
     </span>
     <span class='ocr_line' id='line_1_94' title="bbox 1060 2540 1891 2586; baseline -0.004 -9"><span class='ocrx_word' id='word_1_529' title='bbox 1060 2546 1122 2577; x_wconf 88' lang='lat' dir='ltr'>cta</span> <span class='ocrx_word' id='word_1_530' title='bbox 1138 2547 1219 2586; x_wconf 87' lang='lat' dir='ltr'>tua,</span> <span class='ocrx_word' id='word_1_531' title='bbox 1246 2546 1283 2577; x_wconf 92' lang='lat' dir='ltr'>et</span> <span class='ocrx_word' id='word_1_532' title='bbox 1304 2552 1376 2586; x_wconf 91' lang='lat' dir='ltr'>pro</span> <span class='ocrx_word' id='word_1_533' title='bbox 1398 2542 1561 2586; x_wconf 83' lang='lat' dir='ltr'>populo,</span> <span class='ocrx_word' id='word_1_534' title='bbox 1588 2551 1703 2585; x_wconf 92' lang='lat' dir='ltr'>quem</span> <span class='ocrx_word' id='word_1_535' title='bbox 1724 2540 1891 2584; x_wconf 88' lang='lat' dir='ltr'>acquisi-</span> 
     </span>
     <span class='ocr_line' id='line_1_95' title="bbox 1059 2590 1890 2636; baseline -0.004 -9"><span class='ocrx_word' id='word_1_536' title='bbox 1059 2593 1151 2627; x_wconf 87' lang='lat' dir='ltr'>visti</span> <span class='ocrx_word' id='word_1_537' title='bbox 1184 2592 1372 2636; x_wconf 77' lang='lat' dir='ltr'>sanguine</span> <span class='ocrx_word' id='word_1_538' title='bbox 1404 2597 1482 2627; x_wconf 89' lang='lat' dir='ltr'>tuo.</span> <span class='ocrx_word' id='word_1_539' title='bbox 1532 2590 1580 2625; x_wconf 84' lang='lat' dir='ltr'>Et</span> <span class='ocrx_word' id='word_1_540' title='bbox 1613 2591 1797 2634; x_wconf 73' lang='lat' dir='ltr'>queniam</span> <span class='ocrx_word' id='word_1_541' title='bbox 1830 2600 1890 2625; x_wconf 90' lang='lat' dir='ltr'>me</span> 
     </span>
     <span class='ocr_line' id='line_1_96' title="bbox 1059 2641 1891 2686; baseline -0.001 -9"><span class='ocrx_word' id='word_1_542' title='bbox 1059 2643 1303 2686; x_wconf 81' lang='lat' dir='ltr'>peccatorem</span> <span class='ocrx_word' id='word_1_543' title='bbox 1326 2643 1426 2677; x_wconf 89' lang='lat' dir='ltr'>inter</span> <span class='ocrx_word' id='word_1_544' title='bbox 1448 2645 1485 2676; x_wconf 90' lang='lat' dir='ltr'>te</span> <span class='ocrx_word' id='word_1_545' title='bbox 1510 2645 1547 2676; x_wconf 86' lang='lat' dir='ltr'>et</span> <span class='ocrx_word' id='word_1_546' title='bbox 1571 2641 1749 2676; x_wconf 74' lang='lat' dir='ltr'>eumdem</span> <span class='ocrx_word' id='word_1_547' title='bbox 1769 2642 1891 2686; x_wconf 82' lang='lat' dir='ltr'>popu-</span> 
     </span>
     <span class='ocr_line' id='line_1_97' title="bbox 1059 2691 1892 2735; baseline 0 -8"><span class='ocrx_word' id='word_1_548' title='bbox 1059 2693 1139 2728; x_wconf 90' lang='lat' dir='ltr'>lum</span> <span class='ocrx_word' id='word_1_549' title='bbox 1161 2698 1269 2728; x_wconf 90' lang='lat' dir='ltr'>tuum</span> <span class='ocrx_word' id='word_1_550' title='bbox 1291 2692 1460 2728; x_wconf 87' lang='lat' dir='ltr'>medium</span> <span class='ocrx_word' id='word_1_551' title='bbox 1484 2702 1570 2727; x_wconf 89' lang='lat' dir='ltr'>esse</span> <span class='ocrx_word' id='word_1_552' title='bbox 1595 2691 1770 2735; x_wconf 89' lang='lat' dir='ltr'>voluisti,</span> <span class='ocrx_word' id='word_1_553' title='bbox 1800 2692 1892 2727; x_wconf 87' lang='lat' dir='ltr'>licet</span> 
     </span>
    </p>
   </div>
  </div>
 </body>
</html>
