2040 2944
221 209 268 243 38
957 205 1017 238 Ad
1044 204 1201 237 Nonum.

251 308 427 355 Largirc
454 304 595 344 lumen
624 302 816 352 vespere,

301 362 398 411 Quo
427 361 513 400 vita
542 369 753 408 nusquam
782 354 965 403 decidat,

300 417 385 458 Sed
413 414 637 469 praemium
664 412 818 453 mortis
848 423 984 451 sacrae

302 471 528 514 Perrennis
556 470 686 510 instet
713 467 862 518 gloria.

257 549 426 594 Praesta,
454 545 583 585 Pater
610 543 814 596 piissime,

301 603 504 653 Patrique
533 612 713 652 compar
740 598 889 646 Unice,

301 659 407 699 Cum
435 657 596 710 Spiritu
624 654 841 696 Paraclito

298 715 501 764 Regnans
529 726 608 765 per
637 724 764 753 omne
793 709 1010 750 saeculum.

529 770 679 810 Amen.

276 844 319 882 In
355 841 586 881 Dominicis
616 853 692 891 pcr
722 840 903 878 Annum.
941 839 1038 879 Ant.

231 900 416 950 Alleluia.

277 972 320 1010 In
336 970 465 1010 feriali
481 969 635 1008 Officio
648 981 723 1019 per
736 968 918 1007 Annum.
943 968 1037 1006 Ant.

230 1027 386 1079 Aspice
415 1027 455 1066 in
484 1039 563 1067 me.

527 1112 730 1152 psalmus.

231 1211 255 1241 {1
380 1185 545 1226 irabilia
556 1185 802 1226 testimc'mia
812 1185 1039 1226 tua:*ide0

251 1242 261 1266 ἲ
292 1239 339 1289 ’.ἦέ
398 1244 588 1283 scrutata
611 1247 677 1282 est
701 1254 751 1282 ea
774 1242 915 1282 anima
934 1254 1039 1282 mea.

246 1296 271 1321 ³
295 1298 327 1321 '⁴‘
367 1302 370 1314 ²
431 1302 680 1343 Declaratio
708 1304 955 1343 sermc'mum
977 1307 1039 1343 tu-

223 1360 345 1399 crum
362 1358 617 1400 illuminatz*
629 1364 672 1400 et
686 1358 949 1400 intellectum
966 1358 1041 1400 dat

222 1415 424 1467 parvulis.

275 1475 335 1516 Os
354 1488 498 1516 meum
520 1475 679 1528 aperui,
704 1480 747 1516 et
772 1476 929 1517 attraxi
957 1477 1040 1528 spi-

223 1531 365 1572 ritum:
398 1532 420 1556 *
454 1532 553 1583 quia
587 1531 790 1572 mandata
822 1538 895 1573 tua
932 1531 1040 1573 desi-

224 1586 441 1628 derabam.

275 1652 434 1704 Aspice
467 1653 508 1693 in
536 1666 616 1701 me,
641 1658 684 1694 et
711 1653 916 1694 miserere
947 1654 1041 1702 mei,

223 1709 246 1733 *
275 1708 511 1750 secundum
542 1709 744 1760 judicium
773 1708 1042 1759 diligentium

223 1777 379 1806 nomen
408 1770 539 1806 tuum.

275 1829 463 1870 Gressus
490 1843 612 1871 meos
641 1829 776 1881 dirige
804 1830 1042 1872 secundum

224 1885 443 1937 elcquium
466 1891 602 1926 tuum:
623 1887 645 1911 *
666 1892 709 1927 et
736 1899 823 1927 non
851 1886 1042 1928 domine-

224 1947 294 1982 tur
322 1942 406 1983 mei
434 1942 572 1982 omnis
603 1942 818 1993 iniustitia.

275 2006 457 2048 Redime
493 2020 561 2048 me
599 2020 623 2048 a
653 2007 877 2049 calumniis
908 2008 1042 2050 hcmi-

226 2076 341 2103 num:
362 2064 384 2087 *
407 2068 453 2104 ut
472 2063 714 2104 cust6diam
734 2064 938 2106 mandata
958 2071 1043 2106 tua.

277 2127 448 2169 Faciem
465 2133 583 2169 tuam
602 2128 793 2170 illumina
809 2143 941 2182 super
957 2143 1042 2171 ser-

225 2197 326 2224 vum
350 2189 484 2224 tuum:
503 2186 526 2210 *
547 2190 590 2226 et
613 2184 723 2226 doce
746 2198 816 2227 me
844 2186 1042 2237 justifica-

225 2240 364 2281 tiones
392 2246 499 2281 tuas.

264 2301 414 2342 Exitus
426 2304 635 2354 aquarum
646 2301 919 2344 deduxerunt
930 2304 1042 2344 Oculi

224 2356 324 2397 mei:
356 2358 379 2382 *
410 2358 509 2409 quia
541 2371 627 2399 non
656 2358 955 2401 custodierunt
986 2359 1042 2402 16-

224 2425 323 2462 gem
350 2418 478 2454 tuam.

275 2478 423 2518 Justus
448 2491 494 2519 es
522 2479 722 2521 D6mine:
753 2481 776 2506 *
805 2486 847 2522 et
876 2486 1043 2523 rectum

225 2533 426 2585 judicium
455 2539 586 2575 tuum.

276 2597 491 2640 Mandasti
542 2600 745 2650 justitiam
795 2602 1043 2643 testimbnia

224 2660 312 2695 tua:
340 2655 363 2679 *
392 2659 434 2695 et
462 2656 690 2697 veritatem
717 2663 835 2698 tuam
863 2658 1000 2699 nimis.

275 2714 520 2758 Tabescere
531 2729 599 2758 me
618 2716 718 2759 fecit
733 2718 852 2760 zelus
867 2731 1004 2760 meus:
1020 2720 1042 2744 *

1095 297 1194 360 quia
1217 295 1340 336 obliti
1369 299 1468 336 sunt
1494 293 1631 335 verba
1657 297 1732 334 tua
1759 292 1921 334 inimici

1094 366 1333 459 Πιῗὲηίῒηῐη
1375 407 1595 459 elcquium
1634 410 1758 447 tuum
1794 405 1920 448 vehe-

1093 467 1275 530 menter:
1309 466 1332 491 *
1366 470 1410 506 et
1442 476 1595 505 servus
1631 467 1732 504 tuus
1770 461 1922 504 dilexit

1094 522 1513 620 llll21³2d<iolesc<⁵,ntulus
1534 589 1630 617 sum
1651 588 1733 627 ego
1756 580 1800 617 et
1821 588 1921 617 con·

1094 637 1300 687 temptus:
1324 635 1347 660 *
1368 633 1697 686 justificaticines
1716 638 1815 674 tuas
1834 645 1922 674 non

1095 705 1190 732 sum
1219 691 1390 732 oblitus.

1145 744 1168 784 J
1172 743 1319 784 ustitia
1337 748 1422 791 tua,
1444 742 1606 794 justitia
1631 741 1674 782 in
1694 742 1922 783 aeternum:

1094 801 1116 825 *
1146 805 1189 841 et
1216 799 1287 841 lex
1314 804 1389 840 tua
1416 800 1589 840 ve'ritas.

1145 855 1405 905 Tribule'itio,
1440 861 1484 897 et
1516 855 1717 906 angustia
1749 855 1921 896 invene-

1094 918 1194 954 runt
1216 925 1304 954 me:
1328 913 1351 938 *
1376 912 1584 954 mandata
1602 916 1678 953 tua
1693 910 1921 954 meditatio

1093 982 1190 1010 mea
1218 974 1295 1010 est.

1144 1025 1349 1078 AEquitas
1367 1025 1617 1067 testimc'mia
1638 1030 1713 1066 tua
1732 1025 1775 1065 in
1797 1025 1921 1066 aeter-

1093 1082 1517 1123 num:*intellectum
1526 1081 1921 1132 damihi,etvivam.

1175 1195 1334 1236 lamaivi
1353 1195 1396 1235 in
1424 1199 1520 1236 toto
1550 1194 1684 1236 corde
1711 1206 1822 1243 meo,
1851 1206 1922 1235 ex-

1197 1251 1299 1293 audi
1314 1264 1383 1292 me
1398 1251 1602 1293 Dcmine:
1617 1252 1640 1277 *
1656 1250 1921 1302 justificatio-

1093 1321 1170 1350 nes
1199 1313 1298 1350 tuas
1326 1310 1557 1360 requiram.

1146 1365 1341 1406 Clamavi
1369 1363 1425 1405 ad
1453 1370 1514 1414 te,
1543 1364 1711 1405 salvum
1738 1365 1809 1405 ine
1838 1363 1922 1405 fac:

1093 1422 1116 1447 *
1144 1427 1192 1463 ut
1221 1421 1466 1462 custcdiam
1493 1420 1701 1462 mandata
1728 1425 1814 1462 tua.

1146 1478 1345 1519 Praeveni
1352 1478 1396 1518 in
1403 1477 1665 1526 maturitate,
1673 1482 1717 1518 et
1723 1476 1923 1518 clamavi:

1093 1536 1116 1560 *
1146 1535 1246 1587 quia
1273 1534 1317 1575 in
1341 1534 1476 1576 verba
1501 1540 1578 1575 tua
1601 1533 1922 1586 supersperavi.

1145 1592 1459 1632 Praevenerunt
1478 1590 1593 1632 Oculi
1610 1590 1697 1632 mei
1718 1589 1775 1631 ad
1797 1594 1841 1631 te
1861 1588 1922 1631 di-

1093 1647 1254 1689 luculo:
1273 1648 1296 1673 *
1317 1652 1365 1689 ut
1383 1646 1620 1689 mediteirer
1644 1646 1819 1699 eldquia
1837 1651 1923 1688 tua.

1146 1705 1316 1746 Vocem
1328 1717 1473 1745 meam
1483 1703 1585 1745 audi
1596 1702 1837 1745 secundum
1847 1703 1923 1743 mi-

1095 1760 1378 1802 sericerdiam
1397 1765 1518 1802 tuam
1536 1760 1741 1801 D6mine:
1754 1760 1778 1785 *
1795 1764 1839 1801 et
1858 1771 1922 1800 se-

1095 1817 1285 1859 cundum
1300 1817 1504 1869 judicium
1516 1822 1639 1858 tuum
1654 1815 1828 1858 vivifica
1841 1828 1923 1858 me.

1146 1874 1627 1926 Appropinquaverunt
1658 1873 1922 1926 persequen-

1094 1935 1161 1972 tes
1189 1943 1259 1971 me
1286 1930 1516 1982 iniquitati:
1544 1930 1568 1956 *
1599 1942 1625 1971 a
1651 1929 1748 1980 lege
1777 1933 1924 1971 autem

1095 1991 1170 2028 tua
1196 1986 1326 2037 longe
1356 1986 1459 2028 facti
1487 1991 1598 2028 sunt.

1146 2043 1291 2095 Prope
1312 2055 1359 2084 es
1378 2048 1426 2084 tu
1444 2043 1649 2084 Domine:
1663 2043 1687 2068 *
1707 2046 1751 2084 et
1770 2054 1922 2084 omnes

1095 2100 1177 2140 viae
1206 2105 1294 2140 tuae
1323 2100 1495 2140 veritas.

1146 2156 1275 2197 Initio
1288 2156 1475 2206 cognovi
1486 2155 1540 2198 de
1551 2155 1812 2197 testimoniis
1822 2155 1923 2196 tuis:

1095 2213 1118 2237 *
1148 2212 1247 2264 quia
1272 2212 1314 2252 in
1342 2214 1555 2253 aeternum
1579 2211 1771 2254 fundasti
1798 2224 1860 2253 ea.

1147 2268 1262 2310 Vide
1277 2268 1565 2311 humilitatem
1575 2282 1728 2318 meam,
1744 2273 1788 2310 et
1801 2268 1922 2321 eripe

1095 2338 1179 2367 me:
1206 2326 1230 2351 *
1260 2325 1361 2378 quia
1388 2325 1530 2377 legem
1563 2331 1683 2368 tuam
1710 2338 1798 2367 non
1827 2338 1923 2366 sum

1096 2381 1268 2423 oblitus.

1146 2439 1170 2479 J
1174 2437 1301 2479 udica
1311 2438 1517 2490 judicium
1527 2451 1684 2488 meum,
1701 2443 1744 2480 et
1757 2437 1922 2479 redime

1095 2508 1178 2536 me:
1207 2495 1229 2519 *
1255 2500 1438 2547 propter
1467 2495 1690 2548 elcquium
1716 2499 1839 2536 tuum
1863 2494 1922 2535 vi-

1095 2551 1222 2593 vifica
1250 2564 1330 2592 me.

1146 2608 1297 2659 Longe
1331 2621 1356 2648 a
1389 2607 1695 2660 peccatoribus
1731 2606 1862 2648 salus:
1899 2607 1923 2632 *

1097 2665 1196 2715 quia
1213 2664 1539 2716 justificationes
1559 2670 1657 2707 tuas
1672 2677 1759 2706 non
1775 2663 1922 2716 exqui-

1096 2720 1270 2762 sierunt.
