2040 2944
637 200 846 234 Commune
868 199 1113 233 Confessoris
1140 197 1348 231 l'ontificis.

146 298 257 339 mnis
292 301 410 338 terra
443 295 645 336 doctrina
679 294 769 345 ejus
803 293 971 346 repleta

147 358 226 396 est:
247 359 268 381 *
291 354 395 406 Ipse
416 351 657 394 intercedat
675 363 757 403 pro
777 350 971 403 peccatis

148 410 340 452 omnium
375 408 651 462 populorum.
693 406 742 457 V.
778 407 868 447 Iste
906 410 972 447 est

148 467 222 519 qui
254 465 520 518 contempsit
551 462 686 505 vitam
719 462 888 512 mundi,
930 467 973 503 et

147 523 345 576 pervenit
372 521 429 563 ad
450 520 647 562 eoelestia
673 531 816 570 regna.
858 519 971 571 Ipse.

149 579 299 622 Gloria
317 578 448 620 Patri.
484 578 598 630 Ipse.

369 664 418 702 In
436 663 507 702 III.
527 663 562 702 N
564 663 748 702 octurno.

202 733 299 773 Ant.
328 729 528 779 Domine,
547 730 571 755 *
594 728 677 769 1810
702 732 878 768 sanctus
901 726 973 767 ha-

147 787 306 830 bitabit
330 787 373 827 in
397 784 679 827 tabernaculo
704 788 792 833 tuo,
821 785 973 835 opera-

148 850 219 887 tus
262 848 329 885 est
368 842 594 895 justitiam,
645 839 890 893 requiescet
931 840 974 880 in

149 906 297 942 monte
326 903 477 940 sancto
505 902 595 939 tuo.

422 971 619 1011 Psalmus
648 973 705 1011 14.

162 1050 210 1093 ΙΓ
208 1050 247 1087 3
280 1030 423 1071 omine
439 1029 536 1081 quis
551 1027 794 1070 habitabit
783 1041 826 1068 m
841 1027 977 1069 taber-

162 1110 235 1142 vt<
304 1086 461 1127 naculo
494 1083 594 1127 tuo?
623 1086 647 1112 *
675 1090 750 1125 aut
784 1085 879 1137 quis
912 1097 975 1125 re-

162 1141 212 1171 ‘f
256 1151 274 1170 ³
307 1143 502 1195 quiescet
546 1142 590 1182 in
633 1146 782 1183 monte
824 1145 976 1183 sancto

151 1203 250 1240 tuo.

206 1261 289 1311 Qui
307 1259 548 1312 ingreditur
568 1259 659 1301 sine
678 1259 864 1310 macula,
887 1261 910 1286 *
935 1265 978 1301 et

153 1319 361 1370 operatur
379 1315 600 1370 justitiam:

206 1379 289 1430 Qui
311 1379 505 1432 loquitur
523 1380 753 1422 veritatem
775 1378 819 1418 in
843 1376 978 1419 corde

153 1448 251 1485 suo,
278 1436 302 1462 *
332 1436 405 1488 qui
431 1449 520 1478 non
544 1437 633 1488 egit
658 1435 808 1477 dolum
834 1435 878 1475 in
902 1434 977 1474 lin-

153 1504 238 1543 gua
257 1505 350 1533 sua:

204 1553 299 1594 Nec
317 1553 420 1594 fecit
437 1554 640 1606 proximo
661 1565 740 1594 8110
758 1551 936 1601 malum,
955 1552 978 1577 *

155 1613 198 1651 et
221 1609 510 1662 opprobrium
532 1623 620 1651 non
639 1609 808 1661 accepit
828 1607 978 1649 adver-

155 1679 229 1707 sus
247 1666 474 1718 proximos
493 1679 606 1708 suos.

207 1726 280 1768 Ad
297 1726 478 1768 nihilum
498 1727 713 1769 deductus
733 1730 799 1767 est
818 1725 862 1766 in
881 1737 979 1766 con-

157 1785 312 1836 spectu
339 1784 429 1836 ejus
457 1784 690 1835 malignus:
721 1782 745 1809 *
777 1782 979 1823 timentes

156 1844 303 1881 autem
320 1840 558 1882 Dominum
576 1839 808 1891 glorificat:

209 1901 293 1951 Qui
318 1901 430 1952 jurat
455 1901 659 1954 proximo
687 1912 787 1950 suo,
820 1904 863 1941 01
892 1912 981 1941 11011

157 1956 335 2010 decipit,
358 1957 382 1983 *
411 1958 485 2010 qui
502 1957 734 2010 pecliniam
752 1969 875 1998 suam
894 1968 981 1997 non

157 2012 279 2055 dedit
298 2013 355 2055 ad
372 2017 564 2064 usuram,
587 2018 631 2056 et
648 2016 830 2055 munera
849 2025 980 2065 super

155 2069 432 2112 innocentem
450 2082 537 2111 non
556 2070 736 2122 accepit.

208 2131 292 2182 Qui
309 2131 413 2172 facit
430 2130 545 2181 haec,
572 2131 711 2172 *non
734 2130 981 2172 movebitur

156 2187 199 2227 in
218 2189 440 2229 aeternum.

210 2260 307 2300 Ant.
337 2257 535 2306 Domine,
563 2256 646 2297 iste
667 2261 843 2297 sanctus
862 2255 980 2297 habi-

156 2312 269 2355 tabit
286 2313 330 2354 in
349 2312 632 2355 tabernaculo
655 2317 743 2362 tuo,
772 2314 981 2365 operatus

159 2374 225 2410 est
243 2370 467 2421 justitiam,
501 2369 748 2421 requiescet
768 2368 812 2409 in
831 2373 981 2410 monte

159 2430 311 2467 sancto
331 2430 421 2467 tuo.

211 2490 309 2531 Ant.
338 2490 487 2531 Vitam
510 2490 637 2542 petiit
661 2491 684 2516 *
706 2502 732 2530 a
755 2494 815 2539 te,
844 2494 887 2531 et
908 2490 981 2531 tri-

157 2544 292 2586 buisti
317 2546 356 2587 ei
382 2546 585 2588 Domine:
615 2546 798 2598 gloriam
827 2551 870 2587 01
894 2559 980 2587 ma-

158 2614 289 2651 gnum
327 2602 532 2644 decorem
565 2602 813 2655 imposuisti
851 2615 982 2655 super

160 2670 273 2698 eum:
300 2659 486 2710 posuisti
508 2659 552 2699 in
575 2659 720 2712 capite
746 2660 835 2711 ejus
859 2661 981 2700 coro-

159 2726 261 2754 nam
280 2713 335 2755 de
352 2713 500 2766 lapide
518 2715 727 2768 pretioso.

1299 293 1495 333 Psalmus
1514 293 1584 332 20.

1114 347 1256 389 omine
1279 348 1323 389 in
1346 346 1506 388 virtute
1531 350 1607 387 tua
1630 344 1851 386 laetabitur

1143 417 1234 445 rex:
1258 404 1281 430 *
1306 409 1350 446 et
1368 415 1500 455 super
1519 402 1708 443 salutare
1727 406 1850 443 tuum

1025 460 1260 503 exsultabit
1278 460 1569 502 vehementer.

1076 516 1354 558 Desiderium
1379 515 1524 557 cordis
1549 516 1639 567 ejus
1662 514 1852 556 tribuisti

1026 574 1078 615 ei:
1093 574 1116 599 *
1133 578 1175 615 et
1190 573 1414 615 voluntate
1428 571 1644 613 labiorum
1660 572 1749 623 ejus
1764 584 1852 613 non

1026 629 1237 671 fraudasti
1256 643 1365 671 eum.

1078 687 1293 737 Quoniam
1315 685 1568 739 praevenisti
1593 697 1691 726 eum
1715 684 1758 724 in
1780 683 1852 725 be-

1026 742 1346 785 nedictionibus
1360 741 1615 783 dulcedinis:
1630 741 1653 766 *
1668 740 1854 793 posuisti

1026 801 1069 841 in
1098 800 1241 853 capite
1270 800 1360 851 ejus
1388 800 1597 840 coronam
1625 797 1680 839 de
1707 796 1853 849 lapide

1026 857 1233 910 pretioso.

1078 913 1227 955 Vitam
1246 912 1371 965 petiit
1390 924 1415 952 a
1433 911 1533 952 tez*
1553 915 1597 952 et
1610 909 1800 951 tribuisti
1815 909 1853 950 ei

1026 968 1342 1020 longitudinem
1367 967 1535 1009 dierum
1562 967 1605 1007 in
1634 966 1853 1014 saeculum,

1029 1031 1072 1068 et
1089 1027 1133 1066 in
1153 1025 1361 1067 saeculum
1386 1023 1545 1065 saeculi.
1697 1053 1702 1057 .

1079 1083 1238 1133 Magna
1262 1086 1328 1123 est
1347 1081 1485 1132 gloria
1505 1081 1594 1132 ejus
1613 1080 1656 1120 in
1676 1079 1853 1120 salutari

1028 1145 1120 1181 111οε
1134 1140 1157 1165 *
1172 1138 1356 1190 gloriam
1372 1142 1414 1179 et
1428 1149 1634 1187 magnum
1649 1135 1855 1177 decorem

1028 1196 1229 1248 impones
1250 1207 1380 1247 super
1401 1207 1510 1235 eum.

1082 1252 1298 1303 Quoniam
1330 1250 1455 1292 dabis
1485 1263 1585 1291 eum
1611 1249 1655 1290 in
1681 1247 1855 1290 benedi-

1031 1309 1220 1350 ctionem
1238 1308 1282 1348 in
1302 1307 1512 1348 saeculum
1528 1305 1691 1347 saeculi:
1709 1305 1732 1330 *
1751 1305 1856 1346 13011-

1030 1365 1182 1407 ficabis
1210 1378 1309 1406 011111
1338 1364 1382 1404 111
1413 1362 1574 1414 gaudio
1608 1375 1707 1403 cum
1735 1361 1858 1403 vultu

1030 1426 1119 1463 tuo.

1083 1478 1298 1529 Quoniam
1322 1490 1401 1519 rex
1424 1480 1572 1529 sperat
1589 1475 1633 1516 in
1652 1474 1858 1515 Domino:

1030 1535 1054 1561 *
1079 1540 1122 1576 et
1145 1535 1189 1575 in
1211 1532 1510 1576 misericordia
1532 1532 1747 1573 Altissimi
1770 1543 1854 1572 non

1031 1590 1390 1632 commovebitur.

1082 1647 1334 1689 Inveniatur
1365 1659 1518 1687 manus
1550 1650 1626 1686 tua
1657 1643 1858 1685 omnibus

1031 1704 1215 1745 inimicis
1229 1704 1329 1745 tuis:
1344 1704 1367 1729 *
1383 1702 1564 1744 dextera
1578 1706 1653 1742 tua
1667 1700 1858 1741 inveniat

1033 1773 1195 1810 omnes,
1216 1760 1290 1812 qui
1308 1764 1351 1801 10
1372 1759 1568 1800 oderunt.

1082 1817 1227 1858 Pones
1256 1829 1332 1857 008
1359 1820 1407 1857 111
1435 1814 1653 1856 clibanum
1680 1813 1791 1864 ignis
1814 1813 1857 1853 in

1031 1875 1230 1926 tempore
1254 1872 1399 1914 vultus
1423 1871 1500 1913 tui:
1523 1871 1547 1896 *
1570 1870 1786 1911 Dominus
1814 1869 1858 1910 in

1031 1930 1096 1971 ira
1115 1942 1194 1971 sua
1213 1927 1492 1971 conturbabit
1511 1940 1598 1977 eos,
1618 1932 1661 1968 et
1678 1926 1857 1968 devora—

1031 1986 1097 2028 bit
1116 1998 1192 2028 eos
1211 1986 1334 2036 ignis.

1083 2043 1294 2084 Fructum
1313 2043 1465 2083 eorum
1485 2040 1539 2082 de
1554 2045 1671 2082 terra
1684 2038 1859 2092 perdes:

1032 2100 1055 2125 *
1072 2104 1116 2141 01
1134 2111 1283 2140 semen
1302 2100 1454 2140 eorum
1469 2110 1495 2138 a
1508 2096 1609 2137 filiis
1623 2096 1858 2137 hominum.

1085 2155 1300 2206 Quoniam
1352 2153 1680 2196 declinaverunt
1724 2152 1768 2192 in
1814 2155 1858 2192 te

1031 2212 1202 2253 malm*
1222 2211 1525 2262 cogitaverunt
1545 2208 1735 2258 consilia,
1760 2220 1858 2260 quae

1037 2281 1125 2310 non
1142 2269 1380 2321 potuerunt
1400 2266 1604 2308 stabilire.

1085 2324 1300 2375 Quoniam
1335 2335 1474 2376 pones
1510 2334 1586 2363 008
1620 2320 1813 2362 dorsum:
1836 2321 1859 2346 *

1032 2381 1076 2421 in
1095 2380 1288 2432 reliquiis
1306 2380 1392 2421 tuis
1406 2377 1678 2432 praeparabis
1692 2377 1859 2418 vultum

1034 2439 1196 2478 eorum.

1085 2492 1290 2534 Exaltare
1308 2491 1496 2533 Domine
1519 2492 1564 2532 in
1587 2490 1747 2531 virtute
1770 2494 1859 2531 tua:

1033 2549 1056 2575 *
1072 2548 1344 2590 cantabimus
1364 2552 1407 2589 et
1425 2548 1660 2600 psallemus
1675 2547 1858 2587 virtutes

1032 2610 1141 2647 tuas.

1090 2664 1187 2702 Ant.
1215 2661 1357 2702 Vitam
1376 2660 1502 2713 petiit
1520 2673 1546 2701 a
1563 2664 1624 2708 10,
1648 2663 1691 2700 01
1710 2657 1857 2699 tribui-

958 2777 960 2781 ·
1034 2718 1091 2759 811
1112 2718 1152 2759 01
1170 2717 1371 2758 Domine:
1390 2717 1574 2768 gloriam
1594 2720 1637 2757 et
1654 2725 1858 2765 magnum
