2040 2944
638 155 709 189 Dic
734 156 785 188 24.
811 156 913 198 Sept.
960 155 1001 188 B.
1027 155 1073 187 M.
1099 154 1141 187 V.
1166 154 1213 188 dc
1238 153 1424 187 Mercede.

172 265 323 294 omnes
350 251 487 293 sancti
515 251 622 302 ejus:
651 255 710 300 et,
738 250 904 292 Beatus
923 250 1000 300 vir,

173 310 246 362 qui
270 309 395 351 timet
418 307 666 348 Dominum.
709 307 805 357 Qua
828 307 999 349 ratione

170 363 348 407 beatus?
375 364 488 414 Quia
511 364 555 404 in
578 362 798 405 mandatis
817 364 909 415 ejus
929 376 999 404 cu-

170 421 235 473 pit
254 420 392 461 nimis.

226 478 275 527 R.
299 477 421 518 Stola
439 474 734 529 jucunditatis
753 475 834 529 [27]

223 542 262 576 In
294 542 356 575 III.
384 542 493 575 Noct.
520 542 689 575 Homilia
719 542 757 575 in
782 543 926 585 Evang.
957 543 999 578 Si

170 590 257 633 quis
274 590 390 625 venit.
411 590 457 624 de
471 590 607 624 codem
619 590 763 624 Comm.
778 591 804 624 1.
817 591 914 625 loco.
925 591 998 635 [28]

274 650 347 683 Pro
373 652 407 684 S.
433 651 577 684 Thecla
602 651 706 693 Virg.
733 657 768 685 et
791 651 898 685 Mart.

473 703 624 744 Lectio
646 704 699 743 ix.

176 775 205 826 q
224 762 384 805 hecla
409 764 550 815 virgo,
579 776 634 804 ex
658 762 900 805 illustribus
924 777 998 817 pa-

182 829 205 853 2¹
277 819 473 862 rentibus
499 820 639 861 Iconii
663 825 783 870 nata,
811 833 836 861 a
859 821 998 862 Paulo

171 876 391 928 Apostolo
411 876 515 918 fidei
533 877 771 929 praeceptis
787 877 998 928 instituta,

167 933 289 973 miris
316 935 568 974 sanctorum
590 933 770 975 Patrum
794 934 998 976 laudibus

169 989 427 1030 celebratur.
483 990 592 1040 Quae
630 989 848 1031 decimum
881 993 998 1032 octa-

167 1058 270 1086 vum
324 1058 484 1087 annum
539 1059 690 1097 agens:
744 1046 998 1089 Thamiride

167 1114 334 1154 sponso
355 1102 526 1152 relicto,
547 1115 646 1144 cum
665 1116 763 1145 eam
780 1105 998 1156 parentes,

169 1158 289 1211 quod
328 1158 574 1201 Christiana
610 1165 746 1210 esset,
798 1162 998 1202 accusas-

167 1221 275 1266 sent,
300 1216 344 1257 in
365 1216 592 1258 ardentem
611 1229 778 1268 rogum,
805 1218 891 1270 qui,
916 1218 999 1258 nisi

168 1272 343 1314 Christo
389 1274 676 1324 renuntiaret,
729 1274 768 1316 ei
816 1277 999 1327 paratus

167 1335 276 1380 erat,
295 1330 418 1383 prius
438 1331 562 1382 signo
582 1331 724 1372 crucis
745 1334 914 1374 armata
933 1345 997 1374 se-

166 1388 309 1439 ipsam
323 1387 480 1439 injeeit.
498 1387 587 1429 Sed
602 1388 701 1440 igne
716 1388 878 1441 pluvia,
899 1402 998 1440 quae

167 1445 349 1496 repente
370 1446 523 1486 exorta
543 1450 623 1495 est,
651 1448 884 1495 exstincto,
910 1446 998 1486 An-

167 1499 376 1541 tiochiam
403 1501 539 1542 venit:
575 1501 652 1542 ubi
683 1502 786 1543 feris
815 1501 998 1554 objecta,

167 1562 211 1598 et
242 1557 380 1598 tauris
413 1557 457 1598 in
485 1557 661 1599 diversa
687 1558 880 1600 incitatis
909 1559 998 1600 alli-

166 1615 286 1664 gata‚
311 1626 416 1656 mox
441 1615 640 1666 conjecta
662 1615 706 1656 in
724 1615 891 1657 fossam
908 1615 998 1668 ple-

166 1682 266 1711 nam
286 1671 576 1723 serpentibus‚
597 1684 651 1713 ex
671 1672 875 1714 omnibus
893 1673 918 1713 J
921 1685 998 1714 esu

167 1726 329 1768 Christi
355 1728 495 1778 gratia
520 1728 742 1771 liberatur.
778 1729 910 1782 Cujus
934 1743 998 1771 ar·
1059 1733 1069 1745 “’

167 1783 274 1825 dore
299 1783 402 1825 fidei
427 1789 471 1826 et
490 1785 595 1826 vitae
621 1785 854 1827 sanctitate
873 1786 999 1828 multi
1052 1829 1106 1844 x
1161 1828 1166 1835 ⁴

166 1839 223 1882 ad
239 1840 462 1882 Christum
482 1842 684 1883 conversi
699 1847 812 1884 sunt.
831 1843 999 1884 Iterum

166 1897 210 1937 in
254 1898 442 1950 patriam
484 1898 674 1950 rediens,
719 1899 763 1939 in
803 1905 999 1942 montem

167 1953 261 1994 sola
286 1955 484 1996 secessit:
511 1954 671 1997 deinde
696 1955 845 1997 multis
863 1956 998 1997 virtu-

165 2009 282 2052 tibus
311 2016 354 2053 et
381 2011 602 2053 miraculis
635 2013 833 2063 insignis,
865 2025 997 2054 nona-

165 2067 342 2117 genaria
366 2068 571 2119 migravit
591 2068 647 2110 ad
666 2069 920 2120 Dominum,
946 2082 998 2112 ac

165 2123 377 2165 Seleuciae
392 2124 565 2177 sepulta
580 2131 657 2167 est.
699 2126 760 2167 Te
771 2126 926 2167 Deum.
937 2128 996 2167 14.

224 2191 265 2223 In
290 2191 408 2224 Laud.
434 2191 473 2225 fit
498 2201 694 2225 commem.
719 2191 754 2225 S.
779 2190 947 2225 Theclae.

225 2243 323 2282 Ant.
366 2243 512 2285 Simile
551 2249 618 2286 est
649 2257 832 2296 regnum
864 2245 997 2287 coelo-

167 2309 263 2337 rum
297 2297 461 2341 homini
489 2301 754 2351 negotiatori
783 2302 997 2354 quaerenti

166 2352 305 2395 bonas
319 2359 591 2406 margaritas:
609 2357 786 2399 inventa
800 2371 886 2399 una
899 2371 996 2412 pre-

166 2409 297 2460 tiosa,
326 2410 447 2453 dedit
471 2413 616 2454 omnia
636 2427 732 2464 sua,
758 2419 802 2456 et
821 2427 995 2467 compa-

167 2466 281 2508 ravit
300 2479 407 2507 eam.
820 2481 826 2486 ·

226 2517 275 2569 V.
311 2523 481 2565 Diffusa
518 2531 586 2567 est
616 2527 758 2577 gratia
790 2527 834 2568 in
866 2527 995 2569 labiis

166 2578 264 2620 tuis.
331 2580 380 2631 Π».
410 2581 652 2633 Propterea
687 2583 914 2625 benedixit
947 2589 992 2626 te

167 2635 288 2676 Deus
306 2635 350 2676 in
371 2638 593 2678 aeternum.

228 2692 343 2735 Vesp.
369 2693 414 2726 dc
438 2703 542 2735 sequ.
562 2705 644 2726 cum
665 2704 860 2728 commem.
886 2704 999 2737 praec.

1233 251 1317 292 Die
1336 252 1403 292 24.
1422 251 1705 304 Septembris.

1134 316 1186 357 B.
1208 315 1387 358 Mariae
1406 316 1463 358 V.
1482 316 1544 357 de
1562 317 1804 359 Mercede.

1316 377 1470 419 Duplex
1493 377 1628 419 majus.

1111 428 1248 464 Omnia
1284 433 1325 463 ut
1358 429 1395 462 in
1430 428 1558 462 Festis
1588 428 1629 463 B.
1661 430 1708 464 M.
1740 430 1785 464 V.
1818 440 1887 474 per

1058 488 1199 512 annum
1219 476 1312 520 [133]
1340 480 1481 520 praeter
1507 486 1612 520 sequ.

1395 529 1559 570 Oratio.

1144 598 1232 635 eus,
1253 585 1327 638 qui
1344 597 1425 637 per
1440 584 1800 635 gloriosissimam
1814 588 1881 629 Fi-

1155 641 1201 682 lii
1231 642 1295 683 tui
1323 641 1511 683 Matrem
1544 641 1602 683 ad
1628 641 1891 686 liberandos

1052 697 1369 740 Christifideles
1396 711 1421 739 a
1445 700 1668 750 potestate
1692 703 1882 751 pagano-

1052 768 1150 796 rum
1180 767 1296 796 nova
1327 754 1572 796 Ecclesiam
1603 759 1724 796 tuam
1755 757 1882 808 prole

1052 811 1321 863 amplificare
1362 811 1567 862 dignatus
1611 824 1673 853 es:
1716 818 1883 866 praesta

1054 870 1318 920 quaesumus3
1328 872 1387 918 ut,
1397 880 1529 920 quam
1539 868 1611 921 pie
1622 872 1883 911 veneramur

1051 925 1162 966 tanti
1177 925 1325 977 operis
1340 924 1658 975 institutricem,
1671 927 1761 977 ejus
1778 927 1884 979 pari-

1051 986 1119 1023 ter
1130 982 1296 1022 meritis
1309 987 1352 1023 et
1366 981 1682 1024 intercessione
1697 996 1723 1024 a
1736 985 1884 1035 pecca-

1051 1039 1108 1079 tis
1128 1038 1349 1088 omnibus,
1374 1043 1418 1080 et
1443 1039 1702 1091 captivitate
1721 1038 1882 1082 daemo-

1051 1095 1118 1136 nis
1137 1094 1384 1137 liberemur.
1410 1096 1496 1137 Per
1516 1095 1720 1137 eumdem
1738 1096 1865 1138 Dfim.

1113 1159 1156 1193 Et
1181 1160 1221 1193 fit
1247 1168 1444 1193 commem.
1469 1157 1634 1201 praeced.

1112 1212 1211 1252 Ant.
1245 1209 1330 1260 Qui
1362 1208 1456 1250 vult
1487 1211 1637 1251 venire
1669 1214 1774 1262 post
1799 1221 1881 1260 me,

1052 1267 1241 1318 abneget
1260 1268 1558 1318 semetipsum,
1581 1270 1625 1308 et
1642 1265 1771 1308 tollat
1789 1278 1881 1308 cru-

1052 1337 1148 1366 cem
1168 1336 1303 1373 suam,
1323 1328 1367 1364 et
1387 1324 1596 1375 sequatur
1615 1335 1697 1364 me.

1107 1376 1157 1429 V.
1167 1381 1191 1421 J
1192 1385 1316 1422 ustus
1327 1385 1376 1421 ut
1385 1379 1532 1432 palma
1543 1379 1731 1421 florebit.
1743 1382 1794 1433 R.
1802 1379 1882 1421 Sic-

1051 1442 1098 1479 ut
1118 1437 1277 1479 cedrus
1296 1437 1453 1478 Libani
1473 1436 1846 1489 multiplicabitur.

1107 1495 1270 1536 Oratio.
1291 1495 1424 1543 Deus,
1444 1493 1519 1546 qui
1537 1505 1619 1534 nos
1638 1492 1768 1535 beati.
1787 1494 1881 1534 324.

1106 1563 1149 1596 111
1167 1562 1193 1596 Ι.
1211 1561 1321 1595 Noct.
1341 1561 1440 1595 Lect.
1459 1561 1544 1602 Ego
1562 1558 1765 1602 sapientia.
1789 1558 1881 1602 [137]

1283 1618 1332 1656 In
1360 1618 1411 1656 ΙΙ.
1439 1617 1662 1656 Nocturno.

1360 1674 1513 1715 Lectio
1532 1674 1586 1713 iv.

1108 1725 1232 1771 ”fluo
1253 1725 1455 1776 tempore
1473 1725 1612 1776 major
1626 1723 1882 1777 feliciorque

1194 1781 1507 1834 Hispaniarum
1526 1793 1630 1833 pars
1646 1780 1743 1822 diro
1758 1781 1882 1823 Sara-

1150 1832 1170 1849 ''⁴¹
1193 1840 1402 1879 cenorum
1421 1837 1754 1890 opprimebatur
1769 1839 1882 1890 jugo,

1050 1895 1354 1947 innumerique
1389 1893 1545 1936 fideles
1583 1894 1664 1936 sub
1704 1894 1882 1935 immani

1051 1952 1280 2001 servitute,
1319 1951 1512 1992 maximo
1551 1963 1651 1992 cum
1681 1951 1881 2004 periculo

1050 2008 1299 2050 christianae
1337 2007 1442 2050 fidei
1473 2007 1727 2059 abjurandae
1760 2009 1881 2050 amit-

1049 2064 1284 2117 tendaeque
1309 2064 1463 2107 salutis
1485 2067 1678 2115 aeternae,
1702 2065 1880 2107 infelici-

1049 2127 1116 2164 ter
1136 2121 1457 2172 detinebantur,
1475 2121 1731 2164 beatissima
1749 2121 1881 2164 coelo-

1049 2192 1145 2220 rum
1160 2179 1341 2229 Regina,
1361 2183 1428 2220 tot
1447 2181 1669 2230 tantisque
1687 2178 1880 2229 benigni-

1048 2240 1116 2277 ter
1143 2238 1379 2276 oceurrens
1405 2234 1549 2285 maIiS‚
1575 2235 1754 2276 nimiam
1773 2234 1879 2276 cari-

1048 2294 1186 2334 tatem
1201 2304 1324 2333 suam
1339 2292 1382 2332 in
1395 2291 1448 2333 iis
1463 2289 1731 2333 redimendis
1745 2293 1882 2333 osten-

1049 2348 1123 2390 dit.
1177 2348 1293 2389 Nam
1324 2353 1478 2390 sancto
1510 2348 1644 2389 Petro
1673 2346 1879 2398 Nolasco‚

1048 2405 1216 2458 pietate
1237 2409 1280 2446 et
1300 2404 1458 2457 opibus
1477 2403 1666 2453 florenti,
1692 2404 1766 2456 qui
1785 2417 1879 2445 san-

1049 2462 1130 2503 ctis
1153 2474 1315 2503 vacans
1338 2459 1699 2502 meditationibus
1723 2460 1879 2511 jagiter

1049 2519 1194 2560 animo
1218 2517 1492 2568 recogitabat
1516 2529 1602 2569 qua
1622 2517 1792 2558 ratione
1810 2522 1878 2559 tot

1048 2575 1395 2616 Christianorum
1419 2573 1625 2614 aeramnis
1651 2573 1732 2615 sub
1759 2573 1877 2615 Mau-

1047 2634 1198 2673 rorum
1221 2630 1479 2683 captivitate
1505 2630 1757 2681 degentium
1785 2643 1877 2672 suc-

1048 2688 1165 2730 curri
1196 2692 1370 2740 posset,
1403 2689 1592 2739 ipsamet
1623 2686 1879 2729 beatissima
