2040 2944
762 201 970 234 Commune
997 200 1205 242 virginum.

443 296 652 347 Hymnus.

225 365 313 403 esu,
333 356 496 395 corona
512 354 752 405 Virginum,

245 410 385 460 Quem
403 415 543 452 mater
559 410 633 451 illa
651 410 851 462 concipit,

209 466 316 516 Quae
337 467 429 508 sola
446 468 583 519 Virgo
601 466 800 519 parturit:

206 522 316 563 Haec
336 528 441 564 vota
461 523 652 565 clemens
672 523 832 575 accipe.

158 587 241 638 Qui
257 588 402 639 pergis
421 588 532 629 inter
550 587 650 637 lilia,

207 644 366 696 Septus
386 644 557 686 choreis
576 644 816 696 Virginum,

206 701 403 753 Sponsus
422 700 608 742 decorus
627 700 776 752 gloria,

207 756 476 810 Sponsisque
495 757 684 799 reddens
702 756 894 809 praemia.

158 823 445 874 Quocumque
464 821 619 872 tendis,
637 821 841 873 Virgines

206 877 464 931 Sequuntur,
485 883 617 931 atque
634 878 837 919 laudibus

205 934 314 976 Post
331 939 376 976 te
397 937 602 977 canentes
620 935 842 985 cursitant,

205 992 493 1045 Hymnosque
514 991 663 1033 dulces
683 993 931 1044 personant.

155 1056 217 1098 Te
238 1056 526 1110 deprecamur
546 1057 783 1110 supplices3

203 1113 379 1155 Nostris
396 1119 444 1155 ut
463 1113 601 1155 addas
620 1113 829 1164 sensibuS,

205 1169 388 1212 Nescire
406 1183 588 1223 prorsus
609 1170 754 1212 omnia

210 1227 512 1280 Corruptionis
532 1226 722 1269 vulnera.

159 1289 318 1342 Virtus,
337 1291 488 1342 honor,
507 1292 612 1342 laus,
630 1292 769 1343 gloria

206 1348 303 1390 Deo
322 1349 442 1390 Patri
458 1362 557 1390 cum
575 1348 699 1397 Filio,

206 1404 365 1447 Sancto
385 1405 512 1446 simul
530 1405 759 1455 Paraclito‚

207 1461 258 1502 In
277 1462 539 1503 saeculorum
558 1461 729 1503 saecula.
765 1461 918 1503 Arnen.

182 1514 233 1565 V.
265 1519 419 1571 Specie
452 1523 527 1560 tua
559 1523 603 1560 et
629 1517 954 1571 pulchritudine

129 1579 215 1616 tua.
236 1575 287 1627 Rz.
308 1574 503 1625 Intende,
522 1577 735 1627 prospere
749 1574 953 1627 procede,

130 1636 174 1672 et
193 1644 336 1683 regna.

182 1691 251 1733 Ad
262 1692 523 1743 Magnificat.
545 1695 643 1734 Ant.
672 1692 776 1733 Veni
791 1704 954 1744 sponsa

129 1749 303 1790 Christi:
328 1749 352 1775 *
381 1749 532 1802 accipe
567 1751 791 1798 coronam,
824 1762 954 1801 quam

127 1806 208 1848 tibi
231 1806 445 1848 Dominus
471 1806 737 1859 praeparavit
763 1806 807 1846 in
831 1807 953 1847 aeter-

128 1876 242 1904 num.

462 1914 623 1954 Oratio.

130 1964 313 2070 DeuS,
342 1976 415 2029 qui
437 1977 550 2017 inter
573 1977 719 2017 cetera
742 1974 952 2027 potentiae

134 2038 139 2042 '
223 2037 311 2074 tuae
326 2032 535 2074 miracula
551 2032 680 2073 etiam
694 2031 737 2072 in
753 2044 861 2072 sexu
870 2030 952 2071 fra-

129 2090 203 2141 gili
229 2090 459 2132 victoriam
490 2088 684 2141 martyrii
715 2086 952 2129 contulisti:

129 2146 324 2188 concede
343 2145 574 2199 propitius3
593 2149 641 2186 ut
656 2144 730 2197 qui
742 2143 887 2185 beatae
902 2145 953 2185 N.

128 2203 320 2254 Virginis
346 2207 389 2244 et
411 2201 614 2253 Martyris
640 2205 727 2243 tuae
755 2200 953 2242 natalitia

130 2259 331 2309 colimus,
367 2272 446 2312 per
476 2259 567 2310 ejus
595 2257 652 2299 ad
679 2261 723 2298 te
751 2256 951 2309 exempla

130 2315 387 2367 gradiamur.
423 2316 507 2357 Per
525 2314 771 2355 Dominum.

401 2386 498 2426 Alia
521 2386 682 2426 Oratio.

129 2437 472 2544 Indulgentiam
509 2441 654 2491 nobis,
700 2442 949 2493 quaesumus

210 2499 416 2550 Domine,
463 2499 591 2541 beata
633 2500 683 2541 N.
728 2497 864 2548 Virgo
907 2501 951 2538 et

129 2555 295 2607 Martyr
331 2556 549 2608 imploret:
588 2567 686 2607 quae
718 2553 798 2595 tibi
828 2557 950 2604 grata

131 2624 304 2664 semper
333 2612 498 2654 exstitit
526 2616 568 2653 et
596 2611 753 2652 merito
780 2609 949 2651 castita-

129 2667 197 2717 tis,
217 2673 260 2709 et
278 2672 365 2709 tuae
379 2668 651 2721 professione
666 2666 847 2708 virtutis.
865 2665 950 2706 Per

129 2724 364 2765 Dominum
383 2729 590 2766 nostrum.

288 2866 350 2891 Pars
369 2866 538 2891 Autumnaiis.

1104 294 1189 333 Pro
1223 295 1397 343 Virgine
1427 310 1511 335 non
1542 297 1741 348 Martyre.

1348 362 1508 402 Oratio.

1012 420 1222 525 Exaudi
1256 439 1338 468 nos
1370 426 1491 478 Deus
1523 425 1725 467 salutaris
1757 439 1831 467 no-

1108 488 1210 524 ster:
1236 487 1284 524 ut
1303 483 1413 523 sicut
1433 481 1487 524 de
1505 481 1646 524 beatae
1676 483 1831 524 N.Vir-

1007 540 1118 591 ginis
1137 544 1224 581 tuae
1242 539 1477 581 festivitate
1496 539 1749 590 gaudemus;
1772 539 1832 580 ita

1007 597 1094 649 piae
1119 596 1366 638 devotionis
1392 595 1639 637 erudiamur
1664 595 1832 637 affectu.

1007 653 1092 694 Per
1108 653 1355 694 Dominum.

1065 724 1101 757 si
1128 724 1267 757 fuerint
1291 723 1439 766 plures.
1466 723 1502 755 in
1528 723 1699 765 utrisque
1720 720 1835 765 Vesp'.

1012 772 1059 805 ad
1070 772 1289 815 Magnificat
1301 772 1386 806 etin
1398 771 1516 805 Laud.
1530 771 1835 804 adBe1iedictus:

1062 834 1161 874 Ant.
1184 834 1421 876 l'rudentes
1432 834 1637 884 Virgines
1647 834 1671 859 *
1684 836 1832 886 aptate

1007 896 1175 933 vestras
1212 891 1453 944 lampades:
1499 903 1600 932 ecce
1643 903 1831 943 sponsus

1007 949 1134 998 venit,
1155 951 1269 990 exite
1288 947 1464 990 obviam
1483 947 1534 989 ei.

1064 1017 1111 1067 l'f.
1148 1022 1435 1064 Adducentur
1476 1021 1587 1072 Regi
1628 1021 1831 1072 Virgines

1006 1083 1108 1131 post
1138 1092 1244 1120 eam.
1292 1082 1341 1133 Rg.
1365 1078 1583 1119 Proximae
1612 1078 1703 1129 ejus
1731 1077 1831 1118 affe-

1006 1137 1154 1176 rentur
1175 1134 1264 1176 tibi.

1341 1203 1504 1243 Oratio,

1095 1281 1120 1308 a
1159 1266 1302 1316 nobis,
1354 1268 1602 1318 quaesumus
1642 1265 1831 1307 Domine

1112 1324 1232 1365 Deus
1264 1328 1429 1372 noster,
1460 1324 1708 1364 sanctarum
1735 1322 1831 1363 Vir·

1006 1380 1154 1431 ginum
1183 1384 1226 1421 et
1250 1380 1491 1432 Martyrum
1515 1380 1689 1420 tuarum
1717 1380 1767 1419 N.
1788 1382 1831 1419 et

1009 1441 1059 1481 N.
1097 1436 1265 1489 palmas
1307 1435 1556 1477 incessabili
1597 1434 1831 1476 devotione

1006 1493 1220 1535 venerari:
1238 1497 1287 1534 ut
1305 1505 1412 1545 quas
1431 1491 1561 1543 digna
1580 1495 1726 1533 mente
1745 1504 1831 1532 non

1006 1552 1240 1602 possumus
1255 1548 1488 1598 celebrare,
1502 1547 1736 1590 humilibus
1752 1547 1831 1588 sal-

1005 1610 1095 1647 tem
1122 1606 1446 1658 frequentemus
1475 1604 1707 1657 obsequiis.
1747 1605 1831 1645 Per

1005 1662 1241 1703 Dominum
1259 1666 1467 1703 nostrum.

1160 1755 1248 1796 Ad
1287 1753 1671 1795 Matutinum.

1062 1823 1185 1863 Invit.
1222 1824 1385 1872 Regem
1417 1819 1647 1871 Virginum
1682 1818 1829 1859 Domi-

1004 1890 1121 1927 num,
1143 1879 1165 1902 *
1182 1877 1340 1919 Venite
1361 1875 1604 1918 adoremus.

1060 1935 1127 1975 Ps.
1157 1935 1322 1983 Venite,
1342 1932 1621 1974 exsultemus.
1639 1932 1677 1972 2.

1318 2010 1527 2061 Hymnus.

1008 2072 1261 2178 Virginis·
1272 2077 1439 2126 Proles,
1468 2076 1714 2128 Opifexque
1740 2074 1827 2115 Ma-

1056 2190 1192 2242 Virgo
1208 2138 1357 2254 {ilem
1386 2188 1536 2240 gessit,
1567 2189 1827 2240 peperitque

1055 2246 1424 2355 Virginixgnpzss'tos
1448 2300 1643 2342 canimus
1665 2299 1827 2343 decora

1157 2358 1301 2400 Morte
1318 2356 1574 2409 triumphos.

1009 2442 1113 2482 Haec
1133 2440 1246 2482 enim
1265 2439 1423 2492 palmae
1444 2438 1630 2491 duplicis
1649 2437 1780 2480 beata

1052 2497 1195 2546 Sorte,
1231 2495 1335 2563 dum
1367 2495 1500 2546 gestit
1526 2494 1723 2546 fragilem
1750 2494 1825 2536 do-

1054 2565 1278 2661 Corpo11·1i1sa
1279 2564 1455 2657 1statum,
1484 2606 1653 2648 domuit
1676 2607 1823 2647 cruen-

1156 2670 1546 2772 ngdleltyrannum.
