2040 2944
602 168 671 201 Dic
701 168 749 201 11.
774 168 872 201 Nov.
921 168 955 201 S.
981 167 1135 201 Martini
1159 167 1287 211 Episc.
1314 173 1350 203 et
1374 169 1482 203 Conf.

240 265 287 315 151.
310 262 509 311 Domine,
529 262 566 302 si
586 261 730 303 adhuc
749 262 918 314 populo
937 267 1014 303 tuo

182 334 279 362 sum
298 318 590 367 necessarius,
618 330 706 359 non
730 321 889 359 recuso
916 318 1015 360 sub-

182 380 245 418 ire
279 380 464 429 propter
504 387 581 415 eos
615 374 828 416 laborem:
866 380 886 403 *
919 375 1016 416 Fiat

181 432 387 474 voluntas
411 436 498 472 tua.
546 431 594 480 Y.
622 431 773 472 Oculis
801 444 854 472 ac
881 431 1014 472 mani-

181 489 264 530 bus
283 489 326 529 in
346 487 508 529 coelum
528 500 703 539 semper
722 488 931 537 intentus,
955 488 1014 528 in-

180 548 346 586 victum
381 544 436 585 ab
471 544 671 585 oratione
699 544 902 597 spiritum
928 557 1015 585 non

182 601 420 643 relaxabat.
450 601 559 642 Fiat.

263 685 413 725 Lectio
436 685 488 724 iii.
777 686 880 737 Cap.
901 687 937 725 2.

182 748 288 853 Tu
321 759 468 795 autem
499 753 683 806 loquere
722 766 821 805 quae
858 753 1017 795 decent

275 822 427 851 sanam
447 809 707 851 doctrinam:
726 809 863 850 Senes
882 815 930 851 ut
950 811 1016 851 so-

182 866 266 908 brii
286 867 384 916 sint,
403 865 565 919 pudici,
587 865 840 919 prudenteS,
861 866 955 907 sani
973 866 1017 906 in

182 922 286 972 fide,
327 923 371 963 in
409 922 665 972 dilectione,
706 923 750 962 in
786 922 1017 975 patientia:

183 981 306 1021 Anus
344 979 543 1020 similiter
581 979 625 1019 in
657 978 811 1020 habitu
844 984 1017 1028 sanem,

182 1050 270 1078 non
291 1036 623 1086 criminatrices,
647 1048 736 1076 non
753 1035 894 1076 multo
914 1036 1016 1077 vino

182 1093 439 1143 servientes,
464 1091 578 1133 bene
598 1091 826 1133 docentes:
849 1098 898 1133 ut
917 1105 1015 1144 pru-

182 1148 375 1191 dentiam
418 1148 609 1190 doceant
645 1148 1017 1198 adolescentulas,

182 1211 230 1247 ut
250 1205 369 1246 viros
391 1218 496 1246 suos
518 1211 675 1255 ament,
695 1205 811 1246 filios
829 1209 936 1246 'suos
958 1205 1018 1247 di-

181 1261 333 1312 ligant,
362 1260 620 1313 prudentes,
650 1267 810 1311 castas,
836 1261 1018 1311 sobrias,

183 1318 342 1359 domus
362 1330 512 1358 curam
539 1317 767 1368 habentes,
794 1317 1018 1368 benignas,

183 1373 385 1415 subditas
400 1373 506 1414 viris
527 1374 628 1423 suis,
647 1379 696 1416 ut
711 1387 799 1415 non
813 1373 1016 1427 blasphe-

183 1433 327 1472 metur
352 1430 536 1472 verbum
554 1431 648 1472 Dei.
685 1431 877 1472 Juvenes
903 1431 1017 1472 simi-

183 1488 284 1529 liter
312 1487 491 1528 hortare
519 1492 567 1528 ut
595 1487 733 1528 sobrii
759 1487 856 1528 sint.
897 1488 948 1528 In
974 1490 1017 1529 o-

183 1543 356 1585 mnibus
379 1545 572 1596 teipsum
595 1544 748 1596 praebe
768 1544 1017 1596 exemplum

183 1600 404 1642 bonorum
427 1602 630 1652 operum,
659 1600 704 1640 in
731 1600 949 1650 doctrina,
973 1601 1016 1642 in

183 1656 451 1707 integritate,
487 1657 530 1696 in
563 1657 798 1708 gravitate,
834 1657 1018 1699 verbum

184 1726 356 1761 sanum,
385 1712 785 1765 irreprehensibile:
813 1718 861 1754 ut
883 1713 920 1754 is
945 1714 1018 1765 qui

185 1782 239 1811 ex
260 1768 448 1810 adverso
473 1774 551 1818 est,
578 1771 793 1819 vereatur,
819 1769 926 1810 nihil
945 1769 1017 1811 ha-

181 1826 290 1868 bens
309 1824 473 1866 malum
493 1824 640 1867 dicere
660 1825 715 1867 de
734 1825 874 1866 nobis.

236 1891 285 1941 R.
322 1890 359 1930 Ο
392 1888 574 1930 beatum
606 1890 748 1931 virum
780 1891 1018 1931 Martinum

182 1946 450 1995 Antistitem‚
472 1950 493 1972 *
513 1947 597 1997 Qui
622 1960 703 1988 nec
728 1947 839 1988 mori
862 1947 1017 1996 timuit,

181 2016 262 2045 nec
290 2005 439 2044 vivere
468 2003 703 2045 recusavit!
740 2000 787 2051 θ’.
815 2003 1017 2053 Domine,

183 2060 218 2101 si
243 2059 387 2101 adhuc
407 2060 576 2111 populo
600 2066 678 2102 tuo
699 2073 796 2101 sum
814 2062 1016 2101 necessa-

183 2116 288 2164 rius,
314 2128 399 2157 non
421 2119 579 2158 recuso
600 2116 815 2158 laborem:
847 2116 925 2157 fiat
944 2129 1016 2158 vo-

181 2172 327 2215 luntas
346 2178 433 2215 tua.
462 2174 557 2224 Qui.
589 2173 745 2215 Gloria
762 2173 894 2215 Patri.
923 2174 1017 2224 Qui.

419 2259 467 2297 In
486 2259 537 2297 11.
556 2258 780 2297 Nocturno.

240 2326 336 2365 Ant.
373 2326 560 2370 Confido
587 2328 631 2368 in
657 2329 870 2378 Domino,
897 2328 1019 2381 quod

184 2382 274 2424 filia
308 2396 406 2424 mea
437 2384 643 2436 precibus
675 2385 763 2426 tuis
791 2384 1019 2427 reddenda

184 2439 241 2481 sit
261 2440 447 2481 sanitati.

473 2510 668 2551 l'salmus
698 2514 734 2550 4.

189 2573 297 2642 ᾖξ’
304 2583 377 2611 um
405 2571 657 2612 invocarem
691 2572 915 2614 exaudivit
947 2585 1019 2613 me

219 2625 241 2647 Γ
322 2627 442 2667 Deus
467 2628 644 2678 justitiae
668 2640 794 2669 meae:
822 2629 846 2654 *
874 2628 916 2668 in
945 2629 1017 2669 tri-

192 2658 296 2705 ΧΨ
322 2682 546 2724 bulatione
567 2682 761 2725 dilatasti
779 2684 895 2724 mihi.

1121 262 1330 304 Miserere
1349 263 1445 314 mei,
1460 263 1484 288 *
1504 269 1548 305 et
1567 264 1726 306 exaudi
1742 265 1901 306 oratio-

1069 331 1170 360 nem
1189 331 1343 360 meam.

1123 375 1220 415 Filii
1252 375 1480 416 hominum
1511 379 1743 429 usquequo
1781 377 1903 429 gravi

1071 429 1228 473 corde?
1257 432 1280 457 *
1309 436 1357 473 ut
1390 431 1497 483 quid
1529 431 1707 483 diligitis
1739 433 1902 474 vanita-

1070 492 1170 537 tem,
1200 493 1243 530 et
1264 488 1460 540 quaeritis
1479 488 1780 530 mendacium?

1122 544 1178 586 Et
1215 544 1373 586 scitote
1410 545 1619 596 quoniam
1656 545 1904 587 mirificavit

1071 600 1164 641 Dfis
1184 605 1385 642 sanctum
1404 613 1547 642 suum:
1561 602 1585 626 ¹⁸¹
1599 601 1817 642 Dominus
1832 614 1903 643 ex·

1071 656 1222 698 audiet
1240 670 1310 698 me
1330 669 1430 698 cum
1450 657 1699 699 clamavero
1720 657 1778 699 ad
1793 670 1903 699 eum.

1125 713 1383 763 Irascimini,
1417 718 1461 755 et
1487 714 1624 756 nolite
1651 715 1853 767 peccare:
1880 716 1904 742 *

1072 782 1171 822 quae
1196 769 1340 811 dicitis
1364 770 1407 811 in
1433 770 1642 812 cordibus
1663 771 1834 821 vestris,
1860 770 1903 812 in

1071 825 1287 867 cubilibus
1307 826 1466 868 vestris
1491 827 1845 879 compungimini.

1123 882 1377 924 Sacrificate
1416 883 1680 924 sacrificium
1716 883 1904 935 justitiae,

1072 943 1116 979 et
1143 940 1320 990 sperate
1349 939 1392 979 in
1419 939 1623 981 Domino.
1642 940 1666 965 *
1689 939 1818 981 Multi
1845 938 1904 982 di-

1072 999 1190 1036 cunt:
1218 995 1326 1045 Quis
1344 995 1540 1038 ostendit
1558 995 1686 1038 nobis
1704 995 1846 1038 bona?

1124 1051 1352 1102 Signatum
1380 1057 1448 1093 est
1479 1065 1613 1104 super
1644 1064 1727 1094 nos
1758 1051 1904 1094 lumen

1073 1107 1219 1149 vultus
1243 1108 1307 1148 tui
1329 1108 1534 1149 Domine:
1562 1110 1586 1135 *
1614 1107 1776 1150 dedisti
1798 1108 1905 1150 laeti-

1073 1164 1180 1205 tiam
1198 1164 1242 1204 in
1262 1163 1397 1206 corde
1416 1177 1527 1206 meo.

1124 1220 1165 1261 A
1190 1220 1334 1261 fructu
1362 1220 1581 1269 frumenti,
1614 1220 1718 1270 vini,
1751 1225 1796 1262 et
1820 1220 1907 1263 olei

1073 1277 1139 1318 sui
1157 1278 1181 1303 *
1199 1276 1479 1329 multiplicati
1498 1281 1609 1318 sunt.

1123 1334 1174 1374 In
1200 1345 1310 1386 pace
1338 1333 1381 1373 in
1409 1332 1601 1385 idipsum
1626 1333 1650 1358 *
1678 1332 1906 1383 dormiam,

1073 1394 1117 1431 et
1136 1389 1427 1441 requiescam3

1124 1445 1343 1496 Quoniam
1356 1450 1405 1486 tu
1418 1445 1609 1486 Domine
1628 1445 1906 1497 singulariter

1072 1503 1115 1543 in
1135 1515 1214 1555 spe
1233 1502 1256 1527 *
1277 1501 1545 1543 constituisti
1563 1515 1645 1544 me.

1126 1559 1225 1599 Ant.
1256 1557 1445 1600 Confido
1473 1558 1517 1599 in
1544 1558 1757 1608 Domino,
1785 1557 1907 1610 quod

1072 1615 1163 1656 filia
1194 1628 1293 1657 mea
1325 1614 1531 1668 precibus
1565 1615 1651 1657 tuis
1678 1613 1907 1657 reddenda

1072 1671 1129 1713 sit
1148 1672 1335 1714 sanitati.

1127 1728 1224 1768 Ant.
1258 1727 1490 1770 Tetradius
1516 1727 1694 1779 cognita
1715 1727 1800 1770 Dei
1821 1727 1905 1770 vir-

1069 1787 1176 1834 tute,
1195 1783 1252 1826 ad
1266 1783 1478 1837 baptismi
1491 1785 1680 1836 gratiam
1694 1784 1906 1837 pervenit.

1360 1840 1559 1881 Psalmus
1581 1842 1619 1880 5.

1074 1894 1268 2001 Verba
1286 1910 1384 1938 mea
1403 1897 1582 1939 auribus
1597 1897 1778 1950 percipe
1795 1897 1904 1946 Dfie,

1182 1955 1205 1980 *
1225 1953 1420 2005 intellige
1441 1953 1679 1995 clamorem
1697 1966 1854 1995 meum.

1123 2009 1309 2051 Intende
1344 2011 1441 2051 voci
1474 2011 1688 2052 orationis
1721 2023 1850 2060 meae,
1881 2013 1904 2037 ¹⁸¹

1071 2067 1168 2108 Rex
1187 2079 1311 2108 meus
1332 2071 1376 2108 et
1395 2066 1517 2108 Deus
1535 2079 1670 2108 meus.

1123 2122 1342 2172 Quoniam
1361 2121 1418 2164 ad
1437 2127 1482 2164 te
1502 2122 1660 2164 orabo:
1674 2124 1698 2150 *
1713 2122 1903 2163 Domine

1070 2191 1199 2220 mane
1217 2178 1427 2220 exaudies
1447 2191 1601 2221 vocem
1619 2191 1773 2220 meam.

1121 2235 1252 2276 Mane
1285 2234 1442 2277 astabo
1475 2235 1556 2277 tibi
1595 2240 1639 2277 et
1666 2234 1846 2277 videbo:
1879 2236 1902 2261 *

1071 2291 1280 2343 quoniam
1305 2303 1395 2332 non
1420 2292 1542 2333 Deus
1567 2291 1722 2333 volens
1747 2291 1902 2344 iniqui-

1071 2350 1210 2390 tatem
1229 2352 1278 2389 tu
1298 2360 1355 2389 es.

1121 2404 1280 2455 Neque
1311 2403 1531 2445 habitabit
1561 2405 1683 2456 juxta
1710 2409 1755 2446 te
1782 2405 1902 2446 mali-

1070 2473 1196 2512 gnus:
1211 2462 1235 2487 *
1250 2472 1394 2512 neque
1412 2460 1734 2512 permanebunt
1752 2461 1900 2514 injusti

1070 2521 1172 2558 ante
1190 2516 1344 2558 oculos
1363 2521 1477 2557 tuos.

1122 2572 1269 2614 Odisti
1289 2585 1452 2621 omnes,
1472 2573 1547 2624 qui
1567 2576 1807 2625 operantur
1824 2575 1901 2615 ini-

1071 2629 1300 2681 quitatem:
1319 2629 1342 2653 *
1362 2628 1522 2680 perdes
1549 2642 1719 2681 omnes,
1745 2631 1820 2683 qui
1839 2631 1900 2672 lo·
1940 2641 1944 2643 ·

1071 2688 1263 2737 quantur
1282 2684 1568 2726 mendacium.
