2040 2944
162 162 228 197 314

164 255 442 299 mentissimis
478 250 792 295 tentatienibus
830 250 990 292 frustra

164 312 420 356 obnubilare
453 309 527 352 diu
563 310 765 358 conante,
799 307 991 348 servavit

162 371 353 418 illaesam,
372 373 465 409 tum
484 370 606 407 arcta
623 366 830 406 sensuum
847 365 989 404 custe-

163 425 244 475 dia,
259 430 351 467 tum
366 423 453 474 jugi
468 422 669 475 corporis
683 420 990 469 maceratione,

161 488 253 525 tum
282 480 471 532 denique
499 478 681 531 speciali
711 477 990 530 protectiene

160 538 405 591 purissimae
433 535 627 586 Virginis
655 534 822 584 Mariae,
858 546 989 586 quam

160 599 344 636 matrem
364 606 487 634 suam
507 591 732 644 appellare
748 590 988 639 consuevit,

160 665 211 693 ac
235 651 369 693 veluti
393 650 581 692 Matrem
606 648 905 690 dulcissimam
929 649 989 687 in-

158 709 265 750 timo
303 706 450 749 cordis
491 704 650 748 affectu
686 703 989 753 venerabatur,

160 767 344 817 eamque
372 763 427 806 ab
457 763 553 804 eliis
582 762 782 804 venerari
807 762 987 813 exopta-

159 822 250 871 bat,
286 826 334 862 ut
367 833 467 862 cum
500 819 694 871 ejusdem
725 817 989 871 patrocinio,

160 879 272 920 sicut
291 878 387 930 ipse
407 876 566 929 ajebat,
587 875 734 917 omnia
751 874 868 916 bona
888 886 988 915 con-

160 936 458 987 sequerentur.

219 993 267 1043 R.
289 990 466 1031 Amavit
485 1002 584 1031 eum
602 988 835 1037 Dominus,
857 992 900 1029 et
921 1000 987 1028 or-

159 1048 279 1089 navit
313 1059 426 1088 eum:
467 1046 626 1088 stolam
660 1045 814 1096 gloriae
848 1043 989 1085 induit

159 1117 273 1154 eum,
306 1107 328 1130 *
345 1103 402 1145 Et
430 1102 487 1145 ad
514 1108 667 1155 portas
695 1101 889 1154 paradisi
918 1113 987 1142 co-

158 1160 331 1202 ronavit
362 1173 472 1202 eum.
516 1155 565 1205 Y.
594 1158 741 1200 Induit
775 1171 875 1200 eum
901 1157 988 1198 De-

157 1218 298 1259 minus
339 1217 521 1258 loricam
565 1216 684 1265 fidei,
732 1220 775 1257 et
817 1214 990 1256 ornavit

159 1287 268 1316 eum.
307 1274 364 1315 Et
387 1273 445 1315 ad
467 1277 630 1326 portas.

466 1332 616 1373 Lectio
638 1332 689 1372 vi.

255 1399 320 1428 aec
342 1386 463 1428 beati
481 1386 505 1426 J
508 1385 662 1438 osephi
686 1382 938 1426 sollicitudo
964 1395 990 1424 a

277 1456 356 1484 sua
397 1455 502 1494 erga
542 1442 770 1495 proximos
808 1441 990 1483 caritate

159 1498 383 1552 prodibat:
424 1504 547 1541 tanto
591 1499 706 1540 enim
748 1499 990 1540 animarum

159 1556 256 1597 zelo
285 1555 545 1605 exardebat,
577 1561 625 1598 ut
655 1556 849 1597 omnium
877 1554 989 1596 salu-

159 1617 249 1654 tem
273 1612 417 1654 modis
446 1611 648 1654 omnibus
675 1611 990 1654 instantissime

159 1670 429 1721 procuraret.
462 1668 717 1710 Extendens
737 1668 902 1721 pariter
922 1680 989 1709 ca-

161 1725 336 1767 ritatem
373 1738 496 1767 suam
532 1725 577 1766 in
613 1726 864 1778 proximum
897 1725 989 1766 sive

159 1785 411 1834 pauperem,
431 1781 522 1823 sive
537 1782 768 1832 infirmum,
788 1782 880 1823 sive
896 1793 992 1834 qua-

160 1840 350 1890 cumque
370 1837 454 1880 alia
472 1837 754 1880 tribulatiene
771 1839 990 1887 vexatum,

162 1900 371 1947 quantum
387 1895 545 1948 inipso
561 1900 666 1944 erat,
684 1895 807 1936 illum
820 1896 990 1937 recrea-

160 1950 248 1993 bat.
280 1951 375 1992 Nec
399 1950 527 1992 alieni
551 1956 676 1993 erant
695 1951 751 1993 ab
772 1952 863 2004 ejus
883 1951 989 1992 cari-

160 2009 266 2057 tate,
293 2007 367 2059 qui
387 2007 778 2060 objurgatienibus,
802 2007 991 2060 probris,

162 2065 391 2115 omnisque
431 2065 605 2115 generis
646 2064 810 2116 injuriis
846 2064 991 2116 ipsum

161 2122 436 2173 appeterent;
462 2134 562 2162 nam
589 2120 746 2163 eadem
768 2121 991 2174 patientia,

161 2177 505 2228 mansuetudine,
520 2178 757 2230 vultusque
772 2177 991 2219 hilaritate

160 2232 266 2274 talia
293 2234 557 2287 excipiebat,
591 2247 678 2287 qua
704 2239 772 2277 tot
799 2235 913 2276 inter
941 2247 992 2275 ac

161 2293 304 2331 tantas
342 2290 665 2334 vicissitudines
699 2289 991 2344 resplenduit,

163 2344 267 2386 dum
285 2346 356 2387 vel
373 2347 704 2390 moderatorum
724 2347 900 2396 ordinis,
921 2346 991 2388 vel

163 2414 299 2443 sacrae
318 2403 622 2456 Inquisitionis
646 2405 766 2456 jussu
789 2403 872 2445 hac
891 2403 992 2444 illac

162 2460 309 2500 errare
362 2461 618 2512 versarique
678 2463 860 2502 coactus
914 2464 992 2501 est.

164 2514 439 2567 Quamquam
472 2529 579 2558 vero
618 2517 772 2569 pepuli
802 2529 891 2558 non
924 2528 992 2557 so-

163 2569 270 2620 lum,
306 2571 386 2613 sed
421 2571 503 2612 viri
535 2573 758 2626 principes
790 2572 992 2614 eximiam
1047 2596 1058 2622 ,ῃ
1083 2583 1165 2627 >25⁸3

164 2627 254 2677 ejus
287 2627 567 2669 sanctitatem
599 2634 642 2670 et
675 2631 866 2682 superna
894 2627 991 2670 cha·
1051 2627 1112 2650 Γ

164 2684 342 2726 rismata
361 2683 691 2735 admirarentur,
711 2698 763 2727 ea
780 2684 991 2726 1111111όωὶ-

539 155 608 189 Dic
638 155 687 188 18.
713 154 814 196 Sept.
862 154 896 187 S.
921 152 1084 195 Josephi
1112 163 1132 185 a
1158 151 1370 194 Cupertino
1396 152 1504 186 Conf.

1044 263 1126 291 nus
1146 254 1241 291 erat
1259 249 1517 299 humilitate,
1536 255 1584 292 ut
1602 262 1808 301 magnum
1827 261 1875 290 se

1043 308 1326 359 peccaterem
1350 307 1558 359 reputans
1582 306 1725 348 Deum
1749 307 1876 347 enixe

1044 362 1369 415 deprecaretur,
1388 368 1436 404 ut
1456 375 1534 404 sua
1549 362 1605 404 ab
1621 375 1674 404 eo
1689 361 1876 403 illustria

1044 419 1161 461 dona
1180 421 1438 469 removeret,
1458 419 1656 461 hemines
1675 431 1782 461 vero
1803 431 1873 460 ex-

1044 478 1208 526 oraret,
1233 481 1282 518 ut
1305 477 1349 517 in
1372 489 1470 518 eum
1489 475 1637 518 locum
1654 477 1876 517 mertuum

1044 533 1135 585 ejus
1160 546 1322 586 corpus
1346 533 1587 585 injicerent,
1614 532 1691 574 ubi
1712 533 1875 573 meme-

1043 590 1107 631 ria
1139 590 1207 632 sui
1239 595 1358 632 esset
1395 603 1579 643 prorsus
1613 588 1876 631 oblitterata.

1043 647 1104 689 At
1121 647 1255 698 Deus,
1276 648 1350 700 qui
1368 647 1493 699 ponit
1510 646 1697 688 humiles
1715 645 1759 686 in
1776 644 1874 687 sub-

1043 703 1162 754 lime,
1198 704 1362 756 quique
1391 717 1567 746 servum
1595 716 1738 752 suum,
1771 701 1875 744 dum

1043 762 1225 811 viveret,
1246 761 1416 802 coelesti
1435 760 1665 814 sapientia,
1685 758 1874 812 prophe-

1041 819 1119 868 tia,
1145 817 1345 859 cordium
1362 817 1728 870 perscrutatione,
1755 828 1875 857 cura-

1041 875 1211 917 tionum
1251 874 1410 926 gratia,
1456 876 1704 926 ceterisque
1747 872 1875 914 donis

1043 931 1386 973 cumulatissime
1428 933 1737 979 exomaverat‚
1783 930 1874 981 ejus

1044 1001 1222 1041 quoque
1254 993 1443 1030 mortem
1474 988 1543 1037 iis,
1586 987 1745 1040 quibus
1777 987 1874 1039 ipse

1043 1048 1172 1087 antea
1195 1045 1481 1098 praedixerat,
1508 1045 1610 1087 loco
1635 1057 1688 1086 ac
1704 1045 1874 1096 tempo—

1042 1115 1105 1153 re,
1145 1115 1259 1144 anno
1296 1102 1440 1144 aetatis
1473 1115 1566 1143 suae
1600 1100 1873 1152 sexagesimo

1042 1159 1205 1212 primo,
1237 1159 1417 1200 Auximi
1448 1158 1493 1199 in
1519 1159 1684 1200 Piceno
1711 1157 1873 1210 pretie-

1043 1229 1137 1257 sam
1155 1215 1365 1266 reddidit,
1391 1214 1764 1268 sepulchrumque
1782 1213 1872 1265 glo-

1042 1273 1219 1314 riesum.
1251 1272 1382 1314 Illum
1405 1271 1595 1325 denique
1620 1272 1752 1313 etiam
1770 1275 1875 1324 post

1044 1329 1214 1372 ebitum
1233 1329 1455 1371 miraculis
1471 1331 1777 1371 coruscantem
1792 1327 1874 1369 Be-

1041 1385 1243 1428 nedictus
1281 1391 1463 1438 quartus
1498 1386 1694 1428 decimus
1723 1384 1873 1426 beato-

1042 1456 1150 1494 rum,
1172 1443 1374 1485 Clemens
1391 1443 1547 1485 tertius
1567 1442 1763 1484 decimus
1780 1454 1874 1482 san-

1043 1501 1214 1541 ct6rum
1237 1499 1361 1541 fastis
1386 1498 1634 1552 adscripsit.
1674 1498 1778 1550 Ejus
1802 1510 1874 1539 au-

1041 1561 1132 1598 tem
1161 1556 1365 1598 Officium
1394 1562 1438 1598 et
1465 1557 1647 1597 Missam
1672 1554 1874 1596 Clemens

1044 1618 1226 1665 quartus
1255 1613 1452 1655 decimus
1482 1611 1679 1666 ejusdem
1708 1610 1875 1652 ordinis

1045 1669 1101 1711 ad
1125 1670 1373 1712 universam
1396 1669 1642 1712 Ecclesiam
1667 1666 1875 1710 extendit.

1098 1729 1150 1781 R.
1172 1727 1264 1768 Iste
1283 1727 1430 1770 homo.
1450 1726 1532 1779 [72]

1274 1803 1324 1842 In
1343 1803 1414 1843 111.
1433 1802 1657 1843 Nocturno.

1046 1862 1201 1905 Lectio
1226 1862 1366 1904 sancti
1379 1861 1608 1914 Evangelii
1633 1860 1875 1903 secundum

1325 1918 1597 1961 Matthaeum.

1123 1980 1276 2022 Lectio
1297 1980 1366 2022 vii.
1618 1977 1722 2031 Cap.
1737 1978 1801 2018 22.

1043 2035 1119 2142 In
1146 2041 1222 2083 illo
1250 2042 1467 2094 tempore:
1494 2040 1784 2094 LoquebAtur
1809 2040 1876 2082 Je-

1118 2110 1192 2139 sus
1221 2097 1494 2151 principibus
1522 2096 1804 2139 sacerd6tum
1833 2101 1877 2138 et

1043 2153 1274 2207 pharisaeis
1298 2154 1342 2196 in
1359 2153 1598 2207 parabolis,
1625 2152 1790 2196 dicens:
1814 2153 1876 2195 Si-

1044 2210 1146 2252 mile
1170 2211 1335 2253 factum
1360 2216 1428 2253 est
1454 2224 1638 2263 regnum
1662 2210 1876 2252 coelerum

1043 2267 1209 2308 homini
1228 2268 1341 2319 regi,
1367 2267 1442 2320 qui
1465 2267 1568 2310 fecit
1586 2266 1763 2319 nuptias
1782 2265 1875 2307 filio

1045 2336 1136 2365 suo.
1162 2325 1220 2366 Et
1238 2324 1418 2376 reliqua.

1093 2393 1286 2435 Homilia
1305 2392 1444 2435 sancti
1464 2391 1668 2443 Gregorii
1685 2390 1832 2444 Papae.

1046 2462 1129 2497 Lib.
1145 2461 1175 2494 2.
1193 2458 1394 2493 Homiliar.
1418 2456 1558 2492 Homil.
1574 2457 1636 2499 38,
1658 2456 1760 2491 circa
1778 2455 1876 2490 med.

1048 2512 1874 2624 “'³s³‘³‘¹¹133p¹?1¹3{111¹1³fci<¹,{3¹{?nDiffi&

1151 2626 1167 2660 ²³-
1189 2631 1385 2668 sanctam
1395 2625 1651 2675 Ecclesiam,
1667 2625 1874 2675 intrastis,

1045 2684 1247 2733 solerter,
1277 2683 1452 2732 fratres,
1487 2683 1686 2735 aspicite,
1718 2695 1772 2724 ne
1800 2681 1874 2723 311-
