2040 2944
775 184 984 215 Commune
1011 193 1085 215 non
1111 182 1321 223 Virginum.

250 281 348 319 Ant.
369 279 387 317 J
393 291 463 319 am
482 277 621 318 hiems
636 277 821 326 transiit,
841 278 865 304 *
883 276 1023 317 imber

194 334 313 383 abiit,
333 339 377 375 et
392 333 588 376 recessit:
608 346 738 384 surge
756 334 896 374 amica
914 345 1023 382 mea,

195 396 239 432 et
257 391 368 432 veni.

459 446 659 485 psalmus
679 446 755 485 121.

260 503 419 542 aetatus
454 514 551 542 sum
583 501 627 541 in
654 499 738 548 his,
777 512 875 551 quae
905 499 1024 541 dicta

287 562 388 598 sunt
407 557 528 598 mihi:
542 558 566 584 *
581 557 626 597 in
646 555 827 597 domum
844 555 1024 596 Domini

192 613 364 654 ibimus.

243 669 420 710 Stantes
447 674 570 710 erant
593 667 731 721 pedes
757 667 914 717 nostri,
933 669 957 695 *
980 667 1025 708 in

193 725 316 766 atriis
336 725 424 767 tuis
443 724 699 766 Jerusalem.

243 781 498 830 Jerusalem,
519 793 618 832 quae
636 779 882 821 aedificatur
899 784 948 820 ut
967 782 1023 820 ci—

192 837 322 878 vitas:
350 839 373 864 *
402 838 523 888 cujus
550 836 834 889 participatio
860 836 951 887 ejus
980 836 1025 876 in

192 893 396 945 id1'psum.

245 948 356 990 Illuc
392 949 507 990 enim
544 947 839 989 ascenderunt
871 947 1026 997 tribus,

194 1004 337 1045 tribus
397 1005 596 1045 Domini:
647 1005 671 1030 *
724 1003 1027 1044 testimonium

192 1060 332 1101 Israel
351 1060 408 1102 ad
429 1059 729 1101 confitendum
753 1059 920 1100 nomini
938 1059 1026 1100 Do-

191 1130 309 1156 m1n1.

247 1173 360 1222 Quia
387 1171 478 1213 illic
506 1171 717 1213 sederunt
745 1170 874 1212 sedes
899 1171 943 1211 in
968 1171 1026 1222 ju-

195 1227 322 1277 dicio,
336 1230 361 1256 *
376 1227 506 1269 sedes
526 1240 659 1280 super
680 1226 860 1268 domum
871 1227 1027 1268 David.

243 1285 417 1334 Rogate
447 1296 546 1335 quae
575 1283 633 1325 ad
661 1295 818 1335 pacem
841 1287 943 1324 sunt
959 1283 1028 1324 Je-

195 1340 401 1381 rusalem:
416 1341 440 1367 *
457 1344 501 1381 et
519 1339 791 1381 abundantia
811 1338 1027 1389 diligenti-

195 1395 280 1436 bus
300 1400 361 1436 te:

247 1451 346 1491 Fiat
368 1464 456 1503 pax
480 1451 524 1491 in
548 1450 710 1491 virtute
736 1455 826 1491 tua:
847 1452 870 1477 *
891 1455 935 1491 et
954 1450 1027 1492 ab·

196 1506 408 1547 undantia
427 1507 471 1547 in
489 1506 685 1547 turribus
704 1506 802 1547 tuis.

248 1562 439 1614 Propter
463 1562 620 1604 fratres
642 1574 785 1610 meos,
814 1566 858 1602 et
882 1561 1028 1614 proxi-

197 1630 294 1658 mos
308 1630 443 1668 meos,
459 1619 483 1645 *
497 1617 713 1669 loquebar
727 1630 884 1670 pacem
900 1616 956 1658 de
970 1622 1029 1658 te:

248 1674 438 1725 Propter
458 1673 638 1714 domum
657 1673 837 1714 Domini
852 1673 937 1714 Dei
955 1685 1029 1714 no-

197 1730 288 1779 stri,
307 1730 331 1755 *
352 1730 536 1781 quaesivi
554 1729 672 1770 bona
690 1729 782 1770 tibi.

253 1786 349 1825 Ant.
379 1786 475 1826 Jam
502 1785 642 1827 hiems
671 1785 861 1835 transiit,
889 1785 1030 1826 imber

198 1840 315 1890 abiit,
336 1846 380 1882 et
394 1842 591 1882 recessit:
612 1854 741 1892 surge
761 1844 901 1882 amica
920 1854 1029 1891 mea,

200 1902 244 1938 et
263 1897 373 1938 veni.

256 1955 353 1994 Ant.
392 1952 500 1994 Veni
527 1952 667 1994 electa
694 1966 808 2002 mea,
832 1954 856 1979 *
884 1957 928 1994 et
953 1965 1030 2005 po·

199 2020 300 2048 nam
318 2008 362 2048 in
381 2013 426 2049 te
444 2008 654 2049 thronum
670 2021 827 2058 meum,
847 2009 1031 2061 alleluja.

464 2065 661 2104 psalmus
684 2066 766 2103 126.

295 2120 348 2160 isi
380 2120 597 2160 Dominus
632 2119 921 2161 aedificaverit
957 2120 1031 2162 do-

311 2189 448 2225 mum,
476 2176 499 2201 *
532 2176 576 2215 in
609 2189 770 2216 vanum
806 2175 1031 2218 laborave-

201 2236 301 2272 runt
321 2232 396 2283 qui
416 2231 637 2273 aedificant
657 2245 765 2273 eam.

252 2287 349 2328 Nisi
363 2287 580 2328 Dominus
601 2288 863 2329 custodierit
883 2288 1031 2329 civita-

202 2347 308 2391 tem,
326 2343 350 2368 *
370 2343 532 2384 frustra
558 2344 710 2394 vigilat
738 2344 812 2396 qui
836 2343 1033 2385 custodit

203 2410 310 2438 eam.

253 2453 428 2494 Vanum
470 2460 537 2495 est
579 2455 706 2496 vobis
750 2460 852 2496 ante
888 2455 1032 2496 lucem

203 2511 399 2559 surgere:
419 2510 442 2534 *
463 2511 628 2560 surgite
652 2516 890 2563 postquam
910 2510 1031 2552 sede-

202 2564 317 2660 atis,
355 2565 430 2615 qui
463 2566 740 2608 manducatis
768 2579 928 2619 panem
956 2566 1031 2608 do-

249 2633 321 2660 ris.

257 2676 366 2717 Cum
409 2675 581 2717 dederit
623 2677 795 2719 dilectis
837 2678 928 2719 suis
965 2689 1032 2719 so-

1075 289 1240 317 mnum:
1267 276 1291 301 *
1321 288 1425 317 ecce
1457 275 1695 317 haereditas
1727 276 1907 317 Domini

1075 331 1170 372 filii:
1189 344 1371 380 merces,
1390 331 1560 372 fructus
1576 332 1755 373 ventris.

1127 387 1250 429 Sicut
1274 389 1447 438 sagittae
1473 387 1518 427 in
1540 400 1674 429 manu
1697 388 1907 440 potentis:

1076 444 1099 469 *
1119 443 1181 485 ita
1199 443 1280 484 fssii
1300 445 1596 485 excussorum.

1129 500 1294 541 Beatus
1319 499 1386 540 vir
1412 499 1487 551 qui
1510 498 1711 551 implevit
1737 499 1907 541 deside-

1076 556 1190 596 rium
1208 568 1336 596 suum
1361 568 1416 596 ex
1438 555 1562 607 ipsis:
1581 555 1605 581 *
1624 567 1712 596 non
1729 555 1907 597 confun-

1077 611 1206 653 detur
1235 624 1335 652 cum
1362 611 1569 662 loquetur
1600 610 1788 653 inimicis
1816 611 1908 652 suis

1077 667 1121 708 in
1144 672 1285 720 porta.

1134 722 1232 762 Ant.
1263 723 1371 764 Veni
1392 723 1532 764 electa
1550 735 1659 772 mea,
1683 727 1726 764 et
1745 735 1909 775 ponam

1077 779 1121 819 in
1140 784 1185 820 te
1203 779 1410 820 thronum
1426 791 1583 828 meum,
1603 778 1787 830 alleluja.

1133 836 1233 874 Ant.
1263 836 1355 876 lsta
1373 839 1440 876 est
1463 835 1667 887 speciosa
1685 834 1710 861 *
1729 835 1843 876 inter
1861 834 1909 875 fi-

1077 890 1158 931 lias
1177 890 1433 932 Jerusalem.

1348 946 1543 985 Psalmus
1567 946 1649 985 147.

1143 1001 1259 1042 auda
1303 1001 1548 1043 Jerusalem
1589 1002 1845 1043 Dominum:
1884 1002 1909 1027 ¹⁸¹

1194 1057 1326 1099 lauda
1344 1058 1489 1099 Deum
1506 1062 1631 1099 tuum
1648 1057 1765 1099 Sion.

1129 1114 1349 1164 Quoniam
1375 1113 1642 1155 confortavit
1667 1126 1788 1155 seras
1808 1125 1908 1165 por-

1076 1173 1221 1211 tarum
1257 1172 1448 1211 tuarum:
1482 1171 1506 1197 *
1541 1168 1771 1212 benedixit
1806 1169 1909 1210 filiis

1077 1227 1164 1268 tuis
1184 1227 1229 1266 in
1248 1231 1303 1267 te.

1130 1283 1214 1332 Qui
1243 1282 1392 1334 posuit
1419 1281 1530 1322 fines
1558 1286 1660 1322 tuos
1688 1294 1862 1334 pacem:
1886 1282 1910 1307 *

1078 1343 1122 1380 et
1141 1338 1273 1390 adipe
1293 1337 1499 1378 frumenti
1521 1337 1655 1378 satiat
1673 1342 1729 1378 te.

1132 1393 1217 1444 Qui
1245 1394 1407 1435 emittit
1435 1392 1661 1445 eloquium
1681 1405 1810 1434 suum
1827 1397 1911 1434 ter-

1079 1463 1155 1491 rae:
1180 1450 1205 1476 *
1230 1449 1444 1491 velociter
1473 1449 1609 1490 currit
1637 1461 1784 1490 sermo
1810 1449 1912 1501 ejus.

1133 1506 1219 1555 Qui
1254 1505 1330 1546 dat
1363 1505 1510 1547 nivem
1546 1505 1660 1546 sicut
1691 1504 1854 1546 lanam:
1888 1506 1912 1532 *

1080 1561 1285 1603 nebulam
1305 1561 1419 1602 sicut
1440 1563 1631 1602 cinerem
1651 1561 1829 1613 spargit.

1132 1617 1267 1658 Mittit
1283 1617 1538 1669 crystallum
1549 1629 1673 1658 suam
1687 1617 1801 1658 sicut
1810 1616 1913 1658 buc-

1082 1673 1231 1715 cellas:
1258 1674 1282 1700 *
1306 1678 1408 1714 ante
1436 1673 1594 1714 faciem
1617 1672 1794 1724 frigoris
1822 1673 1913 1724 eius

1083 1729 1181 1781 quis
1201 1728 1459 1770 sustinebit?

1133 1785 1317 1826 Emittet
1336 1784 1519 1826 verbum
1544 1797 1688 1834 suum,
1715 1789 1760 1827 et
1778 1784 1914 1836 lique-

1082 1841 1213 1882 faciet
1242 1853 1307 1882 ea:
1326 1842 1350 1868 *
1374 1840 1499 1882 flabit
1526 1840 1708 1893 spiritus
1736 1841 1843 1893 ejus,
1871 1844 1915 1882 et

1083 1897 1220 1938 fluent
1239 1909 1378 1949 aquae.

1136 1953 1221 2003 Qui
1245 1953 1472 1994 annuntiat
1490 1951 1676 1994 verbum
1700 1965 1828 1993 suum
1845 1952 1871 1993 J
1873 1965 1914 1993 a·

1084 2008 1184 2050 cob:
1194 2010 1219 2036 *
1229 2009 1427 2060 justitias,
1444 2013 1488 2050 et
1503 2007 1663 2060 iudicia
1677 2021 1757 2049 sua
1766 2007 1915 2049 Israel.

1135 2065 1238 2105 Non
1258 2065 1362 2106 fecit
1381 2064 1528 2106 taliter
1548 2064 1668 2105 omni
1691 2064 1871 2105 nationi:
1891 2064 1915 2090 *

1085 2125 1129 2161 et
1147 2120 1306 2172 judicia
1326 2133 1405 2162 sua
1423 2133 1513 2162 non
1530 2120 1828 2162 manifestavit
1843 2119 1916 2161 eis.

1136 2176 1235 2215 Ant.
1270 2176 1362 2218 Ista
1395 2182 1463 2218 est
1494 2177 1698 2230 speciosa
1728 2176 1842 2216 inter
1868 2175 1915 2215 fi-

1084 2233 1165 2274 lias
1184 2233 1438 2274 Jerusalem.

1244 2287 1325 2325 I'ro
1358 2286 1547 2336 Mai-tyre
1577 2290 1757 2325 tantum.

1189 2342 1449 2392 Capitulum.
1599 2341 1730 2380 Eccli.
1751 2342 1809 2379 51.

1087 2392 1380 2498 Confitebor
1404 2398 1500 2447 tibi,
1525 2397 1715 2439 Domine
1733 2397 1846 2447 Reiz,
1873 2401 1917 2438 et

1176 2454 1440 2496 collaudabo
1472 2458 1516 2495 te
1548 2454 1693 2494 Deum
1721 2452 1916 2493 Salvato-

1086 2524 1179 2552 rem
1193 2524 1350 2552 meum.
1378 2508 1631 2551 Confitebor
1645 2508 1811 2549 nomini
1825 2513 1917 2550 tuo:

1086 2567 1294 2618 quoniam
1327 2565 1500 2616 adjutor
1533 2570 1578 2605 et
1604 2566 1831 2616 protector
1858 2564 1916 2604 fa-

1086 2628 1182 2664 ctus
1215 2635 1262 2663 es
1293 2621 1417 2669 mihi,
1449 2625 1493 2661 et
1524 2619 1723 2662 liberasti
1756 2632 1916 2672 corpus

1084 2691 1231 2719 meum
1250 2690 1275 2718 a
1293 2675 1553 2730 perditione.
