2040 2944
469 190 646 225 Officium
670 191 846 225 votivum
871 192 917 225 de
942 192 999 226 Ss.
1020 192 1277 227 Eucharistiae
1302 194 1559 229 Sacramento.

210 288 260 338 R.
280 285 364 336 Qui
382 284 620 326 manducat
637 297 782 326 meam
800 297 986 335 carnem,

155 346 200 384 et
217 341 330 383 bibit
347 353 494 382 meum
515 341 780 391 sanguinem,
803 344 826 367 *
845 341 897 381 In
915 353 986 382 me

154 402 316 447 manet,
346 402 390 438 et
415 409 498 448 ego
524 397 568 437 in
595 409 661 437 eo.
710 392 761 444 V.
790 396 894 437 Non
920 402 987 438 est

156 453 241 494 alia
257 453 379 494 natio
394 457 485 494 tam
501 450 690 502 grandis,
711 464 811 503 quae
824 451 986 494 habeat

156 509 265 551 deos
296 509 706 561 appropinquantes
738 507 840 557 sibi,
873 508 986 550 sicut

155 566 277 607 Deus
295 570 448 607 noster
467 564 593 606 adest
611 563 750 605 nobis.
778 564 829 604 In
848 577 930 605 me.

442 653 595 694 Lectio
615 653 698 693 viii.

246 740 332 769 unc
351 727 466 768 enim
481 731 526 768 et
539 727 678 780 ipsius
693 726 870 767 Demini
884 739 983 778 pro-

259 784 468 834 fessione,
501 788 546 824 et
577 782 665 824 fide
698 788 849 824 nostra
881 795 984 823 vere

157 853 259 882 caro
288 844 373 889 est,
401 843 445 881 et
472 851 576 880 vere
604 838 779 888 sanguis
807 843 885 879 est.
930 838 987 879 Et

155 896 252 937 haec
278 898 462 948 accepta
489 900 621 947 atque
643 894 801 935 hausta
825 893 871 935 id
897 893 985 935 effi-

157 952 295 1002 ciunt⁷
335 957 384 993 ut
425 956 468 993 et
508 963 590 992 nos
627 951 671 990 in
705 950 901 1000 Christo,
943 955 986 991 et

152 1008 356 1050 Christus
383 1008 428 1048 in
450 1007 578 1048 nobis
607 1006 672 1048 sit.
719 1006 790 1046 An
819 1019 875 1047 ne
900 1005 986 1047 hoc

155 1065 317 1106 veritas
345 1077 434 1105 non
462 1061 554 1105 est?
594 1062 830 1114 Contingat
856 1062 986 1114 plane

156 1120 224 1161 his
244 1133 398 1162 verum
420 1133 509 1161 non
534 1132 646 1168 esse,
672 1119 746 1171 qui
766 1118 988 1160 Christum

157 1177 309 1218 Jesum
335 1189 488 1218 verum
517 1188 614 1217 esse
642 1175 787 1216 Deum
816 1180 987 1225 negant.

157 1233 238 1274 Est
257 1246 362 1285 ergo
381 1233 425 1273 in
441 1231 570 1274 nobis
585 1232 680 1283 ipse
699 1244 779 1284 per
801 1244 987 1281 carnem,

158 1294 203 1330 et
231 1302 381 1330 sumus
408 1289 453 1329 in
482 1301 555 1338 eo,
591 1286 697 1329 dum
725 1300 874 1328 secum
902 1287 988 1328 hoc

159 1343 281 1396 quod
298 1357 380 1386 nos
394 1357 556 1394 sumus,
574 1343 618 1384 in
632 1343 730 1384 Deo
752 1348 829 1385 est.
857 1342 988 1392 Quod

158 1406 305 1443 autem
347 1401 392 1441 in
442 1413 495 1442 eo
540 1412 621 1452 per
667 1401 988 1441 sacramentum

158 1457 491 1498 communicatae
521 1456 662 1497 carnis
692 1461 735 1497 et
765 1456 987 1506 sanguinis

158 1513 305 1564 simus,
323 1513 421 1566 ipse
439 1514 639 1561 testatur,
656 1511 823 1553 dicens:
847 1512 904 1553 Et
918 1512 988 1553 hic

157 1568 345 1611 mundus
381 1569 467 1621 jam
502 1581 574 1610 me
610 1581 699 1610 non
731 1567 873 1618 videt,
908 1581 989 1609 vos

158 1629 306 1667 autem
329 1637 401 1667 me
423 1624 645 1667 videbitis:
672 1624 880 1676 quoniam
906 1636 988 1674 ego

158 1682 272 1731 vivo,
300 1687 344 1724 et
366 1694 447 1723 vos
470 1681 644 1722 vivetis:
672 1680 881 1732 quoniam
907 1692 988 1730 ego

157 1738 202 1778 in
220 1738 352 1780 Patre
370 1750 482 1788 meo,
508 1742 552 1779 et
569 1750 651 1778 vos
674 1737 719 1777 in
742 1749 823 1786 me,
844 1741 887 1778 et
906 1748 988 1787 ego

158 1793 203 1834 in
229 1793 367 1835 vobis.

210 1866 262 1917 R.
284 1867 404 1908 Misit
422 1879 493 1908 me
511 1866 663 1908 vivens
681 1866 824 1915 Pater,
845 1869 888 1906 et
908 1878 990 1916 ego

158 1923 260 1965 vivo
275 1928 459 1975 propter
467 1923 659 1964 Patrem:
673 1923 697 1948 *
712 1922 769 1963 Et
787 1922 861 1973 qui
874 1935 990 1962 man-

160 1979 294 2020 ducat
308 1991 390 2028 me,
406 1979 525 2020 vivet
538 1983 724 2031 propter
736 1991 818 2019 me.
851 1971 901 2022 V.
926 1978 990 2018 Ci-

158 2034 280 2076 bavit
302 2034 425 2076 illum
444 2035 660 2076 Deminus
684 2047 799 2087 pane
823 2035 926 2076 vitae
948 2039 991 2075 et

158 2090 416 2132 intellectus.
443 2091 512 2132 Et.
540 2091 694 2132 Gloria
711 2091 844 2132 Patri.
871 2091 939 2131 Et.

462 2176 613 2218 Lectio
633 2176 687 2217 ix.

162 2230 332 2354 Quod
365 2254 512 2291 autem
546 2250 590 2290 in
624 2249 752 2291 nobis
779 2249 990 2290 naturalis

269 2306 366 2347 haec
389 2305 534 2347 unitas
560 2306 625 2355 sit,
650 2306 746 2358 ipse
772 2305 834 2346 ita
857 2307 990 2346 testa-

160 2367 231 2403 tus
265 2367 349 2403 est:
390 2362 474 2412 Qui
506 2360 598 2403 edit
630 2374 806 2403 carnem
836 2373 989 2410 meam,

161 2422 205 2458 et
231 2417 344 2459 bibit
371 2418 628 2468 sanguinem
659 2430 816 2466 meum,
844 2417 887 2456 in
920 2429 989 2457 me

160 2478 325 2523 manet,
362 2478 406 2515 et
438 2486 520 2523 ego
553 2473 597 2513 in
629 2486 694 2514 eo.
738 2473 841 2513 Non
873 2473 987 2513 enim

163 2528 260 2580 quis
291 2529 335 2569 in
367 2542 420 2570 eo
454 2529 550 2579 erit,
584 2529 667 2570 nisi
698 2529 742 2569 in
775 2540 862 2580 quo
890 2528 1012 2579 ipse.

161 2584 306 2625 fuerit:
342 2585 432 2634 ejus
464 2590 635 2627 tantum
666 2585 711 2625 in
743 2597 790 2625 se
825 2587 989 2624 assum-

160 2644 283 2691 ptam
315 2639 483 2682 habens
519 2654 712 2690 carnem,
756 2640 832 2692 qui
868 2652 991 2679 suam

163 2696 411 2747 sumpserit.
444 2697 659 2738 Perfectae
691 2701 838 2737 autem
864 2695 990 2745 hujus

1777 191 1868 236 [227]

1037 285 1216 327 unitatis
1232 280 1553 328 sacramentum
1569 287 1770 339 superius
1785 289 1870 340 jam

1039 340 1267 392 docuerat,
1302 341 1469 384 dicens:
1501 343 1623 384 Sicut
1649 356 1720 385 me
1752 345 1869 386 misit

1038 397 1192 439 vivens
1215 399 1356 448 Pater,
1384 404 1427 440 et
1452 412 1534 449 ego
1559 400 1660 441 vivo
1686 413 1766 452 per
1790 401 1869 441 Pa-

1037 459 1164 504 trem;
1190 460 1233 496 et
1258 455 1331 507 qui
1354 454 1591 497 manducat
1612 469 1756 497 meam
1779 469 1869 497 car-

1039 522 1154 559 nem,
1182 515 1226 551 et
1252 511 1347 562 ipse
1375 511 1494 552 vivet
1521 524 1601 564 per
1628 525 1710 553 me.
1746 512 1870 554 Vivit

1040 578 1146 616 ergo
1165 579 1245 619 per
1260 567 1452 608 Patrem:
1473 572 1516 608 et
1537 580 1624 619 quo
1639 568 1775 609 modo
1790 581 1870 620 per

1038 622 1214 664 Patrem
1229 623 1349 673 vivit,
1367 623 1524 665 eodem
1539 624 1674 665 modo
1690 637 1771 665 nos
1792 637 1870 676 per

1040 691 1216 720 carnem
1236 681 1327 731 ejus
1347 680 1554 721 vivemus.

1097 740 1159 781 Te
1177 740 1322 781 Deum
1340 740 1581 781 laudamus.
1602 741 1663 781 14.

1174 831 1371 871 Mense
1408 830 1734 871 Novembri.

1040 908 1194 950 Lectio
1221 909 1362 950 sancti
1380 909 1606 959 Evangelii
1629 909 1871 950 secundum

1342 965 1367 1006 J
1370 967 1568 1006 oannem.

1144 1031 1297 1071 Lectio
1322 1032 1390 1072 vii.
1562 1033 1665 1084 Cap.
1686 1034 1722 1073 6.
1745 1033 1768 1073 f.

1087 1110 1116 1136 n
1140 1095 1216 1137 illo
1241 1097 1459 1148 tempore:
1487 1095 1608 1136 Dixit
1631 1095 1656 1135 J
1659 1108 1758 1136 esus
1783 1100 1870 1136 tur-

1106 1152 1174 1193 bis
1194 1152 1466 1193 Judaeorum:
1494 1151 1606 1193 Caro
1631 1164 1743 1202 mea,
1767 1164 1871 1193 vere

1041 1213 1108 1250 est
1137 1208 1281 1258 cibus,
1315 1212 1359 1249 et
1388 1208 1565 1258 sanguis
1592 1221 1735 1258 meus,
1767 1221 1871 1249 vere

1041 1270 1108 1306 est
1126 1269 1270 1317 potus.
1298 1265 1355 1305 Et
1374 1264 1552 1316 reliqua.

1069 1340 1263 1382 Homilia
1291 1340 1430 1381 sancti
1458 1340 1607 1392 Cyrilli
1634 1341 1847 1394 Episcopi

1307 1396 1606 1438 Alexandrini.

1152 1459 1235 1493 Lib.
1260 1460 1289 1493 4.
1316 1459 1355 1492 in
1378 1459 1579 1501 Joannem,
1605 1469 1687 1502 cap.
1715 1459 1763 1492 17.

1053 1514 1217 1581 Q}
1242 1513 1489 1565 manducat,
1516 1514 1669 1566 inquit,
1698 1526 1874 1555 carnem

1047 1620 1049 1629 k
1073 1591 1132 1616 1
1189 1583 1351 1620 meam,
1390 1575 1435 1611 et
1469 1570 1582 1611 bibit
1618 1570 1874 1620 sanguinem

1047 1626 1128 1649 *³—
1190 1624 1347 1675 meum,
1372 1626 1417 1666 in
1441 1638 1511 1667 me
1536 1630 1695 1674 manet,
1722 1631 1766 1666 et
1791 1638 1873 1676 ego

1040 1682 1085 1722 in
1111 1681 1198 1722 illo.
1243 1682 1380 1723 Sicuti
1407 1681 1523 1722 enim
1551 1681 1589 1721 si
1616 1681 1714 1732 quis
1739 1681 1873 1732 lique-

1042 1738 1172 1779 factae
1197 1750 1311 1779 cerae
1336 1737 1466 1778 aliam
1489 1749 1635 1778 ceram
1655 1736 1874 1785 infuderit,

1045 1794 1229 1835 alteram
1245 1806 1344 1834 611111
1358 1793 1496 1835 altera
1510 1805 1591 1845 per
1606 1797 1750 1834 totum
1766 1805 1875 1833 com-

1042 1853 1225 1891 misceat
1256 1851 1438 1891 necesse
1471 1854 1557 1891 est:
1589 1849 1653 1890 sic
1681 1849 1756 1900 qui
1784 1861 1873 1889 car-

1042 1920 1143 1948 nem
1167 1910 1211 1947 et
1233 1906 1490 1957 sanguinem
1508 1905 1687 1946 Domini
1705 1904 1874 1956 recipit,

1044 1976 1143 2004 cum
1166 1963 1264 2015 ipso
1287 1963 1349 2004 ita
1373 1962 1660 2013 conjungitur,
1682 1966 1732 2002 ut
1755 1961 1873 2002 Chri-

1044 2024 1137 2060 stus
1160 2019 1205 2059 in
1227 2018 1338 2071 ipso,
1365 2023 1409 2059 et
1431 2018 1527 2070 ipse
1550 2018 1594 2058 in
1617 2017 1789 2058 Christo
1813 2017 1873 2056 in-

1043 2075 1254 2116 veniatur.
1316 2073 1455 2115 Simili
1501 2072 1694 2125 quodam
1737 2071 1872 2113 modo

1044 2130 1163 2183 apud
1176 2129 1435 2171 Matthaeum
1450 2129 1706 2182 comperies.
1726 2128 1874 2170 Simile

1045 2191 1127 2236 est,
1155 2186 1312 2238 inquit,
1340 2198 1524 2236 regnum
1552 2185 1773 2230 coelorum
1792 2184 1873 2225 fer-

1043 2244 1208 2291 mento,
1238 2241 1359 2294 quod
1383 2243 1615 2293 acceptum
1642 2239 1874 2281 abscondit

1043 2298 1199 2339 mulier
1218 2298 1262 2338 in
1278 2299 1430 2339 farinae
1450 2297 1556 2338 satis
1574 2296 1725 2337 tribus.
1753 2296 1874 2337 Sicut

1042 2367 1210 2406 parum,
1234 2358 1283 2394 ut
1302 2353 1464 2394 Paulus
1490 2353 1559 2401 ait,
1584 2352 1871 2393 fermentito-

1043 2413 1134 2446 tam
1147 2418 1337 2446 massam
1351 2405 1597 2446 fermentat:
1613 2404 1676 2444 sic
1690 2403 1873 2456 parvula

1043 2461 1292 2503 benedictio
1320 2466 1463 2503 totum
1490 2460 1711 2501 hominem
1738 2460 1781 2499 in
1809 2472 1872 2499 se-

1043 2521 1184 2570 ipsam
1199 2515 1389 2565 attrahit‚
1409 2522 1454 2557 et
1469 2529 1548 2557 sua
1562 2516 1702 2566 gratia
1716 2515 1871 2566 replet:

1044 2578 1087 2614 et
1106 2574 1191 2614 hoc
1209 2572 1343 2613 modo
1364 2573 1408 2612 in
1426 2571 1555 2613 nobis
1571 2571 1768 2612 Christus
1784 2582 1870 2609 ma-

1043 2634 1128 2679 net,
1148 2634 1191 2670 et
1209 2641 1290 2669 nos
1309 2628 1353 2668 in
1374 2627 1562 2669 Christo.

1098 2696 1148 2745 R.
1173 2693 1257 2743 Qui
1275 2692 1522 2734 manducat.
1552 2699 1598 2732 ut
1619 2703 1760 2742 supra.
