2040 2944
193 155 286 199 [296]
329 159 332 163 '

194 252 440 294 constantia
493 250 711 293 toleravit.
780 250 1025 291 Accessere

193 307 336 349 morbi
363 320 520 359 graves
550 311 593 348 et
623 305 832 354 diuturni,
866 305 1025 357 quibus

192 363 392 406 levandis
411 363 608 406 remedia
627 376 652 404 a
669 361 854 404 medicis
874 361 1026 403 oblata

192 420 421 462 nocebant.
454 421 576 462 Inter
599 419 696 461 haec
719 419 794 460 illa
811 419 856 459 in
876 418 1024 460 divino

194 477 353 518 Christi
373 477 511 518 corde
530 476 753 529 absorpta,
775 479 820 517 et
838 475 938 526 igne
957 487 1024 516 ca-

191 533 333 574 ritatis
363 534 455 585 ejus
486 533 663 574 incensa
696 531 824 585 plura
854 536 898 573 et
929 544 1024 582 gra-

191 589 314 630 viora
334 589 427 642 pati
446 601 621 642 semper
642 588 838 641 optabat.
872 588 1025 629 Extre-

191 659 311 686 mum
337 645 542 687 morbum
570 644 890 697 patientissime
917 644 1024 686 tole-

191 702 305 743 ranti
326 701 475 743 subito
496 701 632 743 divini
649 700 797 753 iudicii
813 701 1025 751 cogitatio

191 762 361 799 tantum
384 758 531 810 injecit
553 763 730 807 metum,
756 763 804 799 ut
823 770 923 799 cum
941 762 1025 798 tre-

190 816 314 856 more
333 827 385 856 ac
400 815 507 856 fletu
524 814 791 856 Crucifixum
807 813 1025 865 stringens

191 871 538 912 misericordiam
553 871 635 912 sibi
654 871 926 923 precaretur:
946 868 1027 911 sed

190 939 294 968 mox
318 927 644 969 consolationes
669 927 754 968 Dei
776 926 1025 968 laetificave-

191 988 292 1025 runt
311 983 499 1025 animam
516 984 619 1036 ejus.
646 983 785 1034 Igitur
800 987 1027 1034 tamquam

191 1042 495 1081 consummata
519 1039 716 1081 caritatis
739 1039 927 1087 victima,
955 1037 1026 1080 die

191 1094 361 1137 decima
381 1096 570 1148 septima
590 1095 799 1138 Octobris
818 1094 875 1137 ad
895 1107 1025 1148 spon-

191 1164 289 1193 sum
321 1152 530 1203 evolavit,
563 1165 702 1194 annos
731 1157 834 1193 nata
862 1156 953 1193 tres
983 1157 1027 1194 et

192 1208 495 1260 quadraginta.
540 1209 779 1251 Coelestem
811 1209 903 1260 ejus
934 1208 1025 1260 glo-

190 1265 300 1306 riam
314 1265 525 1307 miracula
537 1265 919 1315 confirmaverunt,
936 1265 1025 1317 qui-

190 1321 272 1363 bus
291 1322 374 1363 rite
396 1322 612 1374 probatis,
638 1334 736 1363 eam
753 1321 857 1362 Pius
884 1334 1026 1363 nonus

189 1378 394 1420 Pontifex
420 1378 638 1420 Maximus
665 1391 825 1429 magna
850 1378 1026 1431 piorum

189 1434 483 1485 gratulatione
511 1434 845 1487 quartodecimo
864 1434 1025 1476 Kalen-

191 1489 271 1532 das
292 1491 500 1533 Octobris
525 1491 626 1532 anni
647 1490 867 1532 millesimi
891 1491 1025 1533 octin-

189 1547 421 1598 gentesimi
453 1548 716 1598 sexagesimi
749 1547 894 1600 quarti
923 1547 1024 1590 bea-

189 1605 334 1646 tarum
358 1604 591 1655 Virginum
617 1604 753 1646 co'etui
777 1603 1025 1657 adscripsit.

242 1671 291 1720 R.
320 1668 572 1712 Afferentur
592 1669 715 1722 Regi.
737 1669 815 1722 [91]

243 1738 283 1771 ln
309 1739 372 1772 ΙΙΙ.
399 1739 599 1774 Nocturno
623 1741 791 1775 [loniilia
819 1742 856 1775 in
875 1743 1021 1786 Evang.

191 1786 612 1879 ῗὶίιῗιιίἰεῖἑὲιθὲιιιιιιι.
640 1789 686 1822 de
714 1790 850 1823 eodem
876 1791 1021 1825 Comm.

402 1923 487 1965 Die
506 1924 564 1964 21.
585 1923 805 1966 Octobris.

191 1991 260 2032 SS.
286 1990 487 2034 Ursulae
511 1998 554 2032 et
578 1992 764 2034 Sociar.
793 1994 833 2033 V
837 1994 1023 2043 irginum

442 2055 485 2089 et
516 2050 767 2101 Martyrum.

528 2119 689 2161 Duplex.

245 2176 378 2210 Omnia
416 2178 461 2215 dc
489 2179 692 2213 Communi
719 2181 823 2223 Yirg.
855 2187 891 2216 ct
916 2183 1022 2218 Mart.

191 2224 263 2267 [83]
292 2233 430 2266 practer
456 2229 666 2269 sequentia.

244 2279 285 2312 In
320 2282 491 2324 utrisque
519 2284 704 2327 Vcspcris
731 2286 779 2319 ad
805 2286 960 2329 Magnif.
988 2293 1023 2322 et

194 2327 230 2360 in
252 2327 369 2360 Laud.
396 2330 444 2362 ad
467 2331 606 2365 Bcncd.

247 2385 345 2422 Ant.
374 2383 612 2426 l'rudentes
632 2386 849 2437 Virgines,
871 2390 1023 2440 aptate

192 2443 362 2480 vestras
398 2439 643 2492 lampades:
690 2455 794 2484 ecce
832 2457 1023 2496 sponsus

193 2493 322 2544 venit,
351 2498 466 2537 exite
495 2497 670 2539 obviam
699 2499 749 2540 ei.

249 2553 297 2604 V.
342 2559 634 2603 Adducentur
670 2564 783 2614 Regi
816 2565 1022 2616 Virgines

190 2622 293 2669 post
326 2628 434 2657 eam.
482 2616 529 2665 Κν-
556 2618 772 2661 Proximae
803 2622 894 2672 ejus
922 2621 1023 2663 affe-

192 2675 343 2715 rentur
369 2672 461 2714 tibi.

544 155 615 189 Die
637 156 689 189 21.
716 155 795 189 Oct.
843 156 900 190 Ss.
926 156 1080 191 Ursulae
1106 163 1142 192 ct
1167 158 1251 192 Soc.
1276 158 1382 201 Virg.
1410 163 1446 192 et
1469 158 1556 192 Mm.

1415 253 1579 295 Oratio.

1168 326 1193 354 a
1238 312 1388 362 nobis,
1434 314 1687 365 quaesumus
1722 312 1914 354 Domine

1200 370 1322 411 Deus
1346 374 1513 411 noster:
1538 370 1790 410 sanctarum
1813 368 1912 410 Vir-

1079 426 1228 477 ginum
1254 431 1298 468 et
1317 426 1563 479 Martyrum
1585 427 1761 467 tuarum
1780 425 1913 468 Ursu-

1079 483 1134 524 1ae
1159 489 1203 525 et
1222 483 1452 524 Sociarum
1476 483 1568 534 ejus
1585 481 1757 535 palmas
1774 482 1912 524 inces-

1079 539 1207 582 sabili
1227 539 1464 581 devotione
1483 538 1700 588 venerari3
1723 543 1782 588 ut,
1805 551 1914 591 quas

1080 595 1211 647 digna
1237 601 1386 637 mente
1414 608 1504 637 non
1530 597 1770 648 possumus
1802 595 1913 636 cele-

1079 652 1220 703 brare,
1238 651 1475 693 humilibus
1495 652 1653 693 saltem
1667 651 1914 703 frequente-

1079 722 1176 751 mus
1197 709 1436 761 obsequiis.
1463 709 1548 750 Per
1568 708 1819 750 Dominum.

1134 784 1181 818 Et
1210 784 1251 817 fit
1282 794 1478 818 commem.
1510 783 1545 818 S.
1570 784 1787 820 Hilarionis
1810 786 1910 820 Abb.

1131 846 1231 885 Ant.
1252 843 1463 885 Similabo
1484 855 1584 885 eum
1599 842 1695 884 viro
1716 842 1915 896 sapienti,

1081 900 1156 952 qui
1175 899 1413 942 aedificavit
1437 898 1619 942 domum
1638 912 1764 941 suam
1783 912 1915 952 supra

1079 962 1264 1010 petram.

1131 1024 1181 1075 V.
1201 1025 1382 1068 Amavit
1406 1038 1508 1068 eum
1525 1025 1755 1076 Dominus,
1779 1029 1823 1066 et
1847 1036 1914 1066 or-

1080 1083 1203 1124 navit
1235 1095 1346 1124 eum.
1387 1084 1437 1136 R·.
1469 1082 1639 1125 Stolam
1669 1081 1823 1133 gloriae
1853 1083 1914 1122 in-

1080 1138 1175 1181 duit
1203 1151 1313 1181 eum.

1418 1202 1581 1243 Oratio.

1127 1266 1370 1307 ntercessio
1402 1278 1501 1315 nos,
1541 1266 1795 1317 quaesumus
1824 1264 1913 1305 Do-

1143 1321 1277 1371 mine,
1305 1322 1425 1364 beati
1453 1322 1697 1363 Hilarionis
1723 1319 1914 1363 Abbatis

1079 1378 1375 1420 commendet:
1406 1384 1456 1421 ut
1485 1378 1608 1431 quod
1633 1378 1799 1420 nostris
1825 1378 1911 1418 me-

1078 1433 1175 1476 ritis
1198 1447 1286 1476 non
1310 1435 1522 1485 valemus,
1549 1436 1641 1488 ejus
1665 1433 1912 1487 patrocinio

1078 1493 1375 1543 assequamur.
1403 1492 1489 1534 Per
1506 1491 1757 1533 Dominum.

1132 1568 1174 1602 In
1210 1569 1235 1602 I.
1266 1569 1467 1603 Noeturno
1495 1566 1700 1602 Lectiones
1734 1568 1781 1602 de
1815 1567 1912 1602 Scri-

1081 1620 1192 1659 ptura
1218 1620 1452 1651 occurrente.

1239 1703 1245 1707 “
1305 1699 1354 1738 In
1381 1699 1432 1738 ΙΙ.
1461 1698 1686 1738 Nocturno.

1384 1768 1537 1808 Lectio
1559 1768 1611 1808 iv.

1113 1849 1131 1885 z-T'
1149 1857 1166 1884 5
1179 1841 1284 1889 χιιιιι
1299 1829 1463 1871 saeculo
1480 1829 1636 1882 quinto
1656 1830 1747 1871 fere
1763 1829 1911 1872 medio

1114 1887 1176 1934 εἰῶ
1198 1913 1201 1926 2
1228 1886 1367 1929 Attila
1385 1887 1648 1928 Hunnorum
1674 1886 1765 1928 dux
1784 1899 1810 1928 a
1827 1886 1912 1939 pri-

1151 1943 1195 1970 Α·
1226 1956 1298 1984 ma
1317 1955 1397 1984 sua
1411 1943 1456 1983 in
1472 1942 1640 1984 Gallias
1656 1943 1912 1995 irruptione,

1077 2001 1152 2043 ubi
1175 2001 1234 2043 ad
1254 1999 1544 2042 Catalaunum
1565 1999 1829 2052 profligatus
1847 2000 1910 2041 fu-

1077 2062 1186 2107 erat,
1218 2057 1263 2098 in
1290 2056 1563 2097 Pannoniam
1593 2055 1911 2106 revertebatur,

1077 2116 1314 2165 antequam
1342 2112 1547 2154 Rhenum
1574 2113 1809 2164 trajiceret,
1836 2125 1911 2154 no-

1075 2170 1334 2212 bilissimam
1348 2169 1504 2210 urbem
1517 2168 1748 2210 Coloniam
1762 2169 1912 2222 Agrip-

1076 2229 1225 2279 pinam
1244 2225 1509 2276 aggreditur,
1529 2229 1573 2266 et
1592 2224 1651 2267 ob
1671 2224 1823 2267 odium
1842 2238 1910 2267 ca-

1075 2283 1253 2324 tholicae
1272 2282 1508 2333 religionis,
1528 2294 1628 2334 quae
1645 2281 1706 2324 ibi
1720 2282 1911 2323 maxime

1076 2339 1281 2389 florebat,
1315 2351 1412 2380 eam
1444 2341 1599 2391 rapina
1629 2351 1681 2379 ac
1713 2337 1910 2380 caedibus

1075 2396 1291 2438 vastabat.
1324 2395 1578 2437 Saevissimo
1604 2399 1751 2436 autem
1775 2397 1909 2447 impe-

1074 2458 1123 2494 tu
1159 2452 1337 2494 barbari
1372 2451 1555 2493 libidine
1591 2453 1830 2492 aestuantes
1865 2451 1908 2491 in

1075 2509 1265 2559 virgines
1290 2508 1460 2561 puellas
1485 2506 1726 2557 irruebant,
1758 2520 1858 2559 quae
1885 2520 1910 2548 a

1075 2566 1302 2607 Britannia
1324 2565 1590 2615 emigrantes
1608 2562 1774 2605 ibidem
1793 2576 1908 2605 com-

1067 2622 1378 2671 morabantur:
1401 2621 1514 2661 inter
1537 2632 1647 2671 quas
1666 2620 1908 2672 praeclaris-

1075 2679 1185 2719 sima
1205 2677 1374 2719 exstitit
1396 2677 1521 2727 virgo
1541 2676 1702 2718 Ursula
1720 2676 1909 2726 nomine,
