2040 2944
796 170 973 204 Officium
997 170 1282 204 Defunctorum.

182 261 300 303 nulla
319 266 385 303 est
403 260 662 313 redemptio,
689 261 897 304 miserere
922 262 1010 304 mei

182 319 314 369 Deus,
335 322 379 359 et
397 317 517 358 salva
534 330 616 359 me.
652 315 701 367 Xf.
725 318 846 360 Deus
870 319 915 359 in
934 321 1009 360 no-

182 375 298 416 mine
317 379 394 415 tuo
415 373 583 415 salvum
600 387 671 416 me
690 375 773 425 fac,
801 379 843 416 et
865 375 909 416 in
927 375 1008 417 vir-

183 435 277 473 tute
296 435 372 472 tua
390 429 529 472 libera
547 444 628 473 me.
657 431 778 482 Quia.

292 509 441 550 Lectio
461 510 542 549 viii.
691 509 774 549 Job
796 510 853 549 19.
874 522 906 549 c.

188 568 342 675 pelli
360 582 487 620 meae,
507 571 779 624 consumptis
797 570 1011 621 carnibus,

279 626 465 669 adhaesit
485 639 535 668 os
554 640 715 678 meum,
740 631 783 669 et
802 626 1012 669 derelicta

185 689 286 726 sunt
307 684 613 726 tantummodo
637 684 754 726 labia
772 684 887 725 circa
910 683 1011 725 den-

184 746 252 783 tes
271 753 405 782 meos.
434 740 701 782 Miseremini
719 740 817 790 mei,
838 740 1011 782 misere-

184 797 290 839 mini
320 797 423 847 mei,
457 796 613 838 saltem
644 810 725 839 vos
758 797 886 838 amici
915 797 1011 846 mei,

187 854 288 906 quia
333 866 487 894 manus
523 854 702 895 Domini
746 853 890 904 tetigit
931 866 1013 895 me.

187 911 332 961 Quare
348 910 660 962 persequimini
673 923 743 951 me
759 910 871 951 sicut
882 910 1013 960 Deus,

188 972 231 1009 et
250 966 452 1008 carnibus
472 967 581 1008 meis
599 965 878 1008 saturamini?
908 967 1015 1017 Quis

187 1023 294 1064 mihi
317 1022 484 1064 tribuat
506 1027 555 1065 ut
581 1023 829 1065 scribantur
855 1025 1015 1064 sermo-

187 1093 265 1122 nes
284 1078 392 1121 mei?
422 1079 519 1132 quis
543 1080 648 1121 mihi
673 1080 748 1123 det
766 1084 814 1122 ut
839 1081 1015 1121 exaren-

187 1142 258 1178 tur
279 1137 323 1177 in
341 1135 455 1178 libro
475 1136 589 1189 stylo
610 1137 767 1187 ferreo,
788 1141 832 1178 et
849 1135 1017 1189 plumbi

188 1194 363 1243 lamina,
387 1192 458 1234 vel
482 1193 594 1234 celte
618 1193 875 1246 sculpantur
896 1193 941 1233 in
964 1195 1016 1234 si-

188 1249 292 1292 lice?
328 1250 428 1291 Scio
460 1250 574 1291 enim
599 1249 720 1302 quod
744 1249 1017 1302 Redemptor

190 1319 313 1348 meus
331 1306 454 1356 vivit,
483 1311 527 1348 et
549 1306 594 1347 in
612 1307 851 1348 novissimo
872 1306 942 1347 die
963 1305 1017 1347 de

189 1368 308 1405 terra
334 1366 610 1404 surrecturus
635 1376 747 1404 sum:
776 1367 819 1404 et
846 1375 1018 1404 rursum

191 1418 500 1462 circumdabor
514 1419 629 1472 pelle
643 1432 751 1470 mea,
772 1419 873 1461 etin
888 1431 1018 1461 carne

190 1489 289 1518 mea
320 1475 480 1518 videbo
507 1476 652 1517 Deum
678 1489 835 1518 meum.
879 1476 1019 1526 Quem

191 1533 364 1574 visurus
384 1545 480 1574 sum
500 1545 581 1584 ego
599 1533 711 1585 ipse,
737 1537 780 1574 et
800 1532 916 1574 oculi
934 1532 1019 1574 mei

193 1589 474 1642 conspecturi
492 1593 610 1639 sunt,
636 1594 680 1631 et
697 1602 786 1630 non
806 1589 930 1630 alius:
955 1601 1018 1630 re-

192 1646 337 1698 posita
369 1650 437 1688 est
468 1645 564 1687 haec
596 1658 698 1698 spes
725 1658 824 1687 mea
851 1646 895 1686 in
923 1646 1020 1687 sinu

192 1715 303 1745 meo.

247 1767 296 1817 Rs.
347 1764 535 1806 D6mine
584 1764 825 1806 secundum
874 1768 1021 1805 actum

194 1833 339 1862 meum
370 1820 461 1862 noli
491 1833 562 1863 me
589 1820 794 1872 judicare:
827 1820 933 1861 nihil
960 1820 1020 1862 di-

194 1889 327 1927 gnum
353 1877 398 1918 in
430 1879 672 1930 conspectu
697 1882 773 1919 tuo
803 1877 885 1928 egi:
915 1876 1017 1918 ideo

196 1933 412 1986 deprecor
442 1934 713 1985 maiestatem
743 1939 878 1984 tuam,
907 1939 929 1961 *
961 1933 1020 1975 Ut

195 1994 245 2031 tu
262 1990 384 2032 Deus
406 1989 554 2031 deleas
575 1990 851 2043 iniquitatem
869 2002 1021 2032 meam.

199 2042 246 2093 X
278 2046 480 2099 Amplius
511 2046 610 2089 lava
641 2060 711 2089 me
743 2047 933 2089 D6mine
964 2045 1019 2088 ab

196 2103 404 2155 injustitia
436 2116 549 2154 mea,
587 2108 630 2146 et
667 2116 693 2144 a
728 2103 890 2146 delicto
923 2115 1021 2144 meo

196 2158 359 2201 munda
375 2172 456 2201 me.
488 2160 558 2202 Ut.

302 2234 452 2275 Lectio
473 2235 525 2274 ix.
691 2234 775 2275 Job
796 2237 858 2275 10.
879 2235 916 2276 d.

281 2310 385 2339 uare
405 2298 460 2340 de
479 2299 609 2341 vulva
629 2298 817 2341 eduxisti
835 2298 928 2341 me?
950 2300 1023 2352 qui
1103 2290 1193 2361 ΜΤ

292 2354 455 2395 utinam
483 2359 770 2409 consumptus
799 2369 941 2398 essem
968 2369 1023 2398 ne
1112 2354 1182 2376 *ὶὲ’ἕέ

199 2409 351 2451 oculus
375 2423 445 2452 me
464 2411 642 2454 videret.
675 2413 874 2454 Fuissem
899 2412 1023 2465 quasi

199 2479 287 2507 non
307 2479 465 2517 essem,
490 2468 544 2509 de
563 2471 690 2510 utero
710 2469 948 2510 translatus
968 2468 1024 2510 ad

199 2522 423 2564 tumulum.
458 2523 684 2576 Numquid
710 2538 798 2566 non
826 2526 1024 2578 paucitas

201 2579 369 2620 dierum
387 2582 585 2621 meorum
603 2582 776 2623 finietur
795 2580 939 2624 brevi?
965 2581 1024 2622 di-

200 2637 324 2677 mitte
343 2647 447 2686 ergo
467 2649 553 2686 me,
578 2642 627 2678 ut
650 2638 855 2690 plangam
874 2637 1025 2690 palilu-

202 2692 292 2733 lum
311 2691 511 2734 dolorem
525 2706 685 2735 meum:
706 2697 940 2747 antequam
955 2707 1024 2735 va-

1062 262 1179 311 dam,
1212 266 1255 303 et
1281 274 1370 303 non
1397 263 1607 312 revertar,
1639 260 1695 303 ad
1725 266 1888 303 terram

1061 319 1343 361 tenebrosam
1366 323 1410 360 et
1429 320 1629 371 opertam
1646 318 1799 359 mortis
1820 330 1887 359 ca-

1062 375 1208 428 ligine:
1232 380 1396 417 terram
1418 375 1605 416 miseriae
1625 379 1669 416 et
1691 374 1887 416 tenebra-

1063 445 1173 482 rum,
1201 431 1277 473 ubi
1302 430 1458 473 umbra
1480 431 1650 481 mortis,
1678 435 1722 472 et
1745 430 1888 472 nullus

1065 487 1192 538 ordo,
1221 488 1300 529 sed
1328 487 1618 540 sempiternus
1644 487 1803 529 horror
1828 487 1888 528 in-

1064 545 1241 587 habitat.

1119 611 1170 662 Ru
1184 610 1344 652 Libera
1361 622 1432 651 me
1450 609 1637 651 D6mine
1656 609 1712 651 de
1730 609 1811 652 viis
1829 609 1890 650 in-

1067 667 1185 717 ferni,
1207 667 1280 719 qui
1298 671 1452 719 portas
1469 668 1607 707 aereas
1625 666 1891 718 confregisti:

1069 729 1112 766 et
1129 723 1316 765 visitasti
1334 723 1563 773 infernum,
1588 728 1632 764 et
1651 722 1810 765 dedisti
1829 723 1891 764 eis

1067 780 1229 831 lumen,
1253 785 1302 822 ut
1319 779 1519 822 viderent
1542 784 1601 821 te:
1619 781 1641 803 *
1663 779 1747 830 Qui
1770 783 1892 821 erant

1066 837 1110 877 in
1129 837 1274 890 poenis
1296 835 1586 878 tenebrarum.
1621 831 1672 882 V.
1696 835 1892 877 Claman-

1067 897 1134 935 tes
1154 898 1198 934 et
1221 893 1433 934 dicentes:
1458 892 1689 934 Advenisti
1707 891 1893 934 Redem-

1067 954 1171 1002 ptor
1189 954 1348 991 noster.
1389 949 1482 999 Qui.
1519 946 1569 997 Xs.
1597 949 1814 1001 Requiem
1840 961 1893 989 ae-

1070 1008 1250 1048 ternam.
1279 1006 1373 1056 Qui.

1122 1069 1295 1113 Sequens
1328 1070 1371 1115 R«.
1405 1070 1546 1105 dicitur
1578 1066 1822 1103 solummodo
1853 1066 1893 1099 in

1070 1118 1132 1152 dic
1165 1117 1372 1153 Commem.
1406 1118 1576 1153 omnium
1605 1116 1893 1156 Defunctorum‚

1070 1170 1107 1201 et
1140 1166 1461 1210 quandocumque
1498 1176 1568 1210 pro
1600 1163 1803 1200 Defunctis
1839 1162 1894 1196 di-

1070 1220 1206 1249 cuntur
1228 1215 1269 1249 ix
1291 1214 1504 1250 Lectiones.

1122 1271 1173 1322 Rz.
1195 1271 1355 1314 Libera
1377 1284 1448 1312 me
1467 1271 1657 1312 Domine
1677 1270 1733 1312 de
1753 1274 1896 1312 morte

1072 1330 1237 1370 aeterna
1246 1329 1290 1369 in
1302 1328 1373 1370 die
1384 1327 1458 1369 illa
1467 1327 1707 1369 tremenda:
1718 1328 1740 1353 *
1753 1328 1895 1378 Quan-

1072 1385 1130 1426 do
1159 1385 1260 1426 coeli
1286 1383 1493 1426 movendi
1520 1388 1621 1425 sunt
1648 1389 1692 1425 et
1717 1389 1850 1426 terra:
1871 1383 1894 1408 *

1072 1442 1190 1483 Dum
1203 1441 1374 1483 veneris
1389 1440 1581 1492 judicare
1596 1440 1806 1482 saeculum
1819 1453 1899 1493 per

1072 1499 1226 1549 ignem.
1244 1491 1294 1543 Xs.
1310 1498 1523 1539 Tremens
1538 1496 1678 1538 factus
1694 1510 1791 1539 sum
1806 1509 1898 1549 eg0‚

1073 1559 1117 1596 et
1147 1557 1301 1604 timeo,
1335 1553 1439 1595 dum
1471 1552 1687 1596 discussio
1719 1553 1897 1603 venerit,

1073 1617 1205 1663 atque
1219 1614 1404 1653 ventura
1417 1611 1492 1652 ira.
1512 1610 1708 1660 Quando.
1727 1601 1778 1654 V·
1791 1610 1898 1652 Dies

1074 1668 1164 1718 illa,
1189 1667 1283 1710 dies
1300 1667 1394 1718 irae,
1419 1667 1680 1708 calamitatis
1705 1671 1749 1709 et
1772 1666 1898 1708 mise-

1073 1724 1166 1774 riae,
1200 1724 1293 1766 dies
1326 1736 1485 1775 magna
1514 1729 1558 1766 et
1585 1725 1732 1765 amara
1759 1722 1899 1766 valde.

1074 1781 1202 1822 Dum.
1242 1775 1292 1828 XV.
1327 1781 1543 1833 Requiem
1575 1782 1793 1822 aetemam.
1831 1779 1899 1820 Li-

1076 1837 1183 1879 bera
1200 1850 1281 1879 me.
1300 1847 1440 1886 usque
1459 1834 1515 1875 ad
1534 1835 1721 1886 primum
1742 1832 1791 1881 Xs.

1332 1927 1410 1968 Ad
1435 1927 1643 1969 Laudes.

1287 1994 1475 2029 Absolute
1501 1993 1691 2037 incipitur.

1127 2056 1227 2097 Ant.
1251 2055 1547 2097 Exsultabunt
1567 2057 1591 2082 *
1613 2054 1805 2096 D6mino
1830 2065 1897 2094 os-

1076 2124 1124 2153 sa
1142 2111 1380 2154 humiliata.

1345 2181 1543 2222 Psalmus
1562 2182 1632 2221 50.

1083 2264 1105 2287 m
1214 2242 1395 2284 'serere
1421 2242 1508 2283 mei
1534 2241 1672 2290 Deus,
1698 2240 1722 2266 *
1750 2241 1899 2280 secun-

1214 2295 1228 2351 ’ξ
1259 2297 1364 2340 dum
1413 2310 1616 2350 magnam
1659 2296 1899 2337 misericor·
1946 2313 1948 2315 ·

1194 2342 1229 2376 -Ψ
1259 2355 1375 2397 diam
1402 2360 1533 2397 tuam.

1127 2413 1183 2453 Et
1209 2411 1450 2454 secundum
1477 2409 1800 2452 multitudinem
1825 2408 1900 2449 mi-

1077 2469 1343 2510 serationum
1368 2470 1558 2518 tuarum,
1576 2467 1600 2493 *
1624 2466 1722 2508 dele
1748 2464 1900 2517 iniqui-

1076 2528 1212 2567 tatem
1230 2537 1383 2566 meam.

1128 2581 1331 2633 Amplius
1358 2580 1457 2620 lava
1483 2591 1553 2620 me
1585 2578 1640 2620 ab
1672 2578 1901 2632 iniquitate

1077 2651 1189 2680 mea:
1199 2639 1222 2664 *
1235 2642 1279 2679 et
1293 2650 1319 2678 a
1331 2638 1517 2689 peccato
1531 2648 1631 2677 meo
1645 2634 1808 2677 munda
1821 2645 1902 2675 me.

1130 2694 1346 2745 Quoniam
1363 2692 1640 2745 iniquitatem
1657 2705 1800 2734 meam
1819 2702 1901 2742 ego
