2040 2944
152 282 302 331 homo,
328 282 448 323 vivet
465 281 509 322 in
528 293 591 323 ea.
627 281 737 331 Quae
762 286 909 324 autem
929 294 984 323 ex

151 337 239 380 fide
260 343 326 380 est
344 337 522 389 justitia,
547 337 611 379 sic
630 336 751 379 dicit:
776 337 846 380 Ne
866 337 984 379 dixe-

152 395 212 436 ris
236 395 279 435 in
304 394 439 436 corde
462 399 555 435 tuo:
583 394 692 444 Quis
712 394 922 437 ascendet
941 395 985 435 in

152 449 333 493 coelum?
354 450 399 492 id
415 456 493 500 est,
512 450 734 492 Christum
749 450 984 493 deducere:

152 509 242 549 Aut
276 507 373 560 quis
406 506 647 550 descendet
678 508 723 549 in
750 507 984 561 abyssum?

151 564 235 606 hoc
254 569 339 613 est,
366 563 589 606 Christum
609 578 634 607 a
653 565 840 607 mortuis
860 577 984 607 revo-

152 623 263 663 care.
323 620 412 662 Sed
451 621 557 674 quid
594 620 701 664 dicit
733 620 984 675 Scriptura?

151 678 296 730 Prope
317 682 385 719 est
403 677 588 720 verbum
605 678 650 719 in
669 691 747 720 ore
764 683 854 728 tuo,
879 684 923 721 et
941 679 985 720 in

151 734 288 776 corde
315 740 407 777 tuo:
442 734 529 776 hoc
557 741 625 778 est
652 734 837 777 verbum
864 734 984 786 fidei,

152 791 273 842 quod
300 791 604 844 praedicamus.
646 792 758 842 Quia
786 793 824 833 si
852 792 984 835 confi-

151 848 286 889 tearis
306 848 350 888 in
370 861 447 890 ore
467 853 546 890 tuo
566 848 805 890 Dominum
823 849 849 890 J
851 862 985 899 esum,

152 909 196 946 et
228 904 272 945 in
305 904 441 947 corde
474 910 552 947 tuo
588 905 830 947 credideris
864 906 985 958 quod

151 961 272 1002 Deus
304 961 427 1003 illum
459 962 691 1004 suscitavit
723 975 749 1004 a
778 963 985 1013 mortuis,

151 1019 299 1061 salvus
321 1019 416 1060 eris.

207 1079 258 1129 R.
282 1075 393 1117 Cum
416 1075 746 1128 perambularet
769 1076 986 1117 Dominus

150 1133 269 1184 juxta
292 1145 413 1174 mare
434 1132 648 1182 Galilaeae,
677 1132 787 1175 vidit
805 1133 986 1174 Petrum

152 1195 195 1231 et
215 1189 441 1231 Andream
460 1189 572 1231 retia
592 1189 817 1231 mittentes
836 1189 880 1230 in
898 1202 986 1231 ma-

151 1259 209 1296 re,
230 1252 274 1288 et
292 1246 471 1288 vocavit
490 1258 578 1296 eos,
599 1245 763 1288 dicens:
785 1250 807 1274 *
825 1247 986 1288 Venite

151 1308 256 1355 post
279 1315 368 1353 me,
396 1302 554 1344 faciam
573 1315 655 1344 vos
680 1303 776 1345 fieri
795 1304 985 1356 piscato-

151 1372 222 1401 res
239 1359 477 1400 hominum.
501 1357 553 1408 ys·
563 1360 701 1402 Erant
716 1360 832 1402 enim
846 1361 986 1413 pisca-

151 1418 284 1466 tores
305 1421 349 1457 et
368 1417 429 1458 ait
447 1416 543 1458 illis.
571 1417 743 1458 Venite.

464 1476 618 1517 Lectio
638 1476 677 1516 ii.

158 1526 342 1633 Corde
358 1529 472 1570 enim
483 1527 676 1570 creditur
692 1528 987 1581 adjustitiam:

254 1598 331 1628 ore
354 1591 503 1628 autem
529 1585 748 1627 confessio
773 1586 823 1627 fit
846 1586 903 1628 ad
923 1600 987 1628 sa-

152 1643 299 1685 lutem.
315 1642 433 1684 Dicit
444 1642 560 1684 enim
571 1642 811 1695 Scriptura:
823 1643 987 1693 Omnis,

155 1700 229 1752 qui
249 1699 390 1741 credit
413 1700 456 1740 in
474 1699 614 1749 illum,
642 1712 731 1740 non
751 1699 986 1742 confunde-

153 1762 236 1798 tur.
264 1756 366 1798 Non
384 1756 499 1798 enim
518 1762 586 1799 est
604 1756 828 1798 distinctio
844 1756 869 1797 J
871 1756 989 1798 udaei

154 1818 198 1854 et
226 1813 387 1855 Graeci:
418 1827 521 1856 nam
553 1813 671 1855 idem
698 1813 915 1855 Dominus
944 1816 987 1856 o-

153 1870 334 1920 mnium,
369 1869 493 1912 dives
517 1870 562 1911 in
587 1882 740 1912 omnes
767 1870 842 1922 qui
868 1873 988 1912 invo-

155 1931 257 1968 cant
280 1926 413 1967 illum.
454 1927 607 1968 Omnis
633 1927 764 1976 enim,
794 1927 988 1979 quicum-

157 1995 242 2034 que
283 1982 556 2025 invocaverit
595 1996 756 2025 nomen
791 1983 988 2034 Domini,

157 2038 304 2080 salvus
332 2039 425 2081 erit.
471 2039 708 2090 Quomodo
734 2052 839 2090 ergo
867 2040 987 2082 invo-

157 2095 333 2146 cabunt,
361 2096 405 2137 in
425 2110 556 2149 quem
575 2109 664 2138 non
684 2095 988 2139 crediderunt?

156 2152 246 2194 Aut
284 2153 510 2204 quomodo
547 2153 729 2196 credent
761 2153 816 2203 ei,
858 2166 990 2205 quem

156 2222 243 2250 non
272 2209 526 2252 audierunt?
575 2210 812 2261 Quomodo
842 2215 990 2253 autem

158 2266 338 2308 audient
361 2267 453 2309 sine
472 2266 768 2320 praedicante?
797 2268 989 2318 Quomo-

159 2322 217 2364 do
250 2335 356 2365 vero
382 2323 687 2376 praedicabunt
710 2324 794 2365 nisi
817 2324 989 2366 mittan-

158 2378 251 2420 tur?
274 2379 386 2421 sicut
406 2381 619 2433 scriptum
633 2386 717 2423 est:
737 2382 878 2432 Quam
893 2394 989 2436 spe->

159 2435 268 2476 ciosi
304 2436 442 2488 pedes
485 2437 880 2489 evangelizantium
916 2452 990 2492 pa-

160 2505 266 2542 cem,
290 2505 342 2533 ev
346 2493 683 2543 angelizantium
702 2494 834 2536 bona!

213 2553 263 2603 Ru
294 2549 400 2590 Mox
425 2555 473 2592 ut
497 2563 654 2592 vocem
676 2552 855 2593 Domini
879 2564 990 2604 prae-

160 2605 348 2648 dicantis
385 2606 552 2649 audivit
586 2607 743 2650 beatus
776 2607 991 2658 Andreas,

160 2663 325 2705 relictis
344 2663 528 2738 retibus,
555 2678 743 2716 quorum
766 2679 850 2707 usu
873 2668 990 2707 actu-

161 2732 246 2771 que
266 2714 501 2771 vivebat*
520 2721 717 2763 AEternae
741 2722 845 2763 vitae
870 2724 990 2763 secu-

624 187 695 221 Die
720 187 779 221 30.
806 186 903 220 Nov.
951 186 986 221 S.
1013 186 1183 220 Andreae
1208 185 1403 229 Apostoli.

1037 285 1109 322 tus
1129 285 1198 323 est
1215 279 1399 334 praemia
1418 279 1687 331 largientem.
1720 275 1772 328 V.
1785 279 1871 321 Hic

1038 342 1106 379 est
1131 337 1205 390 qui
1232 349 1316 390 pro
1342 338 1493 378 amore
1520 335 1683 378 Christi
1707 338 1868 390 pepen-

1039 395 1103 438 dit
1119 395 1163 436 in
1183 406 1330 444 cruce,
1351 398 1395 436 et
1413 406 1497 446 pro
1517 392 1616 444 lege
1634 394 1725 446 ejus
1744 396 1870 436 susti-

1038 453 1132 494 nuit
1150 450 1413 504 passionem.
1441 450 1653 492 AEternae.

1342 519 1496 560 Lectio
1515 518 1572 559 iii.

1045 574 1173 682 Sed
1192 589 1281 618 non
1309 589 1462 619 omnes
1492 575 1705 618 obediunt
1731 575 1871 618 Evan-

1121 634 1249 686 gelio.
1282 634 1422 675 Isaias
1442 633 1558 675 enim
1577 631 1700 675 dicit:
1723 632 1872 674 Domi-

1038 703 1093 733 ne
1131 691 1229 743 quis
1266 689 1454 732 credidit
1490 689 1659 731 auditui
1694 688 1873 731 nostro?

1038 747 1156 798 Ergo
1182 746 1295 789 fides
1322 760 1377 788 ex
1401 745 1571 795 auditu,
1600 745 1777 788 auditus
1801 759 1872 788 au-

1038 809 1129 846 tem
1146 816 1228 857 per
1247 803 1432 845 verbum
1449 803 1624 844 Christi.
1651 802 1740 845 Sed
1759 802 1874 845 dico:

1038 859 1267 913 Numquid
1295 873 1384 902 non
1409 857 1664 901 audierunt?
1699 860 1756 901 Et
1783 860 1874 911 qui-

1040 916 1142 959 dem
1170 917 1214 958 in
1243 929 1420 958 omnem
1448 921 1612 958 terram
1642 916 1778 958 exivit
1805 929 1873 958 so-

1039 986 1121 1014 nus
1140 975 1310 1023 eorum,
1339 978 1384 1015 et
1405 973 1449 1013 in
1472 972 1583 1014 fines
1603 972 1725 1014 orbis
1743 977 1875 1014 terrae

1040 1030 1177 1072 verba
1196 1033 1360 1072 eorum.
1397 1029 1486 1071 Sed
1505 1029 1621 1071 dico:
1647 1029 1876 1082 Numquid

1039 1087 1178 1129 Israel
1206 1100 1295 1129 non
1323 1086 1553 1138 cognovit?
1582 1086 1758 1127 Primus
1783 1086 1875 1127 Mo-

1039 1157 1141 1197 yses
1171 1144 1291 1186 dicit:
1332 1144 1429 1195 Ego
1462 1142 1520 1184 ad
1548 1142 1877 1184 aemulationem

1040 1214 1121 1243 vos
1154 1200 1374 1243 adducam
1406 1201 1450 1241 in
1483 1212 1574 1241 non
1605 1204 1794 1250 gentem:
1831 1199 1876 1240 in

1040 1263 1218 1309 gentem
1250 1257 1546 1310 insipientem,
1580 1256 1625 1297 in
1654 1256 1766 1298 iram
1793 1269 1875 1298 vos

1039 1315 1222 1356 mittam.
1250 1315 1389 1355 Isaias
1409 1318 1558 1355 autem
1576 1312 1725 1363 audet,
1751 1317 1795 1355 et
1814 1312 1876 1355 di-

1041 1372 1116 1413 cit:
1141 1372 1353 1414 Inventus
1373 1384 1471 1412 sum
1490 1384 1515 1412 a
1533 1383 1623 1412 non
1644 1370 1876 1422 quaerenti-

1040 1428 1123 1470 bus
1143 1440 1230 1470 me:
1250 1428 1398 1480 palam
1418 1426 1604 1480 apparui
1622 1426 1692 1476 iis,
1713 1426 1788 1479 qui
1805 1439 1876 1468 me

1040 1497 1128 1526 non
1152 1483 1498 1536 interrogabant.
1540 1483 1615 1525 Ad
1638 1482 1779 1525 Israel
1803 1495 1875 1524 au-

1040 1546 1131 1583 tem
1151 1541 1271 1583 dicit:
1291 1541 1408 1583 Tota
1427 1540 1499 1583 die
1514 1539 1707 1593 expandi
1719 1552 1876 1580 manus

1040 1611 1163 1640 meas
1190 1597 1248 1640 ad
1271 1597 1487 1650 populum
1511 1610 1600 1639 non
1623 1595 1878 1638 credentem

1042 1661 1086 1698 et
1105 1654 1495 1698 contradicentem.

1098 1720 1150 1771 R.
1171 1717 1345 1759 Doctor
1362 1716 1523 1766 bonus,
1542 1720 1588 1757 et
1607 1717 1774 1757 amicus
1791 1714 1878 1757 Dei

1043 1773 1245 1815 Andreas
1266 1772 1442 1815 ducitur
1461 1772 1518 1814 ad
1538 1784 1725 1822 crucem,
1745 1784 1878 1824 quam

1042 1845 1067 1873 a
1086 1831 1218 1882 longe
1233 1830 1452 1883 aspiciens
1469 1828 1596 1871 dixit:
1614 1828 1744 1871 Salve
1759 1841 1878 1879 crux,

1045 1889 1067 1913 *
1085 1888 1270 1953 Suscipe
1290 1886 1556 1940 discipulum
1575 1886 1682 1938 ejus,
1709 1885 1785 1937 qui
1802 1897 1877 1938 pe-

1042 1944 1197 1998 pendit
1224 1945 1268 1985 in
1297 1949 1342 1986 te
1370 1945 1580 1995 magister
1605 1954 1731 1984 meus
1757 1941 1877 1983 Chri-

1043 2007 1147 2044 stus
1194 1994 1247 2046 Υ.
1271 2001 1400 2043 Salve
1427 2013 1552 2050 crux,
1583 2011 1682 2052 quae
1710 1998 1755 2039 in
1784 1999 1877 2039 cor-

1042 2071 1154 2112 pore
1189 2057 1352 2100 Christi
1389 2056 1595 2099 dedicata
1632 2068 1698 2098 es:
1741 2059 1786 2096 et
1823 2067 1878 2096 ex

1042 2115 1251 2157 membris
1271 2115 1362 2167 ejus
1381 2118 1611 2166 tamquam
1627 2110 1878 2162 margaritis

1044 2174 1210 2214 ornata.
1250 2171 1446 2223 Suscipe.
1485 2169 1646 2211 Gloria.
1682 2166 1878 2220 Suscipe.

1281 2249 1330 2287 In
1350 2249 1400 2287 II.
1422 2249 1646 2288 Nocturno.

1098 2315 1198 2355 Ant.
1228 2314 1417 2366 Dignum
1437 2312 1521 2355 sibi
1540 2312 1634 2353 Dns
1651 2312 1877 2363 computa-

1044 2373 1106 2415 vit
1124 2373 1382 2424 Martyrem‚
1412 2382 1544 2423 quem
1561 2367 1739 2410 vocavit
1759 2367 1877 2419 Apo-

1044 2429 1218 2479 stolum,
1241 2428 1347 2470 dum
1366 2431 1484 2469 esset
1498 2425 1543 2466 in
1557 2424 1679 2473 mari,
1694 2423 1878 2476 alleluja.

1102 2490 1200 2530 A.nt
1230 2488 1396 2530 Dilexit
1414 2485 1640 2529 Andream
1662 2485 1878 2527 Dominus

1044 2547 1089 2587 in
1109 2546 1295 2588 odorem
1314 2543 1555 2587 suavitatis.

1100 2611 1198 2651 Ant.
1235 2605 1380 2649 Biduo
1407 2605 1560 2646 vivens
1586 2602 1810 2656 pendebat
1834 2603 1878 2644 in

1045 2678 1175 2707 cruce
1198 2663 1356 2705 beatus
1381 2660 1584 2703 Andreas
1607 2673 1690 2713 pro
1716 2659 1879 2701 Christi

1045 2721 1232 2770 nomine,
1252 2724 1296 2761 et
1317 2718 1507 2761 docebat
1526 2717 1752 2770 populum.
