2040 2944
795 186 833 219 In
859 185 1109 219 Dedicatione
1134 184 1328 218 Ecclesiae.

221 289 351 334 stras,
381 289 423 325 et
446 283 673 325 elevamini
695 286 837 336 portae
861 283 1040 324 aeterna-

220 340 298 382 les:
317 341 340 366 *
360 345 403 382 et
420 339 618 381 introibit
636 339 733 381 Rex
753 339 914 391 gloriae.

271 397 378 447 Quis
403 401 469 438 est
492 396 575 438 iste
598 396 695 437 Rex
716 393 890 447 gloriae?
910 395 933 422 *
952 395 1040 435 Do-

219 453 359 494 minus
383 453 594 495 virtutum
618 453 712 505 ipse
738 457 805 494 est
826 453 923 494 Rex
950 451 1040 503 glo-

218 522 306 551 r1ae.

273 580 369 619 Ant.
424 579 580 621 Tollite
624 583 776 632 portas
820 578 1038 631 principes

218 640 401 685 vestras,
429 640 472 677 et
498 636 727 678 elevamini
751 640 892 688 portae
918 639 1040 676 aeter-

216 691 349 733 nales.

272 766 369 806 Ant.
412 767 506 807 Erit
542 766 649 807 mihi
684 767 708 792 *
744 766 958 808 Dominus
997 764 1040 805 in

218 822 375 872 Deum,
404 827 448 864 et
472 822 583 875 lapis
606 823 689 864 iste
712 822 942 864 vocabitur
965 820 1039 863 do-

217 891 314 919 mus
332 878 427 920 Dei.

486 952 683 991 Psalmus
703 919 788 991 45s

216 1006 381 1112 Deus
400 1024 548 1061 noster
570 1019 801 1070 refugium,
827 1024 870 1061 et
888 1019 1039 1060 virtus:

321 1077 344 1102 *
381 1075 552 1128 adjutor
594 1075 637 1116 in
677 1075 1038 1126 tribulationibus,

217 1145 315 1185 quae
334 1133 590 1175 invenerunt
607 1144 689 1173 nos
708 1132 846 1173 nimis.

266 1190 507 1242 Propterea
538 1202 625 1230 non
657 1188 903 1230 timebimus
935 1188 1039 1230 dum

218 1246 461 1288 turbabitur
493 1251 624 1287 terra:
651 1246 675 1272 *
703 1250 747 1286 et
779 1245 1038 1286 transferen-

214 1308 285 1345 tur
302 1308 474 1345 montes
491 1303 535 1343 in
554 1315 631 1344 cor
648 1302 790 1343 maris.

267 1360 523 1409 Sonuerunt,
539 1364 582 1401 et
595 1358 782 1400 turbatae
799 1363 898 1399 sunt
913 1371 1038 1410 aquae

216 1418 382 1458 eorum:
410 1417 434 1442 *
462 1415 709 1457 conturbati
741 1419 841 1456 sunt
867 1419 1038 1456 montes

215 1473 259 1513 in
278 1472 532 1514 fortitudine
552 1472 653 1524 ejus.

266 1529 475 1570 Fluminis
502 1531 691 1581 impetus
718 1528 911 1569 laetificat
939 1528 1037 1569 civi-

215 1587 350 1628 tatem
368 1586 466 1627 Dei:
484 1586 508 1613 *
528 1585 815 1626 sanctificavit
840 1584 1037 1626 taberna-

215 1642 359 1684 culum
379 1655 504 1684 suum
522 1641 784 1683 Altissimus.

265 1699 386 1741 Deus
405 1699 449 1740 in
462 1697 609 1740 medio
625 1699 724 1750 ejus,
743 1711 831 1740 non
846 1711 1036 1740 commo-

214 1756 401 1797 vebitur:
416 1757 440 1783 *
455 1754 676 1807 adjuvabit
696 1768 791 1797 eam
810 1755 931 1796 Deus
949 1768 1036 1796 ma-

214 1825 268 1854 ne
288 1812 491 1854 diluculo.

266 1868 549 1910 Conturbatae
578 1873 678 1910 sunt
706 1868 881 1918 Gentes,
910 1871 953 1909 et
978 1867 1037 1907 in-

216 1924 374 1967 clinata
401 1929 500 1966 sunt
527 1937 674 1976 regna:
693 1926 717 1952 *
737 1924 857 1966 dedit
883 1936 1038 1965 vocem

215 1995 348 2031 suam,
366 1986 486 2024 mota
506 1986 572 2023 est
590 1987 716 2023 terra.

266 2038 479 2080 Dominus
507 2039 716 2080 virtutum
742 2037 987 2078 nobiscum:
1014 2037 1038 2063 *

215 2096 445 2148 susceptor
467 2100 617 2136 noster
637 2095 758 2135 Deus
781 2092 929 2135 Jacob.

265 2151 438 2201 Venite,
467 2156 510 2193 et
533 2150 676 2193 videte
697 2153 834 2203 opera
851 2149 1038 2199 Domini,

216 2219 313 2259 quae
330 2208 478 2260 posuit
496 2207 696 2260 prodigia
715 2219 847 2260 super
862 2211 1037 2248 terram:

212 2264 237 2290 *
265 2264 463 2306 anferens
498 2264 613 2306 bella
645 2276 784 2315 usque
817 2262 873 2304 ad
907 2262 1037 2304 finem

213 2323 353 2361 terrae.

264 2377 427 2417 Arcum
464 2379 675 2428 conteret,
715 2383 759 2419 et
796 2377 1037 2428 confringet

213 2445 347 2473 arma:
366 2435 389 2459 ¹⁸¹
410 2437 452 2474 et
471 2439 592 2476 scuta
612 2434 841 2476 comburet
859 2433 959 2485 igni.

265 2488 449 2538 Vacate,
478 2494 521 2530 et
548 2490 692 2532 videte
722 2490 926 2542 quoniam
955 2501 1035 2540 ego

214 2558 309 2586 sum
323 2545 456 2586 Deus:
471 2547 494 2572 *
510 2546 735 2588 exaltabor
754 2547 797 2586 in
812 2545 1035 2594 Gentibus,

214 2606 257 2643 et
277 2601 504 2643 exaltabor
522 2602 565 2642 in
584 2608 710 2644 terra.

262 2658 474 2698 Dominus
503 2658 712 2699 virtutum
739 2659 985 2700 nobiscum:
1012 2660 1035 2685 *

212 2716 440 2767 susceptor
460 2719 610 2755 noster
628 2715 748 2756 Deus
767 2715 914 2756 Jacob.

1147 284 1245 326 Ant.
1273 281 1368 323 Erit
1393 281 1499 322 mihi
1522 281 1737 324 Dominus
1763 282 1807 323 in
1832 282 1916 324 De-

1094 351 1182 403 um,
1207 343 1251 380 et
1272 338 1383 391 lapis
1406 338 1488 381 iste
1507 338 1735 381 vocabitur
1759 338 1916 380 domus

1094 395 1245 493 Dat.
1273 452 1527 494 AEdificavit
1545 452 1569 478 *
1585 451 1761 504 Moyses
1779 451 1916 494 altare

1094 509 1283 550 Domino
1301 509 1410 551 Deo.

1366 562 1563 604 Psalmus
1583 562 1647 604 47.

1094 614 1332 720 Magnus
1356 621 1587 671 Dominus,
1615 625 1659 662 et
1686 620 1916 663 laudabilis

1213 677 1339 719 nimis
1359 677 1383 703 *
1402 677 1446 718 in
1465 677 1641 719 civitate
1658 677 1744 720 Dei
1765 677 1917 728 nostri,

1094 734 1138 774 in
1156 739 1304 776 monte
1323 739 1474 776 sancto
1495 735 1596 786 ejus

1144 790 1370 832 Fundatur
1395 790 1684 833 exsultatione
1702 790 1916 832 universae

1092 851 1222 888 terrae
1247 860 1372 889 mons
1395 847 1515 898 Sion,
1533 849 1557 873 *
1575 847 1714 889 latera
1735 847 1915 900 Aquilo·

1092 903 1168 948 nis,
1187 903 1339 945 civitas
1357 904 1490 955 Regis
1508 904 1662 956 magni.

1142 960 1264 1001 Deus
1287 960 1331 1001 in
1351 959 1553 1002 domibus
1573 961 1662 1013 ejus
1682 961 1915 1012 cognosce-

1092 1020 1174 1066 tur,
1196 1017 1220 1042 *
1240 1029 1339 1058 cum
1358 1017 1566 1070 suscipiet
1585 1029 1692 1059 eam.

1146 1073 1361 1124 Quoniam
1385 1086 1488 1115 ecce
1511 1086 1637 1126 reges
1661 1078 1790 1116 terrae
1815 1086 1915 1116 con-

1091 1131 1258 1182 gregati
1304 1135 1419 1172 sunt:
1463 1130 1487 1156 *
1533 1132 1828 1173 convenerunt
1871 1130 1915 1171 in

1091 1200 1235 1228 unum.

1142 1244 1234 1296 Ipsi
1263 1243 1462 1285 videntes
1489 1244 1552 1285 sic
1579 1243 1781 1286 admirati
1803 1247 1914 1294 sunt,

1092 1300 1340 1342 conturbati
1367 1305 1484 1350 sunt,
1518 1300 1726 1342 commoti
1753 1305 1867 1342 sunt:
1890 1300 1915 1327 *

1090 1362 1255 1398 tremor
1274 1356 1563 1410 apprehendit
1583 1370 1670 1399 eos.

1142 1413 1210 1454 Ibi
1238 1413 1414 1455 dolores
1441 1418 1490 1454 ut
1514 1413 1810 1466 parturientis,
1829 1414 1853 1440 *
1870 1413 1915 1454 in

1091 1470 1245 1522 spiritu
1272 1470 1517 1511 vehementi
1549 1472 1751 1512 conteres
1780 1482 1914 1512 naves

1092 1526 1284 1568 Tharsis.

1141 1583 1263 1625 Sicut
1285 1583 1547 1634 audivimuS,
1575 1583 1638 1625 sic
1660 1582 1848 1625 vidimus
1870 1581 1915 1623 in

1091 1639 1268 1682 civitate
1291 1641 1470 1682 Domini
1493 1641 1718 1691 virtutum,
1746 1639 1791 1680 in
1815 1638 1914 1680 civi-

1090 1699 1181 1738 tate
1211 1697 1296 1739 Dei
1327 1697 1480 1739 nostri:
1511 1697 1535 1723 *
1567 1697 1688 1739 Deus
1717 1694 1916 1738 fundavit

1091 1766 1188 1795 eam
1205 1753 1249 1794 in
1268 1755 1490 1795 aeternum.

1141 1810 1420 1863 Suscepimus
1434 1810 1555 1852 Deus
1571 1807 1914 1852 misericordiam

1091 1871 1221 1917 tuam,
1240 1867 1264 1893 *
1282 1867 1326 1908 in
1343 1866 1490 1908 medio
1509 1866 1662 1920 templi
1680 1866 1754 1909 tui.

1142 1923 1390 1965 Secundum
1426 1936 1585 1966 nomen
1620 1928 1743 1966 tuum
1776 1923 1913 1974 Deus,

1092 1980 1154 2022 sic
1178 1985 1221 2022 et
1247 1981 1342 2023 laus
1365 1986 1440 2023 tua
1459 1981 1503 2022 in
1525 1981 1634 2023 fines
1652 1985 1796 2022 terrae:
1813 1980 1837 2007 *
1855 1980 1913 2032 ju-

1091 2037 1208 2078 stitia
1226 2037 1355 2090 plena
1374 2042 1441 2079 est
1459 2037 1639 2079 dextera
1658 2041 1742 2079 tua.

1141 2094 1336 2135 Laetetur
1353 2107 1479 2135 mons
1498 2094 1612 2145 Sion,
1634 2098 1677 2135 et
1696 2092 1914 2135 exsultent

1090 2150 1191 2191 filiae
1222 2150 1247 2191 J
1249 2149 1359 2201 udae,
1386 2151 1410 2177 *
1437 2155 1619 2204 propter
1650 2149 1807 2201 judicia
1838 2153 1913 2190 tua

1089 2206 1288 2248 Domine.

1144 2262 1421 2305 Circumdate
1444 2263 1565 2312 Sion,
1594 2266 1638 2304 et
1663 2261 1911 2315 complecti-

1089 2319 1193 2360 mini
1229 2332 1340 2361 eam:
1371 2320 1394 2346 *
1431 2321 1604 2361 narrate
1640 2318 1683 2359 in
1719 2318 1912 2360 turribus

1090 2389 1191 2428 ejus.

1140 2432 1295 2474 Ponite
1327 2432 1461 2474 corda
1493 2435 1638 2473 vestra
1675 2431 1719 2472 in
1751 2431 1910 2473 virtute

1090 2490 1194 2541 ejus:
1217 2489 1240 2514 *
1267 2494 1310 2530 et
1342 2488 1588 2530 distribuite
1621 2487 1777 2530 domos
1810 2488 1911 2540 ejus,

1087 2550 1135 2586 ut
1154 2545 1362 2586 enarretis
1380 2545 1423 2585 in
1441 2544 1650 2597 progenie
1670 2544 1816 2586 altera.

1140 2601 1352 2652 Quoniam
1371 2600 1442 2642 hic
1461 2605 1527 2642 est
1545 2601 1677 2651 Deus,
1696 2601 1817 2642 Deus
1835 2613 1909 2642 no-

1088 2662 1178 2699 ster
1210 2658 1253 2698 in
1284 2658 1513 2706 aeternum,
1552 2662 1596 2698 et
1626 2657 1670 2698 in
1701 2657 1910 2699 saecujum

1088 2713 1252 2756 saeculi:
1270 2714 1294 2739 *
1312 2714 1407 2765 ipse
1429 2718 1552 2764 reget
1572 2725 1653 2755 nos
1675 2714 1720 2754 in
1738 2713 1910 2755 saecula.
