2040 2944
742 198 952 233 Commune
976 198 1266 243 Apostolorum.

158 321 160 323 »
190 292 278 335 Vos
298 291 559 333 saeculorum
577 290 752 344 judiceS‚

231 350 289 392 Et
307 362 411 391 vera
428 348 580 390 mundi
602 348 775 398 lumina,

156 430 158 432 μ
233 406 361 448 Votis
380 407 612 458 precamur
632 404 843 447 cordium:

233 463 396 505 Audite
414 475 548 504 voces
569 461 826 514 supplicum.

180 527 450 580 Quistempla
469 526 569 568 coeli
589 525 799 576 clauditis,

207 585 425 636 Serasque
443 582 580 625 verbo
600 582 778 632 solvitis,

208 641 302 683 Nos
321 654 347 682 a
366 642 490 682 reatu
507 640 664 681 noxios

208 697 329 739 Solvi
345 696 500 750 jubete,
530 698 790 749 quaesumus.

182 762 412 814 Praecepta
431 766 616 813 quorum
634 759 834 813 protinus

233 818 438 869 Languor
457 817 661 869 salusque
680 817 886 867 sentiunt3

233 875 392 917 Sanate
409 878 578 916 mentes
596 873 839 924 languidas:

233 932 404 983 Augete
422 943 502 972 nos
521 929 768 972 virtutibus:

182 997 250 1048 Ut,
279 1010 378 1039 cum
396 995 556 1038 redibit
575 995 737 1037 arbiter

232 1055 283 1095 In
302 1053 388 1095 fine
408 1052 606 1094 Christus
625 1051 786 1101 saeculi,

234 1111 330 1153 Nos
349 1109 601 1162 sempiterni
619 1108 767 1159 gaudii

236 1166 460 1211 Concedat
479 1178 575 1208 esse
595 1167 834 1219 compotes.

188 1231 313 1283 Patri,
341 1231 556 1284 simulque
574 1230 697 1280 Filio,

234 1289 422 1341 Tibique
442 1291 591 1329 sancte
610 1286 807 1340 Spiritus,

233 1347 354 1389 Sicut
371 1345 461 1395 fuit,
490 1344 546 1386 sit
568 1344 724 1397 jugiter

235 1403 423 1446 Saeclum
431 1414 512 1455 per
523 1413 650 1443 omne
660 1400 810 1452 gloria.
828 1400 981 1442 Amen.

206 1454 258 1507 V.
301 1462 680 1504 Annuntiaverunt
717 1463 852 1514 opera
886 1461 981 1503 Dei.

156 1516 208 1569 Rc·
235 1521 292 1562 Et
310 1520 425 1562 facta
444 1520 534 1571 ejus
553 1518 871 1560 intellexerunt.

209 1575 283 1618 Ad
300 1575 463 1618 Bened.
481 1576 581 1617 Ant.
610 1575 699 1620 Vos
720 1579 794 1631 qui
811 1578 981 1631 reliqui-

158 1638 236 1680 stis
267 1637 291 1664 *
323 1636 482 1685 omnia,
519 1640 564 1677 et
596 1635 735 1677 secuti
766 1635 871 1677 estis
901 1647 982 1684 me,

159 1693 412 1746 centuplum
434 1691 674 1744 accipietis,
707 1696 751 1734 et
770 1692 905 1733 vitam
929 1704 982 1733 ae-

158 1752 327 1792 ternam
345 1748 639 1802 possidebitis.

427 1813 495 1849 Ad
517 1812 720 1850 Tertiam.

213 1866 314 1906 Ant.
341 1864 551 1918 Maiorem
570 1866 807 1908 caritatem.

214 1921 351 1973 Capit.
390 1921 580 1964 Fratres:
619 1922 717 1964 Jam
747 1935 836 1964 non
868 1923 984 1964 estis.

161 1981 208 2019 ut
227 1990 371 2030 supra.
399 1979 473 2031 [12]

211 2034 263 2086 Rz.
277 2033 341 2076 br.
365 2037 416 2077 In
431 2048 606 2077 omnem
622 2040 785 2077 terram
799 2034 822 2059 *
838 2037 984 2078 Exivit

160 2106 293 2135 sonus
312 2095 474 2135 eorum.
501 2093 553 2132 In
577 2105 770 2146 omnem..
790 2083 841 2137 V.
865 2093 923 2134 Et
941 2093 984 2133 in

159 2151 269 2192 fines
313 2149 431 2191 orbis
472 2153 603 2190 terrae
646 2148 781 2191 verba
822 2151 984 2191 eorum.

160 2207 316 2248 Exivit.
345 2204 496 2247 Gloria
513 2205 644 2247 Patri.
672 2206 723 2246 In
742 2218 926 2248 omnem.

212 2254 264 2308 V.
292 2263 541 2304 Constitues
566 2274 642 2304 eos
669 2263 890 2315 principes
918 2276 984 2304 su-

161 2332 240 2372 per
267 2332 441 2361 omnem
468 2323 641 2361 terram.
684 2316 736 2368 Rc.
766 2319 985 2361 Memores

162 2381 287 2418 erunt
305 2376 492 2417 nominis
510 2375 575 2417 tui
592 2375 792 2417 Domine.

437 2441 505 2477 Ad
529 2439 715 2477 Sextam.

215 2490 315 2530 Ant·
334 2488 427 2537 Vos
445 2493 573 2536 amici
591 2493 677 2535 mei
697 2493 811 2535 estis.

267 2548 523 2601 Capitulum.
678 2549 774 2590 Act.
789 2549 826 2589 5.
842 2548 882 2589 b.

246 2623 292 2652 er
315 2623 468 2652 manus
496 2615 643 2653 autem
667 2609 986 2663 Apostolorum

262 2667 425 2710 fiebant
439 2667 563 2719 signa
578 2673 621 2710 et
635 2667 836 2721 prodigia
850 2666 986 2708 multa

163 2724 206 2765 in
225 2723 364 2777 plebe.

1081 294 1133 347 Rz.
1148 293 1210 336 br.
1232 291 1482 333 Constitues
1497 302 1574 332 eos
1592 287 1814 341 principes
1832 297 1855 321 *

1031 350 1171 402 Super
1195 361 1369 390 omnem
1392 352 1566 389 terram.
1595 346 1856 387 Constitues.

1030 400 1081 454 W.
1099 405 1318 447 Memores
1339 409 1465 446 erunt
1483 402 1671 445 nominis
1690 401 1754 443 tui
1768 401 1856 441 Do-

1031 463 1157 504 mine.
1184 462 1335 515 Super.
1363 461 1526 502 Gloria.
1555 459 1816 501 Constitues.

1082 518 1133 572 V.
1161 523 1304 565 Nimis
1318 521 1522 563 honorati
1537 525 1637 562 sunt
1652 519 1781 561 amici
1795 519 1858 560 tui

1031 581 1163 622 Deus.
1214 582 1267 633 Rz.
1302 579 1444 620 Nimis
1482 578 1754 619 confortatus
1791 580 1858 618 est

1032 637 1301 691 principatus
1321 637 1484 677 eorum.

1310 713 1378 750 Ad
1402 714 1586 749 Nonam.

1085 777 1184 817 Ant.
1212 776 1263 816 In
1282 773 1493 827 patientia
1511 777 1669 815 vestra.

1137 846 1395 898 Capitulum.
1551 850 1650 893 Act.
1665 851 1703 890 5.
1720 863 1754 891 c.

1080 907 1186 949 bant
1209 906 1419 960 Apostoli
1442 905 1684 957 gaudentes
1709 917 1735 946 a
1760 917 1859 946 con-

1102 965 1258 1017 spectu
1283 963 1471 1013 concilii,
1507 962 1713 1015 quoniam
1742 961 1861 1012 digni

1033 1020 1168 1063 habiti
1187 1025 1288 1062 sunt
1305 1033 1387 1073 pro
1403 1019 1578 1061 nomine
1592 1019 1617 1060 J
1619 1032 1696 1061 esu
1711 1023 1860 1060 contu-

1032 1077 1207 1119 meliam
1225 1077 1328 1131 pati.

1084 1138 1135 1191 Rv.
1170 1138 1234 1180 br.
1278 1137 1420 1179 Nimis
1461 1136 1666 1178 honorati
1702 1140 1803 1177 sunt
1836 1141 1859 1166 *

1033 1195 1178 1236 Amici
1201 1195 1266 1237 tui
1289 1195 1422 1236 Deus.
1449 1193 1602 1235 Nimis.
1639 1192 1690 1244 V.
1720 1192 1862 1233 Nimis

1035 1252 1307 1294 confortatus
1323 1256 1389 1293 est
1407 1250 1679 1304 principatus
1699 1251 1862 1291 eorum.

1035 1309 1188 1350 Amici.
1215 1308 1368 1350 Gloria
1386 1307 1516 1349 Patri.
1542 1306 1694 1348 Nimis.

1086 1363 1137 1416 V.
1177 1369 1558 1411 Annuntiaverunt
1595 1369 1732 1420 opera
1767 1367 1863 1409 Dei.

1035 1426 1086 1478 Rz.
1112 1428 1169 1469 Et
1188 1427 1304 1468 facta
1324 1428 1415 1478 ejus
1433 1425 1750 1468 intellexerunt.

1236 1516 1297 1557 111
1323 1516 1385 1557 11.
1405 1515 1655 1566 vesperis.

1090 1584 1189 1624 Ant.
1216 1582 1384 1624 Juravit
1403 1581 1630 1631 Dominus,
1652 1581 1676 1606 *
1705 1585 1749 1622 et
1775 1593 1864 1621 non

1034 1638 1266 1691 poenitebit
1290 1651 1402 1680 eum:
1429 1638 1499 1679 Tu
1518 1651 1565 1680 es
1589 1637 1797 1679 sacerdos
1820 1637 1864 1677 in

1036 1696 1259 1736 aeternum.

1295 1751 1495 1792 Psalmus
1515 1752 1608 1791 109.

1048 1830 1159 1874 sn.
1167 1816 1246 1858 ixit
1263 1816 1480 1857 Dominus
1498 1815 1689 1856 Domino
1708 1827 1822 1857 meo:
1841 1815 1864 1841 *

1047 1876 1052 1899 '³
1072 1871 1138 1931 4,
1157 1869 1160 1921 ’,
1185 1873 1298 1915 Sede
1318 1885 1343 1914 a
1363 1872 1528 1915 dextris
1547 1871 1671 1913 meis:

1231 1930 1386 1971 Donec
1404 1941 1569 1982 ponam
1584 1928 1785 1970 inimicos
1801 1933 1864 1970 tu-

1038 2000 1098 2037 οε,
1118 1987 1142 2013 *
1160 1986 1399 2029 scabellum
1418 1985 1582 2038 pedum
1600 1987 1788 2027 tuorum.

1088 2044 1271 2095 Virgam
1289 2043 1462 2084 virtutis
1485 2047 1573 2084 tuae
1590 2044 1760 2084 emittet
1777 2042 1865 2083 Do-

1037 2101 1180 2142 minus
1206 2113 1260 2142 ex
1279 2099 1400 2142 Sion:
1419 2099 1444 2126 *
1469 2098 1696 2140 dominare
1715 2099 1759 2139 in
1778 2100 1864 2140 me-

1038 2157 1111 2199 dio
1130 2157 1406 2198 inimicorum
1424 2157 1611 2197 tuorum.

1089 2214 1257 2256 Tecum
1270 2212 1534 2266 principium
1547 2212 1591 2252 in
1606 2210 1676 2253 die
1691 2211 1866 2253 virtutis

1037 2275 1126 2313 tuae
1151 2271 1196 2312 in
1220 2268 1530 2323 splendoribus
1554 2269 1821 2310 sanctorum:
1842 2268 1866 2294 *

1038 2341 1093 2370 ex
1111 2330 1238 2369 utero
1258 2331 1359 2368 ante
1377 2325 1606 2367 luciferum
1623 2325 1755 2375 genui
1771 2329 1827 2366 te.

1090 2384 1260 2425 Juravit
1285 2382 1512 2432 Dominus,
1541 2385 1585 2423 et
1611 2394 1700 2422 non
1726 2381 1865 2434 poeni-

1038 2440 1148 2482 tebit
1172 2453 1286 2481 eum:
1309 2439 1333 2465 *
1357 2439 1427 2479 Tu
1450 2451 1497 2480 es
1521 2437 1729 2480 sacerdos
1747 2438 1791 2479 in
1810 2451 1865 2479 ae-

1038 2499 1211 2538 ternum
1226 2495 1468 2538 secundum
1479 2493 1679 2536 ordinem
1688 2494 1865 2537 Melchi-

1039 2553 1212 2595 sedech.

1090 2610 1304 2651 Dominus
1324 2621 1349 2650 a
1364 2608 1532 2651 dextris
1546 2609 1643 2659 tuis,
1657 2609 1681 2635 *
1700 2607 1866 2650 confre-

1038 2667 1101 2717 git
1118 2667 1162 2707 in
1182 2666 1252 2708 die
1270 2666 1347 2707 irae
1367 2678 1460 2707 suae
1480 2678 1618 2716 reges.

1089 2722 1311 2765 Iudicabit
1329 2722 1373 2763 in
1386 2722 1646 2772 nationibus,
1666 2720 1866 2774 implebit
