2040 2944
178 155 248 191 328
301 155 367 187 Hic
385 156 435 187 213.
452 156 552 196 Sept.
578 154 633 184 ὃς.
653 151 836 194 Cypriani
855 156 890 184 ct
904 150 1068 184 Justina·
1084 150 1168 183 Mm.
1183 168 1194 173 -
1208 149 1260 183 27.
1286 150 1509 183 Ss.(10s'm·.u
1524 155 1559 184 ct
1573 150 1750 183 Damiani
1767 150 1851 184 Mm.

361 249 445 290 Die
463 248 529 289 26.
548 247 832 300 Septembris.

268 314 337 355 Ss.
367 311 608 363 cypriani
637 318 680 353 et
709 312 740 353 J
741 311 926 354 ustinae

470 370 722 420 Martyrum.

236 435 449 486 AdVesp.
476 435 574 474 Ant.
599 432 790 472 Istorum
810 435 877 473 est
897 430 1011 472 enim

180 502 361 540 regnum
385 487 614 537 coelorum,
645 487 719 539 qui
738 488 1011 540 contempse-

180 550 279 587 runt
298 545 433 587 vitam
457 544 623 595 mundi,
649 549 692 586 et
715 546 1012 597 pervenerunt

181 602 237 644 ad
255 602 436 655 praemia
461 602 600 653 regni,
633 606 676 643 et
701 601 902 643 laverunt
926 606 1011 642 sto-

179 659 244 701 las
264 672 365 701 suas
384 659 428 700 in
448 659 656 710 sanguine
677 659 804 710 Agni.

234 714 283 765 Y.
308 716 540 757 Laetamini
564 715 609 756 in
634 716 842 764 Domino,
871 719 915 756 et
940 726 1010 756 ex-

181 773 341 815 sultate
370 772 480 825 justi.
530 774 577 825 Rg.
608 773 665 814 Et
692 771 941 823 gloriamini
968 783 1011 812 o-

180 843 303 872 mnes
323 830 431 872 recti
451 828 596 871 corde.

519 891 681 932 Oratio.

266 955 466 994 catorum
481 952 725 1005 Martyrum
744 950 952 1004 Cypriani
971 955 1015 992 et

283 1009 467 1051 Justinae
498 1022 580 1050 nos
614 1009 804 1051 Domine
836 1009 1014 1050 foveant

181 1066 435 1108 continuata
454 1065 678 1119 praesidia:
706 1066 808 1118 quia
831 1078 919 1106 non
941 1064 1012 1107 de-

182 1123 287 1164 sinis
315 1123 534 1176 propitius
565 1123 740 1173 intueri,
775 1135 886 1175 quos
919 1121 1013 1163 tali-

180 1178 262 1220 bus
296 1179 468 1220 auxiliis
501 1179 773 1221 concesseris
806 1177 1014 1230 adjuvari.

179 1236 264 1277 Per
284 1235 534 1277 Dominum.

491 1294 643 1335 Lectio
664 1294 701 1333 ii.

185 1357 477 1439 (enyprianus
496 1359 687 1412 primum
705 1371 874 1409 magus,
894 1359 1013 1411 post-

189 1423 262 1459 ΞΛ
303 1428 355 1456 ea
401 1416 589 1468 Martyr,
636 1429 736 1458 cum
779 1415 805 1456 J
807 1417 1014 1465 ustinam,

182 1471 466 1514 christianam
486 1473 717 1524 virginem,
747 1485 879 1525 quam
899 1472 1014 1524 juve-

181 1529 248 1569 nis
269 1528 448 1581 quidam
467 1528 672 1578 ardenter
693 1528 885 1578 amabat,
915 1541 1012 1570 can-

181 1585 375 1628 tionibus
402 1599 454 1628 ac
473 1586 697 1628 veneficiis
724 1586 781 1628 ad
806 1586 897 1638 ejus
921 1585 1013 1627 libi-

182 1642 295 1685 dinis
320 1645 547 1684 assensum
571 1643 747 1685 allicere
771 1644 1014 1693 conaretur,

183 1699 430 1741 daemonem
446 1699 675 1749 consuluit,
696 1713 885 1752 quanam
903 1699 950 1741 id
968 1712 1016 1740 re

182 1757 395 1809 consequi
426 1762 590 1810 posset.
632 1756 712 1798 Cui
745 1756 921 1798 daemon
952 1768 1015 1797 re-

183 1812 379 1865 spondit,
405 1813 567 1854 nullam
594 1813 655 1854 illi
680 1818 820 1855 artem
839 1826 1016 1866 proces-

185 1873 333 1911 suram
348 1869 561 1911 adversus
580 1883 668 1920 eos,
690 1871 881 1923 quivere
897 1870 1015 1912 Chri-

184 1931 300 1968 stum
319 1926 527 1968 colerent.
554 1927 651 1977 Quo
668 1929 883 1980 responso
901 1939 1016 1969 com-

183 1985 330 2025 motus
351 1983 612 2036 Cyprianus,
639 1984 921 2026 vehementer
941 1983 1016 2025 do-

183 2039 273 2081 lere
300 2041 436 2094 coepit
454 2040 557 2082 vitae
582 2040 822 2093 superioris
847 2041 1015 2082 institu-

183 2102 287 2138 tum.
327 2098 484 2150 Itaque
514 2097 679 2139 relictis
707 2096 889 2148 magicis
917 2097 1015 2138 arti-

183 2153 282 2205 bus,
316 2167 363 2196 se
391 2159 534 2196 totum
562 2153 619 2195 ad
648 2153 810 2195 Christi
836 2154 1016 2196 Domini

184 2210 318 2252 fidem
337 2211 566 2254 convertit.

488 2281 637 2322 Lectio
658 2282 711 2321 iii.

190 2329 372 2453 Quam
400 2349 457 2392 ob
486 2363 665 2391 causam
691 2363 778 2391 una
806 2362 906 2390 cum
933 2351 1016 2390 vir-

281 2406 380 2457 gine
393 2407 417 2447 J
420 2409 563 2448 ustina
579 2406 924 2459 comprehensus
940 2411 1017 2455 est,

186 2467 230 2504 et
249 2462 379 2504 ambo
399 2463 598 2515 colaphis
620 2463 892 2514 flagellisque
913 2462 1018 2503 caesi
1074 2460 1095 2483 *-

186 2523 300 2561 sunt:
324 2531 429 2560 mox
448 2519 492 2559 in
512 2521 735 2561 carcerem
754 2518 957 2571 conjecti,
980 2519 1017 2559 si

185 2575 300 2617 forte
311 2575 570 2616 sententiam
585 2577 916 2618 commutarent.
930 2574 1016 2616 Ve-

186 2644 284 2673 rum
316 2631 419 2672 inde
451 2634 610 2684 postea
643 2631 807 2683 emissi,
840 2644 939 2672 cum
973 2631 1017 2671 in

185 2687 422 2730 christiana
441 2687 652 2739 religione
673 2687 1017 2730 constantissimi

1064 247 1371 299 reperirentur,
1385 247 1430 288 in
1444 247 1708 298 sartaginem
1720 247 1896 300 plenam

1065 303 1272 345 ferventis
1296 303 1424 356 picis,
1453 303 1598 356 adipis
1625 308 1669 345 et
1695 316 1808 345 cerae
1834 304 1895 344 in-

1064 360 1164 410 jecti
1183 364 1294 402 sunt.
1329 360 1519 402 Demum
1537 360 1812 402 Nicomediae
1832 373 1895 402 se-

1066 417 1160 458 curi
1192 417 1415 459 feriuntur.
1467 418 1664 467 Quorum
1699 418 1897 470 projecta

1065 475 1272 527 corpora,
1310 487 1409 515 cum
1444 486 1522 516 sex
1550 473 1646 515 dies
1671 473 1898 515 inhumata

1065 531 1319 583 jacuissent,
1365 535 1500 572 noctu
1537 528 1716 582 quidam
1751 535 1897 572 nautae

1066 587 1179 629 clam
1219 600 1272 629 ea
1306 588 1351 628 in
1381 600 1540 629 navem
1570 586 1779 640 imposita
1810 586 1897 628 Ro-

1065 657 1182 686 mam
1209 645 1513 697 portaverunt:
1547 656 1598 684 ac
1630 643 1823 696 primum
1854 643 1899 684 in

1066 700 1238 754 praedio
1258 701 1434 743 Rufinae
1454 700 1616 742 nobilis
1641 699 1814 741 feminae
1834 712 1898 741 se-

1065 757 1191 811 pulta
1210 762 1324 799 sunt:
1347 759 1506 811 postea
1524 756 1739 799 translata
1756 756 1802 796 in
1821 756 1898 798 Ur-

1065 814 1185 864 bem,
1229 815 1273 855 in
1318 814 1501 857 basilica
1538 812 1900 855 Constantiniana

1066 871 1246 914 condita
1265 877 1366 914 sunt
1384 884 1526 925 prope
1544 869 1861 924 baptisterium.

1123 934 1187 974 Te
1206 933 1352 975 Deum
1369 932 1609 974 laudamus.
1628 932 1688 973 14.

1127 1003 1196 1044 Ad
1211 1002 1346 1043 Laud.
1371 1003 1470 1043 Ant.
1493 1002 1642 1044 Vestri
1661 1001 1812 1055 capilli
1831 1002 1898 1042 ca-

1067 1060 1170 1113 pitis
1197 1071 1350 1101 omnes
1378 1059 1595 1101 numerati
1619 1063 1735 1100 sunt:
1762 1057 1899 1099 nolite

1067 1117 1238 1158 timere:
1256 1115 1405 1157 multis
1424 1115 1677 1169 passeribus
1695 1114 1901 1156 meliores

1069 1173 1174 1216 estis
1194 1186 1287 1215 vos.
1931 1181 1936 1187 ·

1120 1230 1172 1282 V.
1194 1234 1491 1277 Exsultabunt
1516 1234 1658 1276 sancti
1680 1232 1725 1274 in
1749 1231 1899 1285 gloria.

1069 1294 1119 1345 R3.
1135 1290 1426 1333 Laetabuntur
1444 1292 1489 1332 in
1509 1290 1727 1333 cubilibus
1747 1289 1847 1331 suis.

1251 1392 1334 1434 Die
1353 1392 1417 1433 27.
1436 1390 1721 1445 Septembris.

1068 1460 1136 1502 Ss.
1146 1460 1338 1502 Cosmae
1350 1465 1393 1500 et
1402 1458 1640 1502 Damiani
1649 1458 1901 1508 Martyrum.

1355 1518 1615 1562 Semiduplex.

1123 1577 1259 1611 Omnia
1306 1578 1353 1612 dc
1399 1576 1603 1612 Communi
1645 1576 1902 1620 plurimorum

1070 1625 1177 1659 Mart.
1201 1625 1270 1670 [35]
1297 1631 1439 1669 praeter
1462 1636 1568 1669 sequ.

1410 1687 1573 1728 Oratio.

1160 1755 1308 1801 raesta,
1337 1753 1589 1803 quaesumus
1622 1753 1901 1803 omnipotens

1168 1808 1306 1849 Deus:
1335 1813 1385 1850 ut
1411 1807 1486 1860 qui
1510 1809 1764 1849 sanctorum
1786 1807 1899 1848 Mar-

1067 1869 1213 1917 tyrum
1235 1866 1412 1906 tuorum
1437 1865 1610 1906 Cosmae
1634 1868 1679 1905 et
1696 1863 1901 1905 Damiani

1066 1921 1265 1963 natalitia
1292 1921 1494 1971 colimus,
1526 1933 1551 1962 a
1581 1921 1749 1962 cunctis
1773 1919 1900 1961 malis

1066 1977 1411 2028 imminentibus,
1440 1979 1594 2019 eorum
1620 1975 1899 2019 intercessio-

1066 2034 1194 2076 nibus
1213 2033 1459 2076 liberemur.
1486 2034 1571 2075 Per
1589 2033 1840 2074 Dominum.

1122 2096 1165 2130 In
1197 2096 1223 2130 Ι.
1254 2096 1455 2131 Nocturno
1491 2095 1696 2130 Lectiones
1727 2095 1773 2130 de
1803 2092 1901 2129 Scri-

1071 2148 1182 2187 ptura
1210 2149 1442 2179 occurrente.

1307 2216 1356 2254 In
1375 2216 1425 2256 ΙΙ.
1445 2215 1669 2255 Nocturno.

1373 2281 1527 2322 Lectio
1547 2280 1600 2321 iv.

1075 2355 1334 2410 *sagosmas
1369 2353 1412 2390 et
1443 2347 1703 2396 Damianus,
1737 2347 1896 2388 fratres

1105 2395 1178 2457 ,ss-324!
1203 2405 1392 2455 Arabes,
1423 2404 1468 2446 in
1490 2404 1633 2454 AEgea
1658 2402 1768 2444 urbe
1796 2403 1897 2453 nati,

1201 2460 1373 2503 nobiles
1407 2460 1581 2509 medici,
1626 2459 1896 2512 imperatori-

1066 2518 1150 2560 bus
1194 2517 1473 2560 Diocletiano
1525 2521 1569 2558 et
1613 2516 1897 2565 Maximiano,

1067 2587 1155 2616 non
1169 2574 1308 2625 magis
1322 2573 1554 2615 medicinae
1569 2573 1753 2614 scientia
1768 2584 1899 2625 quarn

1070 2631 1231 2672 Christi
1248 2630 1429 2680 virtute,
1447 2629 1614 2671 morbis
1635 2630 1767 2671 etiam
1785 2630 1898 2670 insa·

1067 2687 1286 2729 nabilibus
1300 2685 1602 2728 medebantur.
1621 2686 1820 2736 Quorum
1834 2698 1898 2727 re-
