2040 2944
192 235 258 270 158

193 330 315 379 beth,
342 328 528 381 septimo
548 337 661 367 anno
681 324 802 375 regni
822 324 923 375 ejus.
959 322 1017 364 Et

193 386 413 428 adamavit
445 396 539 425 eam
572 394 649 423 rex
681 380 781 433 plus
812 393 943 431 quam
972 392 1015 420 o-

191 455 312 483 mnes
332 440 549 487 mulieres,
572 437 813 489 habuitque
830 436 1015 487 gratiam

193 505 236 541 et
262 495 604 539 misericerdiam
629 507 777 535 coram
804 506 856 534 eo
884 505 1016 545 super

193 568 342 597 omnes
360 553 574 601 mulieres,
595 557 638 593 et
652 550 800 603 pesuit
815 549 1016 591 diadema

191 612 312 662 regni
338 611 379 651 in
406 609 549 662 capite
570 609 678 659 ejus,
703 607 893 659 fecitque
920 619 1016 647 eam

191 669 372 718 regnare
390 667 434 707 in
453 666 552 707 loco
572 664 741 706 Vasthi.

247 728 292 778 R:-
318 724 451 776 Spem
470 723 513 763 in
533 721 676 763 alium.
696 722 783 762 156.

376 827 560 864 Feria
598 825 833 863 Tertia.

409 884 474 923 De
491 879 606 922 libro
626 878 796 920 Esther.

294 945 444 985 Lectio
467 944 489 983 i.
752 941 855 992 Cap.
875 942 911 980 3.

217 1017 256 1057 Γ)
281 1009 350 1046 ost
378 1004 473 1045 haec
500 1016 578 1044 rex
607 1003 826 1043 Assuerus
855 1000 1016 1042 exalta-

309 1061 371 1102 vit
410 1062 552 1101 Aman
588 1059 723 1100 filium
762 1056 1017 1106 Amadathi,

192 1119 265 1171 qui
291 1123 384 1159 erat
408 1116 463 1158 de
483 1117 620 1169 stirpe
639 1116 778 1167 Agag:
806 1120 849 1156 et
867 1114 1017 1167 posuit

190 1175 347 1216 Selium
384 1175 474 1226 ejus
512 1186 643 1226 super
677 1185 828 1214 omnes
860 1170 1016 1224 princi-

189 1244 285 1284 pes,
338 1243 450 1282 quos
501 1229 704 1271 habebat.
773 1228 1017 1279 Cunctique

190 1288 305 1329 servi
332 1287 464 1338 regis,
499 1287 572 1338 qui
599 1286 643 1326 in
671 1285 837 1326 feribus
865 1284 1018 1337 palatii

189 1344 494 1393 versabantur,
523 1342 759 1384 flectebant
785 1343 942 1393 genua,
975 1346 1018 1383 et

191 1400 435 1442 adorabant
456 1401 611 1440 Aman:
637 1400 700 1440 sic
720 1399 834 1440 enim
853 1399 1016 1450 praece-

188 1462 315 1509 perat
335 1457 397 1497 eis
417 1457 666 1508 imperator.
697 1454 825 1496 Solus
844 1453 1017 1495 Mardo-

190 1513 338 1555 chaeus
368 1526 457 1554 non
485 1512 691 1553 flectebat
718 1524 848 1562 genu,
875 1523 1018 1562 neque

190 1569 404 1611 adorabat
423 1582 532 1610 eum.
566 1569 645 1610 Cui
670 1567 873 1610 dixerunt
892 1568 1018 1620 pueri

189 1626 322 1677 regis,
357 1626 431 1678 qui
458 1625 514 1666 ad
542 1625 660 1666 fores
689 1625 840 1677 palatii
867 1624 1016 1677 praesi-

190 1682 367 1724 debant:
407 1682 493 1723 Cur
531 1687 694 1734 praeter
727 1683 899 1722 ceteros
930 1693 1018 1722 non

191 1738 401 1780 observas
420 1738 675 1780 mandatum
695 1737 832 1789 regis?

247 1800 295 1850 R:-
319 1795 541 1837 Memento
561 1795 648 1836 mei
666 1794 867 1836 Demine.
887 1794 975 1835 156.

497 1856 647 1895 Lectio
669 1856 708 1895 ii.

195 1906 431 2013 Cumque
463 1907 548 1949 hoc
583 1907 779 1949 erebrius
812 1905 1019 1955 dicerent,

282 1970 325 2006 et
351 1965 422 2006 ille
445 1964 582 2006 nollet
605 1963 773 2013 audire,
797 1963 1018 2004 nuntiave-

192 2027 291 2063 runt
310 2022 470 2070 Aman‚
497 2021 608 2062 scire
628 2020 854 2072 cupientes
874 2024 1019 2061 utrum

192 2080 496 2130 perseveraret
519 2077 562 2118 in
589 2077 820 2118 sententia:
849 2075 1020 2118 dixerat

193 2134 306 2176 enim
335 2134 397 2175 eis
426 2147 472 2175 se
501 2147 598 2175 esse
627 2133 839 2175 Judaeum.
890 2133 1021 2183 Quod

193 2203 291 2232 cum
330 2189 525 2232 audisset
561 2191 720 2239 Aman,
766 2195 810 2231 et
853 2189 1019 2243 experi-

191 2249 338 2289 mento
357 2247 591 2300 probasset
611 2246 733 2298 quod
750 2246 1020 2288 Mardochae-

193 2317 243 2344 us
270 2316 357 2345 non
383 2304 579 2346 flecteret
605 2303 689 2344 sibi
714 2316 844 2354 genu,
871 2316 954 2344 nec
973 2315 1020 2344 se

193 2360 416 2409 adoraret,
441 2361 578 2402 iratus
603 2365 670 2402 est
693 2359 839 2409 valde,
869 2365 913 2402 et
938 2373 1019 2413 pro

192 2416 326 2457 nihilo
347 2415 471 2458 duxit
484 2417 528 2457 in
542 2430 676 2458 unum
690 2416 1021 2458 Mardochaeum

193 2474 365 2514 mittere
384 2486 536 2514 manus
557 2486 668 2514 suas.

247 2532 296 2583 R.
323 2528 656 2570 Tribulatit'mes.
676 2531 764 2572 156.

495 2588 645 2628 Lectio
668 2589 720 2628 iii.

196 2640 443 2745 Audierat
462 2642 576 2683 enim
602 2643 722 2694 quod
742 2647 859 2685 esset
878 2643 1020 2694 gentis

307 2697 489 2740 Judaeae:
535 2701 761 2751 magisque
802 2699 941 2742 veluit
978 2712 1020 2740 o-

195 2767 340 2796 mnem
359 2755 383 2795 J
385 2754 628 2804 udae6rum,
655 2756 728 2807 qui
753 2761 877 2798 erant
893 2756 938 2796 in
957 2768 1020 2797 re-

672 224 772 258 Infru
797 222 1091 256 Hebdomadam
1117 232 1149 255 v.
1176 221 1422 263 Septembris.

1067 334 1154 371 gno
1192 321 1391 371 Assueri,
1435 318 1624 373 perdere
1662 318 1896 360 nationem.

1067 378 1218 419 Mense
1262 378 1405 430 primo
1451 377 1586 427 (cujus
1631 374 1896 417 vocalbulum

1068 439 1135 475 est
1159 434 1312 485 Nisan)
1343 445 1457 475 anno
1485 431 1748 474 duodecimo
1773 431 1897 482 regni

1068 491 1263 540 Assueri‚
1291 491 1425 532 missa
1450 494 1518 531 est
1544 501 1640 530 sors
1664 488 1708 529 in
1731 500 1896 538 urnam,

1069 560 1168 599 quae
1188 547 1406 588 Hebraice
1426 546 1585 588 dicitur
1603 545 1897 598 phur,⁴eoram

1068 605 1229 654 Aman‚
1251 616 1339 656 quo
1360 603 1431 645 die
1451 608 1494 644 et
1514 615 1601 654 quo
1621 614 1771 643 mense
1789 613 1897 652 gens

1068 660 1322 702 Judaeorum
1370 659 1551 702 deberet
1601 657 1803 699 interfici:
1853 662 1898 699 et

1069 717 1203 758 exivit
1221 717 1382 758 mensis
1403 714 1706 764 duodecimus,
1730 714 1805 767 qui
1823 726 1897 756 vo-

1069 776 1193 815 cetur
1213 773 1346 815 Adar.

1122 832 1174 883 R.
1198 829 1441 872 Benedicat
1460 834 1504 870 te
1522 829 1749 870 Deminus.
1768 827 1855 869 157.

1496 900 1586 907 Μ

1251 938 1435 976 Feria
1471 938 1717 987 Quarta.

1290 994 1356 1034 De
1377 991 1490 1032 libro
1510 991 1682 1033 Esther.

1172 1054 1325 1095 Lectio
1345 1054 1368 1094 i.
1505 1092 1509 1094 .
1636 1053 1740 1105 Cap.
1759 1053 1796 1092 4.

1097 1119 1142 1185 ᾇ)
1164 1126 1232 1155 uae
1254 1127 1354 1155 cum
1373 1113 1568 1155 audisset
1580 1111 1899 1162 Mardochaeus,

1190 1170 1320 1212 scidit
1346 1170 1608 1212 vestimenta
1641 1182 1735 1220 sua,
1769 1174 1812 1211 et
1838 1168 1898 1209 in-

1070 1227 1201 1269 dutus
1221 1233 1288 1269 est
1307 1240 1453 1277 sacco,
1476 1239 1688 1280 spargens
1709 1228 1900 1268 cinerem

1070 1284 1218 1336 capiti:
1244 1289 1287 1325 et
1305 1284 1348 1325 in
1367 1284 1516 1337 platea
1534 1282 1693 1325 mediae
1711 1282 1900 1324 civitatis

1069 1353 1179 1382 voce
1206 1353 1365 1391 magna
1393 1339 1629 1389 clamabat,
1663 1338 1900 1381 ostendens

1070 1396 1405 1439 amaritudinem
1442 1397 1574 1438 animi
1611 1395 1696 1445 sui,
1734 1400 1778 1437 et
1814 1388 1911 1436 hoc*

1070 1453 1234 1505 ejulatu
1253 1466 1393 1505 usque
1418 1453 1475 1495 ad
1495 1453 1613 1494 fores
1634 1451 1786 1505 palatii
1804 1453 1900 1503 gra-

1071 1509 1206 1552 diens.
1247 1510 1350 1551 Non
1379 1511 1494 1552 enim
1523 1514 1618 1552 erat
1644 1509 1812 1551 licitum
1840 1509 1900 1550 in-

1070 1566 1224 1608 dutum
1253 1579 1384 1608 sacco
1413 1566 1557 1608 aulam
1584 1566 1699 1617 regis
1727 1566 1902 1607 intrare.

1069 1624 1120 1664 In
1139 1623 1341 1665 omnibus
1363 1636 1540 1676 quoque
1555 1622 1805 1676 provinciis,
1825 1624 1901 1674 ὀρ-

1069 1680 1197 1733 pidis,
1222 1693 1273 1722 ac
1291 1680 1413 1731 locis,
1442 1679 1499 1722 ad
1519 1693 1619 1732 quae
1639 1678 1818 1721 crudele
1837 1691 1901 1721 re—

1069 1737 1135 1787 gis
1174 1736 1335 1788 dogma
1371 1738 1653 1789 pervenerat,
1697 1735 1902 1788 planctus

1069 1793 1223 1844 ingens
1239 1798 1332 1835 erat
1349 1793 1467 1846 apud
1482 1793 1507 1834 J
1509 1792 1674 1842 udanS,
1689 1791 1902 1844 jejunium,

1070 1850 1274 1899 ululatus,
1300 1855 1343 1892 et
1367 1850 1507 1900 fletus,
1533 1862 1664 1892 sacco
1689 1855 1734 1891 et
1757 1851 1903 1891 cinere

1070 1906 1220 1948 multis
1257 1920 1340 1960 pro
1378 1911 1516 1949 strato
1548 1905 1782 1948 utentibus.
1835 1906 1902 1947 In-

1072 1965 1237 2014 gressae
1261 1969 1408 2006 autem
1432 1968 1533 2005 sunt
1556 1962 1717 2016 puellae
1741 1961 1904 2004 Esther

1071 2025 1116 2061 et
1159 2020 1363 2070 eunuchi,
1408 2020 1806 2071 nuntiaveruntque
1853 2018 1903 2060 ei.

1073 2076 1204 2126 Quod
1227 2076 1412 2119 audiens
1437 2078 1719 2118 consternata
1743 2079 1827 2117 est:
1860 2079 1905 2116 et

1073 2138 1241 2175 vestem
1264 2134 1398 2183 misit,
1431 2139 1479 2176 ut
1509 2133 1658 2175 ablato
1687 2144 1817 2174 saeco
1841 2132 1902 2172 in-

1073 2189 1258 2231 duerent
1287 2202 1400 2231 eum:
1439 2203 1571 2242 quam
1598 2191 1800 2242 accipere
1828 2188 1903 2229 ne·

1071 2246 1163 2288 luit.
1208 2246 1454 2299 Accit6que
1483 2245 1659 2288 Athach
1691 2243 1904 2294 eunucho,

1075 2316 1206 2356 quem
1237 2316 1317 2345 rex
1350 2304 1598 2346 ministrum
1630 2303 1671 2345 ei
1703 2301 1903 2352 dederat,

1072 2360 1286 2413 praecepit
1310 2361 1349 2402 ei
1373 2366 1422 2402 ut
1446 2360 1530 2402 iret
1555 2359 1612 2402 ad
1631 2358 1903 2400 Mardochae-

1072 2430 1163 2466 um,
1191 2422 1234 2458 et
1262 2415 1452 2459 disceret
1477 2416 1532 2459 ab
1560 2429 1614 2459 eo
1638 2428 1715 2457 cur
1738 2415 1825 2457 hoc
1843 2415 1902 2456 fa-

1074 2479 1205 2516 ceret.

1127 2534 1176 2584 R.
1203 2530 1299 2572 Nos
1318 2530 1452 2572 alium
1469 2530 1625 2572 Deum.
1644 2529 1730 2570 157.

1382 2587 1535 2627 Lectio
1552 2586 1591 2625 ii.

1159 2645 1424 2694 gressusque
1439 2641 1625 2692 Athach,
1639 2641 1718 2683 ivit
1726 2641 1782 2683 ad
1791 2641 1902 2682 Mar-

1161 2697 1394 2740 dochaeum
1413 2703 1601 2740 stantem
1619 2698 1663 2738 in
1682 2698 1902 2753 plateaci-

1073 2755 1235 2805 vitatis,
1260 2760 1360 2797 ante
1380 2755 1542 2796 estium
1560 2754 1725 2807 palatii:
1749 2755 1824 2807 qui
1842 2754 1902 2795 in-
