2040 2944
463 291 974 342 ABSOLUTIONES
993 291 1081 341 ET
1102 291 1643 343 BENEDIGTIONES

320 370 555 405 DICENDAE
581 368 717 402 ANTE
743 366 1108 449 LECTIONETIIOANJX
1119 365 1321 449 θξῖκῚζῖΙΟ
1347 364 1523 399 NOVEM
1548 365 1612 399 ET
1636 364 1798 400 TRIUM

899 416 1024 450 LEG‘
1081 415 1112 449 Η
1139 415 1163 448 ἴΔ
1192 442 1198 449 .

431 500 479 539 In
501 499 531 538 1.
554 498 774 539 Nocturno.

382 565 423 598 Et
447 575 516 607 pro
542 564 585 597 11.
610 571 645 598 et
668 564 709 598 V.
735 564 854 598 Feria.

392 620 395 622 ’
498 616 736 656 Absolutio.

287 669 418 711 xat'idi
429 669 613 710 Domine
626 670 651 710 J
653 681 730 710 esu
745 669 912 712 Christe
925 683 1020 722 pre-

209 669 285 772 Ε
298 739 369 768 ces
389 727 610 767 servorum
628 727 816 774 tuorum,
836 731 878 767 et
895 727 1020 768 mise-

207 786 301 825 rere
326 781 466 830 nobis,
498 781 570 832 qui
595 794 691 822 cum
714 782 842 823 Patre
867 787 910 823 et
927 783 1019 835 Spi-

207 841 292 881 ritu
317 843 466 879 sancto
492 837 601 878 vivis
626 843 669 879 et
694 850 848 888 regnas
873 838 916 879 in
942 841 1019 880 sa}-

208 895 303 938 cula
322 893 589 935 saeeulorum.
624 898 671 947 R.
686 894 835 935 Amen.

450 955 784 997 Benedictiones.

237 1016 262 1052 1.
306 1009 610 1052 Benedictione
648 1013 858 1063 perpetua
891 1011 1018 1053 bene-

303 1065 418 1108 dicat
436 1078 516 1107 nos
534 1067 662 1108 Pater
680 1069 878 1109 aeternus.

362 1122 408 1173 Rg.
429 1122 579 1163 Amen.

232 1180 267 1217 2.
311 1178 558 1228 Unigenitus
582 1179 663 1220 Dei
686 1179 819 1222 Filius
842 1195 922 1223 nos
945 1182 1017 1225 be-

306 1234 506 1276 nedicere
526 1239 568 1276 et
585 1234 788 1287 adjuvare
808 1237 1016 1290 dignetur.

358 1293 406 1342 Rg.
436 1290 584 1331 Amen.

233 1347 268 1383 3.
307 1345 487 1398 Spiritus
523 1347 660 1388 sancti
696 1350 834 1399 grAtia
864 1350 1015 1393 illumi-

304 1406 378 1443 net
396 1414 548 1443 sensus
567 1408 611 1445 et
630 1404 763 1446 corda
780 1411 939 1448 nostra.

357 1462 405 1512 R.
434 1459 584 1500 Amen.

422 1527 471 1567 In
496 1529 546 1568 H.
573 1529 793 1571 Nocturno.

353 1590 489 1633 Et,pro
515 1591 575 1624 III.
602 1598 636 1624 et
660 1591 721 1625 VI.
747 1592 865 1626 Feria.

489 1641 729 1683 Absolutio.

247 1695 366 1744 ps1'us
390 1696 529 1746 pietas
554 1701 597 1738 et
619 1697 915 1742 misericordia
932 1714 1013 1743 nos

264 1748 450 1800 adjuvet,
483 1752 556 1803 qui
580 1765 677 1794 cum
702 1754 830 1797 Patre
853 1762 897 1798 et
920 1757 1011 1810 Spi-

202 1804 286 1846 ritu
313 1812 461 1848 sancto
488 1808 593 1850 vivit
619 1815 662 1851 et
688 1816 838 1861 regnat
864 1813 907 1853 in
935 1816 1012 1856 sae-

202 1860 296 1902 cula
315 1863 581 1905 saeculorum.
616 1868 662 1917 Rg.
683 1867 833 1909 Amen.

442 1926 780 1969 Benedictiones.

228 1980 263 2018 4.
309 1980 422 2019 Deus
466 1980 594 2022 Pater
638 1985 912 2036 omnipotens
958 1988 1013 2030 sit

301 2033 425 2076 nobis
443 2038 656 2089 propitius
675 2044 718 2081 et
737 2040 935 2083 clemens.

360 2093 404 2143 ἰῷ.
430 2093 581 2134 Amen.

227 2147 262 2185 5.
307 2145 499 2190 Christus
529 2152 751 2203 perpetuae
782 2153 856 2197 det
884 2156 1011 2199 nobis

300 2202 456 2252 gaudia
474 2205 586 2247 vitae.
633 2209 678 2258 lx}
707 2208 857 2252 Amen.

227 2261 262 2299 6.
306 2260 449 2308 Ignem
492 2261 558 2303 sui
601 2265 759 2306 amoris
803 2268 1011 2313 accendat

301 2313 420 2356 Deus
438 2315 481 2356 in
500 2317 702 2361 cordibus
720 2323 891 2365 nostris.

354 2369 401 2420 Ru
427 2371 576 2414 Amen.

410 2435 460 2476 In
481 2437 552 2478 111.
579 2439 798 2482 Nocturno.

298 2491 340 2524 Et
365 2502 432 2534 pro
458 2493 565 2526 Feria
591 2494 650 2527 lv.
676 2500 710 2529 et
734 2496 911 2533 Sabbato.

485 2544 725 2587 Absolutio.

199 2593 453 2698 Avinculjs
470 2608 747 2656 peccatorum
760 2614 1009 2655 nostrorum

303 2657 501 2702 absfflvat
535 2674 614 2703 nos
656 2667 928 2718 omnipotens
964 2675 1008 2713 et

195 2712 440 2757 misericors
458 2716 679 2761 Dominus.
716 2723 761 2773 Rg.
781 2723 930 2766 Amen.

1316 499 1660 541 Benedictiones.

1099 562 1133 600 7.
1176 557 1438 609 Evangelica
1459 558 1589 600 lectio
1610 558 1667 601 sit
1685 559 1812 602 nobis
1831 574 1896 604 sa-

1175 613 1242 656 lus
1262 619 1306 656 et
1321 615 1551 667 protectio.
1588 617 1639 668 R.
1659 616 1813 659 Amen.

1099 674 1134 712 8.
1178 670 1380 712 Divinum
1394 671 1601 713 auxilium
1612 675 1786 716 maneat
1795 687 1896 717 sem-

1175 739 1255 779 per
1273 726 1511 770 nobiscum.
1536 731 1587 781 R.
1608 728 1760 771 Amen.

1098 787 1134 825 9.
1178 783 1247 824 Ad
1278 784 1534 826 societatem
1562 785 1721 828 civium
1747 800 1894 840 super-

1173 841 1327 881 norum
1350 839 1565 894 perdticat
1587 854 1670 883 nos
1692 843 1790 885 Rex
1808 844 1894 885 An-

1172 896 1379 947 gelorum.
1415 900 1466 950 R.
1484 899 1637 940 Amen.

1123 958 1162 991 Si
1199 958 1375 994 Officium
1411 961 1450 995 fit
1486 962 1532 996 de
1570 962 1710 997 Sancto
1747 963 1811 996 vel
1848 962 1894 997 de

1072 1005 1210 1040 Sancta
1235 1018 1373 1042 novem
1398 1009 1637 1053 Lectionum,
1664 1015 1801 1045 octava
1826 1010 1894 1045 Be-

1072 1054 1239 1088 nedictio
1265 1056 1348 1090 erit:

1125 1103 1254 1155 Cujus
1282 1104 1441 1146 festum
1464 1106 1662 1158 colimus,
1689 1108 1784 1161 ipse
1810 1109 1895 1160 (vel

1069 1159 1184 1212 ipsa)
1202 1160 1444 1203 intercedat
1467 1175 1548 1215 pro
1574 1163 1701 1206 nobis
1727 1165 1783 1207 ad
1804 1165 1893 1208 Do-

1069 1216 1242 1258 minum.

1123 1276 1284 1316 Quando
1310 1283 1397 1311 sunt
1420 1279 1560 1321 plures,
1586 1280 1739 1315 dicitur:

1122 1329 1315 1377 Quorum
1330 1329 1412 1373 (vel
1427 1331 1635 1379 Quarum)
1649 1329 1808 1372 festum
1822 1333 1892 1373 co-

1067 1382 1209 1433 limus,
1242 1382 1326 1435 ipsi
1352 1384 1434 1433 (vel
1468 1385 1596 1438 ipsae)
1618 1386 1891 1430 intercedant

1066 1451 1148 1491 pro
1167 1438 1293 1481 nobis
1312 1439 1368 1482 ad
1386 1441 1633 1483 Dominum.
1868 1465 1870 1469 ν

1120 1501 1159 1536 Si
1185 1501 1360 1537 Officium
1393 1504 1433 1538 fit
1458 1504 1505 1538 de
1529 1504 1564 1539 S.
1588 1504 1725 1549 Maria,
1754 1510 1892 1542 octava

1068 1549 1291 1585 Benedictio
1317 1551 1399 1585 erit:
1863 1592 1866 1595 ,

1120 1599 1247 1651 Cujus
1261 1599 1419 1642 festum
1434 1601 1627 1653 colimus,
1645 1603 1742 1657 ipsa
1750 1604 1890 1658 Virgo

1066 1655 1279 1706 virginum
1303 1657 1545 1701 intercedat
1571 1672 1653 1712 pro
1680 1660 1808 1703 nobis
1832 1660 1890 1705 ad

1065 1711 1312 1754 Dominum.

1119 1772 1159 1807 Si
1183 1773 1221 1806 in
1245 1773 1378 1807 ultima
1402 1774 1584 1810 Lectione
1607 1777 1812 1820 legendum
1841 1778 1890 1813 sit

1067 1821 1171 1854 aliud
1196 1821 1448 1864 Evangelium
1473 1834 1558 1857 cum
1576 1824 1763 1867 HomiHa,
1786 1836 1889 1861 nona

1068 1869 1290 1903 Benedictio
1315 1870 1399 1904 erit:

1122 1921 1198 1961 Per
1222 1920 1484 1974 Evangelica
1508 1923 1626 1967 dicta
1660 1925 1888 1969 deleantur

1063 1982 1214 2019 nostra
1232 1977 1401 2020 delicta.

1117 2045 1159 2078 In
1177 2045 1312 2080 Officio
1333 2047 1446 2080 trium
1462 2047 1686 2094 Lectionum
1710 2048 1888 2083 dicuntur

1066 2093 1341 2128 Absolutiones
1366 2099 1402 2129 et
1426 2095 1722 2131 Benedictiones
1747 2097 1886 2140 praedi-

1065 2145 1150 2182 ctae,
1176 2142 1308 2176 ordine
1328 2144 1504 2186 superius
1522 2144 1560 2178 in
1578 2144 1756 2179 Rubricis
1773 2155 1884 2188 gene-

1064 2189 1208 2222 ralibus
1227 2190 1435 2237 descripto}
1453 2197 1489 2226 et
1506 2192 1543 2226 in
1561 2202 1617 2231 eo,
1635 2193 1791 2237 quando
1807 2203 1885 2228 non

1063 2237 1201 2279 legitur
1226 2237 1395 2273 IIomilia
1424 2250 1509 2273 cum
1532 2241 1676 2284 Evang.
1706 2245 1743 2276 et
1766 2241 1884 2276 Bene-

1064 2284 1253 2319 dictiones
1286 2287 1482 2322 sumendae
1514 2292 1602 2323 sunt
1634 2299 1682 2323 ex
1712 2289 1776 2324 ΠΙ.
1807 2289 1884 2324 No-

1064 2335 1207 2374 ctumo,
1231 2333 1353 2376 prima
1374 2335 1598 2370 Benedictio
1621 2336 1774 2371 dicitur:

1090 2393 1118 2432 1.
1165 2392 1243 2439 Ille
1277 2406 1358 2436 nos
1392 2394 1641 2448 benedicat,
1678 2398 1754 2450 qui
1790 2398 1884 2441 sine

1164 2447 1250 2490 fine
1269 2450 1374 2492 vivit
1398 2456 1442 2493 et
1459 2458 1622 2503 regnat.
1652 2454 1703 2506 R.
1730 2454 1884 2496 Amen.

1087 2507 1121 2544 2.
1164 2505 1367 2548 Divinum
1381 2508 1588 2550 auxilium
1597 2511 1772 2552 mAneat
1782 2523 1884 2553 sem-

1163 2574 1242 2614 per
1260 2562 1499 2605 nobiscum.
1527 2566 1577 2618 R.
1595 2566 1747 2608 Amen.

1085 2620 1121 2658 3.
1164 2617 1230 2660 Ad
1257 2619 1514 2662 societatem
1547 2622 1707 2663 civium
1734 2636 1881 2676 super-

1160 2676 1315 2716 norum
1337 2676 1551 2728 perdlicat
1573 2691 1654 2720 nos
1677 2679 1775 2721 Rex
1794 2681 1880 2722 An-

1160 2730 1367 2782 gelorum.
1404 2735 1452 2785 K.
1474 2733 1625 2776 Amen.
