2040 2944
654 195 757 229 Infra
781 196 1078 231 Hebdomadam
1102 198 1138 232 ii.
1164 198 1352 234 Octobris.

1800 199 1863 235 173

156 294 247 336 111111
265 294 384 347 apud
402 307 568 346 regem,
597 293 810 335 dicentes:
837 292 984 335 Perdi-

158 350 222 392 dit
255 350 408 401 Judas,
441 356 484 392 et
519 350 676 392 fratres
709 351 799 401 ejus
833 362 984 391 omnes

157 409 322 449 amicos
350 412 469 458 tuos,
508 411 551 449 et
582 419 667 449 nos
693 405 901 458 dispersit
929 405 984 447 de

155 468 273 505 terra
297 468 459 505 nostra.
494 463 623 505 Nunc
648 475 753 513 ergo
779 463 902 504 mitte
925 463 984 503 vi-

155 533 267 570 rum,
297 520 367 562 cui
393 519 554 569 credis,
582 523 630 560 ut
655 524 741 568 eat,
769 524 812 561 et
836 518 985 561 videat

156 577 463 618 exterminium
484 589 629 626 omne,
649 575 770 628 quod
787 575 892 617 fecit
909 589 984 617 no-

154 632 238 684 bis,
268 639 311 676 et
334 632 588 684 regionibus
611 632 741 684 regis:
769 637 814 674 et
831 633 985 685 puniat

155 702 307 732 omnes
342 691 508 731 amicos
542 690 650 741 ejus,
688 694 732 731 et
762 688 983 741 adjutores

154 748 318 788 eorum.

202 810 254 862 Η,
282 808 503 860 Impetum
522 807 807 848 inimicorum.
826 808 914 848 163.
979 816 984 821 ’

458 878 610 920 Lectio
630 878 669 918 ii.

231 948 250 985 t
269 943 400 995 elegit
422 957 501 985 rex
521 957 574 985 ex
594 943 745 985 amicis
766 943 855 984 suis
874 943 981 984 Bac-

244 1000 428 1052 chidem,
450 1001 524 1054 qui
539 1000 847 1042 dominabatur
861 1005 982 1042 trans

153 1057 315 1099 flumen
337 1071 542 1109 magnum
566 1058 610 1098 in
633 1070 786 1108 regno,
815 1061 859 1098 et
877 1056 981 1098 fide-

152 1112 239 1154 lem
262 1114 368 1165 regi:
395 1119 439 1156 et
463 1114 581 1155 misit
605 1127 719 1163 eum,
746 1118 793 1154 ut
812 1113 982 1155 videret

153 1171 473 1221 exterminium,
519 1170 641 1223 quod
688 1170 790 1212 fecit
830 1169 981 1211 Judas:

153 1226 232 1268 sed
252 1232 296 1268 et
315 1228 535 1269 Alcimum
552 1227 734 1280 impium
754 1227 982 1269 constituit

150 1283 194 1323 in
214 1284 526 1334 sacerdotium,
552 1289 595 1326 et
617 1282 844 1326 mandavit
863 1283 903 1324 ei
923 1283 980 1324 fa-

151 1352 250 1381 cere
277 1340 488 1382 ultionem
515 1341 559 1381 in
587 1340 704 1381 filios
731 1339 879 1381 Israel.
924 1339 981 1381 Et

151 1398 449 1447 surrexerunt,
477 1402 520 1439 et
544 1398 759 1438 venerunt
784 1410 884 1438 cum
908 1409 978 1438 ex-

151 1453 290 1494 ercitu
321 1466 480 1504 magno
513 1454 557 1494 in
584 1458 748 1495 terram
775 1452 903 1495 Juda:
937 1458 980 1495 et

149 1509 361 1551 miserunt
374 1510 563 1560 mintios,
584 1515 628 1552 et
645 1510 782 1552 locuti
801 1514 903 1551 sunt
922 1509 979 1551 ad

148 1565 323 1616 Judam,
356 1571 400 1608 et
432 1566 489 1608 ad
521 1567 678 1608 fratres
714 1568 804 1618 ejus
832 1566 978 1608 verbis

149 1623 344 1676 pacificis
369 1623 413 1664 in
438 1622 554 1665 dolo.
591 1624 647 1665 Et
670 1636 758 1664 non
783 1623 977 1665 intende-

148 1685 249 1722 runt
277 1680 554 1722 sermonibus
580 1682 746 1722 eorum:
774 1679 978 1721 viderunt

149 1736 264 1778 enim
292 1737 394 1788 quia
419 1738 631 1779 venerunt
659 1749 758 1778 cum
783 1737 978 1778 exercitu

147 1805 318 1844 magno.

199 1855 252 1908 Rz.
278 1854 567 1906 Congregatae
587 1859 698 1896 sunt.
717 1855 805 1895 163.

445 1929 600 1971 Lectio
619 1929 674 1970 iii.

227 1996 246 2033 t
269 1995 567 2035 convenerunt
590 1992 647 2035 ad
670 1992 904 2042 Alcimum,
933 1997 977 2034 et

243 2049 513 2091 Bacchidem
554 2049 837 2100 congregatio
874 2049 976 2090 scri-

147 2104 303 2147 barum
334 2108 557 2158 requirere
591 2118 689 2158 quae
721 2106 834 2157 justa
861 2109 976 2146 sunt:

148 2166 192 2203 et
205 2162 344 2214 primi,
364 2162 555 2204 Assidaei
576 2162 650 2214 qui
671 2166 794 2203 erant
812 2162 856 2202 in
875 2161 975 2202 filiis

146 2218 300 2268 Israel,
333 2224 377 2260 et
411 2218 699 2271 exquirebant
727 2218 782 2260 ab
812 2218 874 2259 eis
899 2230 973 2270 pa-

148 2286 253 2316 cem.
283 2275 501 2316 Dixerunt
520 2275 648 2316 enim:
667 2275 814 2316 Homo
834 2276 974 2315 sacer-

148 2330 231 2372 dos
260 2329 315 2372 de
343 2331 507 2372 semine
536 2331 686 2372 Aaron
713 2330 851 2380 venit,
885 2343 974 2372 non

147 2385 338 2440 decipiet
364 2400 464 2429 nos:
497 2392 541 2428 et
572 2387 747 2428 locutus
780 2391 847 2427 est
874 2399 974 2427 cum

148 2443 210 2484 eis
235 2443 372 2485 verba
395 2443 595 2496 pacifica:
624 2447 668 2484 et
694 2442 852 2493 juravit
878 2441 973 2491 illis,

148 2498 312 2540 dicens:
347 2500 450 2541 Non
473 2500 707 2541 inferemus
732 2498 859 2539 vobis
884 2510 972 2538 ma-

146 2554 252 2604 lum,
271 2568 415 2608 neque
435 2556 586 2597 amicis
605 2555 774 2596 vestris.
807 2554 864 2595 Et
883 2566 971 2595 cre-

148 2610 352 2653 diderunt
380 2612 434 2654 ei:
466 2613 523 2653 Et
552 2610 887 2663 comprehendit
919 2623 973 2651 ex

148 2667 211 2708 eis
234 2670 461 2720 sexaginta
479 2668 613 2717 viros,
642 2673 685 2709 et
710 2666 872 2717 occidit
896 2679 972 2707 eos

146 2723 192 2763 in
205 2735 292 2764 una
306 2723 377 2765 die
391 2723 632 2766 secundum
644 2723 838 2771 verbum,
854 2721 974 2774 quod

301 2861 365 2886 Pars
380 2861 550 2886 Autumnalis.

1038 293 1249 346 scriptum
1286 299 1366 336 est:
1413 295 1574 336 Carnes
1610 295 1862 336 sanctorum

1036 352 1226 400 tuorum,
1251 355 1295 392 et
1315 351 1569 402 sanguinem
1587 351 1785 403 ipsorum
1805 350 1861 393 ef-v

1036 405 1242 448 fuderunt
1262 407 1306 447 in
1332 407 1515 449 circuitu
1533 406 1791 456 Jerusalem,
1818 411 1861 448 et

1036 475 1124 503 non
1145 468 1238 504 erat
1258 463 1331 515 qui
1350 463 1569 516 sepeliret.

1087 526 1138 577 R.
1167 524 1263 565 Tua
1283 529 1350 566 est
1365 525 1575 577 potentia.
1595 525 1681 565 163.

1283 649 1310 685 S
1337 660 1362 685 a
1385 649 1411 685 b
1435 649 1461 685 b
1489 660 1514 685 a
1536 652 1553 684 t
1577 660 1614 685 o.

1074 709 1140 749 De
1159 706 1272 748 libro
1292 706 1435 759 primo
1455 706 1819 748 Machabaeorum.

1137 774 1288 816 Lectio
1309 775 1331 815 i.
1597 777 1700 829 Cap,
1716 778 1752 818 8.

1068 841 1141 895 25‘313t
1165 837 1331 879 audivit
1353 835 1490 879 Judas
1515 849 1675 879 nomen
1699 838 1857 880 Roma-

1057 892 1116 936 2³53
1138 895 1308 943 norum,
1335 894 1436 946 quia
1456 899 1556 935 sunt
1575 895 1780 946 potentes
1799 899 1858 937 vi-

1033 948 1172 999 ribus,
1211 955 1255 991 et
1291 950 1575 1002 acquiescunt
1611 949 1668 992 ad
1704 952 1858 1002 omnia,

1035 1018 1134 1057 quae
1168 1007 1447 1058 postulantur
1479 1007 1533 1048 ab
1567 1008 1646 1048 eis:
1691 1013 1734 1050 et
1768 1009 1857 1060 qui-

1035 1066 1223 1114 cumque
1251 1065 1529 1105 accesserunt
1559 1063 1615 1105 ad
1642 1076 1736 1114 eos,
1775 1070 1858 1106 sta-

1034 1121 1212 1161 tuerunt
1232 1133 1331 1161 cum
1350 1121 1412 1161 eis
1433 1120 1664 1170 amicitias,
1693 1125 1736 1162 et
1759 1122 1858 1174 quia

1034 1181 1133 1217 sunt
1165 1178 1370 1228 potentes
1397 1176 1572 1218 viribus.
1628 1178 1684 1219 Et
1714 1178 1856 1219 audie-

1034 1236 1134 1273 runt
1153 1232 1305 1284 praelia
1324 1235 1490 1283 cotum,
1519 1238 1561 1275 et
1580 1234 1763 1275 virtutes
1783 1234 1857 1276 bo-

1033 1301 1122 1338 nas,
1143 1301 1250 1340 quas
1270 1289 1466 1331 fecerunt
1485 1290 1529 1330 in
1552 1289 1736 1340 Galatia,
1757 1291 1858 1342 quia

1034 1344 1316 1387 obtinuerunt
1342 1358 1437 1395 eos,
1465 1351 1509 1387 et
1536 1345 1752 1387 duxerunt
1777 1346 1857 1389 sub

1031 1401 1259 1443 tributum:
1305 1407 1348 1443 et
1387 1407 1548 1454 quanta
1582 1402 1779 1444 fecerunt
1814 1403 1857 1443 in

1032 1459 1210 1509 regione
1230 1459 1474 1511 Hispaniae,
1503 1464 1547 1500 et
1572 1459 1691 1511 quod
1715 1460 1758 1499 in
1780 1473 1856 1512 po-

1031 1516 1237 1556 testatem
1277 1514 1540 1566 redegerunt
1580 1515 1755 1556 metalla
1791 1529 1854 1557 ar-

1031 1572 1151 1621 genti
1171 1576 1214 1613 et
1230 1572 1334 1622 auri,
1355 1585 1453 1623 quae
1467 1572 1556 1613 illic
1570 1577 1680 1622 sunt,
1700 1577 1744 1613 et
1758 1586 1856 1625 pos-

1031 1627 1240 1669 sederunt
1278 1641 1452 1670 omnem
1489 1628 1634 1669 locum
1673 1629 1854 1670 consilio

1031 1697 1122 1734 suo,
1143 1690 1186 1726 et
1200 1684 1424 1737 patientia:
1443 1684 1627 1736 lecaque
1648 1698 1746 1738 quae
1765 1686 1854 1727 lon-

1029 1753 1083 1791 ge
1104 1746 1227 1782 erant
1245 1740 1373 1782 valde
1393 1740 1448 1782 ab
1469 1741 1547 1791 eiS,
1573 1747 1616 1782 et
1635 1754 1760 1792 reges
1782 1742 1855 1794 qui

1030 1799 1374 1849 supervenerant
1393 1797 1455 1838 eis
1475 1796 1530 1838 ab
1551 1798 1754 1839 extremis
1772 1803 1854 1839 ter-

1029 1866 1110 1903 rae,
1139 1853 1454 1903 contriverunt,
1482 1858 1526 1895 et
1544 1856 1854 1905 percusserunt

1030 1922 1107 1951 eos
1148 1910 1279 1963 plaga
1318 1923 1493 1961 magna:
1539 1910 1674 1951 ceteri
1709 1915 1853 1951 autem

1030 1966 1135 2008 dant
1155 1967 1216 2008 eis
1235 1966 1447 2008 tributum
1467 1965 1666 2007 amnibus
1686 1966 1819 2007 annis.

1081 2029 1133 2081 R.
1159 2027 1347 2069 Refulsit
1366 2027 1445 2068 sol.
1464 2028 1551 2068 163.

1333 2096 1486 2137 Lectio
1506 2096 1545 2136 ii.

1109 2167 1128 2204 t
1151 2162 1281 2213 elegit
1304 2163 1329 2203 J
1330 2162 1439 2203 udas
1465 2161 1770 2214 Eup61emum,
1803 2162 1851 2202 fi-

1118 2219 1223 2260 lium
1242 2219 1267 2259 J
1269 2218 1434 2267 oannis,
1453 2218 1529 2259 filii
1547 2218 1573 2258 J
1574 2217 1696 2273 acob,
1721 2223 1765 2260 et
1782 2218 1807 2259 J
1810 2221 1851 2259 a-

1028 2288 1200 2324 sonem,
1237 2274 1374 2316 filium
1404 2274 1620 2324 Eleazari‚
1661 2279 1703 2316 et
1734 2274 1851 2316 misit

1028 2344 1105 2372 eos
1132 2331 1319 2372 Romam
1347 2330 1612 2372 constituere
1640 2343 1739 2372 cum
1765 2330 1850 2372 illis

1027 2387 1271 2436 amicitiam,
1291 2391 1335 2428 et
1353 2386 1626 2428 societatem:
1651 2391 1695 2428 et
1712 2392 1760 2428 ut
1778 2399 1848 2428 au-

1026 2443 1188 2484 ferrent
1220 2441 1275 2483 ab
1308 2441 1370 2483 eis
1401 2443 1548 2497 jugum
1580 2441 1848 2491 Graecorum,

1028 2498 1131 2551 quia
1154 2497 1357 2539 viderunt
1381 2497 1503 2549 quod
1525 2497 1569 2538 in
1593 2498 1849 2539 servitiitem

1026 2557 1277 2607 premerent
1300 2565 1482 2604 regnum
1505 2553 1653 2594 Israel.
1695 2554 1751 2595 Et
1776 2552 1846 2594 ab·

1025 2611 1167 2652 ierunt
1182 2611 1369 2650 Romam
1383 2609 1498 2651 viam
1515 2609 1696 2650 multam
1709 2607 1847 2656 valde,

1027 2671 1071 2708 et
1089 2665 1347 2708 introierunt
1366 2666 1548 2715 curiam,
1567 2670 1611 2706 et
1631 2664 1846 2706 dixerunt:

1026 2723 1051 2763 J
1052 2722 1162 2763 udas
1182 2720 1476 2772 Machabaeus,
1504 2725 1547 2762 et
1570 2720 1725 2760 fratres
1744 2719 1845 2770 ejus,

1578 2845 1641 2879 12·
