2040 2944
675 187 747 221 Die
771 188 822 222 23.
850 188 927 222 Oct.
976 189 1032 223 Ss.
1058 190 1339 233 lx'edcmptoris.

200 281 275 324 Ad
308 281 483 331 Magnis.
527 282 627 323 Ant.
669 281 796 324 Salus
833 288 981 324 autem

152 348 251 378 mea
274 336 319 378 in
344 337 660 390 sempiternum
680 339 773 388 erit,
799 344 843 381 et
867 341 983 391 justi·
1047 352 1053 382 .

150 393 211 435 tia
229 405 328 434 mea
349 394 394 434 in
411 395 719 445 generationes
739 397 982 446 generatio·
1047 389 1053 407 '¹

150 462 264 498 num,
283 449 466 502 alleluja.

486 524 650 565 Oratio.

239 596 327 634 eus,
343 584 418 636 qui
428 584 709 635 Unigenitum
723 590 846 629 tuum
861 600 981 628 mun-

266 639 310 682 di
333 640 683 693 Redemptorem
707 644 982 693 constituisti,

149 701 193 738 et
210 709 291 750 per
311 709 420 747 eum,
441 696 614 740 devicta
633 704 788 748 morte,
806 712 889 740 nos
907 701 982 740 mi-

148 753 430 795 sericorditer
476 753 532 795 ad
577 756 713 796 vitam
750 757 982 808 reparasti:

149 809 362 861 concede;
381 816 430 852 ut
447 809 545 852 haec
558 811 774 853 beneficia
789 812 981 854 recolen-

147 870 233 916 tes,
264 865 346 908 tibi
377 869 594 919 perpetua
623 868 804 910 caritate
838 868 982 910 adhae-

148 924 256 972 rere,
280 927 324 964 et
343 923 540 975 ejusdem
560 924 878 977 redemptionis
896 926 980 966 fru-

149 983 267 1021 ctum
311 982 541 1033 percipere
586 983 844 1023 mereamur.
897 982 982 1023 Per

149 1035 354 1078 eumdem
380 1037 630 1078 Dominum.

309 1121 397 1162 Ad
429 1123 816 1166 Matutinum.

196 1186 321 1227 Invit.
349 1186 692 1241 Redemptorem
707 1190 981 1241 saeculorum,

147 1243 294 1296 ipsum
322 1244 493 1294 Regem
520 1245 812 1297 Angelorum,
836 1246 858 1269 *
893 1247 981 1289 Ad-

148 1301 324 1341 oremus
352 1300 602 1343 Dominum.

198 1362 267 1403 Ps.
293 1363 460 1416 Venite,
481 1366 761 1409 exsultemus.
779 1370 816 1410 2.

454 1442 666 1494 Hymnus.

282 1525 405 1554 erum
425 1513 610 1556 Creator
629 1515 807 1568 optime,

303 1570 559 1623 Rectorque
578 1576 729 1613 noster
749 1573 915 1626 aspice:

249 1625 345 1668 Nos
364 1639 390 1668 a
411 1627 556 1679 quiete
574 1627 707 1669 noxia

250 1682 422 1725 Mersos
442 1685 605 1736 sopore
625 1683 774 1726 libera.

202 1749 381 1802 Mentes,
398 1755 645 1805 manusque
664 1753 870 1805 tollimus,

250 1807 474 1861 Propheta
493 1809 606 1851 sicut
624 1810 830 1852 nectibus

251 1863 394 1906 Nobis
413 1865 654 1916 gerendum
671 1868 885 1921 praecipit,

251 1920 504 1974 Paulusque
524 1923 659 1974 gestis
679 1925 859 1966 censuit.

198 1989 260 2031 Te
285 1995 435 2032 sancte
457 1991 632 2034 Christe
650 1994 886 2046 poscimus,

251 2046 439 2097 Igno-ce
458 2048 599 2100 culpis
619 2049 838 2091 omnibus:

254 2101 326 2144 Ad
345 2103 645 2146 confitendum
664 2106 894 2157 surgimus,

252 2158 491 2212 Morasque
509 2161 651 2203 noctis
671 2163 924 2215 rumpimus.

204 2227 314 2278 Jesu,
334 2227 415 2270 tibi
433 2229 489 2270 sit
507 2229 656 2281 gloria,

253 2284 337 2335 Qui
355 2289 484 2326 natus
505 2297 552 2327 es
570 2285 626 2327 de
644 2287 837 2339 Virgine,

255 2341 365 2382 Cum
382 2341 525 2391 Patre,
546 2347 588 2384 et
609 2342 725 2385 almo
745 2344 919 2397 Spiritu,

252 2397 304 2438 In
323 2398 592 2450 sempiterna
610 2399 782 2441 saecula.

462 2454 615 2496 Amen.

385 2526 434 2564 In
458 2525 488 2564 Ι.
512 2525 734 2564 Nocturno.

199 2594 298 2634 Ant.
358 2594 475 2638 Voce
516 2610 616 2639 mea
651 2598 708 2640 ad
744 2598 982 2639 Dominum

150 2649 343 2700 clamavi,
364 2657 408 2693 et
427 2652 652 2695 exaudivit
669 2667 739 2695 me
758 2654 813 2696 de
831 2659 980 2695 monte

149 2711 300 2748 sancto
330 2720 421 2749 suo.

1320 286 1518 326 Psalmus
1543 287 1578 326 3.

1077 350 1312 397 *x
1337 349 1443 402 quid
1463 349 1741 401 multiplicati
1764 355 1865 391 sunt

1082 397 1139 453 l
1161 454 1162 459 Ἰ
1187 407 1260 458 qui
1275 406 1486 448 tribulant
1505 406 1598 447 me?
1617 406 1640 431 *
1658 405 1786 447 multi
1804 407 1863 447 in-

1094 460 1114 465 “’
1149 465 1155 476 ·“
1186 466 1370 514 surgunt
1389 462 1622 504 adversum
1642 475 1723 503 me.

1087 519 1214 560 Multi
1234 519 1385 560 dicunt
1404 519 1561 560 animae
1575 531 1702 560 meae:
1721 520 1745 546 *
1761 518 1863 560 Non

1036 580 1104 616 est
1123 575 1241 616 salus
1258 575 1344 627 ipsi
1362 575 1406 615 in
1425 575 1521 616 Deo
1542 576 1643 626 ejus.

1086 631 1155 672 Tu
1204 636 1351 672 autem
1395 631 1585 672 Domine
1630 632 1862 683 susceptor

1034 700 1159 729 meus
1180 700 1242 737 es,
1262 688 1285 713 *
1304 688 1443 738 gloria
1461 700 1576 737 mea,
1600 692 1643 729 et
1663 687 1861 728 exaltans

1036 749 1169 796 caput
1188 757 1344 788 meum.

1086 801 1212 842 Voce
1237 813 1334 842 mea
1360 801 1416 842 ad
1441 801 1678 842 Dominum
1707 799 1862 840 clama—

1035 857 1098 897 vi:
1129 858 1152 883 *
1186 862 1229 898 et
1261 857 1484 899 exaudivit
1520 869 1590 898 me
1621 856 1676 897 de
1713 860 1862 897 monte

1035 919 1187 955 sancto
1215 926 1306 954 suo.

1085 971 1181 1022 Ego
1198 970 1395 1020 dormivi,
1407 975 1451 1012 et
1466 971 1699 1022 soporatus
1715 982 1823 1010 sum:
1839 970 1862 996 *

1036 1032 1079 1068 et
1095 1027 1332 1077 exsurrexi,
1349 1027 1450 1078 quia
1465 1027 1558 1067 Dfis
1574 1026 1767 1077 suscepit
1782 1038 1861 1067 me.

1086 1083 1187 1125 Non
1225 1083 1391 1125 timebo
1424 1082 1559 1123 millia
1595 1082 1750 1134 populi
1783 1082 1861 1123 cir-

1035 1139 1282 1181 cumdantis
1306 1152 1391 1180 me:
1410 1142 1434 1166 *
1454 1142 1639 1189 exsurge
1664 1138 1861 1188 Domine,

1035 1196 1206 1237 salvum
1226 1209 1296 1237 me
1317 1196 1386 1237 fac
1406 1196 1528 1236 Deus
1546 1207 1681 1236 meus.

1088 1253 1305 1302 Quoniam
1338 1257 1386 1294 tu
1422 1251 1679 1304 percussisti
1710 1263 1861 1291 omnes

1035 1309 1321 1350 adversantes
1339 1308 1447 1349 mihi
1462 1308 1555 1349 sine
1570 1320 1715 1348 causa:
1725 1308 1749 1334 *
1761 1306 1861 1348 den-

1034 1370 1102 1407 tes
1122 1367 1408 1418 peccatorum
1427 1363 1684 1406 contrivisti.

1086 1422 1266 1463 Domini
1286 1426 1353 1463 est
1378 1421 1511 1462 salus:
1528 1422 1551 1447 *
1572 1424 1615 1461 et
1635 1432 1768 1472 super
1786 1420 1861 1471 po-

1033 1478 1186 1531 pulum
1204 1483 1329 1520 tuum
1346 1477 1596 1519 benedictio
1616 1480 1702 1517 tua.

1087 1542 1186 1583 Ant.
1237 1542 1356 1585 Voce
1400 1555 1499 1584 mea
1534 1540 1591 1583 ad
1626 1541 1863 1582 Dominum

1034 1600 1229 1650 clamavi,
1248 1605 1292 1642 et
1310 1598 1531 1641 exaudivit
1549 1611 1619 1638 me
1639 1596 1694 1638 de
1713 1601 1862 1638 monte

1034 1662 1187 1699 sancto
1209 1669 1300 1697 suo.

1087 1719 1186 1760 Ant.
1228 1720 1415 1762 Domine
1449 1719 1664 1760 Dominus
1699 1721 1861 1767 noster,

1035 1791 1166 1831 quam
1189 1776 1445 1819 admirabile
1470 1780 1537 1817 est
1559 1787 1719 1816 nomen
1737 1779 1861 1814 tuum

1032 1835 1077 1875 in
1094 1835 1297 1875 universa
1314 1831 1448 1875 terra!

1088 1907 1250 1948 Quando
1278 1907 1506 1950 Antiphona
1535 1906 1675 1940 dicitur
1700 1906 1859 1947 integra,

1033 1956 1211 1990 psalmus
1236 1955 1420 1998 incipitur
1445 1965 1465 1988 a
1491 1954 1661 1987 secundo
1686 1964 1814 1987 versu:

1316 2015 1512 2055 Psalmus
1542 2016 1578 2054 8.

1123 2078 1266 2119 omine
1281 2076 1495 2119 Dominus
1515 2080 1675 2124 noster,
1690 2076 1714 2103 *
1729 2087 1861 2126 quam

1151 2133 1406 2176 admirabile
1444 2137 1511 2173 est
1546 2143 1705 2173 nomen
1736 2136 1860 2172 tuum

1033 2193 1077 2233 in
1096 2191 1300 2232 universa
1318 2188 1454 2231 terra!

1120 2260 1297 2301 uoniam
1313 2258 1482 2300 elevata
1497 2262 1564 2298 est
1583 2257 1860 2307 magnificen-

1146 2317 1207 2357 tia
1225 2321 1310 2364 tua‚
1329 2315 1352 2341 *
1373 2326 1505 2366 super
1524 2313 1673 2355 coelos

1087 2373 1154 2413 Ex
1182 2384 1258 2413 ore
1286 2371 1515 2411 infantium
1540 2374 1583 2411 et
1606 2370 1859 2411 lactentium

1035 2427 1258 2482 perfecisti
1271 2426 1447 2467 laudem
1464 2431 1647 2478 propter
1660 2426 1859 2466 inimicos

1034 2490 1146 2533 tuos,
1164 2484 1188 2510 *
1207 2487 1255 2524 ut
1275 2482 1476 2524 destruas
1495 2482 1718 2523 inimicum
1738 2486 1781 2523 et
1799 2480 1858 2521 ul-

996 2558 999 2562 ·
1033 2543 1187 2582 torem.

1087 2595 1303 2646 Quoniam
1321 2594 1482 2636 videbo
1509 2594 1647 2635 coelos
1670 2598 1784 2640 tuos,
1813 2593 1857 2631 o-

1034 2665 1142 2705 pera
1170 2651 1406 2702 digitorum
1434 2652 1624 2692 tuorum:
1657 2649 1680 2674 *
1712 2647 1858 2687 lunam

1035 2713 1079 2751 et
1097 2707 1255 2757 stellas,
1277 2720 1374 2760 quae
1394 2712 1442 2748 tu
1459 2705 1661 2747 fundasti.
