2040 2944
438 181 508 215 Die
532 181 584 214 22.
609 180 711 223 Sept.
759 180 793 214 S.
819 180 981 214 Thomae
1007 181 1053 214 de
1078 179 1287 213 Villanova
1313 177 1440 221 Episc.
1465 183 1502 213 et
1526 178 1635 213 Conf.

171 277 327 325 stolOS‚
348 278 583 326 antequam
603 273 850 323 crederent,
870 274 1000 316 vidis-

172 346 219 374 se
247 346 334 374 non
363 330 545 372 dubium
574 335 652 385 est.
700 330 830 372 Certe
858 331 1002 382 fulgor

170 390 279 442 ipse,
307 393 351 429 et
369 388 573 439 majestas
594 386 835 429 divinitatis
857 387 1000 429 occul-

169 450 241 494 tae,
266 457 364 496 quae
385 443 516 484 etiam
535 443 578 484 in
597 442 787 484 humana
807 443 918 485 facie
938 456 1001 485 re-

169 500 358 549 lucebat,
385 512 439 541 ex
467 499 610 552 primo
639 499 697 540 ad
724 513 772 541 se
800 499 1001 542 videntes

168 556 343 598 trahere
371 558 549 608 poterat
577 558 774 609 aspectu.
814 556 859 598 Si
888 557 1001 598 enim

169 613 211 653 in
234 615 436 663 magnete
461 612 612 665 lapide
632 618 676 654 et
696 613 886 654 succinis
904 612 1002 654 haec

168 682 265 710 esse
286 669 350 710 vis
371 668 543 718 dicitur,
567 674 616 711 ut
639 669 837 719 annulos,
861 674 906 710 et
929 671 1000 710 sti-

167 725 333 778 pulam,
371 730 415 767 et
443 726 636 767 festucas
665 725 747 767 sibi
776 726 1001 778 copulent:

169 787 333 834 quanto
376 782 515 833 magis
552 782 768 823 D6minus
806 782 1001 823 omnium

168 840 466 880 creaturarum
485 838 542 880 ad
566 851 614 880 se
632 838 807 880 trahere
824 840 1002 891 poterat

169 907 280 946 quos
300 893 512 936 vocabat?

249 965 275 1002 '·.
293 959 372 1000 Isti
392 964 494 1001 sunt-
511 959 594 1000 viri
613 960 764 1010 sancti,
785 972 897 1012 quos
917 959 1000 1001 ele-

166 1015 231 1065 git
294 1015 466 1056 ominus
494 1015 538 1056 in
567 1016 750 1057 caritate
774 1028 862 1057 non
887 1015 1000 1067 ficta,

168 1075 212 1112 et
227 1070 351 1112 dedit
366 1070 450 1112 illis
468 1071 653 1122 gloriam
673 1072 1001 1124 sempiternam:

173 1133 195 1155 *
210 1127 406 1177 Quorum
422 1127 624 1169 doctrina
639 1128 776 1179 fulget
792 1128 1002 1178 Ecclesia,

167 1187 215 1224 ut
239 1183 334 1224 sole
359 1183 471 1224 luna.
511 1181 559 1232 V.
585 1185 734 1226 Sancti
759 1197 839 1237 per
867 1184 1000 1226 fidem

168 1240 366 1280 vicerunt
391 1252 536 1291 regna,
564 1241 737 1293 operati
764 1246 864 1282 sunt
883 1242 1000 1292 justi-

165 1296 283 1337 tiam.
312 1296 519 1346 Quorum.
550 1297 712 1338 Gloria.
747 1298 955 1348 Quorum.

476 1380 628 1420 Lectio
649 1380 700 1419 ix.

259 1443 450 1485 tfactum
464 1449 542 1493 est,
562 1443 866 1486 discumbente
885 1457 939 1486 eo
959 1445 1003 1485 in

260 1500 412 1550 domo,
438 1513 542 1542 ecce
565 1501 691 1542 multi
716 1501 940 1553 publicani
960 1507 1003 1543 et

167 1558 429 1610 peccatores
481 1557 706 1599 venientes
758 1556 1002 1599 discumbe-

167 1614 274 1655 bant
293 1626 392 1654 cum
410 1613 435 1654 J
438 1626 527 1654 esu.
561 1613 785 1655 Videbant
808 1614 1001 1666 publica-

169 1683 273 1710 num
292 1682 317 1710 a
336 1669 531 1721 peccatis
552 1669 609 1711 ad
623 1670 807 1711 meliora
823 1672 1002 1711 conver-

170 1739 281 1775 sum,
307 1726 454 1767 locum
478 1725 697 1767 invenisse
717 1726 1002 1778 poenitentiae‚

170 1787 214 1823 et
241 1782 298 1823 ob
323 1781 368 1823 id
395 1782 527 1823 etiam
550 1782 635 1834 ipsi
658 1795 746 1823 non
765 1782 1004 1835 desperant

170 1838 367 1879 salutem.
408 1838 567 1889 Neque
595 1851 702 1880 vero
733 1838 776 1879 in
807 1838 1002 1891 pristinis

170 1894 287 1934 vitiis
312 1896 622 1946 permanentes
648 1895 827 1936 veniunt
853 1894 910 1936 ad
935 1895 1002 1936 Je-

170 1963 281 1998 sum,
314 1955 362 1991 ut
394 1950 602 2002 pharisaei
635 1955 678 1992 et
705 1950 862 1992 scribae
890 1954 1003 1992 mur-

170 2012 357 2048 murant:
383 2006 462 2048 sed
487 2007 793 2059 poenitentiam
813 2009 1004 2058 agentes,

171 2067 218 2103 ut
246 2075 436 2115 sequens
460 2064 638 2104 Demini
667 2077 814 2106 sermo
843 2064 1002 2114 signifi-

171 2124 251 2167 cat,
272 2119 438 2160 dicens:
457 2120 808 2162 Misericordiam
826 2120 940 2170 volo,
960 2126 1004 2162 et

170 2187 257 2214 non
277 2176 557 2217 sacrificium:
576 2189 665 2218 non
686 2177 800 2218 enim
814 2177 915 2218 veni
929 2189 1003 2218 vo·

171 2232 271 2272 care
299 2232 453 2282 iustos,
483 2231 564 2274 sed
591 2235 863 2285 peccateres.
905 2233 1004 2275 Ibat

171 2291 318 2327 autem
342 2287 558 2330 D6minus
589 2289 647 2331 ad
673 2290 876 2331 convivia
903 2302 1003 2342 pec—

171 2345 387 2393 catorum,
429 2350 477 2386 ut
510 2346 789 2387 occasionem
821 2345 1004 2388 haberet

172 2398 375 2450 docendi,
411 2406 455 2442 et
483 2402 735 2453 spirituales
763 2402 1002 2444 invitatori—

170 2454 253 2496 bus
272 2456 363 2496 suis
382 2457 603 2508 praeberet
622 2458 757 2500 cibos.

226 2516 288 2556 Te
308 2515 451 2557 Deum
472 2517 713 2560 laudamus.
735 2520 794 2559 14.

220 2590 264 2624 In
285 2590 331 2624 H.
349 2590 465 2633 Vesp.
487 2601 620 2626 eornm.
643 2603 749 2636 sequ.
769 2597 806 2627 et
820 2593 876 2628 Ss.
894 2593 998 2627 Mau-

168 2638 247 2672 ritii
265 2643 302 2672 et
318 2638 402 2672 Soc.
420 2638 641 2682 Martyrum.

1237 274 1321 315 Die
1339 276 1404 315 22.
1423 274 1707 327 Septembris.

1147 337 1190 378 S.
1213 338 1418 380 Thomae
1444 337 1505 378 de
1530 338 1801 380 villanova

1303 393 1447 445 Episc.
1468 398 1512 435 et
1533 393 1653 434 Conf.

1394 454 1559 497 Duplex.

1115 506 1253 540 Omnia
1279 506 1326 540 de
1349 506 1554 541 Communi
1571 507 1680 541 Conf.
1695 506 1804 542 Pont.
1817 505 1888 549 [49]

1062 558 1202 597 praeter
1226 554 1438 597 sequentia.
1456 552 1517 593 (m.
1541 559 1565 586 t.
1588 554 1638 592 v.)

1113 607 1156 640 In
1180 607 1356 649 utrisque
1383 606 1499 650 Vesp.
1525 606 1575 641 ad
1598 606 1755 650 Magnis.

1114 659 1214 700 Ant.
1259 656 1494 708 Dispersit‚
1534 656 1657 698 dedit
1687 657 1888 709 pauperi-

1056 711 1153 753 bus:
1185 712 1351 763 justitia
1378 713 1470 764 ejus
1498 718 1646 755 manet
1680 713 1723 753 in
1753 714 1887 754 sa'ecu-

1054 768 1145 810 lum
1164 768 1325 809 saeculi.

1114 824 1163 875 V.
1185 824 1364 866 Amavit
1385 837 1486 867 eum
1504 825 1736 875 Deminus,
1759 830 1804 867 et
1822 838 1888 866 or-

1054 881 1177 922 navit
1209 893 1320 922 eum.
1364 885 1415 937 151.
1443 882 1611 924 Stolam
1643 882 1796 933 gloriae
1829 884 1890 922 in-

1056 937 1150 978 duit
1170 949 1280 979 eum.

1399 994 1564 1035 Oratio.

1147 1059 1236 1097 eus,
1255 1048 1330 1099 qui
1348 1048 1527 1090 beatum
1544 1048 1762 1090 Thomam
1777 1048 1890 1090 Pon-

1158 1103 1323 1145 tificem
1332 1104 1513 1155 insignis
1527 1104 1572 1145 in
1582 1107 1804 1157 pauperes
1814 1104 1890 1145 mi-

1056 1159 1310 1202 sericordiae
1329 1161 1493 1202 virtute
1513 1160 1750 1202 decorasti:
1772 1162 1888 1212 quae-

1055 1229 1220 1266 sumus;
1249 1222 1296 1258 ut
1321 1218 1413 1269 ejus
1436 1217 1754 1259 intercessione
1776 1217 1821 1257 in
1844 1229 1888 1258 o—

1055 1285 1179 1314 mnes
1206 1273 1281 1323 qui
1306 1278 1350 1314 te
1374 1272 1686 1325 deprecantur,
1714 1273 1890 1315 divitias

1054 1328 1371 1370 misericordiae
1397 1335 1486 1371 tuae
1513 1329 1730 1381 benignus
1756 1329 1889 1372 effun-

1056 1385 1147 1427 das.
1174 1386 1260 1427 Per
1279 1386 1528 1428 Dominum.

1113 1448 1263 1482 Deinde
1290 1449 1331 1482 fit
1354 1459 1551 1484 commem.
1578 1449 1635 1484 Ss.
1657 1449 1766 1483 Mart.
1788 1450 1892 1484 Mau—

1060 1497 1138 1531 ritii
1163 1500 1199 1531 et
1225 1496 1309 1530 Soc.

1113 1549 1211 1589 Ant.
1248 1547 1442 1587 Istorum
1470 1551 1537 1588 est
1565 1546 1681 1588 enim
1708 1559 1892 1597 regnum

1058 1601 1284 1651 coelOrum‚
1299 1602 1374 1654 qui
1385 1605 1746 1656 contempserunt
1757 1603 1892 1645 vitam

1057 1657 1219 1708 mundi,
1246 1663 1289 1700 et
1311 1660 1607 1711 pervenerunt
1630 1658 1688 1701 ad
1710 1660 1893 1712 praemia

1059 1714 1199 1765 regni,
1237 1720 1280 1756 et
1313 1715 1516 1757 laverunt
1545 1715 1683 1758 stolas
1715 1729 1817 1757 suas
1849 1716 1893 1758 in

1059 1771 1271 1821 sanguine
1290 1771 1417 1822 Agni.

1111 1826 1161 1877 YV.
1184 1827 1417 1869 Laetamini
1445 1828 1490 1869 in
1515 1828 1720 1879 D6mino,
1750 1833 1795 1870 et
1819 1841 1890 1871 ex-

1059 1885 1222 1926 sultate
1250 1884 1364 1936 justi.
1399 1888 1450 1939 R.
1482 1885 1540 1927 Et
1570 1885 1819 1937 gloriamini
1846 1898 1890 1927 o-

1058 1954 1183 1983 mnes
1202 1940 1313 1982 recti
1331 1940 1479 1983 corde.

1395 2003 1560 2044 Oratio.

1133 2070 1264 2108 nnue,
1312 2059 1565 2110 quaesumus
1612 2061 1891 2112 omnipotens

1182 2114 1320 2155 Deus:
1359 2119 1409 2156 ut
1441 2117 1695 2157 sanctorum
1728 2115 1891 2168 Marty-

1057 2183 1154 2212 rum
1176 2172 1354 2212 tuorum
1377 2171 1570 2213 Mauritii
1594 2176 1638 2213 et
1661 2171 1889 2213 Soci6rum

1056 2227 1148 2278 ejus
1175 2239 1258 2268 nos
1285 2226 1482 2269 laetificet
1506 2227 1663 2269 festiva
1689 2227 1889 2268 solemni-

1055 2288 1139 2333 tas3
1167 2288 1216 2324 ut
1245 2296 1432 2335 quorum
1459 2283 1679 2334 suffragiis
1702 2284 1889 2334 nitimur,

1057 2342 1211 2381 earum
1247 2340 1458 2381 natalitiis
1496 2340 1745 2391 gloriemur.
1805 2341 1890 2382 Per

1056 2396 1295 2438 DOminum
1314 2401 1525 2438 nostrum.

1108 2460 1152 2494 In
1182 2460 1208 2494 1.
1238 2460 1439 2494 Nocturno
1470 2458 1675 2493 Lectiones
1713 2459 1759 2493 de
1790 2458 1889 2494 Scri-

1056 2512 1170 2551 ptura
1194 2511 1429 2542 occurrente.

1110 2560 1154 2594 In
1186 2560 1360 2601 Quatuor
1391 2558 1651 2601 Temporibus
1689 2558 1791 2593 Lect.
1827 2557 1888 2594 Fi-

1055 2607 1154 2642 delis
1179 2617 1316 2642 sermo.
1345 2606 1391 2640 de
1415 2606 1551 2640 eodem
1573 2606 1719 2640 Comm.
1744 2607 1771 2640 1.
1788 2606 1887 2640 loco.

1055 2655 1125 2698 [51]
1170 2654 1303 2688 Lectio
1328 2654 1378 2688 ix.
1409 2654 1455 2687 de
1480 2654 1593 2688 Feria
1618 2659 1654 2689 et
1684 2655 1765 2697 ejus
1791 2654 1886 2688 coffi.

1056 2702 1094 2735 in
1119 2702 1319 2737 Laudibus
1343 2706 1501 2736 tantum.
