2040 2944
154 173 226 208 310

157 270 230 322 qui
258 267 480 319 signacula
506 265 580 306 illa
608 266 778 306 secrete
802 263 981 316 impres-

155 331 283 374 serat,
296 323 506 365 miracula
521 321 725 375 quaedam
740 322 891 373 aperte
903 332 982 372 per

155 384 249 435 ipsa
264 379 536 428 monstravit,
555 383 604 420 ut
619 378 793 419 illorum
808 376 983 418 occulta

156 444 199 481 et
224 438 333 479 mira
358 436 423 476 vis
449 438 718 486 stigmatum,
751 432 983 474 manifesta

154 496 326 548 pateret
345 492 543 534 613111316
570 491 806 542 signorum.
843 490 982 531 Porro

155 564 247 592 rem
267 548 583 597 admirabilem,
603 560 654 588 36
672 548 904 598 tantopere
922 550 982 587 te-

156 609 331 655 51313111,
360 610 494 657 atque
518 604 561 645 in
585 603 824 656 pontificiis
844 601 983 655 diplo-

154 663 343 704 matibus
369 661 608 714 praecipuis
631 658 837 701 laudibus
864 663 908 700 et
926 658 983 699 fa-

154 719 334 761 voribus
354 717 603 766 exaltatam,
624 714 890 757 Benedictus
904 714 983 755 Pa-

154 789 211 828 pa
250 774 505 816 undecimus
541 771 837 814 anniversaria
873 770 982 812 sole-

154 832 336 873 mnitate
387 829 599 872 6616111311
644 828 799 870 voluit:
854 840 984 880 quam

154 890 314 941 postea
355 886 517 928 Paulus
562 885 739 938 quintus
781 884 985 925 Pontifex

156 944 390 992 Maximus,
443 947 492 983 ut
535 941 671 983 corda
711 939 906 982 fidelium
941 940 985 980 in

158 1000 318 1042 Christi
346 999 543 1041 crucifixi
570 996 915 1039 accenderentur
943 1010 983 1037 3-

155 1059 339 1105 morem,
373 1054 430 1097 ad
462 1055 710 1096 universam
742 1053 985 1095 Ecclesiam

156 1111 430 1165 propagavit.

212 1170 261 1220 Rz.
283 1169 373 1210 Iste
392 1167 538 1209 homo.
558 1167 638 1220 [72]

384 1247 431 1285 In
453 1247 523 1286 ΙΙΙ.
546 1246 767 1286 Nocturno.

159 1308 310 1349 Lectio
333 1307 472 1349 sancti
494 1307 720 1357 Evangelii
743 1307 982 1350 secundum

438 1363 706 1405 Matthaeum.

238 1426 389 1468 Lectio
411 1426 478 1466 vii.
676 1426 778 1478 Cap.
795 1428 851 1466 16.
869 1426 906 1466 d.

157 1480 231 1586 In
251 1484 327 1526 illo
343 1487 558 1538 tempore:
577 1485 700 1527 Dixit
715 1485 739 1526 J
742 1498 842 1527 esus
860 1485 984 1527 disci-

222 1541 336 1594 pulis
357 1542 462 1583 suis:
487 1542 532 1583 Si
557 1542 654 1594 quis
674 1542 767 1584 vult
789 1547 893 1595 post
915 1556 985 1584 me

157 1600 316 1648 venire,
331 1598 519 1649 abneget
534 1601 831 1652 semetipsum,
846 1605 890 1642 et
905 1600 984 1641 tol-

155 1654 217 1696 lat
237 1667 411 1697 crucem
431 1668 571 1705 suam,
599 1660 643 1697 et
669 1658 880 1708 sequatur
904 1670 985 1699 me.

157 1712 213 1753 Et
234 1711 413 1764 reliqua.

210 1781 398 1823 Homilia
417 1783 556 1824 sancti
575 1782 779 1833 Gregorii
797 1784 942 1836 Papae.

336 1843 507 1877 Homilia
528 1844 580 1878 32.
602 1844 640 1877 in
663 1844 808 1886 Evang.

162 1894 356 1961 fs*
383 1894 598 1936 Dominus
630 1908 682 1938 ac
708 1896 985 1950 Redemptor

196 1950 279 2006 <iffi
302 1956 453 1992 noster
476 1964 618 1993 novus
641 1952 774 1995 homo
799 1954 918 1996 venit
942 1954 985 1994 in

161 2005 241 2029 ἐξ
302 2007 522 2057 mundum,
541 2022 654 2051 nova
671 2011 898 2062 praecepta
911 2010 983 2052 de-

157 2062 222 2104 dit
248 2063 425 2106 mundo.
478 2065 595 2107 Vitae
629 2067 789 2108 etenim
820 2072 985 2108 nostrae

158 2120 297 2161 veteri
319 2121 362 2161 in
382 2121 498 2163 vitiis
522 2125 726 2165 enutritae
749 2124 985 2165 contrarie-

158 2178 295 2218 1316111
306 2178 516 2231 opposuit
525 2180 734 2221 novitatis
746 2193 848 2221 suae.
868 2181 986 2231 Quid

159 2233 273 2274 enim
304 2240 447 2284 vetus,
487 2235 594 2288 quid
632 2236 820 2278 carnalis
851 2237 985 2279 homo

157 2291 356 2340 noverat,
393 2291 478 2333 nisi
504 2305 582 2334 sua
610 2292 813 2343 retinere,
846 2294 986 2336 aliena

158 2347 325 2398 rapere,
350 2347 387 2388 si
405 2354 574 2400 posset;
598 2352 924 2402 concupiscere,
950 2351 986 2392 si

158 2414 247 2443 non
265 2402 440 2455 posset?
463 2404 551 2447 Sed
575 2405 769 2448 coelestis
788 2406 986 2449 medicus

158 2459 339 2510 singulis
359 2460 607 2513 quibusque
624 2463 741 2504 vitiis
762 2463 986 2505 obviantia

159 2514 340 2557 adhibet
366 2516 695 2560 medicamenta.
730 2519 847 2560 Nam
874 2520 987 2562 sicut

159 2576 252 2613 arte
279 2572 508 2614 medicinae
536 2574 677 2616 calida
706 2574 890 2626 frigidis,
917 2576 985 2616 fri-

157 2626 260 2677 gida
279 2628 435 2671 calidis
453 2633 672 2672 curantur:
693 2632 754 2674 ita
772 2632 986 2674 Dominus

158 2690 308 2727 noster
330 2686 549 2727 6011113113
573 2689 781 2739 opposuit
799 2688 986 2731 medica-

334 174 403 206 Dic
430 173 476 206 17.
499 174 600 215 Sept.
638 171 750 214 Impr.
774 171 830 204 Ss.
856 170 1083 212 stigmatum
1109 170 1146 202 in
1171 178 1334 211 corpore
1356 168 1391 202 S.
1413 167 1611 201 Francisci
1634 168 1742 202 Conf.

1034 264 1182 304 menta
1209 262 1421 315 peccatis,
1448 266 1498 303 ut
1524 260 1705 303 lubricis
1730 259 1865 302 conti-

1035 319 1238 368 nentiam,
1258 317 1487 360 tenacibus
1505 317 1766 369 largitatem,
1786 316 1866 357 113-

1037 373 1190 417 cundis
1207 373 1600 424 mansuetudinem,
1619 373 1745 416 elatis
1763 385 1867 425 prae-

1037 434 1203 485 ciperet
1221 430 1521 472 humilitatem.

1091 494 1142 544 R.
1164 488 1255 529 Iste
1285 492 1352 529 est
1379 487 1454 539 qui
1482 491 1583 528 ante
1607 486 1752 528 Deum
1777 499 1865 527 ma-
1900 510 1902 513 v

1036 557 1145 596 gnas
1172 544 1357 586 virtutes
1385 545 1596 596 operatus
1627 547 1711 592 est,
1740 547 1784 584 et
1811 541 1866 584 de

1038 601 1155 642 omni
1167 600 1302 643 corde
1317 613 1398 642 suo
1410 599 1606 642 laudavit
1615 598 1867 640 Dominum:

1042 664 1064 686 *
1086 658 1188 710 Ipse
1216 656 1460 699 intercedat
1486 669 1569 709 pro
1597 655 1794 709 peccatis
1823 657 1867 696 o-

1036 713 1201 754 mnium
1215 713 1493 766 populorum.
1523 713 1572 765 W.
1597 712 1713 753 Ecce
1731 710 1867 752 homo

1038 770 1131 811 sine
1151 769 1341 822 querela,
1354 782 1484 811 verus
1500 769 1585 810 Dei
1603 768 1756 816 cultor,
1771 766 1868 809 abs-

1036 826 1180 867 tinens
1210 838 1258 867 se
1283 825 1339 867 ab
1366 825 1645 878 omni'opere
1664 823 1798 874 malo,
1825 827 1869 865 et

1037 883 1300 934 permanens
1319 882 1363 923 in
1377 881 1626 924 innocentia
1645 893 1734 922 sua.
1753 880 1868 933 Ipse.

1325 950 1478 991 Lectio
1499 950 1584 991 viii.

1116 1007 1208 1045 erte
1238 1015 1338 1044 cum
1368 1014 1417 1044 se
1444 1001 1728 1055 sequentibus
1753 1014 1869 1043 nova

1121 1059 1329 1101 mandata
1338 1061 1620 1112 proponeret,
1632 1057 1757 1100 dixit:
1772 1058 1870 1100 Nisi

1039 1117 1136 1169 quis
1173 1115 1488 1158 renuntiaverit
1529 1114 1732 1157 omnibus
1768 1127 1868 1167 quae

1037 1171 1252 1225 possidet,
1298 1184 1387 1213 non
1423 1176 1574 1224 potest
1609 1183 1734 1213 meus
1770 1183 1868 1212 esse

1038 1228 1292 1282 discipulus.
1321 1229 1389 1270 Ac
1407 1228 1444 1269 si
1463 1230 1617 1281 aperte
1632 1228 1764 1270 dicat:
1785 1228 1870 1279 Qui

1037 1298 1118 1338 per
1148 1285 1285 1328 vitam
1312 1287 1508 1327 veterem
1536 1285 1678 1326 aliena
1710 1297 1868 1326 concu-

1037 1342 1225 1395 piscitis,
1259 1355 1339 1395 per
1363 1354 1493 1383 novae
1520 1341 1869 1383 conversationis

1039 1397 1234 1441 studium
1259 1404 1303 1441 et
1320 1403 1469 1441 vestra
1492 1398 1719 1450 largimini.
1753 1397 1868 1448 Quid

1037 1468 1145 1498 vero
1170 1456 1214 1496 in
1239 1456 1322 1497 1136
1346 1455 1537 1498 lectione
1562 1454 1695 1505 dicat,
1721 1453 1868 1496 audia-

1038 1525 1152 1554 mus:
1178 1513 1262 1563 Qui
1279 1512 1374 1554 vult
1391 1517 1495 1565 post
1513 1524 1584 1553 me
1603 1513 1771 1562 venire,
1795 1511 1868 1554 eb·
1947 1545 1957 1551 -

1037 1574 1168 1620 neget
1187 1571 1488 1622 semetipsum.
1523 1568 1592 1610 Ibi
1619 1566 1793 1620 dicitur,
1821 1573 1870 1610 ut

1037 1625 1306 1677 abnegemus
1324 1630 1493 1667 nostra:
1520 1624 1592 1667 hic
1614 1624 1793 1675 dicitur,
1820 1630 1870 1667 ut

1037 1682 1305 1733 abnegemus
1324 1694 1418 1724 nos.
1451 1682 1509 1724 Et
1535 1682 1724 1724 fortasse
1750 1681 1870 1723 labo-

1037 1739 1204 1781 riosum
1229 1751 1316 1781 non
1342 1743 1410 1781 est
1432 1738 1599 1781 homini
1622 1738 1870 1791 relinquere

1037 1808 1131 1846 sua3
1162 1795 1242 1837 sed
1266 1794 1396 1838 valde
1419 1795 1691 1838 laboriosum
1713 1800 1782 1837 est
1805 1807 1870 1837 re·

1037 1852 1236 1904 linquere
1257 1855 1554 1906 semetipsum.
1582 1852 1725 1893 Minus
1744 1852 1868 1905 quip-

1037 1921 1094 1961 pe
1114 1914 1181 1951 est
1201 1908 1420 1960 abnegare
1437 1909 1558 1962 quod
1572 1908 1720 1960 habet;
1739 1907 1869 1950 valde

1038 1971 1184 2007 autem
1204 1965 1390 2007 multum
1413 1970 1481 2008 est
1504 1965 1725 2017 abnegare
1749 1963 1869 2017 quod

1038 2027 1116 2063 est.

1093 2082 1143 2133 R.
1180 2078 1289 2119 Mihi
1325 2078 1440 2120 absit
1475 2078 1670 2129 gloriati,
1706 2077 1790 2119 nisi
1825 2078 1869 2119 in

1038 2147 1168 2177 cruce
1194 2135 1374 2176 Domini
1397 2135 1535 2177 nostri
1561 2135 1587 2176 J
1589 2147 1667 2176 esu
1693 2134 1869 2177 Christi:

1042 2195 1064 2219 *
1084 2192 1169 2234 Per
1196 2204 1327 2244 quem
1351 2192 1458 2233 mihi
1484 2191 1675 2233 mundus
1700 2192 1868 2234 crucifi-

1037 2261 1119 2289 xus
1152 2253 1231 2298 est,
1264 2253 1309 2290 et
1340 2261 1424 2300 ego
1456 2247 1633 2290 mundo.
1690 2246 1740 2297 V.
1771 2248 1868 2299 Ego

1038 2305 1154 2346 enim
1174 2307 1380 2356 stigmata
1398 2305 1575 2347 Domini
1589 2305 1614 2346 J
1617 2317 1695 2346 esu
1712 2305 1756 2345 in
1776 2307 1868 2346 cor-

1038 2374 1147 2414 pore
1172 2374 1273 2403 meo
1296 2367 1440 2415 porto.
1477 2362 1572 2403 Per.
1612 2361 1763 2402 Gloria
1788 2362 1867 2402 Pa-

1037 2418 1105 2460 tri.
1133 2419 1228 2460 Per.

1094 2482 1137 2515 In
1151 2482 1324 2522 Quatuor
1336 2481 1469 2524 Temp.
1486 2480 1587 2514 Lect.
1602 2480 1652 2514 ix.
1667 2480 1714 2514 de
1728 2480 1868 2515 Homil.

1041 2530 1165 2564 Feriae
1183 2534 1220 2565 et
1237 2531 1318 2573 ejus
1336 2539 1533 2564 commem.
1550 2529 1590 2562 in
1606 2528 1726 2563 Laud.

1341 2581 1495 2623 Lectio
1515 2581 1568 2621 ix.

1117 2634 1146 2676 d
1178 2646 1225 2675 se
1257 2638 1405 2675 autem
1434 2633 1563 2674 nobis
1591 2634 1867 2676 venientibus

1143 2691 1359 2731 Dominus
1383 2692 1615 2743 praecepit,
1640 2697 1688 2733 ut
1713 2704 1866 2733 renun-
