2040 2944
585 181 761 216 Officium
786 182 961 216 votivum
987 182 1032 215 de
1059 182 1209 217 Sanctis
1234 184 1448 226 Apostolis.

325 280 447 323 Pro
484 280 679 323 Feria
715 280 827 322 III.

389 341 565 375 Officium
587 342 763 376 votivum

286 393 348 435 de
375 392 574 435 Sanctis
599 391 868 443 Apostolis.

443 454 703 498 Semiduplcx.

212 510 349 544 Omnia
389 511 435 545 dc
474 508 678 560 Communi
715 511 894 554 Apostol.
942 514 989 558 [2]

160 564 301 601 praeter
324 569 429 602 sequ.

496 603 659 644 Oratio.

158 653 343 760 Deus,
378 662 454 714 qui
478 675 560 703 nos
586 674 666 715 per
690 661 845 704 beatos
870 661 988 715 Apo-

266 718 405 761 stolos
429 724 530 761 tuos
554 718 611 761 ad
636 719 903 770 agnitionem
927 719 991 760 tui

161 776 348 817 nominis
372 778 521 818 venire
544 776 747 818 tribuisti:
780 775 837 818 da
862 775 990 817 nobis

161 834 314 874 eorum
361 832 546 884 gloriam
591 833 902 885 sempiternam
947 838 991 874 et

160 888 433 941 proficiendo
454 889 688 939 celebrare,
708 895 751 931 et
770 889 989 932 celebran-

161 943 219 987 do
238 946 464 998 proficere.
491 947 577 988 Per
594 946 842 988 Dominum.

223 1012 263 1047 Si
280 1014 418 1048 festum
437 1015 492 1049 Ss.
512 1016 679 1049 Simonis
707 1023 742 1050 et
760 1017 873 1050 Judae
899 1028 985 1051 con-

159 1066 286 1096 currat
303 1074 387 1096 cum
402 1063 538 1097 Officio
558 1065 690 1098 votivo
710 1066 755 1098 de
771 1066 985 1109 Apostolis7

158 1119 229 1163 pro
249 1113 613 1147 commemoratione
632 1113 758 1147 Officii
784 1114 907 1148 votivi
932 1114 986 1147 di-

159 1162 257 1193 citur
275 1169 441 1203 sequens

492 1209 656 1251 Oratio.

248 1281 336 1319 eus,
357 1269 430 1321 qui
448 1282 530 1311 nos
550 1269 781 1312 beatorum
797 1271 988 1323 Aposto-

272 1325 416 1367 lorum
437 1327 854 1369 commemoratione
882 1327 988 1370 laeti-

161 1381 282 1424 ficas:
313 1387 487 1436 praesta,
513 1385 779 1435 quaesumus;
806 1388 855 1425 ut
884 1397 988 1436 quo-

158 1451 255 1480 rum
268 1438 511 1491 gaudemus
525 1441 702 1491 meritis,
722 1441 988 1483 instruamur

159 1496 382 1550 exemplis.
410 1497 493 1538 Per
511 1497 758 1539 Dominum.

209 1583 251 1616 In
282 1583 538 1620 LNocturno
570 1586 774 1621 Lectiones
808 1588 854 1622 de
886 1588 983 1623 Seri-

156 1636 269 1675 ptura
294 1640 525 1669 oecurrente.

387 1695 436 1734 In
458 1696 510 1736 Π.
534 1697 758 1738 Nocturno.

206 1753 275 1795 De
303 1753 514 1796 Sermone
542 1755 683 1797 sancti
708 1755 943 1806 Augustini

462 1811 685 1865 Episcopi.

337 1876 468 1910 Sermo
492 1877 544 1910 43.
570 1876 616 1911 de
642 1877 804 1911 Sanctis.

459 1927 641 1970 Lectio
631 1944 684 1969 iv.

168 1993 205 2035 gru
230 1994 266 2037 ,φής
280 1979 335 2021 sti
360 1985 460 2022 sunt
484 1980 561 2022 lux
586 1981 750 2024 mundi:
778 1983 880 2035 quia
906 1996 986 2036 per

167 2037 205 2091 ,iusi
229 2037 266 2096 '1²²1
294 2035 416 2089 ipsos
451 2037 597 2080 lumen
633 2038 754 2089 fidei,
792 2044 836 2081 et
867 2053 985 2082 verae

169 2101 183 2109 ²
296 2093 488 2135 scientiae
538 2095 727 2148 primum
770 2096 985 2138 Dominus

156 2147 259 2190 huic
281 2149 446 2192 mundo
473 2150 673 2202 tradidit,
705 2158 750 2195 et
781 2153 836 2195 ab
869 2155 984 2195 erro-

157 2218 253 2246 rum
277 2218 328 2247 ac
352 2209 636 2259 peccatorum
658 2209 852 2252 tenebris
872 2210 984 2251 Gen—

156 2266 223 2303 tes
251 2267 295 2304 et
320 2264 513 2317 populos
539 2265 660 2307 eruit.
692 2266 774 2308 Isti
797 2271 898 2308 sunt
921 2266 985 2308 sal

156 2323 301 2361 terrae:
322 2320 423 2372 quia
442 2333 521 2373 per
540 2334 617 2363 eos
636 2325 869 2374 terrigenae
885 2335 984 2364 con-

158 2374 398 2418 dimentum
443 2378 615 2430 saporis
660 2379 761 2421 vitae
808 2381 984 2421 aeternae

156 2435 462 2486 perceperunt,
488 2439 536 2477 ut
558 2437 871 2487 restringerent
893 2449 982 2478 car-

157 2488 222 2528 nis
246 2487 487 2542 lasciviam,
512 2495 557 2533 et
580 2504 606 2533 a
630 2492 861 2545 putredine
883 2505 983 2545 pec-

156 2547 355 2587 catorum
374 2552 417 2589 et
434 2548 642 2590 vitiorum
657 2549 879 2591 vermibus
896 2561 982 2590 ser-

157 2603 362 2643 varentur
390 2603 527 2645 illaesi.
572 2605 651 2648 Isti
682 2611 782 2647 sunt
812 2605 984 2658 lapides

157 2658 350 2710 pretiosi,
371 2673 481 2712 quos
495 2661 540 2702 in
554 2661 838 2704 fundamento
857 2661 983 2703 coele-

156 2714 236 2755 stis
279 2715 453 2758 aedificii
494 2718 666 2770 positos
706 2719 731 2759 J
734 2721 898 2760 oannes
938 2718 982 2758 in

1042 279 1317 332 Apocalypsi
1367 293 1446 321 sua
1495 279 1719 322 describit:
1774 281 1875 332 quia

1041 335 1300 389 praedicatio
1321 339 1473 378 eorum
1491 336 1703 378 Ecclesiae
1724 337 1873 379 funda-

1042 395 1190 435 menta
1208 393 1383 435 locavit.
1411 393 1539 436 Unde
1561 399 1604 435 et
1619 393 1781 435 Paulus
1801 395 1874 436 ait:

1042 450 1138 491 Vos
1165 451 1271 492 estis
1298 451 1417 493 cives
1442 451 1702 492 Sanctorum
1729 456 1772 492 et
1797 450 1872 493 do-

1042 507 1213 548 mestici
1239 507 1338 557 Dei,
1371 506 1713 561 superaedificati
1741 520 1873 560 super

1042 562 1373 605 fundamentum
1382 563 1704 617 Apostolorum
1718 569 1762 606 et
1776 564 1874 606 Pro-

1041 619 1286 672 phetarum.

1096 680 1146 732 Κ.
1163 677 1270 719 Vidi
1289 678 1545 730 conjunctos
1565 678 1693 728 viros,
1713 678 1871 720 haben-

1042 738 1110 775 tes
1136 734 1390 787 splendidas
1417 739 1580 784 vesteS,
1609 740 1653 776 et
1676 735 1872 786 Angelus

1043 791 1220 832 Domini
1238 791 1413 833 locutus
1434 795 1501 833 est
1520 791 1576 833 ad
1594 804 1680 842 me,
1708 791 1871 833 dicens:

1043 844 1065 867 *
1094 847 1174 889 Isti
1206 853 1306 889 sunt
1337 849 1420 890 viri
1448 848 1587 890 sancti
1615 849 1718 890 facti
1745 849 1871 889 amici

1042 904 1136 946 Dei.
1167 899 1213 950 V.
1234 905 1339 946 Vidi
1357 906 1575 957 Angelum
1594 906 1678 947 Dei
1701 905 1871 955 fortem,

1043 961 1266 1003 volantem
1284 975 1364 1014 per
1383 962 1576 1004 medium
1596 962 1773 1012 coelum,
1798 975 1870 1004 vo-

1043 1030 1093 1059 ce
1115 1031 1274 1070 magna
1296 1018 1558 1061 clamantem
1579 1024 1622 1061 et
1642 1019 1871 1061 dicentem.
1916 1021 1918 1063 ]

1041 1075 1121 1116 Isti
1143 1081 1243 1117 sunt
1262 1076 1353 1116 viri.

1352 1136 1501 1175 Lectio
1523 1150 1559 1175 v.

1040 1185 1192 1292 Hoc
1212 1202 1316 1241 ergo
1344 1189 1689 1239 considerantes,
1714 1190 1870 1232 fratres

1155 1247 1378 1297 carissimi,
1399 1260 1497 1300 quae
1515 1247 1625 1288 tanti
1641 1246 1775 1288 duces
1794 1250 1870 1300 po-

1040 1303 1134 1355 puli
1153 1316 1235 1345 nos
1255 1303 1514 1353 docuerunt,
1538 1303 1792 1345 studeamus
1811 1304 1869 1345 fa-

1041 1360 1124 1401 ctis
1162 1360 1363 1413 implere,
1410 1373 1508 1414 quae
1545 1360 1606 1401 illi
1641 1361 1870 1413 jusserunt.

1040 1416 1274 1458 Discamus
1307 1420 1460 1459 eorum
1489 1417 1692 1470 exemplo
1718 1417 1871 1459 mundi

1041 1472 1216 1515 divitias
1234 1476 1525 1524 contemnere,
1543 1475 1773 1526 praesentis
1793 1476 1870 1515 sae-

1041 1530 1127 1571 culi
1137 1530 1412 1584 voluptatem
1422 1544 1510 1573 non
1518 1533 1677 1580 amare,
1688 1544 1870 1582 regnum

1040 1586 1220 1629 coeleste
1254 1587 1525 1653 desiderare,
1559 1587 1732 1629 Christo
1765 1587 1870 1628 nihil

1038 1646 1318 1696 praeponere,
1351 1643 1431 1686 sed
1462 1645 1552 1697 ejus
1580 1644 1837 1685 mandatis
1826 1658 1869 1684 m

1039 1699 1242 1742 omnibus
1301 1700 1502 1750 obedire,
1561 1702 1869 1753 paupertatem

1038 1757 1322 1809 praesentium
1344 1769 1490 1799 rerum
1513 1756 1710 1808 diligere,
1736 1757 1867 1798 virtu-

1038 1818 1132 1854 tum
1151 1813 1326 1855 divitias
1341 1813 1515 1863 habere,
1535 1814 1762 1866 sapientiae
1777 1812 1866 1855 the-

1039 1873 1217 1911 saurum
1250 1872 1477 1923 appetere,
1512 1870 1730 1923 spiritales
1765 1869 1867 1912 deli-

1038 1926 1129 1967 cias
1158 1928 1375 1979 quaerere,
1407 1926 1513 1968 nulli
1540 1926 1755 1977 invidere,
1789 1926 1868 1968 sed

1039 1996 1191 2024 omnes
1209 1983 1409 2025 homines
1428 1983 1620 2035 diligere,
1640 1985 1805 2024 amicos
1823 1983 1868 2024 in

1037 2040 1133 2081 Deo
1172 2044 1215 2082 et
1251 2040 1450 2082 inimicos
1485 2045 1670 2093 propter
1705 2039 1866 2089 Deum3

1039 2096 1141 2148 quia
1164 2095 1260 2138 haec
1286 2101 1352 2139 est
1370 2109 1475 2138 vera
1499 2101 1542 2138 et
1565 2096 1660 2138 sola
1678 2095 1867 2138 dilectio.

1086 2154 1138 2205 Ην.
1159 2153 1287 2195 Beati
1306 2153 1426 2204 estis,
1446 2166 1545 2195 cum
1562 2152 1868 2195 maledixerint

1037 2209 1165 2251 vobis
1197 2209 1413 2260 homines,
1455 2215 1499 2252 et
1532 2209 1754 2263 persecuti
1784 2222 1866 2251 vos

1036 2266 1213 2316 fuerint,
1250 2271 1294 2308 et
1322 2266 1513 2308 dixerint
1545 2279 1673 2308 omne
1703 2265 1866 2307 malum

1037 2322 1271 2364 adversum
1286 2335 1378 2372 vos,
1391 2323 1662 2372 mentientes,
1682 2328 1866 2375 propter

1035 2391 1121 2420 me:
1145 2380 1167 2403 *
1196 2378 1396 2421 Gaudete
1422 2385 1466 2421 et
1491 2379 1727 2429 exsultate,
1761 2381 1864 2443 quo-

1036 2436 1153 2476 niam
1174 2447 1345 2477 merces
1364 2440 1510 2477 vestra
1534 2435 1716 2488 copiosa
1735 2440 1802 2477 est
1820 2435 1864 2475 in

1037 2492 1172 2533 coelis
1208 2485 1257 2536 Υ.
1291 2492 1400 2533 Cum
1423 2504 1504 2533 vos
1532 2491 1706 2534 oderint
1728 2491 1862 2533 homi-

1019 2561 1128 2599 ·nes,
1161 2553 1204 2590 et
1237 2560 1335 2589 cum
1363 2549 1663 2601 separaverint
1690 2560 1786 2597 vos,
1820 2552 1864 2587 et

1037 2605 1409 2658 exprobraverint,
1427 2610 1470 2647 et
1485 2605 1690 2657 ejecerint
1703 2615 1861 2645 nomen

1036 2667 1232 2703 vestrum
1254 2666 1478 2714 tamquam
1500 2661 1664 2702 malum
1679 2664 1862 2713 propter

1036 2718 1193 2759 Filium
1213 2717 1411 2759 hominis.
1441 2717 1651 2760 Gaudete.
