2040 2944
649 187 825 222 Officium
850 199 1011 232 parvum
1037 190 1077 224 Β.
1103 190 1234 224 Mariae
1262 192 1363 234 Yirg.

181 283 317 323 Maria
334 281 475 323 Mater
493 283 657 334 gratiae,

229 337 383 381 Dulcis
402 338 566 380 Parens
586 339 840 392 clementiae,

231 394 301 435 Tu
319 407 399 436 nos
418 394 472 436 ab
492 394 621 437 hoste
640 400 834 449 protege,

231 451 287 492 Et
305 451 458 492 mortis
477 451 587 493 hora
605 454 789 507 suscipe.

182 525 293 571 Jesu,
311 520 390 562 tibi
412 520 468 562 sit
487 521 635 572 gleria,

233 577 316 628 Qui
334 582 461 619 natus
482 591 528 618 es
549 577 603 620 de
621 580 812 631 Virgine,

232 634 342 675 Cum
359 634 500 684 Patre,
522 639 565 676 et
583 635 698 678 almo
719 636 893 690 Spiritu,

230 690 283 731 In
302 690 566 743 sempiterna
585 693 757 735 saecula.
785 695 938 735 Arnen.

234 762 490 814 Capitulum.
644 764 772 804 Eccli.
788 766 852 804 24.
869 779 902 806 c.

233 833 290 871 go
322 825 462 862 mater
492 821 689 874 pulchrae
722 822 979 873 dilectionis,

265 882 309 918 et
343 877 531 927 timeris,
569 884 612 920 et
648 880 897 931 agnitionis,
937 886 980 922 et

155 938 317 975 sanctae
340 934 445 987 spei.

206 994 256 1046 R.
283 990 380 1031 Deo
399 991 574 1041 gratias.

205 1044 255 1096 V.
301 1046 389 1088 Ora
425 1060 506 1100 pro
544 1048 671 1090 nobis
711 1054 863 1090 sancta
899 1050 982 1090 Dei

156 1103 364 1145 Genitrix.
415 1109 463 1148 R.
499 1104 557 1146 Ut
590 1104 709 1156 digni
743 1105 981 1147 efficiamur

154 1150 518 1213 promissionibus
541 1161 709 1203 Christi.

206 1218 277 1258 Ad
300 1218 427 1258 Nunc
453 1217 644 1259 dimittis.
675 1221 771 1260 Ant.
802 1218 891 1260 Sub
916 1224 980 1260 tu-

154 1286 229 1314 um
251 1273 505 1325 praesidium
529 1274 552 1299 *
577 1273 861 1325 confugimus,
887 1288 980 1316 san-

156 1334 226 1371 cta
252 1329 337 1373 Dei
368 1329 584 1372 Genitrix:
619 1335 792 1372 nostras
830 1331 982 1384 depre-

156 1385 349 1427 cationes
382 1398 436 1427 ne
470 1385 688 1439 despicias
720 1387 764 1428 in
797 1388 981 1429 necessi-

154 1441 339 1492 tatibus,
383 1442 462 1484 sed
502 1455 528 1483 a
567 1443 772 1495 periculis
814 1445 982 1486 cunctis

154 1497 297 1539 libera>
314 1511 395 1540 nos
420 1511 604 1552 semper,
627 1499 765 1551 Virgo
791 1500 983 1552 gloriosa

158 1559 200 1596 et
218 1554 460 1596 benedicta.

207 1611 341 1663 Kyrie
374 1611 549 1653 eleison.
603 1612 776 1655 Christe
809 1613 981 1654 eleison.

157 1668 291 1720 Kytie
312 1667 487 1709 eleison.

207 1719 257 1772 V.
298 1724 512 1766 Dominus
549 1725 787 1767 vobiscum.
836 1730 886 1781 R.
926 1725 983 1767 Et

157 1793 255 1822 cum
274 1780 429 1834 spiritu
446 1785 535 1823 tuo.

489 1843 651 1884 Oratio.

156 1891 349 1996 Beatae
379 1903 422 1940 et
452 1898 657 1950 gloriesae
689 1912 861 1953 semper
886 1901 982 1942 Vir-

259 1954 370 2005 ginis
405 1954 574 2006 Mariae,
613 1958 861 2008 quaesumus
896 1957 982 1998 De—

155 2010 281 2060 mine,
300 2010 554 2052 intercessio
573 2011 766 2062 gloriosa
784 2025 865 2054 nos
883 2015 980 2065 pro-

155 2071 290 2117 tegat,
319 2071 362 2107 et
385 2066 442 2108 ad
464 2068 599 2109 vitam
622 2069 837 2120 perducat
860 2071 981 2111 aeter-

155 2136 267 2164 nam.
295 2123 379 2164 Per
397 2123 644 2165 Deminum.

315 2199 402 2240 Ad
438 2201 827 2244 Matutinum.

216 2261 304 2300 Ave
323 2258 471 2299 Maria.
497 2266 543 2300 ut
564 2273 705 2312 supra.

210 2311 261 2363 V.
299 2315 488 2356 Demine
521 2315 638 2357 labia
669 2329 767 2358 mea
801 2317 982 2369 aperies.

158 2374 209 2424 Ιίι.
237 2371 295 2413 Et
329 2384 379 2413 os
411 2384 557 2413 meum
591 2372 862 2414 annuntiabit
893 2373 980 2413 lau-

158 2425 258 2468 dem
275 2433 405 2469 tuam.

211 2479 261 2530 V.
285 2484 406 2525 Deus
425 2484 469 2525 in
488 2483 759 2536 adjuterium.

215 2542 337 2582 Invit.
371 2544 457 2583 Ave
488 2541 641 2591 Maria,
669 2541 809 2591 gratia
836 2540 987 2593 plena:

160 2597 182 2621 *
199 2596 413 2638 Deminus
431 2602 587 2639 tecum.

213 2654 279 2694 Ps.
299 2656 461 2703 Venite,
481 2654 757 2696 exsultemus.
776 2655 813 2694 2.

212 2711 422 2761 Hymnus.
451 2715 588 2762 Quem
605 2715 731 2752 terra.
759 2709 864 2763 [145]

1303 289 1351 327 In
1371 289 1591 329 Nocturno.

1087 351 1174 385 Ant.
1198 357 1234 386 ct
1251 352 1395 386 Psalmi
1418 354 1597 388 dicuntur
1618 361 1659 389 ut
1680 357 1717 389 in
1739 357 1861 391 Festis

1036 398 1076 432 B.
1101 399 1147 432 M.
1170 400 1224 436 V..
1250 400 1411 434 scilicet:

1086 451 1197 485 Fcria
1223 452 1267 486 H.
1294 458 1329 486 ct
1354 452 1395 486 V.
1445 453 1499 486 De
1524 454 1549 487 Ι.
1574 455 1682 489 Noct.
1708 453 1797 497 [136]

1087 504 1199 537 Feria
1223 504 1286 538 HI.
1313 510 1348 538 ct
1374 505 1435 538 VI.
1476 506 1531 539 Dc
1557 507 1601 541 H.
1627 508 1735 542 Noct.
1763 506 1856 549 [138]

1087 556 1168 590 Fer.
1180 557 1479 591 1V.et821bbat0.
1499 558 1553 592 Dc
1566 560 1628 594 111.
1640 561 1748 595 Noct.
1768 558 1857 602 [141]

1089 610 1137 660 V.
1171 612 1342 654 Diffusa
1378 618 1444 654 est
1479 614 1619 664 gratia
1654 614 1696 654 in
1733 614 1858 655 labiis

1032 669 1128 709 tuis.
1181 672 1229 723 R:-
1272 669 1514 722 Propterea
1552 670 1775 712 benedixit
1814 677 1858 712 te

1034 725 1155 766 Deus
1182 725 1226 765 in
1255 727 1476 767 aeternum.

1088 792 1215 832 Pater
1233 795 1391 832 noster.
1415 800 1595 834 secreto.

1087 851 1137 903 V.
1162 856 1219 897 Et
1246 870 1300 898 ne
1329 869 1409 897 nos
1441 857 1622 898 inducas
1653 858 1696 898 in
1724 862 1859 899 tenta-

1034 913 1207 954 tionem.
1242 917 1292 967 R».
1327 914 1414 955 Sed
1433 913 1570 954 libera
1588 926 1669 955 nos
1689 927 1713 954 a
1732 914 1860 955 malo.

1330 991 1569 1031 Absolutio.

1036 1046 1290 1152 Precibus
1310 1057 1352 1094 et
1370 1053 1534 1094 meritis
1553 1052 1695 1094 beatae
1710 1053 1860 1093 Mariae

1139 1122 1311 1162 semper
1346 1109 1539 1160 Virginis
1584 1114 1627 1150 et
1669 1109 1860 1150 omnium

1035 1167 1303 1215 Sanctorum,
1321 1165 1534 1219 perducat
1552 1179 1632 1207 nos
1649 1166 1860 1207 Deminus

1035 1223 1091 1265 ad
1110 1236 1243 1274 regna
1263 1223 1485 1264 coelorum.
1534 1226 1584 1276 Ην.
1617 1223 1768 1264 Amen.

1089 1284 1139 1335 V.
1163 1289 1187 1329 J
1189 1288 1274 1329 ube
1294 1287 1452 1329 domne
1473 1287 1742 1329 benedicere.

1092 1354 1249 1395 Bened.
1269 1354 1361 1394 Nos
1382 1366 1480 1394 cum
1499 1352 1623 1405 prole
1640 1353 1713 1406 pia
1731 1352 1858 1394 bene·
1907 1363 1909 1365 ’

1036 1408 1153 1451 dicat
1171 1410 1309 1460 Virgo
1330 1410 1477 1450 Maria.
1526 1413 1575 1463 Rg.
1608 1409 1759 1450 Amen.

1139 1485 1289 1526 Lectio
1316 1486 1338 1525 i.
1544 1485 1673 1525 lflccli.
1693 1485 1757 1524 24.

1045 1556 1186 1600 <434
1214 1548 1414 1590 emnibus
1445 1549 1640 1600 requiem
1670 1550 1861 1601 quaesivi,

1041 1588 1084 1648 l,
1107 1598 1151 1659 ἷῑὲ,
1177 1610 1220 1646 et
1238 1605 1281 1645 in
1299 1604 1556 1646 haereditate
1576 1605 1752 1646 Demini
1771 1618 1858 1647 mo-

1041 1665 1042 1670 ’
1061 1653 1151 1687 “’4’Ῑ·”>”Ῑ
1174 1661 1315 1702 rabor.
1354 1661 1478 1702 Tunc
1497 1661 1718 1714 praecepit,
1738 1666 1782 1703 et
1801 1662 1860 1703 di-

1034 1717 1098 1758 xit
1124 1717 1230 1758 mihi
1258 1718 1438 1759 Creator
1470 1718 1679 1758 emnium:
1716 1722 1760 1759 et
1789 1718 1862 1770 qui

1036 1774 1200 1815 creavit
1226 1787 1316 1824 me,
1351 1773 1565 1826 requievit
1591 1774 1634 1814 in
1661 1773 1859 1815 taberna-

1037 1830 1135 1872 culo
1159 1843 1274 1881 meo,
1303 1832 1347 1872 et
1371 1830 1480 1872 dixit
1504 1829 1622 1871 mihi:
1649 1830 1700 1871 In
1722 1830 1860 1871 Jacob

1034 1887 1237 1937 inhabita,
1258 1892 1301 1929 et
1317 1887 1361 1927 in
1375 1886 1511 1928 Israel
1524 1885 1798 1937 haereditare,
1818 1891 1862 1928 et

1034 1944 1078 1984 in
1107 1944 1256 1986 electis
1283 1944 1391 1985 meis
1418 1944 1541 1985 mitte
1568 1942 1750 1985 radices.
1794 1946 1862 1985 Tu

1036 2006 1182 2042 autem
1200 2001 1387 2042 Demine
1406 2000 1612 2041 miserere
1630 1999 1769 2041 nobis.

1089 2066 1139 2116 R.
1163 2061 1261 2102 Deo
1281 2061 1454 2112 gratias.

1087 2130 1138 2180 Rg.
1170 2126 1328 2167 Sancta
1356 2130 1399 2167 et
1430 2124 1708 2166 immaculata
1734 2125 1860 2176 virgi-

1035 2183 1164 2232 nitas,
1197 2181 1353 2235 quibus
1381 2186 1425 2223 te
1453 2181 1654 2223 laudibus
1683 2180 1860 2222 efferam

1036 2240 1200 2281 nescio:
1229 2242 1251 2264 *
1277 2239 1389 2288 Quia
1415 2251 1545 2290 quem
1573 2237 1674 2279 coeli
1700 2239 1860 2290 capere

1034 2309 1123 2337 non
1150 2298 1374 2349 poterant,
1409 2300 1486 2336 tuo
1518 2294 1683 2345 gremio
1711 2299 1859 2340 contu-

1034 2352 1132 2393 listi.
1183 2348 1233 2399 V.
1262 2350 1502 2392 Benedicta
1528 2356 1576 2392 tu
1603 2351 1646 2391 in
1673 2350 1858 2392 mulieri-

1035 2408 1132 2458 bus,
1158 2412 1201 2449 et
1224 2407 1481 2449 benedictus
1505 2407 1672 2448 fructus
1696 2407 1859 2449 ventris

1034 2465 1108 2506 tui.
1136 2464 1257 2514 Quia.

1090 2524 1139 2574 V.
1161 2526 1185 2566 J
1187 2526 1273 2568 ube
1293 2525 1452 2567 domne
1471 2525 1743 2567 benedicere.

1095 2592 1250 2635 Bened.
1283 2593 1378 2643 Ipsa
1395 2591 1532 2642 Virgo
1558 2591 1771 2641 virginum
1795 2589 1854 2628 in-

1034 2647 1231 2689 tercedat
1248 2659 1330 2699 pro
1350 2647 1476 2689 nobis
1495 2647 1552 2689 ad
1569 2647 1815 2688 Dominum.

1090 2712 1137 2750 R.
1163 2707 1315 2749 Amen.
