2040 2944
690 233 793 266 Infra
818 231 1113 266 Hebdomadam
1140 231 1190 264 iii.
1218 229 1407 264 Octobris.

190 340 336 380 rentes
375 332 560 388 proprii:
601 327 819 382 siquidem
855 326 917 367 illi
952 339 1015 367 ar-

189 395 306 444 mati,
325 392 398 434 isti
416 391 508 432 sine
527 387 659 429 armis
678 386 887 427 vicerunt.

249 462 295 512 Ra
320 456 607 507 Congregzitae
627 456 738 493 sunt.
756 451 845 491 163.

490 542 642 582 Lectio
664 542 715 582 vi.
758 549 766 557 ⁸

260 610 358 652 tetit
390 609 553 650 invicta
579 610 751 658 septem
778 603 1017 656 puer6rum

267 666 436 715 cohors,
453 664 584 715 regiis
600 663 743 704 cineta
756 657 1016 711 legionibus:

190 723 443 765 defecerunt
497 718 729 773 supplicia,
789 715 1017 758 cesserunt

188 781 391 828 10116108,
410 791 498 820 11011
518 776 772 818 defecerunt
787 772 1017 823 Martyres.

188 836 313 877 Alius
339 835 508 877 corium
533 832 689 886 capitis
717 833 892 878 emtus,
921 828 1017 880 spe·

190 893 301 934 ciem
319 894 580 939 mutaverat,
599 889 805 930 virtiitem
825 888 1018 927 anxerat.

189 949 314 990 Alius
332 948 525 999 linguam
544 947 686 998 jussus
706 940 1019 996 amputandam

189 1008 410 1059 promere,
461 1001 703 1056 respendit:
753 1000 855 1041 Non
898 997 1018 1039 solos

190 1062 405 1104 Dominus
429 1059 551 1102 audit
572 1059 820 1111 loquentes,
849 1055 923 1107 qui
947 1067 1017 1095 au-

191 1117 338 1160 diebat
358 1118 542 1170 Moysen
561 1117 792 1157 tacentem.
823 1112 928 1153 Plus
948 1124 1018 1152 au—

191 1175 256 1217 dit
296 1175 453 1217 tacitas
494 1171 783 1224 cogitationes
825 1170 1019 1217 suorum,

192 1245 323 1284 quam
343 1243 476 1273 voces
501 1230 706 1271 omnium.
739 1227 921 1277 Linguae
945 1225 1018 1265 fla-

190 1288 351 1340 gellum
376 1287 520 1336 times,
550 1285 769 1337 flagellum
796 1283 1018 1335 sanguinis

191 1358 279 1387 non
306 1342 457 1386 times?
495 1342 643 1385 Habet
671 1347 714 1383 et
742 1340 917 1392 sanguis
945 1352 1019 1381 vo-

193 1414 288 1443 cem
315 1414 455 1450 suam,
485 1413 571 1452 qua
598 1398 757 1441 clamat
780 1396 837 1439 ad
860 1397 1020 1446 Deum,

192 1458 304 1500 sicut
325 1457 529 1499 clamavit
547 1457 591 1497 in
612 1455 736 1497 Abel.

245 1525 297 1575 R.
319 1523 417 1564 Tua
437 1527 504 1564 est
522 1521 731 1574 potentia.
752 1519 839 1561 163.

244 1585 295 1636 Κ.
315 1583 383 1624 vii.
410 1582 599 1624 Refsilsit
620 1581 698 1624 sol.
720 1580 822 1621 ibid.

245 1647 296 1698 Rv.
316 1644 402 1686 viii.
428 1644 530 1685 Duo
549 1642 790 1695 Seraphim.
807 1641 910 1683 ibid.

379 1766 543 1803 Feria
576 1764 837 1802 Secunda.

235 1831 302 1870 De
321 1827 434 1870 libro
454 1827 597 1880 primo
616 1825 984 1868 Machabaeorum.

295 1897 448 1938 Lectio
468 1896 492 1936 i.
702 1894 805 1945 Cap.
826 1895 863 1933 9.
884 1906 918 1934 c.

279 1968 297 2005 t
321 1962 575 2015 congregati
600 1966 700 2003 sunt
724 1973 876 2002 omnes
897 1961 1024 2002 amici

305 2020 449 2068 Judae,
486 2024 530 2061 et
567 2018 771 2060 dixerunt
806 2018 830 2058 J
835 2017 1023 2058 onathae:

195 2077 263 2118 Ex
297 2089 384 2129 quo
418 2076 552 2118 frater
579 2080 679 2116 tuus
707 2074 844 2115 Judas
874 2074 1023 2115 defi'm-

196 2138 293 2175 ctus
312 2138 396 2182 est,
416 2132 482 2175 vir
501 2131 653 2173 similis
674 2131 714 2172 ei
732 2143 819 2172 non
840 2135 924 2180 est,
950 2131 1025 2183 qui

197 2192 324 2231 exeat
374 2194 528 2231 contra
579 2188 780 2229 inimicos
830 2193 1024 2236 nostros,

195 2245 482 2294 Bacchidem,
529 2250 572 2287 et
609 2257 705 2294 eos,
753 2244 827 2297 qui
862 2244 1025 2286 inimici

197 2308 297 2344 sunt
328 2303 470 2355 gentis
500 2306 675 2344 nostrae.
715 2301 844 2342 Nunc
875 2303 1024 2353 itaque

196 2364 240 2401 te
265 2358 398 2401 hodie
422 2359 630 2409 elegimus
655 2370 753 2399 esse
773 2370 855 2410 pro
877 2370 930 2399 eo
950 2370 1023 2399 no-

196 2415 266 2458 bis
284 2415 327 2456 in
346 2415 600 2468 principem,
620 2420 664 2457 et
684 2414 841 2456 ducem
860 2414 917 2456 ad
936 2414 1024 2456 bel-

197 2471 377 2514 landum
390 2471 554 2513 bellum
569 2477 779 2513 nostrum.
807 2472 863 2513 Et
881 2473 1025 2512 susce-

196 2528 262 2581 pit
289 2527 500 2569 Jonathas
532 2530 732 2580 tempore
764 2527 840 2569 illo
869 2527 1024 2580 prinei-

198 2587 369 2638 patum,
398 2589 442 2625 et
466 2585 652 2626 surrexit
675 2585 774 2626 loeo
794 2583 921 2626 Judae
945 2584 1025 2624 fra-

198 2641 277 2683 tris
297 2641 374 2682 sui.
401 2641 457 2683 Et
477 2641 684 2692 cogn6vit
703 2640 960 2690 Bacchides,
983 2646 1027 2682 et

200 2697 426 2750 quaerebat
445 2709 545 2738 eum
564 2696 776 2739 occidere.

252 2763 302 2802 R.
327 2763 449 2804 Dixit
468 2763 492 2803 J
494 2762 604 2804 udas
623 2763 797 2805 Sim6ni.
816 2764 906 2804 164.

1380 326 1532 366 Lectio
1553 325 1592 365 ii.

1154 400 1172 437 t
1196 394 1404 446 cognovit
1427 395 1452 435 J
1455 393 1656 443 (mathas,
1682 398 1726 435 et
1749 393 1900 434 Simon

1177 451 1311 494 frater
1330 452 1436 503 ejus,
1458 455 1501 492 et
1521 462 1685 499 omnes,
1706 449 1780 502 qui
1799 462 1900 490 cum

1072 522 1125 550 eo
1146 513 1286 551 erant:
1312 513 1356 550 et
1381 507 1586 559 fugerunt
1606 506 1650 547 in
1675 505 1900 548 desertum

1070 565 1274 615 Thecuae‚
1293 570 1337 606 et
1357 563 1652 606 consederunt
1667 562 1724 604 ad
1741 562 1906 614 aquam

1071 622 1193 664 lacus
1225 621 1413 675 Asphar.
1460 621 1518 661 Et
1551 619 1760 671 cogn6vi‘t
1791 618 1900 660 Bac-

1072 678 1238 729 chides,
1280 683 1324 720 et
1360 677 1431 719 die
1464 676 1751 718 sabbatorum
1782 675 1902 717 venit

1071 736 1183 788 ipse,
1203 740 1247 777 et
1268 735 1409 777 omnis
1429 733 1649 775 exercitus
1670 733 1761 785 ejus
1779 737 1902 773 trans

1071 792 1095 833 J
1098 791 1320 834 ordimem.
1355 791 1412 832 Et
1436 789 1648 832 Jonathas
1675 789 1794 831 misit
1820 789 1902 830 fra·

1071 854 1184 891 trem
1203 862 1330 890 suum
1348 848 1504 890 ducem
1523 846 1693 900 p6puli‚
1715 851 1759 888 et
1777 847 1902 897 roga-

1072 906 1134 947 vit
1170 904 1445 947 Nabuthaeos
1486 905 1652 945 amicos
1689 915 1810 952 suos,
1854 906 1904 944 ut

1073 960 1408 1004 commodarent
1434 961 1521 1002 illis
1546 961 1810 1013 apparatum
1835 971 1902 1000 su-

1073 1032 1156 1068 um,
1177 1018 1251 1070 qui
1271 1023 1366 1060 erat
1386 1018 1605 1071 copiosus.
1633 1017 1689 1058 Et
1705 1016 1904 1058 exierunt

1075 1075 1153 1116 filii
1167 1076 1191 1116 J
1193 1075 1333 1117 ambri
1354 1087 1409 1116 ex
1424 1073 1625 1124 Madaba,
1645 1078 1688 1115 et
1707 1085 1904 1125 compre-

1074 1131 1321 1174 henderunt
1366 1132 1389 1172 J
1393 1133 1598 1180 oannem,
1649 1135 1693 1172 et
1742 1129 1905 1179 omnia,

1076 1201 1175 1241 quae
1202 1188 1411 1238 habebat,
1446 1192 1490 1229 et
1517 1186 1719 1228 abierunt
1745 1185 1906 1228 haben-

1074 1250 1142 1288 tes
1163 1258 1225 1287 ea.

1129 1318 1180 1370 Rf.
1205 1315 1483 1357 Ornaverunt
1501 1313 1669 1354 faeiem.
1688 1313 1777 1354 164.

1378 1400 1530 1441 Lectio
1550 1399 1604 1439 iii.

1162 1474 1232 1510 ost
1251 1468 1349 1510 haec
1362 1468 1508 1518 verba,
1528 1466 1825 1509 renuntiatum
1841 1470 1909 1507 est

1169 1526 1195 1567 J
1198 1525 1388 1575 onathae,
1414 1530 1458 1567 et
1476 1524 1643 1566 Simoni
1662 1522 1786 1564 fratri
1806 1522 1908 1574 ejus,

1077 1584 1178 1637 quia
1214 1581 1292 1623 filii
1324 1582 1348 1623 J
1352 1581 1491 1623 ambri
1527 1581 1693 1622 faciunt
1730 1579 1908 1632 nnptias

1075 1652 1276 1691 magnas,
1323 1644 1366 1680 et
1404 1638 1570 1680 ducunt
1606 1648 1817 1690 sponsam
1853 1648 1908 1677 ex

1076 1696 1284 1746 Madaba,
1323 1695 1458 1736 filiam
1490 1695 1618 1736 unius
1652 1693 1708 1735 de
1739 1693 1909 1744 magnis

1075 1752 1350 1807 principibus
1387 1751 1596 1793 chanaan
1639 1763 1740 1792 cum
1775 1749 1908 1792 ambi-

1075 1811 1195 1853 tione
1231 1822 1401 1861 magna.
1458 1808 1516 1850 Et
1551 1806 1773 1849 recordati
1809 1811 1910 1848 sunt

1077 1867 1299 1919 sanguinis
1336 1867 1360 1907 J
1364 1865 1518 1908 oannis
1554 1864 1701 1906 fratris
1738 1864 1821 1905 sui:
1866 1868 1910 1906 et

1077 1923 1389 1973 ascenderunt,
1421 1927 1466 1964 et
1498 1919 1828 1963 absconderunt
1860 1932 1908 1962 se

1077 1980 1158 2023 sub
1186 1981 1442 2031 tegumento
1468 1978 1643 2020 montis.
1680 1977 1737 2018 Et
1768 1976 1908 2018 eleva-

1077 2039 1233 2079 verunt
1253 2036 1407 2079 oculos
1427 2048 1543 2085 81108,
1565 2040 1608 2077 et
1626 2033 1846 2075 viderunt:
1866 2038 1910 2075 et

1079 2107 1181 2136 eece
1206 2093 1436 2143 tumffltus,
1469 2097 1512 2134 et
1537 2092 1776 2145 apparatus
1802 2090 1908 2132 mul-

1077 2156 1163 2193 tus:
1189 2156 1232 2193 et
1252 2163 1442 2204 sponsus
1461 2148 1691 2202 processit,
1717 2152 1761 2189 et
1780 2147 1909 2189 amici

1078 2209 1186 2260 ejus,
1224 2213 1268 2249 et
1300 2207 1457 2248 fratres
1491 2206 1581 2258 ejus
1616 2204 1792 2246 obviam
1823 2203 1909 2244 illis

1077 2278 1177 2307 eum
1195 2264 1425 2317 tympanis
1445 2268 1489 2305 et
1504 2261 1694 2311 1111181018,
1714 2266 1758 2303 et
1777 2260 1909 2302 armis

1078 2321 1236 2363 multis.
1272 2321 1330 2363 Et
1358 2321 1642 2362 surrexerunt
1667 2316 1725 2359 ad
1749 2329 1826 2359 eos
1855 2330 1910 2359 ex

1077 2378 1256 2429 insidiis,
1283 2382 1327 2419 et
1347 2377 1603 2419 oeciderunt
1622 2387 1711 2424 008,
1736 2378 1780 2415 et
1799 2373 1908 2415 ceci-

1078 2434 1236 2477 derunt
1261 2433 1478 2476 vulnerati
1503 2432 1646 2481 multi,
1674 2436 1718 2472 et
1742 2429 1908 2471 residui

1078 2492 1280 2543 fugerunt
1299 2491 1343 2532 in
1362 2495 1551 2532 montes:
1577 2493 1622 2530 et
1641 2488 1907 2539 acceperunt

1079 2549 1223 2590 omnia
1243 2547 1385 2601 spolia
1405 2549 1569 2588 eorum.

1131 2619 1182 2671 R.
1207 2619 1259 2658 In
1277 2616 1461 2670 hymnis.
1481 2616 1569 2656 164.
