2040 2944
720 211 761 244 In
786 211 1036 245 Dedicatione
1060 212 1254 246 Ecclesia).

169 303 339 357 Scalpri
357 303 542 346 salubris
560 303 728 355 ictibus,

221 360 278 401 Et
295 361 495 402 tunsione
513 360 709 413 plurima,

222 416 354 458 Fabri
372 417 511 470 polita
528 417 687 458 malleo

221 473 348 515 Hanc
367 486 473 514 saxa
490 473 651 515 molem
670 475 936 522 construunt,

222 530 440 582 Aptisque
458 531 603 582 juncta
620 528 802 571 nexibus

221 585 443 627 Locantur
460 586 505 627 in
522 586 706 638 fastigio.

171 666 317 706 Decus
335 663 510 705 Parenti
529 663 723 706 debitum

223 719 287 761 Sit
305 723 618 773 usquequaque
637 719 874 769 Altissimo‚

221 776 426 829 Nateque
443 777 585 818 Patris
604 777 743 827 unico,

222 833 279 875 Et
296 833 459 886 inclyto
478 833 706 883 Paraclito,

223 889 303 931 Cui
319 889 425 940 laus,
443 892 651 943 potestas,
670 889 808 941 gloria

221 946 405 987 AEterna
428 946 484 988 sit
504 959 584 999 per
603 946 774 988 saecula.
814 944 966 986 Amen.

194 1010 246 1063 V.
276 1015 387 1057 Haec
416 1020 483 1058 est
511 1015 667 1058 domus
694 1014 871 1057 Demini
896 1015 966 1056 fir-

144 1071 272 1113 miter
297 1071 523 1114 aedificata.
561 1075 611 1127 R.
639 1073 758 1114 Bene
787 1071 967 1114 fundata

146 1132 212 1169 est
231 1141 364 1181 supra
382 1129 552 1170 firmam
571 1134 752 1182 petram.
828 1174 830 1176 ,

195 1200 266 1242 Ad
301 1202 472 1253 Magnis.
522 1203 621 1243 Ant.
671 1202 966 1244 Sanctificavit

144 1258 358 1299 Dominus
394 1258 417 1284 *
453 1257 781 1300 tabernaculum
825 1271 966 1300 suum:

146 1314 247 1366 quia
263 1314 359 1356 haec
378 1318 444 1356 est
463 1314 619 1356 domus
633 1315 727 1365 Dei,
744 1315 788 1355 in
807 1327 893 1367 qua
906 1315 965 1355 in-

144 1370 374 1413 vocabitur
392 1383 551 1412 nomen
571 1372 671 1423 ejus,
690 1370 745 1413 de
761 1384 848 1424 quo
864 1371 964 1412 scri·
1030 1418 1032 1421 f
1056 1396 1118 1422 ists

144 1431 268 1479 ptum
283 1432 362 1469 est:
381 1427 438 1468 Et
457 1427 538 1469 erit
555 1439 714 1469 nomen
731 1441 876 1469 meum
894 1427 965 1477 ibi,
1030 1429 1032 1441 ¹
1054 1424 1058 1431 ‘

145 1482 250 1525 dicit
267 1484 491 1525 Deminus.

195 1546 239 1580 In
268 1546 355 1590 ipso
387 1547 447 1581 die
477 1547 746 1582 Dedicationis
768 1548 963 1590 Ecclesiae,

145 1597 182 1628 et
208 1604 276 1638 per
301 1594 499 1637 Octavam,
533 1599 569 1629 et
598 1596 753 1639 quando
778 1596 964 1629 varianda

145 1646 202 1676 est
226 1641 357 1677 Oratio
382 1643 431 1677 ob
457 1653 683 1678 concursum
700 1643 965 1678 Dedicationis

145 1690 301 1724 alterius
324 1690 519 1725 Ecclesiae.

476 1751 638 1793 Oratio.

231 1829 319 1867 eus,
336 1816 409 1869 qui
421 1815 692 1858 invisibiliter
708 1816 851 1858 emnia
866 1819 965 1858 con-

249 1874 377 1924 tineS,
402 1878 446 1915 et
467 1878 614 1915 tamen
636 1885 717 1926 pro
737 1873 877 1915 salute
895 1875 964 1925 ge-

146 1930 262 1972 neris
288 1929 465 1971 humani
492 1929 614 1980 signa
642 1934 729 1971 tuae
756 1930 965 1982 potentiae

146 1986 372 2028 visibiliter
405 1985 613 2027 ostendis:
644 1985 855 2039 templum
881 1986 966 2028 hoc

145 2043 341 2095 potentia
355 2047 442 2084 tuae
452 2042 778 2084 inhabitationis
787 2042 965 2093 illustra,

147 2103 191 2140 et
210 2099 417 2150 concede3
442 2103 489 2140 ut
509 2111 674 2148 omneS‚
701 2098 774 2151 qui
792 2098 876 2140 huc
895 2098 965 2140 de-

146 2155 365 2207 precaturi
384 2155 662 2205 conveniunt‚
685 2167 739 2196 ex
764 2158 965 2207 quacum-

149 2223 231 2263 que
248 2211 526 2253 tribulatione
545 2211 601 2253 ad
616 2215 660 2253 te
675 2211 965 2262 clamaverint,

147 2268 455 2310 consolationis
478 2273 566 2310 tuae
588 2267 800 2309 beneficia
818 2281 966 2310 conse-

149 2326 344 2376 quantur.
370 2325 455 2366 Per
472 2324 722 2365 Dominum.

201 2385 244 2419 In
263 2386 540 2421 Anniversario
558 2386 823 2420 Dedicationis
842 2386 969 2420 Eccle—

152 2432 220 2467 siae
245 2437 282 2468 et
303 2444 371 2478 per
391 2434 584 2469 Octavam.

477 2496 637 2537 Oratio.

149 2551 328 2660 Deus,
350 2558 424 2611 qui
442 2558 568 2601 nobis
587 2571 665 2612 per
685 2558 877 2610 singulos
896 2571 966 2599 an-

248 2627 329 2656 nos
342 2614 467 2668 hujus
481 2616 618 2657 sancti
629 2615 781 2668 templi
791 2615 854 2656 tui
869 2627 967 2656 con-

149 2671 403 2712 secrationis
421 2673 599 2725 reparas
618 2671 747 2721 diem,
772 2675 814 2712 et
833 2671 967 2712 sacris

150 2728 322 2780 semper
351 2729 567 2780 mysteriis
594 2730 881 2781 repraesentas
908 2727 982 2781 in-⁴

303 2868 366 2892 Pars
382 2869 549 2894 Autumnalis.

1747 210 1836 255 [113]

1018 304 1224 346 celumes:
1248 305 1406 347 exaudi
1423 318 1576 358 preces
1594 305 1747 358 populi
1764 306 1837 355 tui,

1019 365 1062 402 et
1092 366 1269 413 praesta;
1302 367 1350 403 ut
1382 362 1577 414 quisquis
1610 362 1695 404 hoc
1731 367 1836 403 tem-

1016 416 1138 469 plum
1167 418 1380 460 beneficia
1406 419 1621 471 petiturus
1653 417 1836 470 ingredi-

1017 478 1099 523 tur,
1119 479 1274 516 cuncta
1301 487 1348 516 se
1374 475 1630 528 impetrasse
1653 474 1837 516 laetetur.

1017 529 1102 571 Per
1116 531 1352 572 Deminum
1371 536 1578 573 nostrum.

1178 611 1265 652 Ad
1296 611 1682 653 Matutinum.

1068 672 1192 712 Invit.
1220 673 1410 712 Domum
1428 669 1511 710 Dei
1534 668 1660 710 decet
1684 669 1837 710 sancti-

1018 724 1144 766 tudo:
1174 729 1196 753 *
1235 726 1451 778 Sponsum
1494 726 1583 777 ejus
1621 725 1838 767 Christum

1019 781 1251 822 adoremus
1270 782 1313 822 in
1333 794 1394 823 ea.

1068 840 1135 879 Ps.
1170 840 1333 887 Venite,
1354 838 1629 880 exsultemus.
1647 839 1683 879 2.

1068 896 1276 954 Hymnus..
1315 894 1517 937 Coelestis
1544 894 1670 936 Urbs.
1695 902 1741 937 ut
1770 910 1834 935 su-

1017 965 1107 1003 pra.
1130 950 1225 1003 [112]

1248 1030 1296 1069 In
1323 1030 1352 1069 1.
1380 1031 1600 1070 Nocturno.

1069 1095 1167 1135 Ant.
1211 1093 1363 1135 Tollite
1390 1094 1414 1119 *
1441 1098 1592 1147 portas
1620 1095 1837 1147 principes

1018 1153 1202 1199 vestras,
1230 1154 1274 1191 et
1301 1149 1527 1191 elevamini
1550 1156 1692 1203 portae
1716 1156 1838 1193 aeter-

1017 1205 1149 1247 nales.

1287 1259 1485 1299 Psalmus
1504 1260 1567 1299 23.

1021 1319 1281 1383 37&
1301 1324 1367 1361 est
1385 1324 1516 1371 terra⁷
1544 1324 1587 1361 et
1611 1319 1836 1372 plenitudo

1030 1383 1032 1387 '
1134 1398 1142 1430 μ
1166 1376 1270 1427 ejus:
1280 1376 1303 1402 *
1316 1375 1434 1417 orbis
1449 1379 1674 1426 terrarum,
1694 1381 1736 1418 et
1748 1376 1837 1417 uni-

1069 1430 1137 1458 9εέ
1164 1432 1290 1482 versi,
1311 1433 1383 1485 qui
1401 1432 1597 1474 habitant
1615 1433 1658 1473 in
1678 1445 1741 1474 eo.

1069 1489 1179 1539 Quia
1206 1489 1301 1541 ipse
1328 1502 1457 1541 super
1481 1489 1616 1530 maria
1641 1489 1838 1530 fundavit

1018 1558 1130 1586 eum:
1148 1545 1172 1571 *
1192 1549 1235 1587 et
1262 1558 1394 1598 super
1421 1546 1597 1587 flumina
1620 1548 1837 1598 praepara-

1017 1602 1079 1643 vit
1098 1614 1207 1643 eum.

1069 1658 1175 1708 Quis
1212 1658 1420 1700 ascendet
1454 1659 1497 1700 in
1529 1664 1721 1701 montem
1749 1660 1836 1701 Do-

1016 1712 1142 1754 mini?
1161 1714 1184 1740 *
1203 1719 1278 1755 aut
1297 1715 1392 1766 quis
1412 1714 1543 1756 stabit
1561 1715 1605 1756 in
1623 1715 1723 1757 loco
1743 1729 1835 1757 san-

1018 1774 1089 1811 cto
1110 1769 1221 1822 ejus?

1068 1826 1282 1868 Innocens
1296 1827 1494 1869 manibus
1513 1832 1556 1869 et
1569 1828 1731 1869 mundo
1745 1841 1836 1869 cor-

987 1920 989 1923 .
1018 1881 1088 1932 de,
1107 1882 1131 1908 *
1152 1883 1225 1935 qui
1248 1896 1336 1925 non
1360 1885 1529 1938 accepit
1551 1885 1595 1925 in
1614 1897 1726 1926 vano
1751 1885 1836 1925 ani-

1017 1951 1132 1980 mam
1151 1952 1284 1990 suam,
1301 1953 1382 1982 nec
1394 1941 1549 1992 juravit
1563 1941 1606 1981 in
1622 1940 1724 1982 dolo
1739 1942 1836 1993 pre-

1017 2008 1134 2037 X1mo
1158 2008 1249 2037 suo.

1069 2052 1154 2093 Hic
1199 2053 1382 2106 accipiet
1424 2052 1773 2095 benedictienem
1812 2067 1838 2094 a

1017 2108 1222 2150 Domino:
1237 2109 1262 2135 *
1277 2114 1320 2150 et
1336 2109 1681 2151 misericordiam
1699 2123 1724 2151 a
1739 2110 1835 2152 Deo

1018 2164 1195 2206 salutari
1214 2178 1304 2206 suo.

1068 2221 1178 2262 Haec
1207 2226 1272 2262 est
1298 2222 1520 2273 generatio
1554 2223 1837 2274 quaerentium

1021 2289 1152 2374 euml)
1172 2277 1196 2303 *
1237 2278 1521 2330 quaerentium
1560 2278 1715 2320 faciem
1753 2279 1838 2321 Dei

1017 2333 1122 2374 Jaco
1156 2365 1164 2373 .

1069 2389 1271 2431 Attollite
1315 2395 1465 2442 portas
1507 2391 1727 2444 principes
1768 2404 1837 2433 ve-

1019 2450 1147 2496 stras,
1176 2450 1219 2488 et
1243 2446 1469 2488 elevamini
1493 2451 1635 2500 portae
1660 2451 1836 2490 aetema-

1018 2502 1096 2544 les:
1114 2503 1138 2528 *
1157 2507 1199 2543 et
1217 2502 1411 2544 introibit
1429 2503 1526 2545 Rex
1544 2503 1705 2555 gloriae.

1071 2559 1177 2609 Quis
1203 2563 1270 2600 est
1291 2559 1373 2600 iste
1393 2560 1489 2601 Rex
1511 2559 1683 2611 gloriae?
1707 2561 1732 2587 *
1749 2561 1836 2601 De-

1018 2616 1159 2656 minus
1190 2615 1313 2656 fortis
1345 2620 1388 2657 et
1418 2620 1589 2668 potens:
1625 2617 1835 2658 Dominus

1018 2677 1176 2724 potens
1195 2671 1238 2711 in
1257 2672 1421 2724 praelio.

1071 2727 1271 2769 Attollite
1310 2733 1461 2781 portas
1507 2729 1725 2781 principes
1765 2739 1834 2769 ve-
