2040 2944
552 183 623 217 Die
652 184 699 217 14.
726 183 828 227 Sept.
875 184 917 217 In
944 184 1188 218 Exaltationc
1214 184 1248 219 S.
1275 185 1419 219 Crucis,

129 292 241 330 rum,
275 279 435 332 quibus
464 292 545 332 per
577 279 762 332 Meysen
795 280 960 322 dictum

129 340 211 378 est:
237 336 295 378 Et
320 336 401 377 erit
425 334 623 388 pendens
642 336 733 377 vita
758 342 834 379 tua
859 342 959 378 ante

129 392 282 434 eculos
300 397 419 442 tuos,
447 398 490 434 et
513 392 689 434 timebis
715 393 787 435 die
810 406 862 435 ac
886 406 959 434 no-

129 454 213 499 cte,
242 453 286 490 et
315 462 403 490 non
432 449 586 491 credes
611 449 714 490 vitae
741 454 840 492 tuae.
881 450 960 492 Isti

129 505 243 547 enim
288 505 396 546 nihil
440 505 483 546 in
520 506 731 547 crucifixo
767 506 959 548 Demino

127 566 292 615 praeter
319 562 488 603 facinus
514 574 640 603 suum
665 562 860 613 cogitare
882 576 959 615 po-

127 620 320 668 tuerunt,
360 618 573 660 habentes
611 619 834 669 timerem,
872 632 959 660 non

130 688 217 727 quo
236 675 348 716 fides
364 688 469 717 vera
483 675 754 727 justificatur,
775 675 855 717 sed
872 689 959 728 quo

129 732 396 774 conscientia
422 732 571 783 iniqua
595 734 838 784 torquetur.
871 733 959 774 No-

129 793 219 829 ster
246 801 351 830 vero
380 787 646 838 intellectuS,
677 801 807 841 quem
837 789 958 842 spiri-

127 849 197 885 tus
243 844 441 886 veritatis
493 843 726 895 illeminat,
775 845 960 896 gleriam

130 901 297 951 Crucis,
326 900 440 942 coelo
464 903 675 954 ,terraque
704 901 959 951 radiantem,

128 970 241 1009 puro
266 970 318 999 ac
341 957 480 999 libero
506 957 641 999 corde
661 959 888 1011 suscipiat,
918 964 960 1000 et

127 1013 333 1055 interiere
345 1014 439 1055 acie
450 1013 609 1064 videat,
625 1014 753 1066 quale
768 1015 824 1056 sit
839 1014 959 1066 quod

127 1069 359 1119 Deminus,
398 1082 497 1111 cum
528 1069 582 1111 de
615 1070 835 1123 passienis
868 1084 960 1112 suae

128 1126 384 1178 loqueretur
415 1125 639 1176 instantia,
674 1125 798 1168 dixit:
830 1127 960 1168 Nunc

126 1182 333 1234 judicium
351 1181 503 1223 mundi
523 1187 600 1232 est,
620 1195 736 1224 nunc
754 1183 960 1236 princeps

128 1239 254 1291 hujus
290 1237 441 1280 mundi
479 1239 675 1290 ejicietur
715 1239 845 1281 foras.
904 1241 961 1282 Et

129 1308 211 1346 ego
241 1294 277 1336 si
306 1294 524 1337 exaltatus
551 1295 676 1337 feero
703 1309 728 1337 a
751 1302 886 1347 terra,
917 1298 959 1337 e·

126 1351 243 1392 mnia
260 1350 432 1392 traham
452 1351 509 1393 ad
526 1354 752 1405 meipsum.

182 1418 233 1469 R.
256 1412 397 1454 Dulce
417 1412 597 1464 lignum,
626 1413 778 1455 dulces
799 1414 959 1464 clavos,

127 1467 255 1510 dulce
279 1468 454 1521 pondus
479 1470 697 1511 sustinuit:
718 1477 740 1502 *
759 1471 868 1521 Quae
893 1484 959 1512 so-

127 1524 169 1565 la
189 1525 321 1576 digna
338 1525 419 1566 fuit
434 1528 615 1578 portare
630 1527 820 1578 pretium
834 1527 905 1577 huj
911 1541 960 1568 us

129 1582 289 1623 saeculi.
328 1580 378 1632 V.
394 1582 495 1623 Hoc
513 1582 683 1633 signum
704 1584 856 1625 Crucis
877 1585 959 1625 erit

127 1638 171 1678 in
196 1638 310 1680 coelo
335 1650 435 1679 cum
454 1639 669 1680 Deminus
693 1639 750 1681 ad
769 1639 958 1691 judican-

129 1693 233 1735 dum
251 1694 430 1736 venerit.
459 1695 579 1744 Quae.

181 1752 346 1794 Bened.
385 1750 592 1792 Divinum
629 1752 838 1793 auxilium
870 1755 958 1794 ma-

130 1811 241 1848 neat.

416 1862 570 1904 Lectio
590 1863 673 1903 viii.

134 1914 209 2022 O
233 1914 502 1957 admirabilis
520 1916 719 1969 potentia
738 1916 906 1958 Crucis!
931 1930 957 1959 o

233 1971 466 2013 ineffabilis
491 1972 631 2022 gleria
654 1973 890 2025 passienis,
916 1974 959 2014 in

131 2041 217 2080 qua
250 2032 294 2069 et
324 2027 516 2070 tribenal
548 2029 741 2078 Demini,
780 2034 823 2071 et
853 2030 959 2082 judi-

130 2085 244 2126 cium
261 2084 424 2134 mundi,
444 2090 489 2127 et
507 2087 707 2138 potestas
727 2091 795 2127 est
815 2086 959 2141 Cruci-

130 2141 221 2182 fixi!
249 2141 442 2183 Traxisti
467 2141 581 2183 enim
599 2141 789 2183 Demine
816 2143 959 2184 emnia

130 2197 187 2240 ad
204 2202 264 2248 te,
285 2202 329 2240 et
348 2211 446 2239 cum
467 2198 755 2250 expandisses
773 2203 868 2240 tota
888 2198 960 2240 die

130 2267 284 2296 manus
309 2259 409 2296 tuas
434 2253 491 2296 ad
514 2254 729 2307 pepulum
754 2267 843 2296 non
869 2268 958 2296 cre-

131 2310 307 2352 dentem
353 2315 397 2352 et
442 2310 816 2352 contradicentem
863 2311 959 2361 tibi,

131 2367 393 2409 confitendae
411 2367 650 2418 majestatis
674 2372 763 2408 tuae
784 2381 960 2409 sensum

128 2428 249 2465 totus
294 2423 484 2466 mundus
527 2424 708 2476 accepit.
766 2424 960 2466 Traxisti

129 2480 317 2523 Demine
337 2481 483 2522 emnia
502 2480 558 2522 ad
576 2486 632 2529 te,
653 2493 753 2522 cum
774 2481 818 2521 in
837 2493 958 2522 exse-

130 2537 370 2579 cratienem
397 2536 570 2579 Judaici
599 2537 794 2586 sceleris,
828 2550 959 2578 unam

129 2593 407 2644 protulerunt
440 2594 585 2634 emnia
618 2593 833 2635 elementa
864 2606 957 2634 sen-

128 2648 320 2698 tentiam,
341 2662 451 2700 cum,
475 2649 721 2692 obscuretis
741 2649 958 2690 luminari—

128 2704 210 2746 bus
238 2705 355 2754 coeIi,
393 2711 437 2748 et
463 2707 679 2748 converso
707 2706 751 2746 in
780 2710 958 2747 noctem

1013 278 1100 328 die,
1128 283 1247 319 terra
1274 291 1451 330 quoque
1474 277 1669 319 metibus
1697 282 1844 329 quate-

1011 336 1133 376 retur
1164 334 1367 384 inselitis,
1402 335 1695 386 universaque
1728 347 1844 375 crea-

1012 394 1112 433 tura
1156 391 1390 443 impierum
1432 391 1530 432 usui
1570 404 1617 432 se
1653 393 1844 442 negaret.

1012 447 1207 488 Traxisti
1221 448 1411 489 Demine
1431 447 1576 489 emnia
1591 446 1650 489 ad
1664 452 1720 497 te,
1740 450 1844 499 que-
1892 452 1895 455 “

1012 505 1129 545 niam
1165 505 1305 545 scisso
1342 504 1497 556 templi
1531 504 1648 554 velo,
1686 504 1845 546 Sancta

1013 563 1266 602 sancterum
1285 561 1340 602 ab
1357 560 1546 611 indignis
1560 560 1844 613 pontificibus

1012 619 1300 667 recesserunt,
1320 622 1368 658 ut
1387 617 1529 667 figura
1543 617 1587 657 in
1602 618 1844 666 veritatem,

1012 674 1248 726 prophetia
1274 674 1318 714 in
1346 673 1764 722 manifestationem,
1802 679 1845 714 et

1012 731 1083 772 lex
1102 733 1145 771 in
1165 730 1452 781 Evangelium
1471 732 1727 772 verteretur.
1891 732 1895 738 ‘

1065 800 1117 851 R.
1155 795 1277 836 Sicut
1302 795 1481 847 Meyses
1514 794 1725 836 exaltavit
1758 807 1842 835 ser-

1013 853 1191 904 pentem
1229 852 1273 892 in
1315 850 1510 901 deserto,
1556 851 1617 892 ita
1660 850 1843 892 exaltari

1014 910 1191 960 opertet
1222 907 1380 948 Filium
1411 908 1617 949 heminis:
1654 916 1675 939 *
1708 908 1766 949 Ut
1799 920 1842 948 o-

1013 965 1124 1005 mnis
1172 965 1246 1016 qui
1291 963 1432 1006 credit
1467 965 1510 1004 in
1545 965 1710 1017 ipsum,
1755 977 1842 1005 non

1013 1023 1177 1073 pereat,
1198 1019 1278 1062 sed
1297 1020 1457 1062 habeat
1471 1021 1607 1062 vitam
1623 1022 1844 1062 aeternam.

1014 1076 1064 1127 Y.
1082 1077 1183 1118 Non
1202 1077 1320 1118 misit
1338 1078 1460 1118 Deus
1473 1077 1634 1118 ‘Filium
1655 1090 1781 1118 suum
1801 1077 1843 1117 in

1012 1133 1224 1175 mundum
1249 1139 1298 1175 ut
1322 1133 1486 1185 judicet
1509 1133 1736 1183 mundum,
1766 1133 1844 1174 sed

1013 1195 1061 1231 ut
1080 1190 1273 1232 salvetur
1291 1190 1481 1231 mundus
1496 1203 1575 1242 per
1591 1190 1746 1242 ipsum.
1775 1190 1845 1231 Ut.

1017 1246 1165 1289 Gleria
1186 1247 1315 1289 Patri.
1343 1247 1412 1289 Ut.

1319 1338 1467 1392 Lectio
1489 1338 1541 1377 ix.

1016 1397 1248 1502 Traxisti
1267 1400 1457 1442 Demine
1477 1399 1622 1440 emnia
1642 1398 1699 1440 ad
1717 1404 1779 1448 te,
1798 1403 1846 1440 ut
1894 1421 1895 1424 =

1115 1457 1237 1509 quod
1273 1457 1317 1498 in
1353 1469 1440 1498 uno
1471 1456 1496 1497 J
1499 1455 1640 1497 uda'eae
1677 1455 1845 1507 templo

1014 1513 1289 1555 obumbratis
1315 1512 1709 1564 significatienibus
1728 1517 1845 1562 tege-

1012 1570 1157 1619 batur,
1184 1570 1316 1622 pleno
1336 1571 1582 1622 aperteque
1603 1570 1844 1609 sacramen-

1012 1631 1058 1668 to
1094 1626 1398 1667 universarum
1426 1625 1592 1676 ubique
1620 1624 1845 1666 natienum

1014 1682 1192 1724 devetio
1226 1682 1482 1723 celebraret.
1522 1680 1651 1722 Nunc
1685 1681 1845 1722 etenim

1014 1744 1058 1780 et
1077 1738 1186 1780 ordo
1207 1738 1366 1780 clarior
1386 1738 1629 1786 levitarum,
1650 1742 1693 1778 et
1709 1737 1844 1787 digni-

1011 1800 1080 1837 tas
1100 1795 1287 1848 amplior
1306 1795 1543 1843 senierum,
1568 1799 1611 1835 et
1631 1794 1844 1835 sacratior

1014 1857 1080 1894 est
1104 1852 1253 1893 unctio
1279 1851 1578 1893 sacerdetum:
1603 1850 1706 1902 quia
1727 1850 1843 1891 Crux

1013 1914 1087 1950 tua
1118 1909 1313 1950 emnium
1346 1908 1444 1949 fons
1471 1907 1844 1955 benedictienum,

1014 1965 1207 2007 emnium
1234 1970 1301 2007 est
1326 1977 1459 2006 causa
1484 1965 1737 2016 gratiarum:
1765 1976 1845 2016 per

1014 2035 1144 2074 quam
1170 2021 1451 2063 credentibus
1477 2020 1605 2063 datur
1623 2020 1762 2061 virtus
1789 2020 1844 2061 de

1012 2078 1283 2128 infirmitate,
1323 2078 1465 2129 gleria
1496 2077 1551 2119 de
1584 2076 1844 2129 opprebrio,

1012 2135 1104 2176 vita
1123 2134 1178 2176 de
1198 2139 1352 2176 morte.
1386 2134 1515 2175 Nunc
1541 2133 1672 2175 etiam
1696 2134 1844 2173 carna-

1012 2191 1118 2232 lium
1157 2191 1472 2232 sacrificierum
1505 2189 1719 2230 varietate
1754 2201 1843 2229 ces—

1013 2250 1156 2297 sante,
1189 2260 1343 2288 omnes
1377 2245 1647 2288 differentias
1679 2245 1843 2286 hostia-

1012 2317 1109 2344 rum
1128 2316 1214 2344 una
1234 2303 1446 2356 Cerporis
1469 2307 1513 2344 et
1532 2301 1764 2353 Sanguinis
1782 2302 1844 2343 tui

1012 2359 1165 2412 implet
1190 2359 1372 2401 oblatio:
1399 2359 1608 2411 queniam
1631 2363 1679 2400 tu
1707 2370 1754 2399 es
1773 2370 1842 2399 ve-

1012 2428 1086 2457 rus
1106 2416 1259 2466 Agnus
1283 2416 1382 2465 Dei,
1413 2415 1488 2467 qui
1513 2414 1634 2457 tollis
1657 2416 1843 2467 peccata

1011 2471 1178 2521 mundi;
1209 2476 1252 2513 et
1275 2472 1335 2513 ita
1356 2472 1401 2512 in
1425 2476 1473 2513 te
1492 2471 1696 2513 universa
1714 2470 1842 2523 perfi-

1012 2528 1074 2569 cis
1093 2528 1312 2580 mysteria,
1332 2533 1380 2570 ut
1399 2528 1512 2569 sicut
1527 2541 1662 2569 unum
1678 2533 1745 2568 est
1760 2539 1842 2578 pro

1013 2585 1130 2625 omni
1148 2585 1325 2625 victima
1340 2585 1615 2634 sacrificium,
1635 2584 1696 2625 ita
1710 2595 1842 2624 unum

1012 2641 1067 2682 de
1087 2641 1205 2682 omni
1223 2646 1356 2691 gente
1373 2641 1430 2683 sit
1449 2654 1642 2692 regnum.

1065 2708 1125 2747 Te
1144 2706 1286 2747 Deum
1306 2705 1546 2748 laudamus.
1566 2707 1624 2746 14.
