2040 2944
486 202 662 236 Officium
687 203 861 236 votivum
887 203 931 236 dc
958 204 992 236 S.
1018 203 1164 245 dost-<ph
1192 206 1344 246 ‚sponso
1371 204 1410 238 Β.
1438 204 1482 237 Μ.
1508 204 1548 238 V.

217 301 268 352 Ra.
284 296 459 341 Dedisti
471 297 577 338 mihi
591 296 913 350 protectionem
928 308 992 336 sa-

164 355 268 398 lutis
290 361 397 405 tuae,
425 360 469 396 et
494 354 675 396 dextera
698 358 775 395 tua
798 352 994 405 suscepit

163 425 252 454 me:
285 416 307 439 *
339 411 571 453 Protector
600 422 745 460 meus,
783 414 826 451 et
857 421 994 450 cornu

166 469 320 510 salutis
350 480 481 518 meae,
517 471 561 508 et
595 468 828 519 susceptor
858 478 994 506 meus.

165 524 215 574 Χῖ.
231 525 326 577 Ego
341 525 568 578 protector
582 527 684 565 tuus
699 536 806 573 sum,
827 527 871 564 et
883 534 993 564 mer-

165 595 239 624 ces
257 587 333 624 tua
350 593 509 632 magna
526 580 665 621 nimis.
692 579 935 621 Protector.

475 636 627 676 Lectio
646 649 683 674 v.

261 707 320 736 on
344 698 411 736 est
436 693 633 744 dubium,
660 692 763 746 quin
786 692 930 734 bonus
953 696 997 733 et

287 751 429 792 fidelis
465 749 599 792 homo
638 749 768 791 fuerit
807 749 890 790 iste
925 748 950 789 J
953 761 995 789 o-

168 808 296 862 seph,
341 807 410 849 cui
445 807 587 849 Mater
624 806 894 859 desponsata
931 810 998 848 est

168 864 418 907 Salvatoris.
445 862 619 914 Fidelis,
637 863 826 916 inquam,
844 875 997 904 servus

168 926 213 963 et
230 921 436 975 prudens,
457 933 586 973 quem
605 919 832 962 constituit
848 919 996 961 Domi—

168 991 250 1020 nus
273 991 364 1019 suae
383 977 534 1019 Matris
556 977 770 1027 solatium,
797 989 889 1018 suae
909 989 998 1018 car-

169 1035 235 1076 nis
270 1035 515 1085 nutri'tium,
553 1033 695 1075 solum
732 1033 919 1085 denique
955 1033 999 1074 in

167 1091 295 1134 terris
322 1091 469 1143 magni
500 1090 669 1132 consilii
697 1089 996 1142 coadjutorem

169 1147 482 1190 fidelissimum.
531 1147 631 1189 Huc
658 1145 847 1197 accedit,
876 1147 997 1199 quod

171 1203 329 1246 dicitur
343 1204 478 1245 fuisse
492 1203 548 1246 de
562 1203 695 1246 domo
707 1203 863 1245 David.
881 1204 999 1245 Vere

172 1261 286 1303 enim
305 1260 361 1303 de
382 1260 514 1303 domo
533 1260 690 1302 David.
723 1260 841 1302 Vere
861 1260 916 1302 de
935 1262 998 1301 re-

171 1317 242 1368 gia
256 1317 391 1370 stirpe
407 1316 634 1359 descendit
647 1316 713 1359 vir
726 1317 809 1358 iste
822 1316 1001 1370 Joseph,

171 1373 330 1416 nobilis
345 1375 515 1425 genere,
529 1378 676 1415 mente
691 1373 891 1416 nobilior.
913 1373 1003 1415 Pla-

171 1443 227 1472 ne
250 1429 365 1471 fssius
383 1429 543 1481 David,
570 1442 659 1471 non
683 1429 953 1481 degenerans
977 1443 1003 1472 a

171 1490 297 1540 patre
316 1493 396 1528 suo
416 1485 575 1538 David3
601 1499 794 1540 prorsus,
812 1487 1000 1540 inquam,

173 1543 287 1584 filius
302 1542 457 1594 David,
476 1556 564 1585 non
577 1548 748 1585 tantum
762 1556 902 1594 carne,
922 1544 1002 1586 sed

173 1598 273 1650 fide,
294 1598 374 1641 sed
393 1600 634 1650 sanctitate,
657 1599 738 1642 sed
756 1599 1003 1651 devotione,

175 1668 307 1708 quem
320 1661 546 1709 tamquam
561 1656 749 1698 alterum
760 1656 906 1699 David
915 1658 1003 1699 Do-

173 1712 315 1754 minus
334 1712 499 1755 invenit
518 1713 760 1755 secundum
775 1726 851 1755 cor
867 1727 1004 1765 suum,

175 1769 246 1811 cui
267 1773 365 1825 tuto
391 1772 640 1812 comitteret
664 1771 1005 1812 sacratissimum

175 1830 307 1878 atque
327 1826 668 1868 secretissimum
689 1827 756 1868 sui
776 1827 921 1869 cordis
941 1841 1004 1869 ar-

176 1884 347 1924 canum:
369 1883 448 1933 cui,
466 1888 691 1935 tamquam
710 1883 836 1925 alteri
849 1883 1004 1934 David,

174 1938 341 1980 incerta
370 1944 415 1981 et
447 1939 623 1981 occulta
654 1940 881 1993 sapientiae
912 1954 1004 1982 suae

175 1995 479 2046 manifestavit,
498 2001 543 2038 et
562 1995 685 2038 dedit
701 1996 764 2037 illi
782 2009 870 2039 non
888 1998 1004 2048 igna-

175 2064 271 2092 rum
287 2064 383 2093 esse
397 2052 603 2105 mysterii,
617 2052 738 2104 quod
747 2066 877 2096 nemo
888 2056 1002 2107 prin-

175 2108 323 2161 cipum
340 2107 466 2161 hujUs
486 2109 637 2150 saeculi
655 2110 844 2161 agnovit.

223 2163 274 2214 Rz.
312 2165 485 2207 Statuet
515 2165 630 2207 filios
663 2179 768 2208 suos
801 2166 882 2209 sub
914 2168 1004 2218 teg-

176 2220 290 2263 mine
309 2221 435 2271 illius,
455 2227 498 2264 et
515 2221 595 2264 sub
610 2223 741 2264 ramis
759 2224 850 2276 ejus
864 2225 1004 2265 mora-

176 2276 307 2319 bitur:
321 2280 577 2331 protegetur
592 2278 672 2320 sub
686 2280 878 2330 tegmine
891 2279 1006 2320 illius

177 2346 203 2374 a
220 2334 407 2376 fervore:
419 2336 440 2357 *
463 2335 521 2376 Et
536 2335 579 2376 in
598 2334 738 2386 gloria
757 2337 848 2389 ejus
866 2336 1005 2388 requi-

178 2391 307 2433 escet.
326 2385 376 2436 V·
405 2392 588 2444 Sperate
603 2392 648 2432 in
663 2404 727 2442 eo,
748 2393 888 2434 omnis
905 2405 1004 2434 con-

177 2448 372 2497 gregatio
404 2447 577 2501 populi:
613 2448 823 2491 effundite
858 2461 1005 2490 coram

177 2502 253 2544 illo
273 2503 408 2546 corda
426 2510 583 2547 vestra.
612 2506 669 2547 Et
686 2506 731 2546 in
748 2505 898 2558 gloria.

471 2564 624 2604 Lectio
647 2564 697 2604 vi.

174 2611 242 2719 C
250 2615 296 2656 ui
306 2615 492 2670 denique
504 2617 655 2660 datum
665 2622 743 2668 est,
753 2615 873 2670 quod
882 2616 1006 2658 multi

273 2684 399 2724 reges
416 2679 460 2716 et
478 2674 710 2728 prophetae
727 2687 826 2715 cum
844 2672 1005 2714 vellent

179 2727 339 2779 videre,
356 2742 446 2772 non
461 2731 674 2783 viderunt,
692 2729 844 2771 audire
860 2734 903 2770 et
916 2741 1005 2770 non

332 2873 395 2897 Pars
412 2875 434 2898 A
437 2879 539 2898 uuuuuu
540 2874 579 2898 lis.

1787 199 1876 243 [213]

1045 295 1287 346 audierunt,
1306 309 1394 338 non
1413 296 1556 338 solum
1570 295 1719 338 videre
1740 300 1784 338 et
1803 309 1874 337 au-

1046 351 1155 401 dire,
1180 351 1258 394 sed
1278 353 1408 394 etiam
1426 356 1620 406 portare,
1646 353 1876 402 deducere,

1047 408 1267 461 amplecti,
1293 409 1555 460 deosculari,
1580 415 1623 452 et
1645 412 1810 452 nutrire
1834 415 1877 451 et

1049 464 1281 507 custodire.
1321 466 1423 507 Non
1447 471 1616 508 tantum
1642 471 1787 508 autem
1806 466 1831 507 J
1834 479 1877 507 o-

1049 521 1169 573 seph,
1187 521 1267 564 sed
1282 527 1325 564 et
1339 522 1477 563 Maria
1492 522 1772 564 descendisse
1789 535 1877 564 cre-

1054 576 1198 619 denda
1214 584 1279 620 est
1294 578 1349 620 de
1364 578 1496 621 domo
1512 578 1670 621 David:
1687 579 1879 632 alioquin

1050 647 1138 675 non
1153 640 1270 677 esset
1286 634 1554 688 desponsata
1567 636 1660 678 viro
1676 636 1731 678 de
1746 635 1878 678 domo

1050 691 1205 741 David,
1221 692 1257 733 si
1272 704 1360 733 non
1375 697 1492 734 esset
1507 698 1551 734 et
1564 692 1661 745 ipsa
1676 692 1731 734 de
1746 692 1879 734 domo

1050 747 1206 790 David.
1229 749 1374 790 Ambo
1389 749 1520 800 igitur
1535 754 1659 791 erant
1674 749 1729 791 de
1746 748 1879 791 domo

1051 803 1211 846 David:
1239 806 1319 848 sed
1340 806 1384 846 in
1409 806 1548 848 altera
1571 806 1791 858 completa
1814 811 1881 847 est

1054 861 1226 911 veritas,
1247 875 1378 914 quam
1394 863 1552 915 juravit
1566 863 1781 904 Dominus
1795 863 1880 903 Da-

1053 917 1141 968 vid,
1168 919 1306 961 altero
1329 924 1476 961 tamen
1501 919 1677 961 censcio
1702 924 1746 961 et
1769 924 1882 961 teste

1053 974 1304 1028 adimpletae
1322 976 1636 1029 promissi6nis.

1102 1040 1152 1090 Rg.
1191 1037 1236 1078 Si
1270 1040 1511 1079 consistant
1545 1036 1779 1079 adversum
1812 1049 1882 1077 me

1055 1098 1209 1144 castra,
1228 1107 1317 1136 non
1334 1094 1505 1136 timebit
1525 1107 1601 1136 cor
1619 1107 1779 1135 meum:
1792 1097 1812 1119 *
1838 1093 1883 1134 Si

1055 1152 1263 1201 exsurgat
1278 1150 1511 1192 adversum
1524 1164 1594 1192 me
1609 1150 1820 1203 praelium,
1839 1149 1883 1190 in

1053 1205 1140 1247 hoc
1159 1219 1241 1258 ego
1262 1207 1463 1261 sperabo.
1488 1203 1536 1254 Χ
1559 1209 1611 1249 In
1628 1213 1672 1249 te
1692 1206 1882 1248 cantatio

1054 1275 1153 1304 mea
1181 1276 1372 1317 semper,
1404 1265 1610 1316 quoniam
1637 1269 1686 1306 tu
1712 1262 1885 1315 adjutor

1055 1319 1192 1361 fortis.
1219 1321 1274 1362 Si.
1300 1321 1454 1363 Gloria
1473 1322 1602 1364 Patri.
1630 1322 1686 1364 Si.

1265 1407 1313 1445 In
1341 1407 1410 1445 III.
1439 1406 1661 1444 Nocturno.

1106 1471 1204 1511 Ant.
1239 1469 1435 1511 Audiens
1453 1470 1479 1511 J
1481 1470 1631 1524 oseph.

1325 1539 1523 1579 Psalmus
1553 1540 1610 1579 14.

1062 1608 1154 1659 *sy-3
1174 1602 1333 1643 o'mine
1371 1602 1468 1654 quis
1501 1601 1716 1644 habitabit
1746 1602 1790 1642 in
1824 1607 1884 1643 ta-

1068 1655 1158 1704 ¹⁵=³⁰¹⁵J
1214 1658 1451 1700 bernaculo
1485 1657 1585 1700 tuo?
1624 1660 1648 1685 *
1680 1663 1755 1699 aut
1788 1659 1884 1710 quis

1064 1741 1086 1742 j
1168 1722 1174 1731 ’“
1215 1715 1462 1767 requiescet
1487 1715 1531 1755 in
1556 1719 1705 1757 monte
1732 1720 1884 1757 sancto

1057 1776 1155 1813 tuo.

1111 1829 1194 1879 Qui
1212 1828 1453 1880 ingreditur
1473 1828 1565 1870 sine
1583 1827 1769 1878 macula,
1791 1828 1816 1854 *
1841 1833 1884 1870 et

1058 1887 1268 1939 operatur
1286 1885 1506 1937 justitiam:

1112 1942 1196 1993 Qui
1217 1942 1411 1994 lequitur
1429 1941 1658 1983 veritatem
1680 1941 1724 1982 in
1749 1940 1883 1982 corde

1059 2011 1157 2049 suo,
1184 1999 1208 2024 *
1237 1999 1310 2051 qui
1337 2011 1425 2040 non
1450 1998 1538 2049 egit
1563 1997 1713 2039 dolum
1739 1997 1783 2038 in
1806 1997 1882 2038 lin-

1057 2068 1143 2106 gua
1162 2067 1254 2096 sua:

1109 2111 1204 2153 Nec
1222 2111 1324 2153 fecit
1341 2111 1544 2164 proximo
1564 2123 1643 2152 suo
1662 2110 1839 2160 malum,
1858 2111 1882 2136 *

1058 2173 1102 2210 et
1125 2168 1414 2221 opprebrium
1435 2180 1523 2209 non
1542 2167 1711 2220 aceepit
1730 2166 1881 2208 adver-

1058 2238 1131 2266 sus
1150 2225 1376 2278 proximos
1396 2237 1508 2266 suos.

1108 2281 1181 2323 Ad
1199 2281 1379 2322 nihilum
1399 2280 1613 2322 deductus
1634 2284 1700 2321 est
1718 2280 1763 2320 in
1782 2292 1880 2321 con-

1057 2340 1212 2391 spectu
1240 2338 1329 2390 ejus
1358 2337 1590 2388 malignus:
1622 2337 1646 2362 *
1678 2336 1880 2378 timentes

1057 2399 1203 2436 autem
1221 2394 1458 2435 Deminum
1477 2393 1709 2444 glorificat:

1109 2450 1192 2501 Qui
1218 2451 1330 2502 jurat
1355 2450 1557 2502 proximo
1586 2462 1686 2499 suo,
1720 2454 1764 2491 et
1791 2461 1879 2491 non

1057 2507 1234 2559 decipit,
1257 2507 1281 2532 *
1310 2507 1384 2559 qui
1401 2506 1632 2559 pecuniam
1651 2518 1774 2547 suam
1793 2517 1878 2547 non

1056 2562 1178 2605 dedit
1197 2563 1253 2604 ad
1271 2566 1462 2613 usuram,
1486 2568 1529 2606 et
1547 2566 1728 2604 munera
1747 2573 1878 2614 super

1054 2620 1331 2661 innocentem
1349 2631 1436 2660 non
1455 2620 1634 2672 accepit.

1107 2676 1191 2726 Qui
1208 2675 1311 2717 facit
1329 2674 1443 2721 haec,
1471 2677 1494 2702 ’⁸‘
1521 2689 1609 2717 non
1631 2674 1877 2716 movebitur

1054 2732 1098 2773 in
1117 2733 1337 2773 aeternum.

1619 2862 1671 2896 O*
