2040 2944
554 159 624 192 Dic
649 159 678 194 2.
705 158 895 192 Octobris.
943 161 998 193 ss.
1025 160 1262 201 Angelorum
1289 160 1512 195 Custodum.

236 251 285 302 V,
314 249 529 291 Ascendit
547 250 691 291 fumus
709 253 955 293 aromatum
975 253 1018 293 in

189 308 429 358 conspectu
443 306 542 346 Dfii.
555 310 605 360 R.
624 307 692 348 De
707 320 838 349 manu
849 308 1018 359 Angeli,

218 385 372 424 Sermo
394 383 532 424 sancti
550 383 766 425 Bernardi
786 385 984 428 Abbatis.

334 443 374 476 In
395 442 589 477 Psalmnrn
614 444 688 485 Qui
704 445 864 481 habitat.

474 500 626 541 Lectio
649 502 701 541 iv.

192 562 321 611 {gssjJ
338 555 477 606 ngelis
506 556 596 598 suis
623 557 850 601 mandavit
878 558 933 600 de
961 564 1016 600 te.

196 607 324 671 'f
353 612 463 654 Mira
491 613 704 663 dignatio,
734 620 778 656 et
801 628 904 656 vere
929 629 1016 656 ma-

244 662 253 673 *
352 681 438 719 gna
465 668 642 711 dileetio
667 671 873 712 caritatis.
910 672 1017 722 Quis

184 724 320 765 enim?
348 724 529 776 quibus?
558 725 613 767 de
636 725 747 778 quo?
774 727 880 779 quid
897 740 1015 768 man-

184 779 327 822 davit?
347 781 553 823 Studiose
573 781 914 833 consideremus,
932 783 1014 825 fra-

182 842 284 887 tres,
306 837 539 888 diligenter
555 839 913 881 commendemus
930 853 1016 882 me-

182 894 336 935 moriae
355 894 441 935 hoc
459 900 551 936 tam
568 895 734 945 grande
748 896 1015 938 mandatum.

183 950 290 1000 Quis
325 951 440 991 enim
471 950 719 992 mandavit?
762 954 883 1004 cujus
916 959 1017 994 sunt

183 1005 366 1057 Angeli?
395 1007 517 1059 eujus
542 1007 763 1050 mandatis
789 1009 1015 1061 obtempe-

182 1063 303 1104 rant?
350 1063 470 1113 cujus
517 1063 731 1106 obediunt
776 1065 1015 1107 voluntati?

182 1119 354 1172 Nempe
379 1119 561 1170 Angelis
587 1120 677 1161 suis
706 1120 932 1163 mandavit
960 1122 1015 1164 de

181 1180 235 1225 te,
255 1180 304 1217 ut
324 1175 576 1217 custodiant
593 1182 638 1218 te
653 1177 697 1217 in
714 1178 917 1220 omnibus
933 1179 1015 1220 viis

181 1232 279 1273 tuis.
319 1232 415 1274 Nec
444 1235 721 1283 cunctantur,
751 1235 854 1286 quin
883 1235 1015 1277 etiam

181 1289 224 1328 in
238 1288 441 1330 manibus
456 1289 613 1331 tollant
627 1295 683 1332 te.
709 1290 887 1332 Summa
909 1304 1014 1343 ergo

179 1346 385 1395 majestas
403 1345 629 1387 mandavit
650 1347 843 1398 Angelis,
864 1353 908 1390 et
926 1348 1013 1389 An-

179 1401 290 1451 gelis
323 1402 413 1442 suis
444 1402 681 1444 mandavit.
735 1404 828 1444 Illis
861 1404 1013 1456 utique

180 1457 456 1507 sublimibus,
484 1463 576 1499 tam
595 1458 737 1501 beatis
761 1472 892 1511 quam
912 1463 1012 1513 pro-

180 1513 310 1554 ximis
342 1513 426 1555 sibi
460 1514 800 1566 cohaerentibus,
838 1522 882 1558 et
909 1530 1013 1559 vere

180 1569 435 1611 domesticis
471 1571 698 1614 mandavit
736 1572 791 1614 de
827 1578 883 1615 te.
943 1573 1013 1615 Tu

180 1626 276 1677 quis
297 1625 367 1667 es?
395 1626 511 1676 Quid
531 1633 599 1669 est
618 1627 765 1679 homo,
787 1629 907 1681 quod
925 1643 1012 1672 me-

178 1694 275 1722 mor
314 1695 361 1723 es
398 1683 510 1734 ejus?
548 1689 623 1725 aut
658 1685 775 1726 filius
811 1685 1011 1736 hominis,

178 1738 385 1789 quoniam
403 1741 584 1792 reputas
605 1739 728 1782 eum?
749 1742 884 1792 Quasi
903 1755 1009 1784 vero

175 1807 264 1835 non
284 1794 340 1836 sit
359 1794 493 1837 homo
513 1797 713 1848 putredo,
734 1803 777 1842 et
799 1798 915 1839 filius
934 1798 1010 1840 ho-

175 1850 303 1891 minis
320 1852 492 1892 vermis.
521 1852 609 1894 Sed
626 1854 731 1906 quid
746 1859 878 1906 putas
892 1868 1010 1895 man-

176 1905 298 1948 davit
318 1906 373 1948 de
393 1907 460 1949 te?
490 1909 548 1950 Ut
568 1909 820 1952 custodiant
837 1916 893 1952 te.

231 1969 279 2019 Ru
305 1968 428 2010 Vivit
455 1969 550 2022 ipse
579 1971 812 2021 Dominus,
843 1972 866 1996 *
894 1973 1009 2022 Quo-

174 2023 291 2064 niam
321 2025 560 2068 custodivit
589 2039 660 2068 me
685 2028 882 2078 Angelus
907 2030 1009 2081 ejus,

176 2086 219 2122 et
255 2081 356 2123 hine
397 2085 594 2133 euntem,
638 2089 681 2126 et
717 2084 778 2126 ibi
815 2097 1007 2127 commo-

174 2139 360 2187 rantem,
390 2143 434 2179 et
461 2139 564 2181 inde
593 2140 678 2182 huc
703 2143 1008 2183 revertentem.

177 2187 227 2237 V.
252 2193 310 2235 Et
337 2207 426 2249 non
448 2196 648 2247 permisit
671 2210 742 2239 me
759 2198 854 2239 Dfis
879 2198 1007 2240 ancil-

174 2249 262 2289 lam
281 2263 405 2291 suam
423 2252 707 2304 coinquinari.
736 2255 965 2304 Quoniam.

474 2311 639 2362 ‘Lectio
659 2336 694 2361 v.

178 2360 439 2484 Quantam
460 2390 540 2432 tibi
560 2392 694 2435 debet
716 2393 803 2435 hoc
822 2393 1006 2435 verbum

267 2445 427 2487 inferre
443 2450 744 2500 reverentiam,
761 2450 917 2491 afferre
933 2449 1004 2491 de-

173 2501 413 2552 votionem,
438 2504 637 2546 conferre
656 2505 882 2548 fiduciam!
919 2507 1003 2548 Re-

125 2586 127 2588 ·
172 2557 415 2599 verentiam
433 2571 516 2611 pro
536 2563 784 2612 praesentia,
804 2562 1002 2604 devotio-

172 2626 273 2655 nem
283 2626 365 2666 pro
377 2614 693 2667 benevolentia,
704 2618 911 2659 fiduciam
919 2632 1002 2671 pro

173 2669 384 2712 custodia.
418 2671 555 2713 Caute
575 2674 766 2724 ambula,
785 2680 833 2716 ut
851 2674 1001 2716 videli-

1069 256 1158 301 cet,
1188 252 1258 292 cui
1287 251 1449 293 adsunt
1481 252 1658 303 Angeli,
1692 253 1806 294 sicut
1838 253 1901 294 eis

1067 307 1323 349 mandatum
1338 312 1417 358 est,
1432 308 1476 349 in
1492 308 1694 350 omnibus
1708 309 1789 351 viis
1803 309 1901 351 tuis.

1068 365 1119 404 In
1140 364 1298 415 quovis
1314 364 1571 415 diversorio,
1591 365 1635 406 in
1653 365 1809 417 quovis
1829 368 1900 406 an·

1068 421 1171 472 gulo
1199 420 1372 471 Angelo
1401 426 1478 462 tuo
1508 421 1800 463 reverentiam
1827 421 1899 463 ha-

1067 477 1135 518 be.
1182 478 1251 518 Tu
1283 490 1338 518 ne
1371 477 1538 519 audeas
1563 477 1640 519 illo
1667 480 1900 531 praesente,

1071 533 1191 585 quod
1210 532 1387 574 vidente
1406 546 1479 575 me
1498 546 1587 575 non
1606 533 1803 575 auderes.
1829 535 1901 576 An

1067 591 1337 642 praesentem
1348 603 1445 631 esse
1462 589 1649 639 dubitas,
1666 603 1797 642 quem
1812 603 1901 632 non

1068 645 1219 687 vides?
1256 645 1371 696 Quid
1403 646 1440 687 si
1472 644 1672 687 audires?
1716 646 1833 696 Quid
1865 647 1902 688 si

1068 702 1296 753 tangeres?
1322 702 1438 752 Quid
1458 702 1495 743 si
1516 702 1754 744 olfaceres?
1773 703 1901 753 Vide,

1071 759 1172 810 quia
1186 771 1275 800 non
1286 759 1383 800 solo
1394 759 1492 800 visu
1506 771 1653 800 rerum
1664 760 1902 811 praesentia

1069 814 1394 867 comprobetur.

1118 873 1170 925 R.
1207 871 1402 922 Angelus
1447 872 1627 913 Domini
1674 870 1903 913 descendit

1069 940 1169 968 cum
1189 928 1350 968 Azaria
1369 932 1413 969 et
1432 929 1564 969 sociis
1585 930 1677 980 ejus
1695 928 1740 968 in
1759 927 1901 968 forna-

1069 996 1176 1034 cem,
1197 989 1241 1025 et
1261 984 1457 1025 excussit
1476 984 1698 1025 flammam
1711 979 1825 1034 ignis
1846 982 1901 1025 de

1067 1040 1259 1082 fornace:
1278 1041 1301 1065 *
1322 1040 1378 1081 Et
1398 1053 1488 1081 non
1506 1041 1650 1091 tetigit
1669 1053 1747 1081 eos
1767 1042 1901 1080 omni-

1067 1109 1124 1138 no
1145 1096 1269 1147 ignis,
1288 1109 1432 1148 neque
1452 1097 1740 1138 contristavit.
1756 1091 1808 1143 V.
1826 1096 1902 1137 Be-

1067 1151 1269 1194 nedictus
1305 1153 1427 1193 Deus
1463 1155 1636 1203 eorum,
1675 1152 1750 1205 qui
1782 1152 1901 1193 misit

1068 1209 1286 1260 Angelum
1306 1223 1444 1259 suum,
1465 1214 1509 1250 et
1527 1210 1639 1250 eruit
1658 1221 1812 1251 servos
1831 1221 1899 1249 su-

1068 1278 1118 1306 os
1140 1266 1214 1317 qui
1234 1264 1516 1307 crediderunt
1533 1266 1577 1306 in
1597 1278 1708 1307 eum.
1739 1265 1796 1307 Et
1810 1277 1899 1306 non

1067 1322 1211 1372 tetigit
1231 1334 1320 1363 eos.

1370 1377 1523 1417 Lectio
1544 1378 1597 1417 vi.

1113 1445 1142 1471 n
1160 1431 1259 1483 ipso
1279 1433 1444 1482 itaque,
1464 1430 1638 1480 fratres,
1658 1429 1897 1472 affectuose

1127 1487 1360 1538 diligamus
1396 1486 1593 1537 Angelos
1637 1487 1747 1538 ejus,
1790 1490 1897 1527 tam-

1066 1557 1199 1596 quam
1230 1544 1401 1585 futuros
1435 1542 1672 1595 aliquando
1706 1542 1922 1606 cohaere-0

1067 1600 1145 1642 des
1173 1605 1370 1650 nostros,
1398 1600 1573 1641 interim
1591 1612 1698 1641 vero
1724 1601 1896 1641 actores

1066 1662 1109 1698 et
1127 1659 1298 1698 tutores
1318 1669 1343 1697 a
1361 1656 1494 1698 Patre
1513 1656 1699 1709 positos,
1723 1661 1768 1697 et
1786 1668 1898 1708 prae-

1064 1714 1238 1766 positos
1258 1712 1398 1755 nobis.
1428 1712 1544 1764 Quid
1569 1712 1650 1754 sub
1671 1712 1806 1754 tantis
1826 1725 1896 1754 cu-

1065 1769 1267 1811 stodibus
1283 1769 1543 1811 timeamus?
1571 1769 1667 1811 Nec
1687 1768 1896 1822 superari,

1063 1839 1145 1868 nec
1164 1826 1331 1876 seduci,
1350 1827 1494 1867 minus
1514 1830 1663 1867 autem
1682 1824 1896 1867 seducere

1062 1888 1266 1935 possunt,
1313 1883 1388 1934 qui
1427 1882 1681 1924 custodiunt
1726 1894 1808 1923 nos
1851 1881 1896 1922 in

1064 1938 1268 1980 omnibus
1287 1939 1369 1980 viis
1384 1938 1560 1979 nostris.
1587 1937 1762 1980 Fideles
1783 1942 1894 1986 sunt,

1062 1995 1303 2047 prudentes
1319 1999 1430 2044 sunt,
1438 1997 1645 2046 potentes
1656 1998 1772 2035 sunt:
1789 1994 1895 2046 quid

1061 2050 1361 2103 trepidamus?
1420 2050 1613 2092 Tantum
1658 2052 1894 2102 sequamur

1062 2120 1160 2157 eOS,
1190 2107 1496 2149 adhaereamus
1528 2107 1613 2156 eis,
1647 2111 1691 2148 et
1721 2107 1766 2147 in
1793 2119 1893 2159 pro-

1061 2164 1253 2205 tectione
1289 2164 1374 2205 Dei
1417 2164 1518 2206 coeli
1560 2164 1893 2204 commoremur.

1061 2220 1245 2270 Quoties
1274 2233 1380 2272 ergo
1409 2220 1668 2271 gravissima
1700 2219 1892 2261 cernitur

1060 2278 1217 2327 urgere
1235 2277 1438 2327 tentatio,
1459 2282 1502 2318 et
1519 2276 1743 2318 tribulatio
1762 2275 1891 2317 vehe-

1059 2345 1184 2374 mens
1207 2333 1453 2383 imminere,
1478 2335 1635 2374 invoca
1659 2331 1891 2373 custodem

1059 2395 1199 2440 tuum,
1225 2389 1457 2431 ductorem
1479 2394 1618 2438 tuum,
1644 2387 1891 2440 adjutorem

1058 2451 1182 2487 tuum
1215 2446 1260 2486 in
1291 2444 1713 2498 opportunitatibus,
1742 2447 1787 2485 in
1816 2445 1889 2487 tri-

1058 2502 1301 2544 bulatione:
1338 2501 1525 2542 inclama
1561 2513 1679 2550 eum,
1719 2506 1763 2543 et
1799 2500 1889 2543 dic:

1057 2558 1246 2600 Domine
1266 2557 1388 2599 salva
1406 2570 1499 2606 nos,
1519 2559 1724 2610 perimus.

1111 2619 1163 2670 Rr.
1187 2619 1239 2660 In
1271 2618 1391 2659 omni
1423 2617 1706 2659 tribulatione
1735 2620 1889 2659 eorum

1055 2688 1144 2717 non
1173 2679 1240 2716 est
1270 2674 1523 2724 tribulatus,
1558 2675 1581 2698 *
1607 2675 1664 2716 Et
1691 2675 1887 2726 Angelus
