2040 2944
724 200 934 233 Communc
960 199 1072 233 unius
1099 200 1288 242 Martyris.

201 303 250 354 R.
279 302 340 342 br.
367 292 547 350 'Magna
576 303 643 340 est
670 297 811 349 gloria
838 297 929 348 ejus
952 303 974 326 *

151 357 204 396 In
235 356 415 397 salutari
446 360 535 396 tuo.
575 355 745 405 Magna.
785 352 833 403 δ”.
878 352 980 393 Glo-

152 412 261 452 riam
289 417 333 453 et
363 424 571 463 magnum
604 411 811 452 decorem
842 409 980 460 impo-

152 480 230 509 nes
259 481 391 521 super
420 480 530 509 eum.
570 468 632 507 In.
669 465 823 507 Gloria
850 463 980 505 Patri.

152 523 321 575 Magna.

199 591 249 642 Y.
303 593 454 634 Justus
503 597 551 633 ut
600 590 747 643 palma
792 587 981 629 florebit.

147 653 198 704 R'·
238 649 359 690 Sicut
395 648 553 690 cedrus
585 646 742 688 Libani
777 643 981 696 multipli-

153 704 335 746 cabitur.

354 799 416 839 In
441 765 504 839 Π.
523 795 776 846 vesperis.

198 876 436 920 Antiphonae
461 876 508 910 de
532 876 742 910 Laudibus.
774 873 844 916 [29]

199 928 345 962 Psalmi
374 932 415 962 ut
444 928 483 961 in
510 928 538 963 Ι.
566 922 752 972 Vesperis
784 928 830 961 de
863 927 973 961 Com-

146 978 252 1011 muni
275 977 412 1020 Apost.
445 974 492 1017 [2]
511 981 548 1011 et
570 978 658 1011 loco
684 978 807 1011 ultimi

404 1051 603 1091 Psalmus
631 1052 711 1091 115.

147 1113 388 1221 Credidi,
427 1121 612 1169 propter
649 1114 767 1167 quod
804 1114 979 1156 locutus

244 1186 355 1214 sum:
381 1173 405 1200 *
434 1185 516 1224 ego
550 1176 697 1213 autem
727 1170 980 1211 humiliatus

151 1242 248 1271 sum
273 1230 412 1270 nimis.

201 1290 296 1341 Ego
325 1289 415 1330 dixi
441 1289 486 1329 in
514 1288 699 1329 excessu
726 1297 843 1327 meo:
871 1285 895 1310 *
924 1285 978 1325 O-

149 1345 262 1387 mnis
278 1345 413 1387 homo
429 1343 630 1386 mendax.
959 1391 962 1393 Ι

203 1405 319 1456 Quid
345 1404 585 1447 retribuam
610 1403 818 1452 Domino,
846 1402 870 1427 *
897 1415 978 1454 pro

150 1461 362 1512 omnibus,
391 1474 490 1514 quae
506 1459 708 1501 retribuit
723 1457 850 1499 mihi?

202 1521 394 1563 Calicem
419 1520 621 1562 salutaris
645 1519 871 1571 accipiam:
890 1519 914 1545 *
936 1524 980 1560 et
1034 1565 1042 1569 A

149 1590 310 1619 nomen
327 1577 506 1618 Domini
524 1575 753 1617 invocabo.

87 1679 89 1687 ,
201 1638 322 1679 Vota
352 1650 450 1679 mea
473 1636 665 1678 D6mino
697 1634 882 1676 reddam
909 1647 979 1676 co-

150 1706 246 1735 ram
273 1694 392 1735 omni
417 1692 584 1746 p6pulo
614 1692 720 1743 ejus:
738 1691 763 1716 *
786 1691 981 1743 pretiosa

150 1750 195 1790 in
214 1751 457 1802 conspectu
474 1748 653 1790 Domini
669 1759 791 1788 mors
810 1748 979 1788 sancto-

150 1819 248 1847 rum
267 1807 373 1858 ejus:

203 1866 242 1907 O
261 1866 450 1907 D6mine
471 1864 573 1918 quia
590 1876 672 1915 ego
694 1875 846 1904 servus
865 1867 980 1904 tuus:

150 1922 175 1949 *
194 1935 277 1974 ego
297 1934 450 1964 servus
468 1925 584 1970 tuus,
613 1924 658 1961 et
676 1918 791 1960 filius
811 1918 979 1960 ancfflae

150 1982 250 2020 tuae.

202 2038 420 2091 Dirupisti
437 2036 610 2079 vincula
629 2048 742 2077 mea:
765 2035 789 2060 *
811 2034 892 2076 tibi
915 2048 980 2076 sa—

152 2094 359 2136 crificabo
377 2093 566 2135 hostiam
585 2091 738 2142 laudis
758 2095 802 2132 et
820 2103 981 2132 nomen

151 2150 331 2192 Domini
348 2149 578 2191 invocabo.

204 2211 324 2252 Vota
357 2223 457 2251 mea
488 2209 680 2250 D6mino
717 2207 902 2248 reddam
937 2207 981 2247 in

153 2268 393 2319 conspectu
434 2265 575 2307 omnis
616 2263 771 2316 populi
813 2263 922 2315 ejus:
957 2263 981 2288 *

152 2323 196 2363 in
224 2322 346 2363 atriis
375 2321 532 2363 domus
550 2320 739 2369 Domini,
766 2319 811 2359 in
834 2318 981 2360 medio

152 2378 217 2420 tui
242 2377 498 2419 Jerusalem.

199 2479 206 2486 ·
256 2458 513 2510 Capitulum.
687 2456 708 2495 J
714 2468 773 2495 ac.
790 2457 818 2494 1.
834 2455 873 2495 b.

152 2528 362 2632 Beatus
389 2536 471 2585 vir,
502 2535 576 2587 qui
604 2533 756 2575 suffert
780 2532 981 2574 tentatio-

262 2603 377 2632 nem:
406 2591 613 2643 quoniam
640 2603 740 2631 cum
766 2587 982 2641 probatus
1043 2583 1050 2599 ²

156 2647 296 2697 fuerit,
307 2647 494 2699 accipiet
504 2648 715 2688 eoronam
725 2645 839 2693 vitae,
851 2656 983 2695 quam

155 2702 406 2754 repromisit
424 2702 546 2743 Deus
566 2700 848 2752 diligentibus
866 2712 925 2740 se.

1794 202 1863 246 [31]

1344 306 1552 356 Hymnus

1147 382 1223 410 eus
1242 373 1418 412 tuorum
1445 371 1631 413 militum

1170 426 1287 477 Sors,
1309 432 1352 468 et
1371 430 1546 477 corona,
1565 427 1807 480 praemium,

1111 481 1287 524 Laudes
1307 486 1513 525 canentes
1533 484 1740 536 Martyris

1111 537 1308 580 Absolve
1328 552 1443 581 nexu
1464 540 1666 581 criminis.

1058 614 1143 655 Hic
1161 628 1321 668 nempe
1340 616 1491 657 mundi
1510 616 1681 667 gaudia,

1111 671 1168 712 Et
1185 671 1350 713 blanda
1369 672 1573 713 fraudum
1592 672 1756 725 pabula

1110 726 1287 768 Imbuta
1305 728 1406 769 felle
1426 728 1654 781 deputans,

1109 783 1314 824 Pervenit
1333 784 1390 825 ad
1410 785 1617 826 coelestia.

1062 858 1219 900 Poenas
1238 861 1431 902 cucurrit
1450 861 1632 911 fortiter,

1110 915 1168 956 Et
1187 917 1364 958 sustulit
1382 917 1575 967 viriliter,

1110 971 1404 1025 Funde'nsque
1423 986 1505 1026 pro
1529 978 1574 1014 te
1598 974 1863 1025 sanguinem,

1109 1028 1294 1069 AEterna
1315 1028 1431 1070 dona
1450 1029 1659 1082 p6ssidet.

1060 1103 1129 1144 Ob
1149 1104 1235 1145 hoc
1253 1106 1438 1156 precatu
1457 1105 1646 1158 supplici

1108 1159 1174 1200 Te
1193 1161 1430 1212 poscimus,
1457 1162 1670 1214 piissime;

1109 1216 1161 1256 In
1187 1215 1273 1257 hoc
1292 1217 1516 1269 trifimpho
1536 1217 1742 1269 Martyris

1109 1272 1292 1313 Dimitte
1311 1285 1474 1314 noxam
1493 1274 1689 1315 servulis.

1057 1350 1175 1390 Laus
1196 1354 1239 1390 et
1258 1349 1462 1401 perennis
1480 1350 1621 1400 gloria

1107 1405 1229 1446 Patri
1248 1405 1315 1455 sit,
1335 1410 1468 1458 atque
1488 1406 1610 1456 Filio,

1108 1462 1270 1503 Sancto
1292 1462 1420 1503 simul
1438 1462 1670 1512 Paraclito,

1110 1518 1162 1558 ln
1181 1518 1448 1570 sempiterna
1468 1518 1642 1560 saecula.
1683 1518 1837 1559 Amen.

1084 1584 1134 1634 V.
1182 1586 1333 1627 Justus
1382 1591 1431 1627 ut
1480 1586 1627 1639 palma
1676 1586 1863 1627 florebit.

1031 1642 1242 1738 §abistbcsst
1278 1641 1437 1683 cedrus
1469 1642 1626 1684 Libani
1657 1642 1863 1694 multipli-

1089 1770 1157 1810 Ad
1176 1772 1349 1821 Magnis.
1375 1771 1475 1810 Ant.
1496 1766 1583 1818 Qui
1603 1765 1695 1806 vult
1714 1768 1863 1807 venire

1031 1826 1135 1874 post
1167 1835 1253 1871 me,
1283 1823 1307 1847 *
1345 1822 1534 1872 abneget
1566 1824 1863 1874 semetipsum,

1033 1882 1077 1919 et
1103 1877 1231 1919 tollat
1259 1890 1435 1919 crucem
1462 1891 1600 1929 suam,
1637 1882 1682 1919 et
1710 1879 1863 1929 sequa-

1032 1938 1102 1974 tur
1130 1946 1211 1975 me.

1239 1992 1506 2022 *Qu

1237 2074 1369 2137 :Aliae
1396 2075 1658 2116 Lectiones

1132 2155 1248 2193 pro
1291 2154 1412 2181 uno
1454 2141 1761 2190 Martyre.

1256 2224 1305 2262 In
1332 2223 1383 2261 11.
1411 2223 1634 2261 Nocturno.

1032 2290 1100 2329 De
1128 2286 1417 2338 Expositione
1445 2287 1485 2327 S.
1513 2285 1737 2327 Ambrosii
1764 2286 1863 2338 Epi-

1081 2342 1206 2394 scopi
1225 2342 1270 2382 in
1288 2341 1512 2382 Psalmum
1531 2341 1819 2383 centesimum

1222 2396 1440 2438 decimum
1461 2399 1677 2438 octavum.

1140 2464 1291 2504 Lectio
1313 2464 1366 2504 iv.
1501 2468 1683 2501 Sermone
1705 2467 1757 2500 21.

1042 2531 1373 2583 ῑ’ς;-ῑ;,,ι·ἰῑιοίρεε
1405 2531 1629 2584 persecuti
1663 2535 1764 2572 sunt
1794 2542 1864 2570 me

1043 2613 1050 2633 ῃ
1072 2614 1144 2666 Q*
1165 2587 1315 2683 {ratitsz
1344 2591 1387 2628 et
1410 2600 1436 2628 a
1454 2586 1601 2628 verbis
1625 2587 1713 2682 ‘giis
1735 2585 1864 2680 ’[ῐίξίίὲ

1077 2662 1131 2667 ἐι
1198 2656 1268 2683 avi
1319 2655 1397 2684 cor
1427 2655 1584 2684 meum.
1669 2654 1748 2683 ene

1035 2698 1202 2750 Martyr
1227 2698 1350 2748 dicit,
1389 2698 1511 2751 quod
1536 2699 1694 2750 injuste
1719 2707 1864 2748 perse-
