2040 2944
722 170 793 204 Die
817 170 868 203 23.
895 170 975 204 Oct.
1022 169 1078 203 Ss.
1105 169 1386 212 Redemptoris.

195 260 515 301 resurrectiene
535 272 560 300 a
578 260 776 310 mertuis,
798 261 1028 312 coeperunt

196 317 350 368 aptare
370 315 598 367 lampades
619 329 731 366 suas,
753 316 800 358 id
818 322 896 366 est,
915 330 1026 370 prae-

195 373 353 424 parare
382 372 479 413 Deo
509 374 695 424 eperum
723 375 903 414 suerum
931 372 1027 415 red—

197 426 302 468 dere
339 428 565 469 rati6nem.
615 426 637 474 Π
689 429 746 470 Et
784 430 887 481 quia
922 435 1028 472 tunc

196 496 325 525 nemo
345 488 423 534 est,
449 485 523 536 qui
545 484 706 534 laudet,
731 486 873 527 omnis
892 486 1027 528 homo

197 552 343 580 causae
368 553 460 581 suae
485 546 630 590 vacat,
657 554 789 583 nemo
819 548 886 584 est
913 547 1028 592 tunc,

197 595 271 646 qui
300 608 386 636 non
417 596 472 637 de
506 609 553 638 se
586 598 767 648 cegitet‚
801 611 890 639 non
923 611 1028 649 ergo

197 658 320 694 erant
341 653 414 704 qui
435 653 581 694 eleum
600 654 857 696 venderent:
883 657 1028 707 coepe-

196 714 296 750 runt
315 707 506 750 deficere
524 709 765 762 lampades,
786 716 830 752 et
848 723 1028 752 conver-

195 766 343 806 terunt
375 778 423 807 se
451 766 584 807 fatuae
615 766 672 808 ad
705 767 897 819 quinque
929 781 1028 820 pru-

197 820 368 862 dentes:
388 822 502 864 Date
521 822 651 864 nobis
670 823 726 864 de
746 824 846 865 oleo
866 830 1029 874 vestro,

197 877 299 928 quia
317 877 546 930 lampades
565 884 728 920 nostrae
749 880 1028 931 exstinguun-

195 938 277 974 tur.
304 933 404 975 Hoc
423 935 689 986 quaerebant,
710 936 831 987 quod
849 939 1028 978 consue-

197 995 367 1039 verant,
393 990 439 1032 id
466 996 548 1040 est,
575 991 717 1033 alieno
744 992 844 1034 eleo
870 993 1028 1043 lucere,

197 1044 254 1086 ad
273 1045 438 1087 alienas
457 1047 611 1089 laudes
633 1047 872 1090 ambulare.

247 1121 298 1171 Eg.
316 1120 427 1161 Haec
447 1126 514 1162 est
527 1121 667 1173 Virgo
687 1123 876 1174 sapiens,
897 1136 1029 1176 quam

196 1175 412 1217 Deminus
439 1177 695 1228 vigilantem
719 1179 899 1229 invenit,
929 1193 1028 1232 quae

197 1233 391 1285 acceptis
419 1233 715 1286 lampadibus,
750 1236 938 1288 sumpsit
964 1249 1028 1278 se-

196 1301 294 1330 cum
314 1289 474 1330 eleum:
490 1296 512 1318 *
527 1290 584 1332 Et
603 1291 804 1333 veniente
823 1292 1028 1342 Demino‚

195 1345 390 1387 introivit
406 1359 505 1387 cum
521 1359 574 1388 eo
590 1347 647 1388 ad
662 1348 849 1400 nuptias.
871 1344 920 1395 Y.
939 1349 1026 1391 Me-

196 1400 268 1442 dia
291 1407 422 1444 nocte
448 1403 615 1444 clamor
635 1404 778 1446 factus
799 1410 880 1446 est:
909 1405 1027 1447 Ecce

194 1470 386 1510 sponsus
405 1460 539 1510 venit,
561 1462 676 1502 exite
696 1461 873 1502 obviam
892 1462 942 1503 ei.
970 1463 1027 1504 Et

195 1514 409 1556 veniente.

480 1596 631 1636 Lectio
655 1597 737 1636 viii.

271 1666 442 1708 lausum
457 1673 525 1710 est
539 1681 645 1719 ergo
661 1669 833 1710 estium.
851 1669 909 1711 Et
921 1669 1026 1721 quid

291 1723 376 1764 illis
396 1724 563 1766 dictum
584 1730 667 1767 est:
686 1725 788 1767 Non
807 1727 911 1768 novi
932 1739 1025 1768 vos.

194 1779 295 1820 Non
321 1780 418 1821 illas
444 1782 582 1831 novit,
609 1782 684 1833 qui
708 1782 855 1824 omnia
879 1782 1024 1825 novit?
1082 1782 1095 1836 *f

196 1835 312 1884 Quid
329 1848 435 1887 ergo
456 1843 539 1879 est:
559 1838 662 1879 Non
679 1839 784 1880 novi
803 1837 908 1880 vos?
940 1840 1024 1881 Im·
1126 1839 1214 1895 {3:1³1}
1242 1888 1243 1896 ἵ

194 1891 339 1943 probo
372 1906 469 1943 vos,
500 1894 694 1946 reprobo
724 1907 821 1936 vos:
855 1895 899 1935 in
931 1901 1026 1937 arte
1091 1894 1096 1915 '¹
1125 1895 1138 1923 ι’
1204 1897 1206 1901 ’
1231 1899 1239 1921 ¹⁴

195 1960 293 1989 mea
311 1961 399 1990 non
419 1962 499 1990 vos
517 1953 723 2001 agnesco‚
749 1963 820 1992 ars
838 1964 936 1993 mea
955 1965 1026 1994 ne-

196 2004 278 2045 scit
299 2005 414 2047 vitia.
441 2006 542 2048 Hoc
559 2012 626 2048 est
642 2013 790 2049 autem
804 2020 1026 2059 magnum:

197 2064 240 2100 et
258 2062 397 2103 nescit
421 2063 535 2113 vitia,
562 2068 605 2104 et
628 2063 792 2115 judicat
810 2065 931 2115 vitia3
954 2078 1025 2107 ne-

196 2116 278 2157 scit
293 2117 506 2168 faciendo,
521 2119 684 2171 judicat
699 2120 937 2171 arguendo.
956 2122 1028 2164 Sic

197 2183 302 2222 ergo
330 2186 418 2215 non
445 2176 547 2217 novi
575 2189 667 2217 vos.
704 2177 870 2228 Ierunt‚
898 2178 1027 2220 intra-

198 2230 353 2270 verunt
378 2231 570 2283 quinque
594 2233 848 2285 prudentes.
886 2235 1027 2284 Quam

197 2284 321 2326 multi
346 2287 462 2336 estis,
486 2287 644 2330 fratres
666 2290 765 2339 mei,
788 2291 832 2331 in
850 2291 1027 2333 nemine

200 2339 376 2382 Christi:
399 2342 485 2385 sint
502 2344 547 2384 in
565 2345 693 2387 vobis
714 2347 908 2398 quinque
928 2359 1027 2400 pru-

198 2394 368 2446 dentes,
397 2399 476 2440 sed
506 2402 642 2443 nolite
671 2403 864 2455 quinque
892 2403 1027 2444 hemi-

198 2464 288 2493 nes.
316 2452 410 2495 Sint
429 2455 472 2495 in
487 2456 614 2498 vobis
631 2459 824 2510 quinque
839 2458 1027 2512 pruden-

198 2513 278 2558 tes,
302 2508 359 2550 ad
383 2510 512 2551 istam
536 2513 814 2564 prudentiam
842 2515 1029 2567 quinarii

198 2566 366 2607 numeri
399 2567 679 2618 pertinentes.
721 2571 882 2613 Veniet
913 2572 1028 2613 enim

199 2620 320 2671 hora,
345 2628 388 2664 et
414 2623 590 2675 quando
617 2629 848 2676 nescimus,
872 2628 1029 2669 veniet.

200 2678 346 2720 Media
371 2684 501 2721 nocte
525 2681 682 2722 veniet.
718 2682 922 2733 Vigilate.
958 2684 1030 2725 Sic

1080 261 1238 302 clausit
1255 261 1559 312 Evangelium:
1581 261 1786 314 Vigilate,
1810 263 1912 316 quia

1080 317 1259 359 nescitis
1279 317 1408 367 diem,
1426 331 1570 370 neque
1589 319 1757 361 horam.

1134 381 1185 432 K.
1222 378 1369 420 Media
1404 384 1535 421 nocte
1572 379 1740 421 clamor
1770 379 1912 422 factus

1081 440 1166 477 est:
1199 438 1221 461 *
1257 435 1374 477 Ecce
1407 448 1597 488 sponsus
1628 435 1765 486 venit,
1796 439 1913 478 exite

1081 492 1258 533 obviam
1283 492 1334 533 ei.
1371 489 1419 540 Y.
1444 492 1688 534 Prudentes
1706 493 1913 544 Virgines

1081 550 1233 601 aptate
1270 553 1443 590 vestras
1484 549 1726 602 lampades.
1786 550 1914 591 Ecce.

1083 605 1235 646 Gloria
1254 605 1384 647 Patri.
1412 606 1540 647 Ecce.

1134 672 1182 704 ix.
1206 672 1338 705 Lectio
1367 682 1437 714 pro
1467 672 1502 706 S
1533 672 1735 708 Hilarione
1758 674 1914 710 Abbate

1082 724 1121 753 ut
1146 720 1183 752 in
1210 719 1413 754 Breviurio
1446 721 1581 755 cadem
1606 721 1668 755 die
1690 722 1773 766 383,
1805 723 1914 766 cujus

1082 777 1279 801 commem.
1306 768 1345 802 fit
1371 769 1407 801 in
1434 769 1552 802 Laud.

1136 826 1234 866 Ant.
1264 827 1386 878 Euge
1406 840 1532 870 serve
1555 827 1673 869 bone
1694 832 1738 869 et
1760 825 1916 878 fidelis,

1082 882 1184 933 quia
1211 882 1254 922 in
1279 895 1422 935 pauca
1450 884 1569 926 fuisti
1593 883 1753 934 fidelis,
1781 896 1915 936 supra

1081 938 1219 979 multa
1243 943 1287 980 te
1309 942 1589 982 constituam:
1612 941 1727 982 intra
1749 941 1793 981 in
1811 943 1914 991 gau-

1082 993 1203 1035 dium
1221 995 1399 1036 Demini
1417 996 1491 1037 tui.

1118 1052 1165 1104 V.
1188 1055 1213 1096 J
1215 1061 1363 1097 ustum
1372 1055 1557 1099 deduxit
1563 1057 1658 1098 Dfis
1667 1069 1747 1110 per
1753 1057 1848 1098 vias
1858 1069 1916 1098 re-

1081 1116 1187 1153 ctas.
1207 1115 1258 1166 Rg.
1271 1113 1327 1154 Et
1343 1112 1536 1155 ostendit
1550 1113 1810 1164 illi'regnum
1819 1113 1914 1155 Dei.

1135 1175 1305 1239 Oratio.
1329 1173 1592 1215 Intercessio
1611 1186 1704 1215 nos.
1723 1173 1836 1226 [296]
1862 1195 1866 1199 ·

1287 1237 1378 1306 *Die
1397 1266 1462 1306 23.
1482 1264 1702 1306 Octobris.

1217 1337 1294 1378 Ss.
1323 1337 1778 1389 Redemptoris.

1346 1408 1501 1452 Duplex
1518 1409 1653 1452 majus.

1295 1472 1356 1512 In
1382 1472 1419 1513 1.
1448 1472 1702 1521 vesperis.

1133 1539 1232 1579 Ant.
1262 1538 1443 1589 Virgam
1470 1538 1644 1581 virtutis
1671 1551 1763 1580 suae
1789 1539 1912 1580 emit-

1079 1599 1144 1636 tet
1169 1595 1386 1636 D6minus
1414 1608 1470 1637 ex
1494 1595 1618 1645 Sion,
1646 1599 1691 1637 et
1713 1593 1914 1645 regnabit

1078 1651 1122 1691 in
1149 1651 1362 1693 saeculum
1389 1652 1550 1694 saeculi.

1210 1765 1244 1785 (ὃ
1282 1743 1288 1750 ·
1339 1724 1539 1764 Psalmus
1561 1725 1654 1764 109.

1208 1811 1213 1837 Ἃ
1230 1782 1330 1823 ixit
1347 1782 1564 1823 Dominus
1583 1781 1776 1823 Demino
1794 1794 1912 1823 meo:

1318 1895 1474 1937 Donec
1512 1907 1676 1947 ponam
1710 1895 1912 1936 inimicos

1295 1951 1513 1992 cabellum
1535 1950 1701 2003 pedum
1723 1952 1912 1992 tuerum.

1131 2008 1315 2059 Virgam
1333 2007 1509 2049 virtutis
1529 2012 1618 2048 tuae
1638 2009 1810 2048 emittet
1824 2007 1911 2048 De-

1078 2065 1222 2106 minus
1244 2077 1298 2106 ex
1317 2064 1438 2105 Sion:
1457 2065 1481 2091 *
1501 2063 1730 2105 dominere
1755 2063 1799 2104 in
1825 2064 1911 2104 me-

1081 2121 1155 2163 dio
1177 2121 1661 2162 inimicerumtuerum.

1131 2177 1298 2219 Tecum
1322 2177 1586 2229 principium
1612 2177 1657 2216 in
1683 2175 1755 2217 die
1779 2176 1912 2217 virtu-

1079 2234 1138 2275 tis
1170 2239 1259 2275 tuae
1302 2233 1346 2273 in
1387 2232 1699 2285 splendoribus
1740 2233 1911 2273 sancto-

1080 2304 1195 2332 rum:
1230 2292 1254 2318 *
1293 2303 1347 2332 ex
1383 2293 1510 2331 utero
1549 2294 1651 2331 ante
1683 2288 1912 2330 luciferum

1080 2347 1210 2398 genui
1231 2351 1287 2388 te.

1131 2403 1302 2444 Juravit
1327 2402 1560 2451 Deminus‚
1589 2406 1634 2443 et
1661 2413 1748 2442 non
1773 2400 1911 2453 poeni-

1080 2460 1192 2501 tebit
1229 2473 1343 2500 eum:
1378 2460 1402 2486 *
1438 2458 1508 2499 Tu
1542 2471 1589 2500 es
1626 2457 1835 2498 sacerdos
1868 2457 1910 2497 in

1081 2517 1297 2557 aeternum
1316 2513 1559 2556 secundum
1585 2513 1786 2554 erdinem
1807 2512 1911 2554 Mel-

1082 2571 1330 2613 chisedech.
1649 2585 1654 2590 ·

1132 2628 1348 2669 Deminus
1368 2640 1394 2668 a
1409 2626 1576 2668 dextris
1592 2626 1691 2676 tuis,
1706 2627 1730 2653 *
1745 2625 1910 2667 confre-

1080 2684 1144 2734 git
1163 2684 1207 2724 in
1227 2684 1300 2726 die
1317 2684 1394 2725 irae
1413 2695 1505 2724 suae
1526 2695 1664 2733 reges.
