2040 2944
610 160 682 194 Die
706 160 757 193 24.
783 159 885 203 Sept.
930 159 972 192 B.
996 159 1043 193 M.
1069 158 1112 191 V.
1139 159 1185 192 de
1210 158 1396 192 Mercede.

152 259 290 310 Virgo
311 258 463 299 serena
482 258 627 299 fronte
647 269 695 298 se
714 257 982 310 conspicien-

153 314 254 357 dam
282 313 420 363 dedit,
450 319 494 355 et
519 314 875 366 acceptissimum
900 313 984 354 sibi

153 383 205 412 ac
231 370 457 422 unigenito
486 383 566 412 suo
596 369 707 411 Fssio
739 370 833 411 fore
862 368 983 418 dixit,

153 427 190 468 si
218 440 344 468 suum
370 427 414 468 in
442 427 656 469 honorem
681 426 983 468 institueretur

153 483 264 525 ordo
285 483 601 534 religiosorum,
622 482 780 536 quibus
799 495 903 524 cura
922 482 982 523 in-

152 540 380 582 cumberet
425 543 623 594 captivos
669 552 693 582 e
738 539 983 581 Turezirum

151 597 382 649 tyrannide
406 596 632 640 liberandi.
687 597 783 647 Qua
812 596 983 638 coelesti

151 653 320 695 visione
348 654 414 695 vir
440 654 524 696 Dei
551 655 791 702 recreatus,
823 653 983 694 mirum

153 714 235 759 est,
270 723 358 762 quo
384 710 581 752 caritatis
607 709 768 751 ardore
794 710 981 762 flagrare

152 767 347 818 coeperit,
367 766 453 808 hoc
471 780 606 808 unum
625 779 805 808 servans
823 767 868 807 in
888 779 981 808 cor-

152 822 207 864 de
226 836 325 873 suo,
349 828 398 864 ut
415 823 528 876 ipse,
555 836 606 865 ac
631 822 901 866 instituenda
924 823 980 865 ab

151 891 204 920 eo
232 879 386 930 religio
415 880 652 921 maiximam
679 880 799 922 illam
827 880 980 922 carita-

150 940 240 976 tem
258 934 414 978 sedulo
434 939 706 987 exercerent,
725 943 774 979 ut
795 938 980 990 quisque

151 992 339 1034 animam
363 1006 487 1034 suam
511 996 698 1047 poneret
720 1007 803 1047 pro
829 994 981 1035 amicis

151 1053 194 1090 et
212 1050 424 1101 proximis
445 1050 545 1091 suis.

201 1107 252 1159 R.
279 1106 399 1148 Sicut
423 1107 580 1149 cedrus
606 1107 799 1149 exaltata
818 1121 915 1149 sum
934 1108 980 1148 in

149 1162 330 1213 Libano,
351 1168 394 1204 et
413 1164 525 1205 sicut
543 1166 776 1217 cypressus
795 1165 839 1205 in
858 1177 978 1206 mon-

148 1223 194 1276 te
203 1219 322 1261 Sion:
338 1220 463 1271 quasi
477 1220 654 1273 myrrha
669 1221 819 1271 electa,
828 1219 851 1244 *
863 1220 979 1262 Dedi

150 1276 410 1318 suavitatem
430 1275 590 1318 odoris
615 1269 665 1320 V.
689 1277 747 1319 Et
762 1278 875 1319 sicut
892 1277 977 1319 cin-

148 1333 399 1373 namomum
427 1337 470 1374 et
501 1332 748 1375 balsamum
776 1336 978 1375 aromati-

148 1401 263 1430 zans.
291 1388 418 1431 Dedi.

458 1439 610 1480 Lectio
630 1453 668 1479 v.

147 1494 263 1602 Ea
284 1501 382 1555 ipsa
401 1507 531 1545 nocte
551 1502 706 1545 eadem
723 1502 863 1555 Virgo
883 1517 976 1546 san-

245 1559 439 1601 ctissima
466 1559 598 1601 beato
626 1559 891 1612 Raymundo
922 1561 977 1603 de

148 1615 367 1666 Pefiafort,
385 1620 428 1657 et
443 1616 468 1656 J
470 1615 612 1658 acobo
628 1617 866 1668 Aragoniae
885 1618 978 1668 regi

149 1672 373 1724 apperuit,
418 1671 611 1724 idipsum
657 1672 713 1714 de
761 1673 977 1725 religiosis

147 1727 426 1770 instituendis
467 1728 728 1778 admonens,
771 1729 977 1771 suadens·

150 1797 252 1836 que,
288 1789 337 1826 ut
369 1796 500 1837 opem
531 1798 614 1838 pro
648 1786 978 1828 constructione

147 1841 258 1882 tanti
281 1841 429 1894 operis
449 1841 623 1884 ferrent.
654 1842 812 1884 Petrus
831 1847 979 1884 autem

148 1897 297 1939 statim
333 1897 391 1939 ad
424 1897 676 1950 Raymundi
709 1898 865 1951 pedes,
905 1900 979 1952 qui

146 1953 232 2006 ipsi
263 1959 358 1996 erat
391 1967 417 1995 a
449 1955 586 1996 sacris
615 1955 978 2006 confessionibus,

148 2009 378 2060 advolans,
407 2011 447 2053 ei
472 2024 566 2053 rem
590 2024 766 2053 omnem
791 2012 978 2064 aperuit:

149 2078 279 2118 quem
324 2066 457 2108 etiam
502 2067 676 2109 co'elitus
717 2068 978 2110 instructum

146 2123 325 2175 reperit,
355 2124 536 2176 ejusque
565 2123 800 2166 directioni
827 2137 875 2166 se
902 2124 978 2167 hu-

147 2179 326 2221 millime
351 2180 545 2232 subjecit.
578 2180 639 2222 At
663 2182 977 2233 superveniens

147 2235 173 2276 J
174 2235 340 2278 acobus
358 2249 448 2286 rex,
469 2250 601 2289 quam
620 2242 664 2279 et
682 2237 778 2290 ipse
797 2240 977 2291 accepe-

148 2296 216 2333 rat
241 2305 267 2333 a
294 2292 548 2335 beatissima
574 2293 772 2344 Virgine,
814 2294 977 2336 revela-

149 2347 315 2392 tionem
338 2350 520 2402 exsequi
546 2350 708 2391 statuit.
746 2350 872 2392 Unde
892 2351 976 2392 col-

149 2403 248 2446 lutis
272 2405 384 2447 inter
410 2418 457 2447 se
483 2406 692 2456 consiliis,
728 2413 772 2448 et
797 2419 976 2449 consen-

150 2459 358 2502 tientibus
379 2462 549 2512 animis,
574 2462 618 2503 in
636 2462 850 2504 honorem
869 2464 977 2515 ejus-

151 2514 252 2557 dem
278 2517 471 2568 Virginis
499 2519 653 2560 Matris
687 2518 886 2560 ordinem
917 2519 977 2559 in-

150 2572 333 2614 stituere
352 2575 546 2625 aggressi
564 2581 679 2625 sunt,
704 2575 785 2616 sub
805 2575 976 2616 invoca-

149 2628 270 2670 tione
300 2637 466 2671 sanctae
498 2631 650 2673 Mariae
684 2631 740 2673 de
772 2631 978 2673 Mercede

150 2684 487 2738 Redemptionis
507 2688 796 2740 captivorum.

1085 261 1136 312 Ην.
1174 257 1283 307 Quae
1315 262 1382 299 est
1409 258 1492 299 ista
1521 270 1621 309 quae
1649 257 1867 311 processit

1037 314 1149 355 sicut
1170 313 1247 362 sol,
1272 318 1316 355 et
1340 313 1536 356 formosa
1553 319 1779 366 tamquam
1798 314 1823 355 J
1826 327 1865 355 e-

1035 369 1249 411 rusalem?
1260 374 1282 398 *
1294 370 1512 412 Viderunt
1528 383 1625 412 eam
1636 370 1739 412 filiae
1750 371 1866 420 Sion,

1036 431 1080 468 et
1099 426 1275 468 beatam
1295 425 1508 478 dixerunt,
1533 431 1576 468 et
1594 429 1758 478 reginae
1777 427 1865 468 lau-

1036 482 1251 525 daverunt
1284 496 1390 525 eam.
1448 480 1499 533 V.
1536 483 1594 525 Et
1626 485 1740 525 sicut
1772 483 1867 526 dies

1036 540 1159 581 verni
1178 539 1511 582 circumdabant
1531 553 1627 582 eam
1647 541 1780 582 flores
1799 553 1865 582 ro-

1035 598 1184 637 sarum
1216 602 1259 638 et
1289 596 1379 637 lilia
1413 596 1690 638 convallium,
1732 596 1865 639 Vide-

1034 658 1145 695 runt.

1334 701 1487 742 Lectio
1509 701 1563 741 vi.

1123 757 1164 798 ie
1187 757 1320 808 igitur
1344 757 1514 799 decima
1541 758 1727 811 Augusti
1751 772 1866 801 anno

1137 814 1316 855 Domini
1351 814 1583 857 millesimo
1622 815 1865 857 ducentesi-

1033 884 1106 913 mo
1127 870 1300 913 decimo
1320 874 1491 922 octavo,
1512 885 1590 914 rex
1608 871 1728 914 idem
1742 873 1865 915 Jaco-

1033 927 1116 968 bus
1142 941 1238 969 eam
1264 928 1583 971 institutionem
1607 930 1867 983 jampridem

1034 984 1089 1026 ab
1114 983 1272 1032 iisdem
1295 986 1458 1027 sanctis
1477 986 1582 1028 viris
1606 989 1867 1040 conceptam

1034 1042 1217 1094 exsequi
1244 1043 1414 1092 statuit,
1447 1042 1678 1085 sodalibus
1708 1050 1866 1097 quarto

1033 1103 1140 1140 voto
1161 1098 1399 1149 adstrictis,
1417 1100 1623 1142 manendi
1642 1101 1686 1142 in
1706 1102 1865 1154 pignus

1033 1155 1114 1196 sub
1143 1158 1418 1208 paganorum
1446 1159 1688 1209 potestate,
1717 1158 1754 1199 si
1782 1172 1864 1212 pro

1034 1212 1384 1254 Christianorum
1434 1213 1698 1256 liberatione
1752 1228 1866 1269 opus

1032 1269 1173 1310 fuerit.
1214 1269 1383 1319 Quibus
1411 1283 1489 1311 rex
1517 1271 1613 1323 ipse
1641 1284 1762 1313 arma
1787 1286 1866 1314 sua

1032 1325 1152 1377 regia
1175 1326 1219 1367 in
1241 1328 1424 1379 pectore
1445 1327 1616 1370 deferre
1636 1329 1865 1379 concessit,

1033 1387 1077 1424 et
1096 1396 1121 1424 a
1141 1384 1360 1436 Gregorio
1380 1396 1499 1426 nono
1518 1384 1628 1426 illud
1644 1390 1735 1427 tam
1753 1399 1864 1439 prae-

1032 1439 1230 1481 cellentis
1260 1453 1363 1491 erga
1390 1441 1643 1494 proximum
1671 1443 1866 1484 caritatis

1030 1496 1281 1538 institutum
1327 1501 1371 1538 et
1411 1497 1670 1549 religionem
1710 1499 1864 1540 confir-

1030 1553 1142 1594 mari
1157 1553 1336 1595 curavit.
1358 1553 1450 1595 'Sed
1470 1559 1514 1596 et
1532 1555 1628 1607 ipse
1644 1556 1766 1598 Deus
1786 1570 1866 1609 per

1030 1609 1258 1660 Virginem
1308 1610 1495 1652 Matrem
1546 1612 1865 1654 incrementum

1031 1664 1163 1716 dedit,
1183 1670 1231 1707 ut
1249 1666 1349 1708 talis
1368 1667 1587 1709 institutio
1608 1669 1793 1710 celerius
1813 1682 1864 1710 ac

1030 1721 1199 1763 felicius
1221 1727 1366 1764 totum
1390 1735 1470 1775 per
1497 1723 1651 1766 orbem
1671 1724 1864 1777 divulga-

1030 1779 1161 1829 retur,
1181 1781 1432 1832 sanctisque
1452 1779 1556 1821 viris
1578 1781 1777 1823 floruerit
1796 1795 1863 1823 ca-

1030 1834 1160 1876 ritate
1200 1848 1252 1876 ac
1284 1835 1449 1887 pietate
1486 1836 1746 1888 insignibus,
1791 1839 1865 1890 qui

1032 1890 1335 1945 eleemosynas
1383 1905 1409 1934 a
1454 1892 1616 1936 Christi
1659 1894 1864 1936 fidelibus

1031 1948 1240 1990 collectas
1263 1949 1308 1989 in
1330 1949 1523 2002 pretium
1547 1950 1864 2003 redemptionis

1031 2007 1211 2046 suorum
1229 2006 1534 2058 proximorum
1553 2006 1864 2060 expenderent,

1031 2074 1169 2114 seque
1209 2062 1331 2115 ipsos
1371 2061 1591 2104 interdum
1628 2063 1785 2106 darent
1820 2064 1864 2104 in

1030 2117 1382 2171 redemptionem
1409 2119 1659 2161 multorum.
1704 2120 1764 2162 Ut
1791 2133 1863 2162 au-

1030 2179 1121 2216 tem
1144 2175 1256 2216 tanti
1281 2175 1485 2217 beneficii
1509 2180 1554 2218 et
1576 2176 1863 2218 institutionis

1031 2230 1193 2272 debitae
1215 2232 1314 2273 Deo
1340 2236 1384 2273 et
1402 2232 1575 2283 Virgini
1597 2233 1729 2275 Matri
1755 2233 1863 2275 refe-

1030 2289 1182 2329 runtur
1217 2288 1389 2339 gratiae,
1436 2288 1574 2330 Sedes
1616 2289 1863 2341 apostolica

1030 2343 1144 2384 hanc
1162 2344 1432 2396 peculiarem
1450 2344 1732 2387 festivitatem
1752 2346 1861 2388 cele-

1030 2398 1159 2449 brari,
1185 2404 1229 2441 et
1250 2399 1456 2442 Officium
1472 2400 1649 2442 recitari
1668 2402 1861 2452 indulsit,

1031 2469 1130 2497 cum
1156 2455 1241 2497 ulia
1265 2456 1356 2507 fere
1378 2457 1607 2498 innumera
1630 2458 1775 2500 eidem
1795 2461 1860 2500 or-

1031 2511 1122 2554 dini
1148 2513 1378 2564 privilegia
1401 2514 1567 2565 pariter
1593 2515 1860 2556 contulisset.

1082 2568 1132 2618 R.
1161 2568 1382 2610 Ornatam.
1401 2569 1500 2622 [141]

1082 2632 1125 2665 In
1150 2632 1213 2665 ΠΙ.
1239 2631 1438 2667 Nocturno
1468 2634 1610 2668 Homil.
1643 2635 1681 2668 in
1709 2635 1855 2676 Evang.

1029 2679 1229 2725 Loquente
1239 2681 1264 2715 J
1267 2691 1345 2716 esu.
1360 2686 1400 2716 ut
1417 2683 1456 2716 in
1471 2682 1584 2741 fesmtis
1595 2683 1636 2716 B.
1649 2683 1696 2716 M.
1711 2682 1751 2715 V.
1767 2682 1858 2725 [142]
