2040 2944
792 190 1001 223 Commune
1027 200 1102 223 non
1128 190 1339 232 Virginum.

276 288 397 328 Pater
415 290 574 327 noster.

270 346 513 386 Absolutis).
544 346 685 398 Ipsius
704 347 857 398 pietas.

270 398 318 448 Y.
343 402 454 445 Jube
478 402 649 444 domne.

273 460 429 500 Bened.
460 459 578 500 Deus
597 458 729 500 Pater
750 460 1041 511 omnipotens.

217 539 281 577 Ex
299 535 411 578 libro
432 536 571 577 sancti
590 535 815 577 Ambrosii
832 535 1041 588 Episcopi

509 591 564 634 de
582 591 752 634 Viduis.

491 660 617 703 Prope
642 660 765 693 finem.

516 716 666 757 Lectio
688 717 739 757 iv.

225 782 259 816 εξ
280 804 287 824 2
302 788 348 825 '5⁴3ss
364 788 489 826 grum
503 773 618 815 hunc
630 773 840 815 Ecclesiae
854 773 1043 815 fertilem

226 828 230 849 ''
378 843 522 880 cerno,
535 843 650 872 nunc
659 830 922 881 integritatis
933 830 1043 872 flore

376 889 652 937 vernantem,
679 899 794 928 nunc
817 886 1043 928 viduitatis

216 946 431 996 gravitate
465 943 720 997 pollentem,
761 956 875 984 nunc
912 943 1044 984 etiam

217 1002 406 1054 conjugii
455 999 669 1042 fructibus
713 999 1043 1042 redundantem.

215 1058 330 1099 Nam
350 1058 433 1100 etsi
452 1057 624 1106 diversi,
643 1059 771 1098 unius
789 1061 937 1098 tamen
951 1057 1044 1108 agri

217 1115 384 1156 fructus
413 1119 530 1156 sunt:
556 1126 638 1155 nec
664 1118 788 1155 tanta
815 1113 1044 1154 hortorum

217 1171 320 1221 lilia,
341 1175 516 1223 quantae
536 1172 683 1212 aristae
703 1171 915 1222 segetum,
934 1172 1043 1211 mes-

217 1229 330 1269 sium
358 1228 506 1281 spicae:
537 1226 918 1279 compluriumque
947 1229 1044 1279 spa-

217 1285 277 1327 tia
310 1286 566 1337 camporum
596 1283 861 1336 recipiendis
894 1285 1043 1336 aptan-

217 1346 287 1383 tur
316 1340 571 1390 seminibus,
599 1353 730 1392 quam
757 1339 1043 1381 redditis'no-
1087 1362 1089 1366 ν

218 1397 338 1439 vales
355 1397 571 1439 fructibus
588 1396 810 1438 feriantur.
838 1396 962 1437 Bona
981 1409 1043 1438 er-

217 1467 273 1506 go
294 1453 498 1503 viduitas,
527 1466 626 1506 quae
645 1453 778 1494 toties
798 1452 1043 1505 apostolico

217 1510 378 1563 judicio
395 1509 674 1563 praedicatur.
701 1510 812 1551 Haec
827 1509 943 1551 enim
956 1522 1043 1550 ma—

217 1570 353 1619 gistra
367 1566 481 1617 fidei,
500 1568 709 1618 magistra
729 1571 795 1607 est
816 1565 1043 1607 castitatis.

270 1625 321 1677 R«.
351 1624 542 1677 Propter
572 1622 819 1672 veritatem,
852 1627 895 1664 et
926 1635 1042 1663 man-

218 1680 509 1730 suetudinem,
536 1684 579 1721 et
603 1679 826 1731 justitiam:
847 1684 871 1709 *
888 1679 944 1720 Et
971 1678 1041 1720 de-

217 1736 350 1779 ducet
380 1742 425 1779 te
456 1735 713 1778 mirabiliter
745 1734 926 1777 dextera
956 1740 1042 1776 tua.

217 1793 267 1843 Y.
294 1794 450 1847 Specie
467 1798 544 1835 tua
563 1798 607 1834 et
625 1791 950 1845 pulchritudine
968 1796 1043 1834 tua

217 1850 411 1900 intende,
438 1852 653 1903 prospere
676 1848 887 1901 procede,
916 1854 959 1890 et
979 1861 1042 1891 re-

216 1919 312 1957 gna.
348 1907 404 1948 Et
423 1906 624 1949 deducet.

271 1962 431 2003 Bened.
459 1963 655 2004 Christus
674 1965 911 2017 perpetuae.

526 2030 677 2070 Lectio
699 2044 735 2069 v.

218 2086 393 2193 Unde
418 2094 462 2131 et
481 2089 542 2130 illi
565 2090 639 2141 qui
659 2090 842 2132 deorum
862 2092 1041 2132 suorum

320 2146 535 2188 adulteria
566 2151 610 2188 et
641 2146 805 2200 probra
835 2150 1040 2189 veneran-

216 2207 298 2253 tur,
337 2203 570 2245 coelibatus
606 2208 650 2245 et
689 2203 913 2245 viduitatis
958 2209 1042 2246 sta-

216 2261 339 2301 tuere
367 2272 539 2312 poenas,
566 2265 616 2302 ut
642 2259 787 2301 aemuli
815 2261 1042 2302 eriminum

216 2315 478 2358 mulctarent
497 2316 642 2358 studia
656 2316 876 2368 virtutum,
895 2317 1043 2370 specie

219 2372 406 2423 quidem,
427 2386 512 2424 qua
532 2373 863 2415 foecunditatem
879 2375 1043 2426 quaere-

217 2433 331 2478 rent,
359 2429 439 2471 sed
465 2429 628 2480 studio,
658 2443 746 2482 quo
765 2431 1043 2483 propositum

219 2485 432 2526 castitatis
469 2485 706 2528 abolerent.
751 2486 865 2528 Nam
901 2486 1043 2528 confe-

219 2541 300 2583 ctis
320 2546 363 2583 et
381 2541 506 2583 miles
526 2542 754 2595 stipendiis
774 2555 895 2584 arma
910 2543 1042 2595 depo-

218 2598 292 2648 nit,
313 2602 355 2639 et
372 2598 526 2639 relicto
547 2599 694 2640 officio
716 2599 836 2652 quod
852 2599 1043 2650 gerebat,

219 2654 276 2696 ad
294 2654 474 2707 propria
493 2657 724 2696 veteranus
746 2669 847 2697 rura
868 2655 1042 2697 dimitti—

218 2716 306 2761 tur,
333 2716 381 2753 ut
406 2716 450 2752 et
472 2711 566 2763 ipse
592 2713 794 2754 exercitae
818 2711 1043 2754 laboribus

1093 283 1196 325 vitae
1209 281 1406 334 requiem
1420 282 1732 333 consequatur3
1751 284 1795 322 et
1810 279 1920 321 alios

1095 352 1197 392 spes
1222 339 1380 380 futurae
1410 337 1570 389 quietis
1598 335 1836 379 subeundis
1860 336 1919 378 fa-

1096 397 1181 438 ciat
1208 394 1415 448 operibus
1442 393 1751 446 promptiores.
1795 393 1919 444 Agri-

1095 453 1192 494 cola
1212 463 1387 504 quoque
1405 450 1617 492 maturior
1630 449 1920 502 torquendam

1095 509 1191 550 aliis
1217 508 1373 550 stivam
1401 506 1649 556 committit,
1677 510 1720 548 et
1746 505 1920 558 juvenili

1094 567 1301 617 gravatus
1319 566 1453 617 opere
1466 562 1789 616 providentiam
1804 575 1920 604 curae

1096 621 1242 664 senilis
1260 620 1476 674 explorat:
1495 620 1630 661 vitem
1644 618 1812 660 facilius
1826 623 1920 660 ton-

1096 678 1217 728 dere,
1257 690 1387 730 quam
1418 678 1637 730 premere,
1672 679 1721 717 ut
1751 675 1921 727 juvene·

1096 736 1290 776 scentem
1307 733 1525 775 luxuriam
1544 732 1766 785 reprimat,
1786 736 1830 773 et
1848 731 1920 773 ad-

1096 791 1363 833 olescentem
1393 789 1617 831 lasciviam
1648 788 1759 830 falce
1787 789 1922 830 succi-

1097 847 1186 889 dat:
1209 849 1444 900 parcorum
1464 844 1698 898 quamdam
1716 846 1922 897 partuum

1097 903 1345 945 castitatem
1365 902 1528 944 docens
1548 901 1679 943 etiam
1697 901 1740 942 in
1759 900 1922 942 vitibus

1097 959 1397 1013 expetendam.

1147 1029 1197 1080 R.
1235 1023 1438 1066 Dilexisti
1464 1022 1687 1075 justitiam,
1720 1026 1764 1064 et
1790 1021 1923 1064 odisti

1096 1082 1387 1135 iniquitatem:
1408 1085 1432 1110 *
1461 1080 1703 1132 Propterea
1726 1078 1852 1120 unxit
1878 1083 1923 1120 te

1096 1139 1234 1188 Deus,
1287 1138 1409 1180 Deus
1453 1140 1555 1178 tuus
1604 1134 1702 1176 oleo
1746 1134 1924 1177 laetitiae.

1095 1192 1146 1244 V.
1172 1196 1361 1248 Propter
1385 1193 1630 1242 veritatem,
1657 1195 1701 1233 et
1725 1204 1924 1233 mansue-

1097 1251 1304 1301 tudinem,
1326 1255 1369 1293 et
1386 1249 1604 1303 justitiam.
1631 1248 1885 1301 Propterea.

1149 1315 1310 1357 Bened.
1338 1316 1493 1367 Ignem
1510 1313 1578 1355 sui
1596 1313 1769 1354 amoris.

1396 1394 1548 1435 Lectio
1568 1393 1623 1433 vi.

1169 1459 1299 1501 imilis
1322 1458 1425 1500 huic
1442 1457 1576 1500 vidua
1592 1457 1713 1500 velut
1731 1457 1924 1499 emeritis

1173 1518 1381 1558 veterana
1396 1514 1624 1567 stipendiis
1639 1514 1866 1563 castitatis
1881 1518 1925 1556 et

1096 1573 1133 1614 si
1160 1572 1349 1625 conjugii
1376 1583 1497 1612 arma
1524 1570 1733 1624 deponat,
1765 1569 1924 1612 domus

1095 1634 1241 1671 tamen
1270 1630 1406 1670 totius
1436 1640 1594 1680 pacem
1620 1626 1847 1678 gubernat:
1880 1632 1924 1669 et

1096 1687 1133 1727 si
1151 1685 1362 1727 vehendis
1385 1683 1590 1726 oneribus
1614 1684 1774 1733 otiosa,
1797 1684 1922 1725 mari-

1096 1741 1242 1784 tandis
1271 1746 1418 1783 tamen
1450 1739 1689 1792 junioribus
1720 1739 1923 1793 provida,

1096 1799 1171 1840 ubi
1191 1798 1333 1840 cultus
1352 1797 1516 1848 utilior,
1541 1796 1618 1839 ubi
1636 1797 1803 1838 fructus
1820 1795 1923 1838 ube-

1095 1856 1184 1897 rior
1200 1855 1265 1906 sit,
1286 1867 1469 1907 quarum
1479 1853 1684 1907 copulam
1698 1853 1923 1906 aptiorem,

1096 1912 1220 1954 senili
1238 1911 1453 1963 gravitate
1472 1910 1677 1963 disponit.
1712 1910 1868 1962 Itaque
1887 1909 1924 1951 si

1093 1967 1406 2011 maturioribus
1417 1980 1549 2020 quam
1558 1965 1796 2019 junioribus
1807 1978 1922 2008 com-

1093 2026 1278 2067 mittitur
1301 2037 1421 2076 ager,
1449 2037 1526 2066 cur
1550 2027 1681 2076 putes
1703 2022 1923 2065 utiliorem

1094 2087 1276 2135 nuptam
1296 2095 1394 2124 esse
1416 2094 1546 2134 quam
1564 2078 1763 2123 viduam?
1792 2079 1922 2130 Quod

1096 2139 1132 2180 si
1156 2141 1463 2192 persecutores
1488 2137 1592 2180 fidei
1614 2139 1922 2191 persecutores

1094 2195 1268 2237 fuerunt
1292 2195 1423 2237 etiam
1441 2194 1680 2237 viduitatis:
1703 2193 1854 2246 utique
1873 2193 1919 2234 fi-

1094 2252 1195 2294 dem
1214 2251 1497 2304 sequentibus
1515 2251 1704 2293 viduitas
1725 2262 1813 2290 non
1835 2262 1918 2302 pro

1094 2309 1310 2362 supplicio
1325 2308 1530 2360 fugienda
1545 2312 1621 2358 est,
1639 2306 1719 2349 sed
1730 2305 1919 2348 tenenda

1094 2367 1177 2418 pro
1196 2365 1392 2418 praemio.

1150 2431 1199 2482 R'-
1214 2430 1367 2471 Fallax
1385 2428 1536 2480 gratia,
1557 2432 1600 2469 et
1615 2439 1726 2468 vana
1745 2431 1812 2469 est
1826 2427 1918 2480 pul·

1095 2485 1314 2528 chritudo:
1343 2488 1366 2512 *
1391 2484 1546 2526 Mulier
1576 2483 1734 2525 timens
1765 2484 1919 2534 Deum,

1094 2544 1190 2596 ipsa
1209 2541 1467 2584 laudabitur.
1496 2535 1546 2587 V.
1567 2540 1681 2582 Date
1701 2540 1741 2582 ei
1760 2540 1816 2582 de
1835 2540 1918 2582 fru-

1095 2604 1168 2641 ctu
1199 2601 1406 2640 manuum
1438 2599 1630 2646 suarum,
1668 2601 1711 2638 et
1741 2596 1919 2638 laudent

1095 2669 1191 2698 eam
1219 2656 1263 2696 in
1290 2654 1429 2707 portis
1454 2655 1590 2706 opera
1613 2654 1714 2705 ejus.
1754 2653 1919 2695 Mulier.

1098 2711 1246 2753 Gloria
1265 2710 1396 2752 Patri.
1428 2709 1595 2752 Mulier.
