2040 2944
808 170 982 204 Officium
1008 170 1293 204 Defunctorum.

244 269 384 321 Super
407 267 708 310 misericordia
730 272 822 317 tua,
846 271 890 308 et
911 267 1019 308 veri-

193 327 284 367 tate
315 330 408 366 tua:
439 325 462 350 *
496 324 701 377 quoniam
731 323 1020 375 magnificasti

193 394 326 434 super
340 393 480 431 omne,
498 393 659 422 nomen
673 385 872 421 sanctum
886 384 1019 421 tuum.

243 443 295 482 In
311 445 586 494 quacumque
598 441 668 483 die
683 441 948 482 invocavero
964 445 1019 491 te,

193 498 352 540 exaudi
374 511 460 540 me:
483 500 507 524 *
529 496 843 551 multiplicabis
865 497 909 538 in
933 497 1018 538 ani-

191 567 263 596 ma
281 567 379 596 mea
396 554 614 596 virtutem.

245 615 545 657 Confiteantur
564 615 643 656 tibi
660 614 848 656 Domine
868 626 1019 656 omnes

192 685 318 723 reges
346 678 495 714 terrae:
527 674 551 698 *
585 671 686 724 quia
717 670 948 713 audierunt
975 673 1018 712 o-

191 729 308 770 mnia
326 728 462 770 verba
481 728 569 770 oris
588 728 665 770 tui:

243 789 301 830 Et
319 794 495 830 cantent
508 789 552 829 in
566 788 647 829 viis
662 788 853 829 Domini:
872 789 896 815 *
915 789 1018 840 quo—

191 846 308 887 niam
325 858 483 897 magna
502 850 569 887 est
587 845 728 897 gloria
745 845 933 887 Domini.

245 907 460 958 Quoniam
489 906 687 948 excelsus
714 906 946 956 DominuS‚
976 910 1020 947 et

191 963 370 1005 humilia
392 963 588 1016 respicit:
612 963 636 989 *
663 967 707 1005 et
730 963 819 1005 alta
842 975 867 1004 a
889 962 1020 1013 longe

191 1020 430 1072 cognoscit.

142 1088 143 1101 ³
244 1082 290 1123 Si
313 1081 595 1123 ambulavero
614 1080 658 1121 in
675 1079 821 1122 medio
842 1080 1018 1122 tribula-

192 1138 342 1188 tionis,
374 1136 615 1178 vivificabis
641 1150 731 1178 me:
762 1138 785 1163 *
815 1141 858 1178 et
888 1149 1021 1190 super

192 1195 301 1236 iram
319 1193 593 1235 inimicorum
611 1195 811 1235 meorum
827 1192 1020 1235 extendi-

193 1251 249 1292 sti
267 1263 444 1291 manum
463 1255 594 1300 tuam,
618 1255 662 1291 et
685 1250 855 1291 salvum
874 1262 945 1291 me
963 1249 1020 1291 fe-

193 1307 252 1348 cit
271 1306 453 1348 dextera
471 1311 558 1347 tua.

244 1367 460 1409 Dominus
501 1366 714 1409 retribuet
754 1379 836 1420 pro
871 1379 960 1408 me:
997 1367 1020 1392 *

193 1424 381 1466 Domine
417 1423 719 1465 misericordia
755 1429 832 1465 tua
866 1423 911 1463 in
943 1425 1020 1464 sae-

194 1480 354 1522 culum:
383 1481 519 1533 opera
541 1481 748 1521 manuum
770 1481 944 1521 tuarum
966 1492 1021 1521 ne

194 1536 424 1590 despicias.

246 1597 462 1650 Requiem
489 1598 709 1639 aeternam.

248 1664 346 1704 Ant.
364 1664 511 1715 Opera
525 1663 732 1704 manuum
746 1664 921 1704 tuarum
934 1662 1022 1704 Do-

194 1719 310 1761 mine
327 1731 383 1761 ne
403 1719 631 1772 despicias.

246 1773 294 1824 Y·
315 1780 479 1822 Audivi
497 1792 652 1821 vocem
671 1779 726 1821 de
746 1779 861 1821 coelo
880 1779 1022 1822 dicen-

195 1841 285 1878 tem
309 1836 424 1877 mihi.
463 1836 510 1887 Ru
542 1836 668 1878 Beati
692 1836 855 1878 mortui
881 1837 955 1889 qui
978 1837 1023 1877 in

195 1893 387 1934 Domino
406 1893 661 1934 moriantur.

248 1955 317 1996 Ad
345 1956 518 2005 Magnis.
545 1959 643 1998 Ant.
679 1958 822 1998 Omne
850 1958 874 1984 *
902 1957 1022 2010 quod

197 2013 273 2056 dat
298 2013 404 2055 mihi
430 2015 576 2065 Pater,
603 2014 661 2056 ad
687 2026 758 2055 me
786 2013 949 2056 veniet:
980 2019 1024 2055 et

197 2083 297 2112 eum
321 2071 395 2124 qui
419 2071 538 2113 venit
561 2071 618 2113 ad
639 2083 720 2120 me,
745 2083 834 2112 non
858 2070 1024 2123 ejiciam

196 2127 324 2168 foras.

247 2182 384 2216 Preces
414 2183 671 2226 infrascriptae
702 2183 879 2218 dicuntur
907 2184 1018 2218 flexis

196 2230 370 2269 genibus:
397 2231 573 2265 similiter
599 2236 634 2265 ct
659 2232 709 2266 ad
732 2232 893 2266 Laudes.

250 2283 377 2325 Pater
396 2288 555 2325 noster.
575 2290 756 2325 secreto.

249 2340 297 2388 Ψ.
311 2344 368 2385 Et
386 2357 440 2385 ne
458 2357 538 2386 nos
557 2343 740 2386 inducas
759 2345 802 2386 in
819 2344 1022 2386 tentatio-

196 2412 308 2442 nem.
342 2400 391 2450 Rl.
420 2401 508 2443 Sed
525 2401 663 2442 libera
680 2414 761 2442 nos
782 2414 807 2442 a
826 2401 953 2442 malo.

247 2458 419 2500 sequens
448 2460 508 2493 I's.
534 2461 669 2496 lauda
697 2462 825 2497 anima
851 2471 952 2506 mea,
983 2462 1018 2495 in

197 2505 326 2547 Resp
359 2507 534 2541 similiter
564 2514 598 2542 ct
629 2509 688 2542 l’s
720 2510 778 2545 De
805 2509 1022 2555 profundiS‚

197 2553 233 2585 in
264 2554 336 2587 fine
363 2554 390 2587 Ι
394 2555 549 2590 2.111dum
582 2566 656 2589 non
688 2557 866 2591 dicuntur
894 2557 933 2589 in
958 2556 1019 2590 die

196 2602 225 2633 (
231 2611 402 2634 ommern.
423 2594 589 2636 omniurn
608 2604 637 2637 1
641 2605 797 2638 idolium
814 2604 1020 2638 Defuncto-

196 2660 292 2685 rum.
319 2660 442 2692 neque
469 2650 506 2683 in
533 2651 593 2684 die
620 2653 747 2686 obitus
774 2664 841 2686 sen
866 2652 1019 2695 deposi-

197 2698 312 2730 tionis
328 2697 514 2731 Defuncti.
540 2699 649 2732 Alias
667 2711 817 2743 semper
832 2700 1018 2734 dicuntur.

1336 265 1531 305 l'salmus
1554 267 1639 305 145.

1150 322 1265 364 auda
1280 323 1423 365 anima
1436 336 1534 365 mea
1547 324 1795 374 Dominum,
1809 323 1898 365 lau-

1168 379 1285 421 dabo
1304 380 1541 422 Dominum
1562 379 1607 422 in
1629 380 1719 422 vita
1737 393 1850 422 mea:
1874 382 1898 407 *

1071 435 1257 489 psallam
1275 437 1373 478 Deo
1395 449 1495 478 meo
1516 436 1725 489 quamdiu
1741 436 1876 478 fuero.

1122 492 1271 534 Nolite
1298 492 1520 535 confidere
1543 493 1589 534 in
1611 492 1898 546 principibus:

1071 550 1095 575 *
1118 549 1163 589 in
1184 549 1285 590 filiis
1309 549 1545 600 hominum,
1569 549 1613 590 in
1633 548 1790 602 quibus
1808 561 1897 591 non

1072 610 1139 647 est
1157 606 1286 648 salus.

1123 663 1272 705 Exibit
1286 663 1467 716 spiritus
1483 663 1584 715 eius,
1600 668 1643 705 et
1657 664 1899 705 revertetur

1073 722 1117 760 in
1144 724 1307 761 terram
1330 732 1471 761 suam:
1498 722 1522 747 *
1544 720 1589 760 in
1612 719 1686 761 illa
1709 719 1780 762 die
1802 732 1898 772 per-

1072 776 1199 818 ibunt
1219 789 1370 818 omnes
1389 777 1684 828 cogitationes
1700 778 1862 819 eorum.

1124 833 1305 884 Beatus,
1332 834 1452 886 quus
1475 834 1596 875 Deus
1619 832 1757 875 Jacob
1782 833 1898 885 adju-

1070 894 1141 931 tor
1164 890 1265 942 ejuS‚
1289 902 1392 943 spes
1417 891 1507 942 ejus
1527 890 1571 931 in
1589 890 1780 932 Domino
1800 890 1897 931 Deo

1071 946 1225 999 ipsius:
1242 948 1266 974 *
1283 947 1357 999 qui
1370 946 1474 989 fecit
1491 946 1652 988 coelum
1667 951 1711 989 et
1725 951 1899 996 terram,

1071 1016 1202 1053 mare,
1223 1008 1266 1045 et
1286 1003 1441 1053 omnia,
1462 1016 1560 1056 quae
1578 1003 1623 1044 in
1641 1003 1703 1045 eis
1723 1007 1834 1045 sunt.

1127 1060 1211 1110 Qui
1233 1059 1426 1102 custodit
1449 1060 1679 1102 veritatem
1698 1060 1743 1101 in
1765 1062 1899 1101 saecu-

1073 1116 1172 1167 lum,
1188 1116 1293 1157 facit
1306 1115 1513 1169 judicium
1526 1116 1727 1169 injuriam
1736 1116 1901 1169 patien-

1073 1173 1206 1215 tibus:
1224 1175 1248 1200 *
1270 1172 1347 1214 dat
1365 1185 1512 1214 escam
1531 1172 1834 1215 esurientibus.

1124 1230 1340 1271 Dominus
1378 1229 1510 1271 solvit
1545 1229 1841 1282 compeditos:
1876 1230 1900 1256 *

1073 1287 1289 1328 Dominus
1316 1285 1529 1328 illuminat
1556 1299 1711 1328 caecos

1125 1343 1341 1384 Dominus
1369 1343 1496 1394 erigit
1523 1343 1672 1394 elisos,
1702 1344 1726 1371 *
1752 1342 1901 1386 Domi-

1073 1413 1154 1441 nus
1183 1399 1323 1451 diligit
1348 1399 1498 1451 justos.

1124 1457 1339 1498 Dominus
1367 1455 1562 1498 custodit
1589 1454 1799 1506 advenas,
1825 1469 1902 1509 pu-

1073 1513 1227 1567 pillum
1256 1518 1301 1554 et
1332 1511 1509 1554 viduam
1541 1512 1770 1566 suscipiet:
1802 1514 1826 1540 *
1858 1517 1903 1555 et

1074 1571 1167 1612 vias
1194 1571 1478 1623 peccatorum
1506 1569 1742 1622 disperdet.

1127 1626 1348 1678 Regnabit
1391 1626 1606 1667 Dominus
1652 1626 1697 1667 in
1742 1625 1903 1668 saecula

1075 1685 1197 1726 Deus
1215 1688 1316 1725 tuus
1335 1682 1452 1733 Sion,
1471 1684 1495 1710 *
1514 1683 1559 1723 in
1577 1683 1903 1734 generationem

1076 1746 1120 1783 et
1147 1739 1485 1792 generationem.

1127 1796 1174 1836 [n
1208 1795 1293 1836 fine
1320 1795 1500 1836 Psalmi:
1537 1795 1753 1848 Requiem
1780 1796 1903 1837 aeter-

1075 1866 1177 1894 nam
1194 1854 1218 1879 *
1237 1852 1354 1895 dona
1373 1852 1436 1896 eis
1454 1852 1654 1895 Domine.

1127 1910 1183 1951 Et
1201 1909 1277 1951 lux
1295 1912 1509 1964 perpetua
1527 1910 1550 1935 *
1568 1909 1714 1951 luceat
1732 1908 1805 1950 eis.

1127 1964 1295 2007 Deinde
1333 1961 1383 2012 Ψ
1421 1966 1463 2008 A
1499 1971 1630 2020 porta
1664 1964 1800 2007 inferi.
1847 1965 1897 2017 Rz.

1076 2024 1192 2065 Erue
1210 2023 1399 2065 Domine
1418 2023 1585 2064 animas
1604 2024 1767 2064 eorum.

1118 2072 1166 2124 Υ.
1188 2080 1669 2132 Requiescantinpace.
1685 2078 1734 2129 R·-
1751 2078 1902 2119 Amen.

1126 2128 1176 2180 Ψ.
1199 2137 1296 2178 Dne
1317 2136 1475 2178 exaudi
1493 2136 1734 2178 orationem
1749 2147 1903 2176 meam.

1074 2192 1125 2242 R:
1155 2193 1213 2234 Et
1231 2192 1397 2234 clamor
1414 2206 1537 2234 meus
1557 2192 1612 2234 ad
1631 2197 1675 2234 te
1694 2191 1850 2233 veniat.

1129 2242 1175 2293 Υ’.
1217 2249 1432 2291 Dominus
1468 2249 1707 2292 vobiscum.
1757 2247 1807 2298 Rt.
1846 2247 1903 2288 Et

1077 2318 1175 2347 cum
1194 2305 1350 2358 spiritu
1369 2310 1458 2348 tuo.

1409 2360 1571 2401 Oratio.

1075 2412 1261 2518 DeuS,
1295 2419 1369 2471 qui
1396 2419 1509 2460 inter
1540 2416 1810 2469 apostolicos
1837 2428 1901 2457 sa-

1178 2474 1394 2525 cerdotes,
1414 2473 1600 2516 famulos
1614 2478 1715 2514 tuos
1729 2472 1901 2526 pontifi-

1077 2531 1160 2572 cali
1173 2544 1250 2573 seu
1263 2529 1527 2573 sacerdotali
1538 2529 1679 2570 fecisti
1690 2529 1902 2581 dignitate

1075 2589 1239 2639 vigere:
1265 2592 1431 2640 praesta
1459 2588 1725 2639 quaesumus3
1755 2590 1803 2626 ut
1831 2586 1901 2626 eo-

1076 2658 1172 2685 rum
1188 2656 1363 2696 quoque
1378 2645 1593 2696 perpetuo
1609 2643 1900 2694 aggregentur

1076 2700 1310 2742 consortio.
