2040 2944
173 167 267 212 [242]

463 165 638 199 Officium
661 164 835 199 votivum
861 163 907 196 dc
933 162 1181 195 Immaculata
1206 160 1389 203 Concept.
1414 160 1455 202 B.
1482 159 1527 193 M.
1552 160 1596 194 V.

232 260 280 310 V
312 263 414 315 Ipse
446 260 698 303 vulneratus
727 263 794 300 est
820 262 1005 311 propter

176 319 427 371 iniquitates
450 322 635 358 nostras.
678 317 727 368 Rz.
750 314 807 356 Et
832 316 1005 356 attritus

178 381 245 418 est
262 380 446 428 propter
468 373 635 416 scelera
652 377 815 414 nostra.

378 448 439 489 In
464 447 526 488 11.
555 444 804 495 vesperis.

231 508 365 541 Omnia
392 513 430 541 ut
456 507 493 540 in
520 507 544 540 l.
563 508 667 552 [229]‚
700 510 841 547 praeter
865 515 970 548 sequ.

232 556 279 606 V·
309 562 411 615 Ipse
443 561 695 603 vulneratus
725 564 792 601 est
819 562 1006 611 propter

175 619 426 671 iniquitates
452 623 636 660 nostras.
674 618 724 668 Rg.
749 617 807 658 Et
831 617 1005 657 attritus

176 681 244 718 est
262 680 446 729 propter
466 675 633 717 scelera
650 678 813 715 nostra.

232 730 302 771 Ad
333 731 503 779 Magnis.
535 731 632 772 Ant.
672 732 908 783 Deponens
934 728 1005 769 Jo-

175 789 286 843 seph
321 790 346 816 *
380 802 542 842 corpus
570 788 594 829 J
598 801 675 830 esu
706 785 891 828 invelvit
923 787 1004 826 sin-

177 845 303 896 done,
323 851 366 888 et
380 846 529 899 posuit
546 858 645 887 eum
662 844 706 885 in
721 844 1005 885 monumento

177 906 336 945 exciso.
390 903 490 945 Fuit
518 902 720 956 planctus
751 913 934 952 magnus
963 899 1007 940 in

175 959 250 1001 illa
278 959 364 1011 die;
394 959 598 1001 mulieres
626 963 773 1000 autem
801 955 1006 999 sedentes

177 1022 330 1059 contra
350 1015 632 1070 sepulchrum
651 1014 870 1064 dolebant,
894 1013 1007 1055 sicut

177 1073 317 1114 doleri
336 1073 478 1115 solet
467 1086 511 1113 1n
529 1077 671 1114 morte
690 1069 981 1125 primogeniti.

369 1170 404 1210 P
419 1182 440 1210 r
455 1182 482 1211 o
527 1170 556 1211 S
572 1181 597 1210 a
612 1168 640 1210 b
656 1168 684 1209 b
700 1181 726 1209 a
738 1173 757 1209 t
772 1180 811 1209 o.

406 1236 581 1271 Officium
598 1237 775 1271 votivum

179 1295 239 1335 de
263 1293 522 1335 Immacul.
543 1291 772 1342 concept.
795 1293 847 1333 B.
869 1292 932 1333 M.
951 1292 1007 1332 V.

463 1350 722 1394 Semiduplex.

233 1406 318 1439 Ant.
350 1406 396 1440 dc
430 1407 547 1441 Laud.
579 1407 686 1451 [246];
719 1408 864 1441 Psalmi
896 1413 935 1442 ut
969 1408 1005 1441 in

180 1454 304 1487 Pestis
330 1454 369 1487 B.
389 1455 434 1488 M.
453 1455 494 1489 V.
522 1466 590 1498 pcr
615 1467 764 1490 annum.
795 1454 886 1500 [133]

258 1520 516 1571 Capitulum.
697 1523 818 1562 Prov.
837 1522 873 1560 8.
895 1533 928 1560 c.

179 1579 442 1684 Dominus
478 1586 677 1640 possedit
706 1599 778 1628 me
809 1587 854 1627 in
885 1587 1008 1629 initio

270 1645 438 1685 viarum
449 1646 637 1694 suarum,
649 1645 884 1696 antequam
896 1643 1011 1695 quid-

182 1714 312 1753 quam
330 1701 494 1742 faceret
513 1714 538 1742 a
554 1700 781 1753 principio.
807 1699 879 1741 Ab
895 1701 1011 1742 aeter-

180 1770 236 1798 no
265 1757 467 1799 ordinata
499 1770 610 1806 sum,
645 1762 688 1798 et
722 1770 776 1798 ex
809 1757 1010 1808 antiquis,

183 1816 418 1866 antequam
453 1818 572 1855 terra
607 1814 743 1856 fieret.
801 1813 1010 1855 Nondum

181 1876 304 1912 erant
328 1869 489 1922 abyssi,
516 1875 559 1912 et
583 1883 666 1922 ego
689 1871 775 1923 jam
794 1871 1011 1922 concepta

182 1939 311 1968 eram.

487 1984 695 2034 Hymnus.

336 2060 390 2089 ve
409 2048 541 2089 maris
561 2047 698 2097 stella,

363 2104 446 2146 Dei
465 2105 606 2146 Mater
627 2103 751 2154 alma,

311 2161 458 2212 Atque
478 2174 652 2214 semper
669 2161 819 2213 Virgo,

311 2216 436 2258 Felix
458 2218 558 2259 coeli
576 2223 716 2271 porta.

262 2285 443 2327 Sumens
462 2286 570 2328 illud
590 2287 686 2328 Ave

315 2341 530 2383 Gabrielis
551 2356 639 2393 ore,

314 2397 467 2439 Funda
485 2412 566 2440 nos
586 2400 629 2440 in
646 2413 768 2452 pace,

313 2453 486 2495 Mutans
505 2456 643 2497 Hevae
662 2469 832 2498 nomen.

268 2522 398 2564 Solve
418 2523 558 2565 vincla
577 2526 672 2573 reis,

314 2579 467 2620 Profer
485 2580 631 2622 lumen
651 2582 791 2631 eaecis,

315 2635 430 2676 Mala
448 2642 599 2677 nostra
618 2638 743 2689 pelle,

316 2692 439 2732 Bona
457 2698 614 2734 cuncta
632 2706 779 2745 posce.

1144 256 1335 296 Monstra
1352 258 1397 296 te
1417 265 1514 296 esse
1531 258 1728 303 matrem,

1186 311 1338 353 Sumat
1356 323 1436 364 per
1455 315 1499 352 te
1517 322 1684 363 preces

1187 369 1271 419 Qui
1291 381 1374 421 pro
1394 367 1522 409 nobis
1539 371 1679 418 natus,

1186 425 1308 468 Tulit
1329 438 1426 467 esse
1445 430 1558 467 tuus.

1140 492 1275 542 Virgo
1296 491 1536 542 singularis

1186 549 1306 590 Inter
1327 560 1481 589 omnes
1499 548 1629 598 mitis,

1186 605 1283 647 Nos
1303 604 1444 658 culpis
1464 605 1637 647 solutos

1186 662 1316 704 Mites
1335 662 1406 703 fac
1424 667 1469 704 et
1487 667 1646 704 castos.

1138 727 1284 770 Vitam
1297 723 1466 781 ‘praesta
1483 741 1650 781 puram,

1186 785 1278 826 Iter
1296 797 1406 838 para
1423 789 1577 835 tutum,

1187 842 1248 884 Ut
1265 841 1467 884 videntes
1486 841 1510 882 J
1514 854 1637 884 esum

1187 898 1371 951 Semper
1390 898 1673 940 collaetemur.

1138 963 1201 1006 Sit
1218 964 1314 1006 laus
1332 965 1430 1006 Deo
1449 965 1580 1015 Patri,

1187 1022 1367 1063 Summo
1389 1021 1563 1063 Christo
1586 1021 1733 1072 decus,

1189 1078 1370 1131 Spiritui
1389 1083 1552 1128 sancto,

1190 1134 1353 1176 Tribus
1371 1134 1513 1177 honor
1531 1147 1654 1176 unus.
1678 1135 1831 1176 Amen.

1115 1188 1164 1239 V.
1204 1196 1493 1238 Immaculata
1528 1196 1771 1249 Conceptio
1815 1201 1893 1238 tua

1060 1254 1144 1295 Dei
1173 1253 1374 1295 Genitrix
1399 1253 1644 1313 VirgoR1
1671 1252 1892 1295 Gaudium

1060 1311 1332 1353 annuntiavit
1350 1306 1555 1352 univer'so
1575 1309 1752 1352 mundo.

1114 1376 1183 1417 Ad
1204 1377 1376 1425 Magnis.
1406 1377 1506 1418 Ant.
1535 1377 1721 1417 Beatam
1739 1387 1810 1417 me
1831 1374 1891 1418 di-

1061 1437 1161 1475 cent
1193 1434 1216 1459 *
1248 1444 1400 1474 omnes
1430 1431 1755 1484 generationes,
1791 1432 1894 1484 quia

1062 1490 1165 1532 fecit
1190 1489 1297 1530 mihi
1322 1501 1498 1540 magna,
1532 1488 1607 1541 qui
1630 1493 1791 1542 potens
1815 1493 1893 1539 est,

1062 1546 1245 1598 alleluia.

1401 1598 1565 1638 Oratio.

1063 1650 1241 1756 Deus3
1265 1655 1338 1708 qui
1355 1668 1436 1709 per
1450 1654 1783 1696 Immaculatam
1797 1654 1894 1697 Vir-

1154 1726 1265 1764 gm1s
1277 1712 1622 1765 Conceptionem
1638 1708 1818 1763 dignum
1827 1712 1895 1752 Fi-

1063 1769 1122 1810 lio
1161 1774 1238 1811 tuo
1279 1769 1579 1811 habitaculum
1614 1769 1895 1822 praeparasti:

1065 1839 1332 1879 quaesumus3
1355 1831 1414 1876 ut,
1440 1826 1515 1878 qui
1539 1839 1594 1868 ex
1616 1831 1760 1868 morte
1786 1827 1895 1878 ejus-

1064 1882 1164 1924 dem
1179 1883 1278 1923 Filii
1296 1883 1360 1925 tui
1378 1885 1570 1936 praevisa
1586 1895 1683 1924 eam
1702 1882 1758 1924 ab
1778 1881 1895 1924 omni

1062 1939 1162 1981 labe
1177 1939 1469 1992 praeservasti‚
1483 1952 1565 1981 nos
1584 1951 1761 1992 quoque
1775 1952 1895 1980 mun-

1063 1995 1145 2038 dos
1175 1997 1265 2049 ejus
1298 1996 1614 2038 intercessi6ne
1643 1995 1700 2037 ad
1727 2001 1772 2038 te
1799 2008 1894 2049 per-

1062 2055 1211 2094 venire
1231 2052 1461 2095 concedas.
1489 2053 1574 2094 Per
1590 2051 1794 2095 eumdem
1806 2053 1895 2094 De-

1063 2109 1228 2150 minum
1247 2114 1458 2152 nostrum.

1116 2173 1179 2207 Ad
1211 2171 1517 2215 Completorium
1552 2174 1588 2204 et
1629 2170 1726 2204 alias
1755 2169 1894 2211 Horas,

1064 2222 1103 2256 in
1126 2222 1201 2255 finc
1227 2220 1397 2254 omnium
1422 2219 1665 2262 Hymnorum
1689 2217 1846 2253 dicitur:

1145 2276 1255 2324 Jesu,
1274 2274 1355 2316 tibi
1375 2274 1431 2316 sit
1450 2274 1601 2325 glotia‚

1194 2330 1278 2381 Qui
1297 2336 1425 2372 natus
1445 2343 1492 2372 es
1512 2330 1567 2372 de
1587 2330 1780 2382 Virgine.

1227 2407 1314 2448 Ad
1341 2407 1730 2449 Matutinum.

1120 2473 1242 2514 Iuvit.
1278 2469 1608 2511 Immaculatam
1636 2469 1895 2522 Conceptio-

1063 2538 1164 2566 nem
1196 2526 1390 2577 Virginis
1423 2526 1575 2566 Mariae
1606 2525 1895 2567 celebremus:

1065 2586 1087 2608 *
1115 2581 1335 2624 Christum
1361 2583 1452 2634 eius
1476 2581 1634 2622 Filium
1659 2582 1894 2624 adoremus

1064 2639 1312 2680 Dominum.

1121 2697 1187 2735 Ps.
1214 2697 1377 2745 Venite,
1398 2663 1678 2736 exsultemus.
1696 2696 1733 2736 2.
