2040 2944
523 164 595 198 Die
620 164 671 198 31.
696 163 775 198 Oct.
822 164 864 198 In
890 163 1037 206 vigilia
1061 163 1237 197 Omnium
1263 162 1500 197 Sanctorum.

154 273 273 301 mum
300 271 428 300 suum
454 264 681 312 tamquam
708 261 920 312 seipsum,
948 259 986 301 si

156 316 296 368 diligit
326 316 484 358 Deum:
520 330 622 358 nam
654 317 691 358 si
722 330 810 359 non
844 315 985 368 diligit

154 373 313 424 Deum,
337 386 427 415 non
446 372 587 425 diligit
606 375 811 427 seipsum.
846 374 899 414 In
916 372 984 414 his

156 430 270 472 enim
302 429 476 472 duobus
508 430 747 483 praeceptis
779 430 985 479 caritatis,

154 490 250 529 tota
272 485 344 528 lex
366 486 532 539 pendet
555 491 598 529 et
615 486 860 539 prophetae.
900 487 986 528 Hic

156 547 223 585 est
250 542 416 585 fructus
445 547 606 585 noster.
645 543 714 585 De
739 543 885 585 fructu
909 545 984 584 ita-

156 612 242 651 que
267 598 396 642 nobis
420 599 650 649 mandans,
676 599 788 641 Haec
811 599 986 649 mando,

154 656 312 708 inquit,
338 655 482 706 vobis,
505 661 554 698 ut
578 655 771 707 diligatis
788 656 985 698 invicem.

157 712 286 755 Unde
318 717 363 755 et
395 712 641 766 Apostolus
672 713 850 763 Paulus,
887 726 987 755 cum

156 774 311 811 contra
340 771 477 823 opera
505 769 647 812 carnis
677 769 986 811 commendare

155 826 346 868 fructum
379 826 560 879 spiritus
590 826 741 876 vellet,
783 839 809 867 a
842 827 986 879 capite

157 883 243 924 hoc
260 883 426 936 posuit:
450 883 652 934 Fructus,
678 883 836 936 inquit,
862 883 985 936 spiri-

156 944 244 990 tus,
272 939 432 982 caritas
458 944 538 982 est:
567 953 618 981 ac
645 939 804 982 deinde
829 941 986 990 cetera,

156 1001 382 1048 tamquam
410 1009 466 1038 ex
490 996 576 1039 isto
603 997 750 1049 capite
771 998 925 1038 exerta
944 1001 988 1038 et

155 1052 339 1104 religata
356 1053 596 1103 contexuit,
623 1066 723 1105 quae
742 1058 859 1103 sunt,
885 1055 985 1104 gau-

158 1108 292 1159 dium,
316 1122 420 1162 pax,
445 1109 768 1161 longanimitas,
794 1109 987 1160 benigni-

156 1169 242 1215 tas,
278 1164 470 1215 bonitaS,
510 1164 640 1216 fides,
682 1164 987 1215 mansuetudO,

160 1221 439 1272 continentia,
460 1222 650 1264 castitas.

211 1295 260 1345 R*-
278 1291 358 1333 Isti
382 1296 482 1333 sunt
501 1291 583 1333 viri
600 1292 750 1343 sancti,
772 1305 883 1345 quos
904 1292 986 1334 ele-

157 1347 221 1399 git
243 1348 458 1390 Dominus
483 1348 528 1389 in
556 1349 737 1391 caritate
761 1361 849 1390 non
873 1349 988 1399 ficta,

159 1408 202 1446 et
221 1404 343 1447 dedit
360 1404 445 1446 illis
464 1404 649 1456 gloriam
663 1405 988 1459 sempiternam:

160 1468 182 1491 *
197 1461 394 1512 Quorum
410 1461 611 1504 doctrina
629 1461 765 1513 fulget
778 1462 988 1513 Ecclesia,

158 1522 206 1559 ut
231 1517 325 1560 sole
350 1518 463 1559 luna.
504 1514 553 1565 V.
578 1519 727 1560 Sancti
750 1531 830 1572 per
854 1518 989 1560 fidem

158 1574 357 1617 vicerunt
380 1588 525 1626 regna,
551 1575 723 1628 operati
746 1581 847 1617 sunt
870 1576 987 1627 justi-

156 1631 274 1673 tiam.
298 1632 494 1682 Quorum
512 1631 723 1673 doctrina.
751 1631 904 1673 Gloria
917 1632 989 1672 Pa-

158 1687 226 1729 tri.
255 1688 452 1738 Quorum
471 1687 683 1730 doctrina.

463 1765 615 1807 Lectio
635 1766 689 1806 ix.

243 1827 311 1869 uis
330 1832 477 1870 autem
494 1827 608 1870 bene
625 1827 799 1879 gaudet,
820 1828 894 1881 qui
911 1827 987 1871 bo-

253 1898 358 1926 num
382 1897 471 1926 non
495 1884 636 1935 diligit
661 1884 778 1927 unde
803 1884 987 1936 gaudet?

161 1941 268 1992 Quis
292 1954 450 1994 pacem
472 1954 639 1991 veram,
670 1941 754 1983 nisi
784 1954 884 1983 cum
912 1941 988 1984 illo

159 2003 310 2051 potest
332 1996 512 2048 habere,
540 2010 671 2050 quem
689 1998 905 2040 veraciter
928 1998 988 2040 di-

159 2054 277 2106 ligit?
306 2055 412 2105 Quis
436 2059 504 2096 est
526 2054 788 2106 longanimis
807 2055 853 2096 in
870 2055 989 2097 bono

162 2113 296 2164 opere
310 2113 646 2164 perseveranter
659 2110 890 2161 manendo,
907 2112 991 2153 nisi

162 2167 329 2221 ferveat
355 2165 604 2219 diligendo?
644 2168 751 2218 Quis
781 2173 848 2209 est
870 2167 989 2211 beni-

161 2237 288 2275 gnUS,
319 2224 403 2266 nisi
430 2223 598 2275 diligat,
630 2224 700 2266 cui
728 2223 989 2277 opitulatur?

1799 167 1870 202 389

1039 259 1146 310 Quis
1164 259 1323 312 bonus,
1352 261 1435 302 nisi
1461 260 1684 314 diligendo
1711 262 1869 304 efficia-

1038 315 1133 358 tur?
1161 316 1268 366 Quis
1288 317 1522 360 salubriter
1542 318 1696 370 fidelis,
1715 319 1799 360 nisi
1819 332 1871 361 ea

1038 371 1127 414 fide
1161 386 1260 425 quae
1291 387 1372 427 per
1405 374 1686 417 dilectionem
1718 378 1871 429 opera-

1038 429 1131 471 tur?
1174 429 1281 480 Quis
1309 430 1473 473 utiliter
1500 434 1769 482 mansuetus,
1803 433 1872 474 cui

1039 499 1127 528 non
1157 486 1334 529 dilectio
1361 487 1636 530 moderetur?
1682 489 1790 539 Quis
1817 489 1871 531 ab

1041 556 1094 585 eo
1115 544 1311 585 centinet
1329 544 1445 586 unde
1464 548 1682 598 turpatur,
1708 546 1791 587 nisi
1811 546 1871 588 di-

1040 600 1147 652 ligat
1165 600 1282 642 unde
1301 600 1584 643 honestatur?
1613 602 1770 644 Merito
1795 606 1871 645 ita-

1043 670 1127 709 que
1163 659 1372 708 magister
1409 657 1552 699 bonus
1590 657 1873 702 dilectionem

1041 713 1104 755 sic
1143 726 1264 766 saepe
1305 713 1602 766 commendat,
1648 720 1873 769 tamquam

1041 770 1136 812 sola
1154 770 1453 823 praecipienda
1472 771 1544 821 sit,
1565 772 1658 814 sine
1679 786 1765 825 qua
1785 786 1873 814 non

1041 832 1228 880 possunt
1253 826 1467 879 prodesse
1495 830 1643 869 cetera
1667 828 1800 879 bona,
1830 835 1873 871 et

1043 896 1142 936 quae
1160 896 1249 925 non
1267 889 1418 936 potest
1434 883 1587 926 haberi
1607 885 1699 927 sine
1715 887 1873 927 ceteris

1040 939 1180 991 bonis,
1197 939 1355 992 quibus
1370 939 1504 982 homo
1521 940 1708 989 efficitur
1718 942 1873 984 bonus.

1099 1005 1159 1044 Te
1178 1001 1322 1042 Deum
1340 1000 1580 1042 laudamus.
1599 1004 1658 1043 14.

1255 1097 1339 1138 Die
1359 1098 1416 1138 31.
1437 1098 1657 1140 Octobris.

1345 1165 1393 1204 In
1414 1164 1574 1214 vigilia

1173 1223 1407 1264 Omnium
1429 1224 1742 1266 Sanctorum.

1094 1294 1190 1327 Tres
1208 1293 1412 1327 Lectiones
1434 1294 1613 1336 leguntur
1639 1293 1685 1326 de
1702 1293 1872 1326 Homilia

1043 1343 1081 1376 in
1106 1342 1251 1383 Evang.
1276 1339 1527 1375 Descendens
1547 1339 1674 1374 Jesus.
1700 1341 1745 1374 de
1767 1341 1871 1375 Com.

1043 1390 1193 1434 plurim.
1216 1390 1324 1423 Mart.
1346 1391 1377 1423 2.
1395 1391 1482 1424 loco
1506 1387 1592 1431 [47],
1617 1400 1702 1423 cum
1720 1389 1800 1432 lx'glx'g.
1826 1389 1872 1423 de

1042 1439 1155 1473 Feria
1181 1445 1414 1472 occurrente.

1092 1487 1136 1521 In
1170 1486 1289 1520 Laud.
1327 1487 1506 1521 dicuntur
1541 1487 1680 1520 Preces
1720 1486 1872 1519 feriales

1043 1535 1155 1569 flexis
1181 1534 1355 1577 genibus.
1377 1535 1430 1570 51.

1378 1599 1541 1640 Oratio.

1131 1657 1276 1698 emine
1293 1657 1414 1698 Deus
1438 1662 1605 1707 noster,
1630 1658 1874 1710 multiplica

1147 1726 1281 1766 super
1319 1727 1401 1755 nos
1437 1715 1625 1765 gratiam
1656 1719 1791 1755 tuam:
1832 1720 1876 1756 et

1044 1782 1232 1822 quorum
1259 1773 1555 1823 praevenimus
1585 1770 1779 1822 gloriosa
1806 1784 1872 1813 so-

1042 1826 1220 1876 lemnia,
1246 1826 1391 1868 tribue
1417 1826 1628 1879 subsequi
1653 1828 1697 1868 in
1724 1832 1874 1869 sancta

1042 1883 1318 1936 professiOne
1352 1883 1560 1926 laetitiam.
1608 1885 1694 1926 Per
1725 1884 1873 1925 Demi-

1042 1953 1147 1981 num
1197 1945 1397 1982 nostrum
1451 1941 1476 1982 J
1478 1953 1601 1982 esum
1654 1941 1874 1983 Christum

1042 1996 1201 2037 Filium
1226 2001 1365 2038 tuum:
1407 1998 1491 2048 Qui
1517 2002 1663 2039 tecum
1691 1998 1799 2039 vivit
1830 2002 1874 2038 et

1043 2058 1198 2104 regnat
1233 2053 1277 2094 in
1312 2054 1478 2096 unitate
1512 2054 1698 2106 Spiritus
1735 2054 1874 2095 sancti

1043 2110 1185 2160 Deus,
1218 2122 1299 2162 per
1327 2110 1473 2151 emnia
1501 2110 1664 2152 saecula
1692 2110 1872 2152 saeculo-

1044 2179 1152 2207 rum.
1206 2169 1255 2220 R.
1285 2167 1438 2208 Amen.

1098 2231 1214 2275 Vesp.
1241 2232 1288 2266 de
1313 2242 1418 2275 sequ.
1442 2232 1568 2266 Festo.
