2040 2944
570 182 682 216 Feria
707 182 749 216 V.
775 183 874 217 infra
899 182 978 217 Oct.
1004 185 1038 217 S.
1066 183 1206 226 Ans-zeli
1231 183 1426 218 Custodis.

1769 180 1859 226 [265]

143 280 397 323 terribiliter
450 281 736 322 intonantem.
802 279 978 321 Nemini

146 336 368 380 blanditur
402 337 596 388 Veritas,
632 337 850 378 neminem
885 336 975 390 pal-

144 399 232 447 pat,
251 394 417 436 nullum
436 393 618 444 seducit,
639 396 790 446 aperte
813 393 975 435 denun-

143 451 268 500 tians,
295 451 505 503 quoniam
523 449 775 501 vae-homini
797 449 870 498 illi,
895 463 975 502 per

145 524 276 564 quem
294 509 552 554 scandalum
570 506 706 548 venit:
725 505 905 558 expedit
924 507 976 555 ei,

144 573 192 609 ut
217 566 512 620 suspendatur
539 565 583 605 in
607 563 722 605 collo
748 563 839 614 ejus
858 563 975 604 mola

144 625 348 666 asinaria:
375 628 418 666 et
437 635 520 676 pro
547 620 671 662 suavi
695 621 796 672 jugo
822 624 865 661 et
889 618 975 660 levi

144 683 278 723 onere
305 679 564 728 Salvateris,
596 676 720 728 gravi
747 675 864 717 mole
891 681 975 717 ter-

143 740 261 780 renae
281 736 536 790 cupiditatis
559 733 753 775 humeris
781 734 872 784 ejus
900 733 974 773 im-

144 795 304 847 pesita‚
333 793 614 843 demergatur
639 790 683 831 in
708 789 975 842 profundum

143 852 279 893 maris
300 851 426 903 hujus
449 849 597 900 magni
619 852 662 890 et
683 846 869 899 spatiosi
887 848 974 887 ma-

144 908 289 958 nibus,
319 907 440 960 quod
464 911 531 948 est
557 905 649 946 sine
677 903 812 945 dubio
840 905 974 944 saecu-

144 965 235 1006 lum
252 977 453 1018 nequam.
487 963 638 1004 Perire
663 959 880 1013 siquidem
903 972 974 1001 ne-

145 1024 269 1064 cesse
297 1027 365 1063 est
391 1020 614 1062 heminem
643 1018 717 1070 qui
747 1017 975 1059 caritatem

143 1091 232 1120 non
250 1078 395 1128 habet,
423 1078 555 1119 etiam
575 1077 612 1117 si
629 1074 862 1118 tradiderit
882 1087 973 1115 cor-

143 1149 228 1189 pus
252 1149 378 1177 suum
401 1135 463 1176 ita
484 1139 533 1176 ut
553 1131 722 1174 ardeat:
745 1136 789 1172 et
808 1129 893 1172 hoc
914 1129 974 1172 di-

144 1192 293 1242 xerim,
318 1192 486 1240 fratres,
510 1195 558 1232 ut
576 1190 620 1230 in
640 1202 691 1230 ea
711 1189 907 1237 caritate,
932 1193 975 1230 et

144 1249 440 1297 unanimitate,
467 1252 510 1289 et
533 1258 654 1300 pace,
679 1246 723 1286 in
744 1258 829 1298 qua
850 1245 974 1286 statis

144 1306 190 1346 in
214 1305 422 1354 Demino,
451 1303 628 1346 solliciti
654 1303 748 1344 sitis
772 1314 974 1354 perseve-

145 1364 243 1403 rare
263 1367 306 1404 et
326 1359 552 1403 abundare
571 1359 723 1410 magis.

195 1420 246 1472 R.
266 1417 560 1460 Machabaeus.
580 1415 684 1469 [261]

431 1474 583 1515 Lectio
604 1474 687 1514 viii.

148 1513 300 1638 Quae
337 1537 404 1575 est
439 1530 555 1573 enim
590 1543 694 1583 spes
726 1534 896 1579 nostra,
933 1534 977 1571 et

257 1588 466 1640 gaudium
494 1592 711 1636 nostrum,
741 1592 785 1629 et
813 1588 976 1628 corona

145 1644 320 1697 gleriae?
338 1657 495 1688 vnonne
522 1644 668 1685 unitas
696 1648 740 1685 et
767 1643 975 1684 unanimi-

144 1709 213 1745 tas
236 1707 400 1752 vestra,
424 1702 468 1742 in
497 1713 582 1754 qua
607 1700 781 1751 gaudeo
808 1711 890 1741 vos
915 1700 976 1740 in-

146 1759 285 1802 veniri
319 1758 604 1800 fraternitatis
650 1759 888 1806 amatoreS,
934 1761 978 1798 et

147 1821 247 1858 ante
273 1815 419 1858 omnia
445 1818 642 1857 mutuam
669 1814 713 1855 in
742 1813 976 1855 vobismet-

146 1872 253 1925 ipsis
273 1872 502 1914 caritatem
521 1871 745 1921 habentes,
771 1869 891 1922 quod
910 1875 977 1911 est

147 1929 367 1971 vinculum
379 1926 686 1982 perfectienis?
703 1928 755 1968 In
764 1927 851 1969 hoc
862 1927 976 1968 enim

148 1988 420 2037 cognescunt
452 1998 622 2035 omnes,
655 1985 787 2026 etiam
818 1983 977 2034 Angeli

147 2043 299 2092 sancti,
318 2042 440 2095 quod
457 2041 618 2084 Christi
638 2041 742 2083 estis
763 2040 976 2093 discipuli,

148 2099 185 2140 si
214 2098 494 2141 dilectionem
520 2097 760 2141 habueritis
789 2096 845 2139 ad
872 2096 976 2137 invi-

148 2168 254 2197 cem.
287 2154 490 2208 Denique
508 2160 660 2208 potest
678 2154 780 2196 hinc
801 2166 976 2206 quoque

147 2212 351 2254 fraternae
371 2211 619 2254 dilectienis
635 2211 800 2254 utilitas
814 2213 976 2261 magni-

147 2269 231 2311 fice
263 2267 582 2311 commendari:
616 2267 831 2320 numquid
863 2267 976 2309 enim

148 2324 310 2366 Christi
333 2325 474 2377 gratia
499 2324 730 2376 diligemur
754 2324 810 2366 ab
834 2325 976 2374 Ange·
1034 2339 1098 2365 κ

775 2382 783 2390 ·
831 2381 838 2389 .
886 2382 895 2392 r
939 2381 947 2389 ο

149 2438 435 2489 0οἕ110νο11111
466 2440 746 2491 nequaquam
777 2439 868 2490 ejus
896 2449 977 2478 nos

150 2507 248 2537 esse
273 2494 540 2548 discipulos?
575 2494 802 2546 Numquid
830 2492 976 2544 dilige-

147 2564 245 2592 mur
269 2552 324 2594 ab
353 2553 417 2594 eis
445 2557 629 2605 propter
655 2564 737 2593 nos
765 2551 904 2603 ipsos,
931 2549 978 2591 id

1029 280 1119 322 imo
1144 292 1268 330 vero,
1292 279 1329 320 si
1353 292 1407 320 ex
1431 279 1494 320 eis
1519 291 1617 331 quae
1642 278 1755 320 inter
1777 291 1859 319 nos

1030 341 1132 378 sunt
1157 334 1529 385 contentic'mibus,
1555 335 1753 376 carnales
1778 347 1859 376 nos

1029 393 1168 444 magis
1199 406 1329 445 quam
1357 391 1606 445 spirituales
1634 404 1730 433 esse
1759 404 1858 433 con-

1030 449 1212 491 stiterit?

1080 510 1130 561 R».
1151 506 1220 547 Tu
1238 506 1436 547 Demine.
1457 505 1566 557 [262]

1328 572 1478 612 Lectio
1500 571 1552 611 ix.

1029 622 1276 727 Denique
1324 627 1536 680 numquid
1572 628 1730 679 Angeli
1766 628 1858 670 dili-

1148 690 1253 736 gent
1277 697 1357 726 nos
1385 690 1570 737 propter
1597 688 1786 737 seipsos,
1816 690 1859 726 et

1028 742 1220 783 futuram
1246 741 1300 783 de
1319 741 1447 783 nobis
1467 742 1655 784 civitatis
1682 755 1772 783 suae
1795 754 1857 783 re-

1028 799 1352 848 staurationem,
1368 798 1404 839 si
1420 798 1555 851 (quod
1570 799 1699 849 absit)
1715 810 1859 849 unum,

1030 868 1117 908 quo
1150 855 1246 897 solo
1274 855 1386 896 uniri
1419 861 1462 896 et
1494 854 1763 897 coaedificari
1796 855 1857 896 eis

1027 915 1275 965 possumus,
1301 912 1490 953 defuerit
1515 912 1728 963 glutinum
1753 912 1856 953 cari-

1027 969 1152 1011 tatis?
1188 967 1421 1020 Quomodo
1446 968 1686 1021 sperabunt
1705 967 1856 1010 reaedi-

1028 1026 1227 1068 ficandos
1254 1024 1308 1067 de
1332 1025 1459 1066 nobis
1485 1027 1727 1078 perpetuos
1756 1025 1856 1066 civi-

1028 1084 1130 1125 tatis
1155 1083 1270 1124 illius
1298 1095 1463 1132 muros,
1497 1082 1532 1122 si
1561 1082 1857 1132 cogneverint,

1029 1141 1065 1181 si
1096 1139 1302 1188 viderint,
1334 1152 1415 1180 nos
1446 1151 1533 1180 non
1561 1138 1731 1190 lapides
1760 1150 1857 1179 esse

1028 1198 1169 1247 vivos,
1202 1197 1274 1248 qui
1303 1196 1476 1248 possint
1502 1196 1688 1237 invicem
1717 1194 1856 1236 001130-

1028 1256 1142 1303 rere,
1176 1253 1255 1295 sed
1282 1254 1420 1304 magis
1448 1253 1694 1306 pulverem,
1729 1264 1858 1304 quem

1027 1310 1202 1364 projicit
1216 1316 1373 1351 ventus
1393 1323 1418 1351 a
1435 1309 1546 1351 facie
1565 1314 1706 1358 terrae,
1728 1321 1857 1359 quem

1028 1370 1155 1408 unius
1182 1367 1305 1408 verbi
1324 1367 1454 1407 flatus
1479 1366 1523 1406 in
1549 1365 1767 1407 turbinem
1788 1366 1857 1405 ex-

1030 1425 1151 1473 citet,
1181 1429 1223 1465 et
1252 1423 1514 1476 suspicienis
1543 1421 1773 1473 cujuslibet
1801 1421 1857 1462 le-

1028 1482 1206 1522 vissima
1239 1493 1344 1522 aura
1376 1478 1624 1532 dispergat?
1674 1480 1730 1520 Et
1762 1478 1858 1519 haec

1030 1537 1209 1589 quidem
1242 1537 1405 1579 dixisse
1442 1536 1646 1586 sufficiat,
1683 1548 1766 1589 pro
1804 1548 1857 1576 eo

1031 1593 1151 1646 quod
1169 1594 1229 1635 ait
1247 1594 1478 1635 Deminus:
1497 1593 1541 1633 Si
1562 1593 1658 1645 quis
1678 1591 1857 1633 scanda-

1028 1650 1226 1691 lizaverit
1242 1663 1379 1691 vunum
1399 1649 1453 1690 de
1472 1648 1644 1702 pusillis
1663 1649 1770 1690 istis.

1084 1708 1147 1748 Te
1166 1707 1309 1748 Deum
1326 1705 1567 1751 laudamus.
1587 1706 1644 1745 14.
1667 1742 1669 1746 ,

1107 1796 1235 1837 Feria
1255 1795 1417 1845 Quinta
1435 1794 1545 1835 infra
1565 1793 1779 1835 Octavam

1193 1856 1235 1897 S.
1254 1854 1435 1906 Angeli
1454 1853 1694 1896 custodis.

1081 1916 1123 1950 In
1154 1915 1180 1949 Ι.
1206 1915 1404 1948 Nocturno
1442 1913 1644 1947 Lectiones
1677 1912 1723 1946 de
1756 1911 1853 1946 Scri-

1026 1968 1138 2007 ptura
1162 1966 1396 1997 occurrente.

1253 2024 1301 2062 In
1329 2023 1379 2062 II.
1406 2023 1627 2062 Nocturno.

1166 2086 1317 2128 Sermo
1337 2084 1475 2126 sancti
1494 2083 1727 2135 Augustini

1332 2141 1556 2194 Episcopi.

1120 2204 1202 2238 Lib.
1228 2205 1259 2237 9.
1284 2203 1330 2236 de
1356 2202 1470 2236 Civit.
1494 2201 1576 2242 Dei,
1599 2210 1680 2243 cap.
1704 2200 1755 2233 22.

1326 2258 1478 2298 Lectio
1500 2258 1552 2297 iv.

1110 2329 1164 2371 ’ἐξ
1181 2319 1318 2371 ngelis
1341 2319 1469 2361 bonis
1489 2317 1630 2359 omnis
1650 2318 1854 2369 corpora-

1054 2379 1132 2424 Σ
1192 2377 1296 2417 1111111
1306 2374 1702 2428 temporaliumque
1711 2385 1856 2414 rerum

1068 2428 1097 2448 '¹'
1194 2433 1374 2474 scientia
1398 2431 1495 2473 vilis
1515 2435 1598 2480 est,
1622 2443 1711 2471 non
1737 2427 1856 2481 quod

1030 2493 1180 2532 earum
1211 2489 1351 2541 ignari
1379 2489 1481 2538 sint,
1513 2487 1594 2528 sed
1627 2485 1746 2538 quod
1772 2485 1854 2525 illis

1029 2547 1122 2597 Dei,
1139 2559 1225 2598 qua
1235 2545 1572 2593 sanctificantur,
1587 2543 1744 2585 caritas
1755 2552 1855 2581 cara

149 2612 234 2657 est,
265 2608 505 2660 spiritualis
537 2611 706 2650 naturae
735 2604 976 2647 similitudi·
1030 2609 1106 2645 est.
1142 2603 1240 2643 Prae
1267 2602 1387 2654 cujus
1413 2614 1501 2642 non
1523 2605 1694 2642 tantum
1716 2598 1854 2638 incor-

147 2676 259 2714 nem,
278 2665 314 2705 si
332 2665 576 2707 invenimur
594 2677 683 2706 non
701 2663 884 2713 diligere
901 2662 976 2703 hu·
1029 2659 1191 2712 porali,
1223 2671 1374 2700 verum
1410 2658 1541 2698 etiam
1572 2654 1853 2697 incommuta-

148 2722 290 2762 manae
326 2724 494 2763 naturae
525 2726 692 2762 nostrae
724 2716 976 2762 consortes?
1028 2716 1104 2758 bili
1130 2721 1173 2758 et
1195 2713 1404 2756 ineffabili
1422 2710 1756 2767 pulchritudine,
1781 2721 1850 2751 cu-
