2040 2944
166 155 236 190 384

587 160 658 193 Dic
683 160 734 193 245.
762 160 840 193 Oct.
888 162 922 193 S.
954 161 1118 194 Issvuristi
1145 161 1263 204 Papae
1289 167 1324 196 ct
1349 162 1456 197 Mart.

167 251 226 294 ad
248 251 430 304 praemia
447 250 587 302 regni,
621 255 664 302 et
687 251 888 294 laverunt
913 258 998 294 sto·
1051 253 1222 295 timere:
1240 253 1390 296 multis
1407 254 1662 307 passeribus
1676 256 1883 298 meliores

167 308 232 350 las
253 321 354 349 suas
373 307 417 348 in
436 307 645 358 sanguine
665 308 791 359 Agni.

217 362 267 413 V.
293 363 523 405 LaetAmini
550 364 594 405 in
619 365 829 416 Domino,
859 370 903 407 et
927 378 997 407 ex-

1053 310 1158 356 estis
1177 322 1270 352 vos.

1102 369 1154 420 V.
1182 371 1478 414 Exsultabunt
1502 373 1643 415 sancti
1665 374 1710 416 in
1732 375 1884 426 gloria.

167 422 327 463 sultate
354 420 465 471 justi.
500 422 551 473 R.
590 421 648 463 Et
679 421 927 473 gloriamini
954 435 998 464 o·
1052 427 1473 482 R·.Laetab1'1nturin
1493 428 1711 472 cubilibus
1731 432 1832 473 suis.

167 490 289 519 mnes
307 477 417 519 recti
436 477 582 520 corde.

501 534 665 575 Oratio.

250 592 451 632 eatorum
460 591 705 644 Martyrum
721 595 899 635 tuorum
909 592 998 635 Do-

262 647 379 689 mine
388 647 654 701 Chrysanthi
665 654 709 691 et
717 649 878 700 Dariae,
891 651 999 702 quae-

165 717 327 753 sumus,
347 703 462 747 adsit
480 705 607 747 nobis
627 706 784 748 oratio:
803 711 865 756 ut,
886 719 998 758 quos

165 763 426 802 veneramur
446 761 678 814 obsequio,
695 764 858 804 eorum
877 762 998 815 pium

165 818 322 869 jugiter
350 819 628 871 experiamur
656 819 877 861 auxilium.
913 820 999 861 Per

164 875 405 916 Dominum
423 880 634 917 nostrum.

474 936 627 976 Lectio
648 936 687 976 ii.

176 988 517 1074 Chrysanthus
546 994 590 1031 et
615 990 751 1032 Daria
779 991 997 1042 coniuges,

181 1053 245 1085 ,Α
267 1046 405 1088 nobili
428 1048 590 1098 genere
615 1047 721 1097 nati,
750 1047 838 1088 fide
866 1047 998 1089 etiam

166 1103 389 1153 clariores,
415 1116 546 1155 quam
565 1104 710 1154 Baria,
730 1104 875 1145 mariti
895 1106 997 1156 ope-

165 1174 229 1210 ra,
254 1173 354 1202 cum
373 1159 595 1212 baptismo
616 1162 887 1213 susceperat;
911 1161 998 1202 Ro-

164 1231 250 1259 mae
268 1216 631 1259 innumerabilem
650 1217 877 1259 hominum
890 1216 996 1258 mul-

165 1274 415 1324 titudinem,
442 1273 540 1315 haec
564 1274 813 1325 mulierum,
840 1274 914 1316 ille
938 1275 997 1316 vi-

164 1333 330 1382 rorum,
357 1331 414 1373 ad
435 1331 656 1374 Christum
677 1334 998 1374 converterunt.

166 1389 312 1438 Quare
345 1388 571 1430 Celerinus
609 1389 846 1441 praefectus
882 1402 997 1430 com-

164 1445 408 1498 prehensos
436 1444 619 1487 tradidit
647 1445 833 1488 Claudio
862 1445 997 1488 tribu-

164 1515 238 1544 no:
262 1502 336 1555 qui
359 1503 484 1555 jussit
507 1515 532 1544 a
550 1502 761 1545 militibus
782 1502 997 1557 Chrysan-

163 1559 289 1602 thum
299 1560 493 1602 vinctum
505 1560 771 1602 eruciatibus
783 1561 998 1614 torqueri3

164 1615 245 1659 sed
276 1616 450 1659 vincula
483 1617 628 1659 omnia
657 1617 854 1660 resoluta
881 1623 998 1669 sunt;

164 1686 269 1715 mox
288 1673 545 1726 compedes,
571 1674 616 1716 in
640 1687 753 1727 quos
773 1676 998 1728 conjectus

164 1730 318 1782 fuerat,
337 1731 561 1774 confracti.

465 1786 617 1828 Lectio
637 1788 691 1828 iii.

250 1845 378 1887 einde
397 1845 525 1888 bovis
549 1845 671 1888 corio
695 1846 928 1898 inclusum,
953 1847 998 1888 in

265 1901 575 1944 ardentissimo
595 1902 690 1944 sole
709 1905 997 1955 constituunt;

163 1962 257 2000 tum
293 1958 483 2011 pedibus
519 1972 571 2001 ac
606 1959 809 2002 manibus
842 1962 997 2002 catena

164 2016 430 2067 constrictis,
454 2016 498 2057 in
515 2016 754 2058 obscurum
773 2019 997 2059 carcerem

165 2071 420 2115 detrudunt:
439 2073 514 2116 ubi
533 2073 690 2116 solutis
709 2073 892 2124 catenis,
912 2073 996 2115 cla-

163 2129 336 2172 rissima
359 2129 436 2172 lux
458 2130 606 2173 locum
628 2130 874 2173 illustravit.
910 2131 995 2172 Da-

163 2187 228 2227 ria
246 2199 352 2228 vero
372 2187 416 2228 in
435 2187 621 2240 lupanar
641 2186 887 2240 compulsa,
906 2187 994 2230 leo-

164 2242 231 2283 nis
249 2243 404 2294 tutela,
433 2243 538 2286 dum
560 2244 605 2285 in
629 2244 830 2286 oratione
850 2243 996 2286 defixa

163 2304 241 2349 est,
260 2312 286 2341 a
306 2302 571 2343 contumelia
589 2300 798 2343 divinitus
816 2300 996 2343 defensa

165 2359 242 2397 est.
295 2357 497 2410 Denique
526 2358 570 2399 in
601 2358 861 2408 arenariam,
895 2371 996 2412 quae

164 2417 232 2454 est
251 2413 322 2455 via
339 2413 517 2465 Salaria,
538 2417 726 2467 uterque
746 2414 917 2466 ductus,
937 2416 994 2457 ef-

162 2469 284 2511 fossa
306 2475 442 2520 terra,
475 2471 696 2524 lapidibus
723 2471 887 2522 obruti,
921 2485 994 2525 pa-

163 2539 257 2568 rem
273 2528 469 2579 martyrii
489 2530 698 2570 eoronam
717 2528 869 2582 adepti
883 2533 995 2571 sunt.

218 2586 279 2626 Te
298 2583 442 2626 Deum
462 2584 704 2627 laudamus.
727 2587 786 2627 14.

221 2643 291 2686 Ad
307 2643 442 2685 Laud.
468 2645 567 2686 Ant.
595 2644 739 2685 Vestri
757 2643 906 2697 capilli
925 2646 992 2686 ca-

162 2697 269 2750 pitis
295 2709 449 2740 omnes
473 2700 689 2742 numerati
715 2706 830 2743 sunt:
857 2701 994 2743 nolite

1264 528 1348 571 Die
1367 530 1436 574 26.
1456 529 1676 572 Octobris.

1144 600 1187 641 S.
1206 600 1428 642 Evaristi
1444 604 1578 656 Papae
1599 610 1643 646 et
1664 606 1788 648 Mart.

1104 668 1175 710 Ad
1194 670 1330 721 Vesp.
1360 670 1459 710 Ant.
1490 670 1581 711 Iste
1603 676 1780 713 sanctus
1800 686 1883 726 pro

1051 723 1148 775 lege
1159 724 1243 766 Dei
1259 725 1326 766 sui
1340 725 1527 767 certavit
1543 739 1683 778 usque
1700 728 1757 770 ad
1771 742 1883 770 mor-

1051 785 1156 830 tem,
1183 785 1227 822 et
1251 794 1277 822 a
1295 781 1442 823 verbis
1466 782 1702 835 impiorum
1721 798 1811 827 non
1834 788 1883 828 ti·
1948 801 1950 803 ’

1050 837 1173 879 muit:
1192 837 1401 880 fundatus
1421 839 1537 880 enim
1557 845 1651 882 erat
1665 854 1800 894 supra
1814 843 1883 883 fir-

1050 907 1167 935 mam
1184 899 1367 947 petram.

1101 954 1153 1006 Y'.
1186 955 1340 997 Gloria
1375 960 1419 998 et
1454 956 1624 999 honore
1660 961 1884 1002 coronasti

1051 1024 1151 1053 eum
1187 1012 1388 1055 Domine.
1443 1018 1491 1069 R.
1529 1015 1587 1056 Et
1619 1016 1884 1058 constituisti

1051 1081 1151 1110 eum
1171 1081 1303 1122 super
1318 1071 1454 1122 opera
1471 1072 1679 1113 manuum
1697 1074 1883 1115 tuarum.

1388 1143 1551 1185 Oratio.

1098 1195 1384 1239 nfirmitzitem
1415 1202 1612 1240 nostram
1639 1199 1811 1253 respice
1839 1213 1883 1242 o-

1112 1255 1363 1306 mnipotens
1377 1254 1514 1296 Deus:
1531 1260 1574 1297 et
1589 1256 1692 1308 quia
1706 1257 1883 1309 pondus

1050 1310 1245 1363 propriae
1260 1311 1445 1352 actionis
1460 1318 1624 1364 gravat,
1639 1312 1758 1355 beati
1771 1313 1882 1355 Eva-

1050 1366 1145 1408 risti
1170 1366 1377 1420 Martyris
1402 1368 1467 1410 tui
1496 1373 1629 1421 atque
1655 1369 1883 1412 Pontificis

1049 1423 1307 1466 intercessio
1335 1424 1531 1476 gloriosa
1557 1438 1640 1467 nos
1666 1428 1882 1479 protegat.

1049 1479 1134 1522 Per
1152 1480 1402 1522 Dominum.

1346 1553 1500 1594 Lectio
1528 1552 1584 1593 iii.

1062 1614 1326 1680 ffssxvaristus
1346 1612 1532 1654 Graecus
1555 1625 1611 1655 ex
1627 1612 1786 1656 Judaeo
1808 1627 1883 1667 pa-

1069 1671 1129 1713 )έῖ
1154 1674 1232 1720 tre,
1257 1669 1446 1721 Traiano
1470 1670 1750 1723 imperatore,
1774 1683 1881 1723 pon-

1048 1725 1264 1768 tificatum
1291 1726 1441 1777 gessit.
1483 1727 1568 1777 Qui
1595 1727 1881 1769 ecclesiarum

1049 1782 1203 1824 titulos
1247 1783 1370 1825 urbis
1408 1784 1567 1826 Romae
1609 1784 1880 1837 presbyteris

1050 1837 1209 1890 divisit,
1229 1844 1274 1882 et
1289 1840 1519 1891 ordinavit,
1538 1846 1587 1883 ut
1602 1846 1775 1894 septem
1791 1841 1879 1884 dia-

1049 1897 1150 1939 coni
1174 1899 1436 1950 episcopum
1461 1897 1749 1949 custodirent,
1775 1897 1880 1940 dum

1050 1954 1317 2006 evangelicae
1356 1954 1689 2007 praedicationis
1731 1955 1878 1998 officio

1048 2011 1314 2062 fungeretur.
1341 2012 1468 2054 Idem
1484 2012 1712 2055 constituit
1727 2025 1782 2055 ex
1794 2017 1879 2055 tra·

1050 2066 1217 2110 ditione
1255 2068 1519 2121 apostolica,
1566 2073 1614 2111 ut
1658 2069 1878 2111 matrimo-

1048 2125 1169 2166 nium
1188 2125 1366 2178 pfiblice
1386 2125 1650 2177 celebretur,
1675 2131 1719 2169 et
1737 2139 1878 2168 sacer-

1049 2182 1166 2225 dotis
1184 2182 1435 2226 benedictio
1455 2182 1727 2226 adhibeatur.
1763 2184 1877 2225 Prae-

1047 2240 1128 2282 fuit
1152 2240 1366 2282 Ecclesiae
1392 2253 1532 2283 annos
1554 2253 1730 2292 novem,
1760 2253 1878 2283 men-

1048 2309 1119 2339 ses
1137 2302 1245 2347 tres,
1268 2297 1540 2352 presbyteris
1565 2297 1719 2340 decem
1746 2302 1790 2340 et
1813 2310 1877 2340 se-

1047 2359 1188 2407 ptem,
1216 2353 1414 2397 diaconis
1434 2354 1625 2406 duobus,
1654 2355 1877 2408 episcopis

1049 2411 1314 2464 quindecim,
1341 2417 1496 2465 quater
1518 2424 1670 2454 mense
1692 2413 1876 2454 Decem-

1047 2468 1116 2510 bri
1136 2468 1360 2511 ordinatis.
1394 2468 1606 2521 Martyrio
1626 2471 1876 2519 coronatus,

1046 2538 1188 2578 prope
1214 2524 1498 2579 sepulchrum
1519 2525 1735 2578 Principis
1758 2526 1876 2579 Apo-

1047 2582 1264 2624 stolorum
1283 2582 1327 2623 in
1341 2582 1557 2624 Vaticano
1578 2583 1779 2636 sepultus
1799 2587 1877 2634 est,

1047 2640 1235 2693 septimo
1255 2639 1480 2681 Kalendas
1499 2639 1778 2683 Novembris.

1103 2706 1164 2745 Te
1182 2701 1326 2743 Deum
1344 2701 1584 2744 laudamus.
1604 2702 1663 2743 14.
