2040 2944
556 171 628 205 Die
656 172 704 205 11.
728 172 827 205 Nov.
875 171 910 205 S.
934 171 1089 204 Martini
1114 171 1241 214 Episc.
1266 176 1302 205 et
1326 171 1434 205 Cons.

194 269 351 311 Virum
387 268 649 318 sanguinum
687 272 730 309 et
767 267 972 309 dolosum

142 324 468 367 abominabitur
499 325 612 365 D1‘1s:
644 324 668 350 *
705 336 787 375 ego
824 328 973 365 autem

141 381 186 421 in
213 380 495 422 multitudine
526 380 844 422 misericordiae
872 384 973 421 tuae.

193 437 394 478 Introibo
421 437 466 477 in
492 436 671 478 domum
695 441 831 478 tuam:
849 437 874 463 *
899 437 972 478 ad-

143 493 282 534 orabo
309 493 366 534 ad
389 493 604 545 templum
628 497 829 534 sanctum
847 497 973 534 tuum

142 549 188 590 in
205 549 366 591 timore
385 553 474 590 tuo.

193 606 384 647 Domine
403 605 547 647 deduc
561 618 632 647 me
644 605 690 646 in
703 605 870 658 justitia
883 610 973 647 tua:

142 663 167 690 *
185 667 369 714 propter
392 662 594 703 inimicos
617 674 741 703 meos
767 661 906 713 dirige
929 662 974 702 in

143 720 386 771 conspectu
402 723 480 760 tuo
498 718 614 759 viam
629 731 783 759 meam.

195 775 412 825 Queniam
438 787 527 816 non
555 779 623 816 est
650 775 694 815 in
720 787 797 816 ore
822 775 973 815 eorum

143 831 321 872 veritas:
337 831 362 856 *
381 843 458 872 cor
477 833 630 872 cerum
650 844 810 872 vanum
831 835 908 872 est.

195 887 484 940 Sepulchrum
521 891 679 940 patens
720 891 788 928 est
822 892 974 938 guttur

147 946 310 993 e6rum,
326 943 486 995 linguis
501 943 592 984 suis
605 943 760 985 dolose
775 943 975 995 agebant,

144 1000 169 1026 *
188 999 332 1051 judica
350 999 451 1041 illos
470 1000 603 1041 Deus.

195 1055 415 1097 Decidant
448 1068 474 1097 a
502 1055 844 1107 cogitationibus
873 1056 974 1107 suis,

145 1111 387 1153 secundum
420 1111 749 1153 multitudinem
775 1112 974 1164 impieta-

144 1172 238 1209 tum
255 1169 409 1209 eorum
427 1168 599 1220 expelle
614 1181 703 1219 eos,
722 1169 746 1194 *
766 1168 975 1220 queniam

145 1224 426 1265 irritaverunt
444 1228 490 1265 te
506 1225 708 1266 Domine.

196 1280 253 1321 Et
271 1280 476 1322 laetentur
496 1293 667 1331 omnes,
696 1281 771 1332 qui
795 1284 975 1333 sperant

144 1336 190 1377 in
203 1341 259 1386 te,
277 1336 301 1362 *
321 1336 366 1377 in
382 1339 598 1379 aeternum
614 1337 911 1379 exsultabunt:
931 1341 975 1378 et

144 1392 366 1434 habitabis
386 1393 431 1434 in
451 1394 524 1435 eis.

195 1449 253 1490 Et
271 1449 578 1501 gloriabuntur
596 1450 641 1491 in
655 1454 700 1492 te
716 1462 880 1499 omnes,
901 1450 973 1501 qui

146 1504 332 1557 diligunt
359 1518 520 1548 nomen
547 1511 692 1556 tuum,
715 1506 740 1532 *
768 1506 976 1558 quoniam

145 1566 194 1603 tu
211 1561 448 1604 benedices
467 1563 592 1615 justo.

197 1618 399 1668 Domine,
417 1624 466 1660 ut
485 1624 612 1661 scuto
630 1619 762 1660 bonae
777 1619 975 1660 volunta·
1052 1627 1088 1678 ³222

145 1673 203 1715 tis
221 1678 311 1715 tuae
329 1674 353 1700 *
373 1675 598 1716 coronasti
615 1687 708 1716 nos.

200 1732 301 1773 Ant.
329 1730 564 1773 Tetradius
589 1731 765 1782 cognita
787 1731 872 1772 Dei
894 1730 976 1772 vir-

146 1789 255 1836 tute,
269 1785 327 1828 ad
340 1786 550 1839 baptismi
564 1787 751 1839 gratiam
764 1787 977 1839 pervenit.

199 1845 300 1886 Ant.
341 1845 379 1886 O
411 1843 678 1885 ineffabilem
710 1843 865 1893 virum,
897 1855 979 1896 per

149 1911 280 1951 quem
306 1898 435 1940 nobis
462 1904 586 1941 tanta
614 1898 826 1940 miracula
854 1903 978 1940 coru-

147 1954 288 1996 scant!
975 1956 978 1958 ’

431 2004 630 2045 Psalmus
658 2005 696 2044 8.

237 2067 382 2109 omine
396 2067 612 2108 Dominus
631 2071 793 2117 noster,
808 2069 832 2095 *
847 2080 980 2120 quam

265 2123 523 2165 admirabile
560 2127 628 2165 est
662 2135 824 2165 nomen
854 2129 979 2166 tuum

147 2180 192 2220 in
209 2180 416 2221 universa
434 2179 571 2221 terra!

201 2236 419 2287 Queniam
434 2235 605 2277 elevata
620 2240 687 2277 est
700 2236 978 2287 magnificen-

126 2300 132 2306 “
150 2292 212 2333 tia
229 2297 315 2342 tua,
333 2292 357 2318 *
377 2304 510 2344 super
530 2291 679 2333 coelos.

201 2348 269 2388 Ex
297 2360 374 2389 ore
401 2348 632 2389 infantium
657 2353 701 2389 et
723 2348 978 2390 lactentium

151 2403 375 2455 perfecisti
387 2403 564 2446 laudem
581 2409 764 2456 propter
778 2404 978 2446 inimicos

150 2464 263 2509 tuos,
280 2459 305 2486 *
323 2464 373 2501 ut
392 2459 594 2501 destruas
612 2460 835 2501 inimicum
856 2465 900 2502 et
918 2460 979 2501 ul·

152 2517 305 2556 torem.

205 2571 421 2621 Quoniam
438 2572 600 2614 videbo
626 2572 765 2613 coelos
789 2575 906 2621 tuos,
935 2573 979 2613 ό-

151 2639 260 2678 pera
287 2626 524 2677 digitorum
550 2630 743 2670 tuorum:
775 2628 799 2653 *
831 2627 980 2668 lunam

153 2687 197 2724 et
214 2682 374 2732 stellas,
394 2696 493 2735 quae
511 2689 560 2726 tu
577 2683 782 2726 fundasti.

307 2823 371 2848 Pars
386 2823 558 2848 Aummnalis.

1078 267 1194 318 Quid
1213 271 1280 309 est
1297 267 1447 316 homo,
1475 266 1594 318 quod
1617 279 1786 308 memor
1808 279 1855 308 es

1026 322 1140 376 ejus?
1159 324 1183 350 *
1203 328 1278 365 aut
1295 323 1410 364 filius
1429 322 1629 372 hominis,
1649 323 1856 375 queniam

1025 380 1176 422 visitas
1197 378 1323 421 eum?

1077 436 1272 477 Minuisti
1309 448 1409 477 eum
1449 436 1582 488 paulo
1619 435 1762 476 minus
1800 435 1855 476 ab

1027 492 1224 543 Angelis,
1248 491 1388 543 gleria
1413 496 1457 533 et
1480 491 1649 534 honere
1675 493 1856 533 corona-

1027 549 1084 590 sti
1099 561 1213 590 eum:
1228 548 1252 574 *
1272 552 1316 589 et
1331 548 1595 590 constituisti
1611 561 1710 590 eum
1725 560 1858 600 super

1029 606 1166 657 (Spera
1184 606 1394 645 manuum
1413 606 1598 646 tuarum.

1080 661 1239 702 Omnia
1283 660 1506 712 subjecisti
1551 660 1632 702 sub
1669 660 1857 713 pedibus

1028 719 1129 770 ejuS‚
1148 717 1172 743 *
1192 730 1298 759 oves
1318 722 1362 759 et
1380 717 1519 759 boves
1538 717 1779 758 universas:
1797 719 1857 757 in-

1028 787 1161 826 super
1181 778 1225 815 et
1242 774 1407 826 pecora
1426 773 1582 826 campi.

1078 830 1298 872 Velucres
1318 829 1430 880 coeli,
1450 834 1494 871 et
1511 829 1656 882 pisces
1675 829 1820 878 maris,
1834 829 1858 854 *

1030 887 1103 939 qui
1126 886 1435 939 perambulant
1454 886 1632 927 semitas
1650 885 1794 926 maris.

1080 943 1270 984 Domine
1281 942 1499 984 Deminus
1514 947 1676 992 noster,
1686 942 1710 968 *
1727 954 1859 994 quam

1029 999 1286 1040 admirabile
1307 1003 1374 1040 est
1392 1011 1553 1040 nomen
1567 1003 1692 1040 tuum
1710 998 1754 1038 in
1769 997 1860 1039 uni-

1029 1056 1159 1097 versa
1177 1054 1310 1096 terra!

1081 1119 1180 1159 Ant.
1220 1119 1256 1158 O
1290 1119 1557 1161 ineffabilem
1589 1119 1748 1169 virum,
1781 1131 1862 1171 per

1029 1188 1169 1261 quernv
1189 1176 1317 1217 nobis
1345 1181 1468 1218 tanta
1495 1175 1707 1217 miracula
1736 1178 1860 1216 coru-

1028 1236 1168 1273 scant.

1082 1296 1132 1347 ΥΤ.
1166 1296 1312 1347 Elegit
1345 1309 1446 1339 eum
1474 1297 1691 1339 Deminus
1721 1309 1860 1338 sacer-

1029 1353 1181 1394 dotem
1207 1352 1300 1394 sibi.
1350 1355 1401 1406 R.
1422 1352 1497 1395 Ad
1523 1352 1862 1395 sacrificandum

1029 1409 1070 1451 ei
1088 1409 1279 1451 hestiam
1296 1409 1453 1451 laudis.

1334 1494 1487 1534 Lectio
1507 1494 1560 1533 iv.

1036 1563 1373 1611 ι
1402 1560 1599 1602 Sabariae
1625 1562 1669 1602 in
1693 1563 1862 1605 Panna-

1172 1647 1184 1694 ’ἢ
1204 1616 1862 1727 ἓξῖεξῖἳ“ῗιήἳ]ἳιῗξῖῗέῗέἑᾙέἑ-

1029 1730 1226 1772 rentibus
1248 1728 1306 1771 ad
1327 1730 1572 1771 Ecclesiam
1596 1731 1863 1782 confugiens,

1030 1787 1074 1827 in
1100 1786 1514 1828 catechumenerum
1537 1789 1767 1828 numerum
1790 1786 1863 1828 ad-

1031 1842 1164 1884 scribi
1178 1842 1328 1884 voluit.
1357 1841 1617 1892 Quindecim
1636 1855 1774 1884 annos
1791 1856 1862 1884 na-

1030 1904 1102 1940 tus
1121 1899 1166 1939 in
1188 1898 1388 1940 militiam
1405 1899 1647 1951 profectus,
1674 1899 1864 1952 primum

1030 1955 1075 1996 in
1097 1955 1358 2004 Constantii,
1383 1954 1544 1996 deinde
1562 1955 1588 1996 J
1589 1955 1723 1996 uliani
1743 1957 1863 1996 exer-

1032 2012 1121 2053 citu
1138 2010 1352 2052 militavit.
1386 2011 1471 2061 Qui
1490 2024 1590 2052 cum
1608 2011 1715 2052 nihil
1732 2011 1863 2053 habe-

1031 2073 1099 2109 ret
1124 2071 1288 2119 praeter
1315 2079 1452 2117 arma,
1486 2072 1530 2109 et
1554 2067 1864 2108 vestimentum

1032 2136 1120 2176 quo
1146 2123 1398 2174 tegebatur,
1427 2123 1650 2173 Ambiani,
1677 2124 1864 2175 pauperi

1031 2193 1084 2221 ac
1107 2178 1228 2221 nudo
1253 2179 1309 2220 ab
1335 2192 1388 2221 eo
1414 2179 1601 2232 petenti,
1628 2184 1678 2220 ut
1702 2179 1865 2221 Christi

1030 2236 1208 2277 nomine
1246 2235 1329 2277 sibi
1369 2235 1694 2288 eleemesynam
1728 2235 1863 2276 tribu-

1032 2297 1140 2341 eret,
1159 2297 1332 2344 partem
1351 2290 1594 2344 chlamydis
1615 2291 1749 2333 dedit.
1784 2291 1865 2333 Cui

1032 2348 1234 2399 sequenti
1256 2351 1387 2389 nocte
1410 2346 1610 2389 Christus
1635 2347 1863 2389 dimidiata

1030 2403 1105 2444 illa
1133 2407 1257 2444 veste
1284 2403 1464 2444 indutus
1492 2403 1714 2456 apparuit,
1749 2403 1863 2444 hanc

1030 2460 1210 2501 mittens
1228 2471 1402 2500 vocem:
1426 2459 1639 2501 Martinus
1659 2458 1862 2501 catechu-

1030 2527 1185 2557 menus
1204 2514 1287 2556 hac
1306 2527 1377 2556 me
1395 2519 1520 2556 veste
1541 2516 1747 2557 contexit.

1087 2569 1140 2620 Rz.
1161 2571 1313 2612 Oculis
1337 2583 1390 2612 ac
1413 2570 1614 2612 manibus
1637 2571 1682 2611 in
1704 2570 1863 2612 coelum

1032 2639 1207 2679 semper
1242 2626 1455 2676 intentus,
1496 2625 1518 2648 *
1551 2627 1769 2668 Invictum
1805 2625 1860 2665 ab

1032 2684 1231 2724 oratiene
1267 2682 1470 2734 spiritum
1504 2695 1593 2724 non
1624 2680 1862 2723 relaxabat.

1613 2811 1654 2844 28
