2040 2944
446 154 516 188 Dic
540 155 569 187 5
596 154 697 196 Sept.
744 152 779 186 S.
806 152 1002 186 Laurentii
1027 151 1238 186 Justiniani
1264 151 1390 194 Episc.
1418 156 1454 185 et
1478 150 1587 185 Conf.

164 251 288 301 hora,
308 255 472 304 praesto
494 248 695 291 omnibus
715 252 822 297 erat,
847 249 990 300 pater-

164 321 219 349 na
248 320 398 349 omnes
426 306 607 347 caritate
633 305 870 355 allevabat,
903 317 990 346 non

164 367 348 406 renuens
368 363 437 405 vel
458 375 545 403 aere
564 374 612 403 se
633 361 774 403 alieno
794 364 988 412 gravare,

164 421 335 462 illorum
362 433 415 461 ne
438 419 600 472 inepiae
626 419 810 460 deesset.
845 419 989 468 Roga-

163 482 233 519 tus
267 490 351 529 qua
388 489 468 529 spe
502 475 547 517 id
579 473 767 516 faceret?
814 474 990 516 Domini

163 534 263 583 mei,
293 533 366 585 qui
391 545 473 585 pro
499 545 568 574 me
595 531 838 574 dissolvere
864 531 990 572 facile

162 590 335 643 poterit,
354 589 664 642 respondebat.
693 589 825 641 Spem
845 593 990 629 autem

162 659 249 688 non
282 645 551 688 confundere
585 645 731 687 divina
758 644 989 697 providen-

161 704 222 745 tia
258 702 486 744 submissis
522 702 748 755 inopinato
784 700 990 742 subsidiis

162 760 317 812 jugiter
335 758 598 801 declarabat.
626 758 756 800 Plura
775 758 991 808 virginum

161 817 427 858 monasteria
448 816 709 865 construxit,
730 828 839 867 quas
860 814 991 856 etiam

163 873 220 915 ad
246 873 519 926 perfectioris
544 873 646 914 vitae
672 873 887 914 rationem
913 884 990 912 sua

162 930 385 981 vigilantia
418 929 677 982 composuit.
721 929 934 971 Matronis
966 941 990 970 a

163 987 309 1029 saeculi
330 987 507 1040 pompis
531 991 575 1028 et
600 989 779 1028 ornatus
798 986 991 1027 vanitate

162 1043 439 1093 revocandis,
464 1043 776 1085 ecclesiasticae
801 1042 991 1094 discipli-

161 1113 230 1141 nae
268 1113 319 1142 ac
354 1100 550 1141 moribus
581 1099 872 1142 reformandis
904 1112 991 1141 ma-

162 1157 387 1210 ximopere
407 1156 588 1207 studuit3
612 1157 768 1207 dignus
792 1169 897 1198 sane
918 1157 992 1208 qui

162 1213 217 1255 ab
238 1214 396 1256 eodem
415 1214 612 1265 Eugenio
632 1213 774 1264 gleria
793 1219 836 1255 et
856 1213 991 1255 decus

162 1271 402 1324 praesulum
425 1283 575 1312 coram
600 1270 893 1312 cardinalibus
916 1282 990 1312 vo-

163 1330 352 1378 caretur,
384 1332 427 1369 et
460 1328 535 1380 qui
565 1340 591 1368 a
617 1327 804 1369 Nicolao
838 1327 991 1379 quinto

163 1386 254 1437 ejus
282 1387 556 1434 successore,
588 1384 803 1426 translato
833 1397 856 1426 e
885 1385 991 1426 Gra-

164 1440 288 1483 densi
308 1442 484 1484 civitate
503 1442 644 1491 titulo,
664 1441 830 1494 primus
849 1442 990 1484 Vene-

161 1499 322 1541 tiarum
340 1498 589 1551 patriarcha
608 1499 940 1541 renuntiaretur.

218 1558 268 1609 R.
296 1556 430 1597 Posui
462 1555 724 1607 adjutorium
752 1568 885 1608 super
913 1569 990 1609 po-

163 1614 343 1662 tentem,
390 1618 434 1654 et
475 1612 665 1654 exaltavi
707 1612 894 1653 electum
935 1613 991 1655 de

163 1669 293 1722 plebe
310 1682 422 1711 mea:
447 1670 470 1694 *
484 1670 639 1711 Manus
664 1669 779 1711 enim
802 1682 901 1711 mea
919 1683 990 1712 au-

163 1726 386 1768 xiliabitur
407 1727 456 1768 ei.
494 1720 545 1773 V.
561 1726 714 1768 Inveni
736 1727 881 1769 David
904 1740 991 1769 ser-

163 1796 266 1823 vum
310 1796 472 1833 meum,
521 1783 620 1827 oleo
652 1804 657 1808 «
680 1789 834 1826 sancto
890 1797 990 1826 meo

163 1840 267 1880 unxi
292 1852 402 1881 eum.
437 1840 604 1881 Manus.

403 1949 407 1952 ,
467 1904 620 1945 Lectio
639 1904 692 1944 vi.

168 1947 483 2054 Ecrimarum
515 1956 633 1999 dono
666 1957 915 2009 insignitus,
949 1971 992 2000 o-

267 2015 528 2067 mnipotenti
581 2015 678 2056 Deo
731 2014 993 2067 placationis

164 2071 353 2113 hostiam
378 2071 575 2124 quotidie
601 2071 825 2114 offerebat.
863 2072 993 2122 Quod

165 2141 264 2170 cum
300 2128 537 2181 aliquando
580 2134 711 2171 nocte
747 2129 993 2171 Dominicae

163 2185 415 2227 Nativitatis
437 2222 440 2226 .
466 2188 716 2239 perageret,
773 2186 994 2228 Christum

165 2242 189 2282 J
192 2254 322 2283 esum·
359 2242 440 2284 sub
490 2242 772 2295 pulcherrimi
815 2243 994 2286 infantis

166 2298 312 2351 specie
340 2298 490 2340 videre
518 2300 774 2352 promeruit3
806 2304 993 2342 tantum-

168 2367 253 2407 que
290 2355 333 2395 in
368 2367 422 2397 eo
459 2361 552 2397 erat
588 2358 810 2398 commissi
845 2357 990 2408 gregis

165 2411 436 2464 praesidium,
467 2418 515 2454 ut
547 2412 720 2454 co'elitus
753 2414 991 2467 aliquando

167 2470 396 2521 acceptum
420 2468 565 2519 fuerit,
593 2471 815 2521 pontificis
841 2473 907 2513 sui
932 2472 993 2513 in-

1043 248 1312 291 tercessione
1327 261 1378 291 ac
1391 250 1559 292 meritis
1573 253 1749 294 stetisse
1764 255 1872 294 rem-

1043 305 1276 358 publicam.
1303 307 1556 360 Prophetiae
1577 309 1735 360 spiritu
1753 308 1872 350 affla-

1043 367 1125 411 tus,
1139 362 1267 414 plura
1281 361 1482 404 humanae
1498 364 1737 414 cogniti6ni
1751 377 1871 418 pror-

1044 431 1118 459 sus
1142 419 1355 471 impervia
1373 419 1595 472 praedixit:
1618 421 1799 463 morbos
1822 434 1874 463 ac

1044 474 1270 516 daemones
1303 477 1393 517 suis
1424 476 1631 529 precibus
1663 491 1784 531 saepe
1812 478 1873 520 fu-

1043 532 1179 582 gavit:
1212 531 1349 583 libros
1383 534 1516 575 etiam
1544 533 1771 576 coelestem
1798 534 1874 576 do-

1044 590 1229 629 ctrinam
1279 602 1330 630 ac
1380 590 1592 642 pietatem
1638 590 1874 643 spirantes,

1043 646 1343 695 grammaticae
1370 660 1484 700 pene
1511 646 1648 698 rudis,
1685 650 1872 690 conscri-

1044 702 1143 754 psit.
1180 703 1511 759 Denique-cum
1539 703 1747 746 lethalem
1772 704 1873 746 inci-

1045 757 1183 800 disset
1210 759 1253 799 in
1281 760 1502 810 morbum,
1532 758 1580 802 et'
1605 760 1874 804 commodio-

1044 828 1138 857 rem
1169 815 1399 858 domestici
1429 817 1593 859 lectum
1621 818 1715 859 seni
1742 823 1878 871 atque

1045 885 1164 924 aegro
1180 875 1397 925 pararent,
1416 877 1644 916 aversatus
1661 875 1876 927 ejusmodi

1046 929 1237 979 delicias,
1256 935 1482 983 tamquam
1498 944 1524 973 a
1538 931 1773 973 durissima
1786 945 1876 974 mo-

1045 986 1196 1028 rientis
1222 986 1402 1028 Domini
1432 988 1499 1030 sui
1525 1001 1655 1030 cruce
1684 989 1786 1042 plus
1815 991 1875 1030 ni-

1044 1043 1134 1084 mio
1154 1042 1454 1094 abhorrentes,
1474 1047 1691 1087 consueto
1706 1045 1751 1086 in
1770 1047 1876 1087 stra-

1045 1100 1161 1142 mine
1200 1113 1246 1141 se
1278 1101 1403 1153 jussit
1440 1100 1620 1154 deponi,
1662 1106 1707 1144 et
1745 1101 1879 1144 finem

1045 1157 1148 1199 vitae
1186 1170 1277 1198 suae
1313 1158 1551 1200 adventare
1583 1161 1877 1211 praenoscens,
1908 1187 1911 1192 -

1045 1214 1230 1256 sublatis
1263 1215 1306 1256 in
1339 1215 1502 1257 coelum
1534 1215 1690 1257 oculis:
1721 1215 1878 1267 Venio,

1044 1271 1202 1324 inquit,
1229 1271 1286 1314 ad
1309 1276 1371 1323 te,
1400 1285 1427 1314 o
1450 1272 1567 1314 bone
1586 1273 1706 1324 Jesu;
1735 1285 1787 1315 ac
1805 1271 1877 1315 die

1046 1330 1204 1370 octava
1222 1329 1247 1370 J
1250 1330 1417 1370 anuarii
1439 1328 1708 1372 obdormivit
1724 1330 1769 1371 in
1784 1326 1876 1372 De-

1044 1386 1175 1427 mino.
1211 1386 1460 1428 Pretiosam
1489 1387 1581 1439 ejus
1605 1392 1795 1436 mortem
1815 1392 1878 1429 te-

1046 1443 1149 1484 stati
1190 1448 1291 1486 sunt
1332 1443 1518 1495 angelici
1556 1445 1811 1494 concentus,
1852 1457 1878 1486 a

1048 1501 1347 1543 Carthusianis
1367 1499 1631 1554 quibusdam
1649 1501 1876 1543 menachis

1048 1557 1196 1608 auditi,
1216 1563 1260 1599 et
1277 1571 1451 1600 sacrum
1465 1557 1655 1600 cadaver
1669 1571 1748 1611 per
1764 1557 1877 1600 duos

1046 1614 1162 1656 ultra
1202 1628 1377 1656 menses
1416 1614 1709 1666 inhumatum,
1754 1615 1878 1657 suavi

1044 1671 1243 1723 fragrans
1269 1671 1426 1723 odore,
1462 1677 1506 1714 et
1530 1672 1792 1715 rubescente
1817 1673 1877 1715 fa-

1046 1728 1127 1779 cie,
1157 1731 1375 1780 integrum
1403 1734 1536 1782 atque
1563 1729 1878 1783 incorruptum,

1045 1798 1098 1828 ac
1119 1798 1236 1828 nova
1261 1791 1365 1839 post
1389 1789 1579 1828 mortem
1604 1788 1780 1839 patrata
1802 1787 1878 1828 mi-

1045 1843 1210 1886 racula:
1245 1843 1403 1896 quibus
1431 1846 1661 1897 permetus
1689 1843 1877 1886 Alexan-

1047 1900 1126 1943 der
1172 1903 1358 1942 octavus
1407 1900 1611 1942 Pontifex
1659 1900 1878 1942 Maximus

1047 1971 1146 1999 eum
1163 1959 1417 1999 sanctorum
1430 1961 1615 2000 numero
1631 1957 1878 2011 adscripsit.

1045 2014 1327 2056 Innocentius
1337 2027 1444 2056 vero
1461 2014 1749 2057 duodecimus
1765 2015 1880 2068 quin·

1045 2077 1137 2114 tam
1156 2071 1428 2125 Septembris
1453 2070 1569 2113 diem
1593 2085 1680 2124 qua
1697 2071 1764 2114 vir
1783 2084 1878 2113 san·

1047 2133 1144 2170 ctus
1173 2128 1230 2170 ad
1257 2129 1531 2182 pontificiam
1551 2129 1704 2183 <primo
1733 2128 1878 2171 cathe-

1047 2185 1174 2228 dram
1201 2186 1346 2228 fuerat
1379 2188 1575 2237 evectus,
1611 2184 1877 2228 celebrando

1046 2243 1162 2286 illius
1181 2243 1294 2285 festo
1315 2243 1564 2294 assignavit.

1103 2306 1153 2357 Ει.
1175 2305 1267 2347 Iste
1287 2309 1364 2346 est.
1384 2304 1469 2358 [54]

1100 2384 1147 2418 *In
1170 2383 1236 2418 111.
1259 2383 1460 2417 Nocturno
1485 2380 1658 2416 Homilia
1679 2380 1717 2413 in
1733 2379 1879 2423 Evang.

1050 2432 1179 2468 Homo
1211 2433 1383 2476 peregre.
1426 2430 1473 2464 de
1507 2429 1644 2464 eodem
1676 2427 1881 2467 Communi

1053 2481 1080 2515 1.
1105 2481 1203 2515 loco.
1226 2480 1295 2524 [56]
