2040 2944
781 203 989 237 Communc
1020 204 1226 246 Virginum.

202 297 259 338 Et
286 299 493 338 occursus
522 297 612 347 ejus
631 307 770 347 usque
787 294 844 335 ad
861 307 972 335 sum-

150 366 269 394 mum
297 353 403 404 ejus:
431 353 454 378 *
482 365 563 394 nec
596 357 662 393 est
697 351 770 403 qui
803 363 850 392 se
878 350 972 392 abs-

152 408 311 451 06ndat
339 422 364 450 a
392 408 549 450 calore.
565 409 665 460 ejus.

202 466 295 507 Lex
309 465 487 506 DOmini
504 464 781 506 immaculata
796 466 972 506 conver-

149 527 248 564 tens
284 523 468 563 animas:
501 522 524 547 *
555 521 851 562 testimonium
885 520 972 561 Do-

149 579 253 620 mini
285 578 431 628 fidele,
468 578 726 631 sapientiam
757 581 973 630 praestans

149 635 354 688 parvulis.

201 692 225 733 J
227 691 388 733 ustitiae
423 691 600 732 Domini
638 695 790 740 rectae,
835 690 972 732 laetifi-

151 750 300 790 cantes
337 747 486 789 corda:
521 748 544 773 *
580 749 851 800 praeceptum
886 747 972 788 Do-

149 805 254 846 mini
271 803 473 853 lucidum,
494 803 739 844 illuminans
759 803 922 845 oculos.

201 861 352 902 Timor
378 860 555 901 Domini
583 865 773 910 sanctus,
807 862 972 912 perma-

148 930 256 959 nens
283 917 328 958 in
355 916 563 958 saeculum
592 916 755 958 saeculi:
774 917 798 942 *
817 916 973 968 judicia

149 974 325 1015 D6mini
351 986 471 1023 vera,
499 974 731 1025 justificata
752 973 796 1014 in
820 979 972 1015 semet-

149 1032 256 1084 ipsa.

201 1087 520 1128 Desiderabilia
563 1100 693 1139 super
734 1099 886 1142 aurum
930 1091 973 1128 et

148 1143 342 1196 lapidem
373 1144 613 1196 pretiosum
645 1143 844 1185 multum:
871 1144 894 1169 *
930 1149 973 1185 et

150 1200 347 1242 dulciora
375 1212 507 1252 super
533 1199 619 1242 mel
649 1205 692 1242 et
714 1200 870 1241 favum.

201 1256 373 1298 Etenim
401 1269 552 1298 servus
579 1262 679 1298 tuus
700 1256 892 1299 custodit
911 1270 972 1307 ea,

148 1314 171 1338 ¹⁸¹
203 1314 247 1353 in
288 1312 583 1355 custodiendis
621 1313 707 1354 illis
744 1313 971 1356 retributio

149 1369 295 1411 multa.

197 1425 369 1467 Delicta
410 1426 506 1478 quis
543 1425 763 1477 intelligit?
808 1427 862 1468 ab
903 1440 971 1468 oc-

149 1482 276 1524 cultis
315 1483 424 1524 meis
457 1482 619 1525 munda
654 1496 742 1525 me:
778 1484 801 1509 *
837 1488 880 1525 et
916 1484 971 1525 ab

147 1538 297 1580 alienis
324 1552 457 1592 parce
486 1553 614 1582 servo
640 1545 727 1581 tuo.

197 1596 243 1637 Si
287 1596 373 1637 mei
413 1609 501 1638 non
542 1597 702 1639 fuerint
745 1596 971 1646 dominati,

147 1657 251 1694 tunc
278 1652 581 1694 immaculatus
609 1665 701 1694 ero:
720 1654 743 1680 *
764 1657 807 1694 et
827 1665 970 1694 emun-

147 1707 288 1750 dabor
314 1721 340 1749 a
368 1707 530 1750 delicto
558 1709 760 1750 maximo.

197 1764 254 1805 Et
295 1770 419 1806 erunt
459 1770 507 1806 ut
547 1765 849 1818 complaceant
885 1766 970 1807 elo-

147 1821 247 1872 quia
275 1821 363 1862 oris
389 1822 491 1863 mei:
509 1823 533 1849 *
553 1826 596 1863 et
621 1821 849 1863 meditatio
878 1835 969 1864 cor—

145 1876 212 1918 dis
238 1878 325 1919 mei
351 1878 395 1918 in
422 1880 661 1930 conspectu
687 1883 763 1919 tuo
785 1891 971 1931 semper.

195 1933 382 1976 Domine
411 1934 583 1986 adjutor
609 1947 743 1985 meus
762 1936 786 1962 *
807 1940 851 1977 et
875 1935 968 1978 red-

146 1991 318 2043 emptor
344 2004 478 2032 meus.

197 2047 295 2087 Ant.
324 2047 437 2089 Ante
457 2052 607 2089 torum
630 2047 754 2100 hujus
773 2049 968 2100 Virginis

144 2103 417 2155 frequentate
452 2104 580 2146 nobis
619 2103 763 2146 dulcia
801 2106 968 2147 cantica

145 2158 365 2201 dramatis.

197 2218 294 2258 Ant.
331 2218 576 2267 Revertere,
599 2218 623 2243 *
649 2219 869 2260 revertere
894 2219 967 2261 Su-

143 2273 332 2314 namitis:
375 2275 610 2324 revertere,
647 2276 884 2325 revertere,
921 2281 968 2317 ut

144 2328 389 2370 intueamur
407 2335 461 2371 te.

415 2387 613 2427 Psahnus
632 2388 695 2428 23.

145 2434 364 2539 Domini
396 2447 463 2484 est
494 2447 626 2498 terra,
664 2448 708 2484 et
740 2443 965 2496 plenitudo

248 2498 351 2549 ejus:
374 2499 397 2524 *
421 2498 539 2540 orbis
559 2501 789 2549 terrarum,
816 2505 859 2541 et
878 2501 966 2541 uni·
1022 2534 1023 2539 ,
1048 2503 1085 2552 15²,

145 2553 259 2593 versi
279 2554 352 2605 qui
370 2554 568 2597 habitant
585 2555 629 2596 in
649 2568 712 2597 eo.

197 2609 307 2659 Quia
332 2610 426 2662 ipse
455 2624 586 2664 super
610 2613 745 2653 maria
770 2612 966 2654 fundavit

144 2721 206 2762 vit
225 2733 333 2762 eum.

1761 171 1763 176 ¹
1778 201 1849 245 [87]

1079 294 1185 344 Quis
1219 295 1425 337 ascendet
1462 296 1505 336 in
1537 302 1731 339 montem
1763 298 1850 338 Do—

1026 348 1151 390 mini?
1171 351 1194 376 *
1215 356 1288 393 aut
1308 352 1404 404 quis
1424 352 1557 395 stabit
1575 354 1618 394 in
1637 353 1735 395 loco
1756 367 1849 395 san-

1027 410 1099 447 cto
1121 405 1233 458 ejus?

1078 463 1294 505 Innocens
1343 465 1543 506 manibus
1594 471 1638 508 et
1686 467 1849 508 mundo

1027 519 1175 569 corde,
1203 521 1226 545 *
1256 521 1329 572 qui
1355 533 1443 562 non
1468 523 1637 575 accepit
1664 523 1707 563 in
1735 536 1848 565 vano

1028 576 1215 617 animam
1235 590 1372 627 suam,
1397 591 1477 619 nec
1500 579 1657 630 juravit
1679 580 1722 620 in
1747 579 1849 621 dolo

1027 633 1228 684 proximo
1250 646 1340 675 suo.

1078 689 1162 730 Hic
1203 691 1389 742 accipiet
1430 690 1781 733 benedictionem
1826 705 1850 733 a

1026 745 1231 787 Domino:
1246 746 1269 772 *
1286 752 1329 788 et
1347 747 1690 789 misericordiam
1710 761 1735 789 a
1753 749 1850 790 Deo

1027 801 1207 843 salutari
1227 815 1318 844 suo.

1078 858 1188 900 Haec
1216 864 1283 900 est
1309 861 1534 910 generatio
1565 861 1851 913 quaerentium

1028 927 1142 964 eum,
1179 916 1202 940 *
1240 917 1526 968 quaerentium
1575 917 1731 958 faciem
1767 918 1851 959 Dei

1027 971 1175 1013 Jacob.

1078 1028 1282 1070 AttoIlite
1327 1035 1479 1081 portas
1524 1031 1743 1083 principes
1780 1044 1849 1072 ve-

1028 1089 1157 1134 stras,
1187 1090 1230 1126 et
1255 1084 1482 1127 elevamini
1506 1091 1648 1138 portae
1670 1089 1850 1128 aeterna-

1026 1140 1104 1182 les:
1123 1141 1146 1166 *
1167 1146 1210 1183 et
1227 1141 1425 1183 introibit
1444 1143 1540 1184 Rex
1559 1143 1721 1193 gloriae.
1795 1170 1797 1172 ·

1079 1198 1184 1248 Quis
1211 1203 1277 1239 est
1297 1198 1380 1239 iste
1399 1199 1493 1240 Rex
1514 1198 1688 1249 gloriae?
1713 1201 1736 1225 *
1762 1200 1849 1240 Do-

1025 1254 1166 1295 minus
1198 1254 1324 1296 fortis
1357 1260 1400 1296 et
1432 1260 1604 1307 potens:
1635 1256 1850 1297 Dominus

1026 1315 1184 1362 potens
1203 1311 1246 1351 in
1264 1311 1428 1363 pra'elio.

1078 1367 1280 1408 Attollite
1325 1373 1477 1420 portas
1523 1369 1743 1421 principes
1780 1382 1848 1410 ve-

1026 1428 1155 1473 stras,
1184 1428 1228 1465 et
1252 1423 1479 1465 elevamini
1502 1430 1644 1477 portae
1669 1427 1849 1466 aeterna-

1024 1479 1103 1521 les:
1121 1481 1145 1506 *
1164 1485 1208 1521 et
1226 1480 1423 1523 introibit
1443 1482 1539 1522 Rex
1557 1481 1719 1532 gloriae.

1078 1537 1184 1586 Quis
1210 1541 1277 1578 est
1300 1537 1383 1578 iste
1402 1538 1500 1579 Rex
1526 1536 1700 1588 gloriae?
1720 1539 1743 1564 *
1762 1539 1849 1579 Do-

1024 1592 1165 1633 minus
1189 1593 1399 1634 virtutum
1426 1594 1521 1646 ipse
1549 1599 1616 1635 est
1640 1595 1736 1635 Rex
1759 1596 1848 1645 glo-

1024 1661 1110 1689 r1ae.

1079 1712 1175 1751 Ant.
1207 1711 1454 1760 Revertere‚
1478 1713 1697 1753 revertere
1717 1712 1848 1754 Suna-

1023 1766 1154 1806 mitis:
1186 1768 1420 1816 revertere,
1448 1769 1683 1817 revertere,
1714 1773 1761 1809 ut
1787 1769 1847 1809 in-

1022 1824 1221 1863 tueamur
1239 1827 1293 1864 te.

1078 1880 1126 1930 V.
1156 1883 1310 1935 Specie
1342 1888 1418 1925 tua
1451 1889 1494 1925 et
1521 1884 1845 1937 pulchritudine

1021 1944 1106 1981 tua.
1135 1942 1183 1992 R.
1199 1939 1393 1989 Intende,
1412 1943 1626 1993 prospere
1641 1942 1846 1994 procede,

1023 2001 1066 2038 et
1084 2008 1228 2047 regna.

1080 2058 1202 2098 Pater
1222 2062 1381 2099 noster.

1076 2118 1317 2159 Absolutio.
1347 2118 1517 2159 Exaudi
1540 2119 1737 2161 DOmine.

1076 2175 1125 2225 V.
1149 2178 1261 2220 Jube
1290 2178 1459 2220 domne.

1076 2239 1234 2281 Bened.
1258 2238 1569 2281 BenedictiOne
1587 2242 1810 2292 perpetua.

1065 2314 1129 2353 De
1152 2312 1351 2365 Epistola
1374 2312 1514 2365 prima
1537 2312 1655 2354 beati
1677 2313 1800 2356 Pauli

1151 2369 1357 2421 Apostoli
1376 2368 1433 2410 ad
1452 2368 1713 2411 Corinthios.

1124 2439 1274 2479 Lectio
1296 2440 1317 2478 i.
1537 2441 1638 2492 Cap.
1655 2441 1689 2481 7.
1707 2454 1739 2481 e.

1090 2503 1173 2552 {fic
1198 2498 1435 2550 virginibus
1459 2502 1731 2553 praeceptum
1755 2502 1841 2542 Do-

1022 2557 1033 2580 l'
1052 2549 1136 2630 μζ
1166 2556 1270 2596 mini
1300 2568 1387 2596 non
1417 2555 1576 2598 habeo:
1614 2557 1841 2598 consilium

1071 2616 1080 2625 ²
1098 2623 1143 2636 <⁶-
1165 2616 1311 2653 autem
1337 2611 1411 2662 do,
1437 2617 1660 2665 tamquam
1678 2612 1839 2654 miseri-

104 2664 107 2667 *
145 2677 258 2706 eum:
277 2666 300 2691 *
321 2671 364 2708 et
391 2679 522 2719 super
546 2668 723 2709 fiumina
747 2671 965 2721 praepara·
1018 2668 1212 2709 cordiam
1241 2672 1500 2710 consecl'itus
1529 2683 1554 2710 a
1578 2669 1766 2711 D6mino
1791 2673 1839 2709 ut

947 2777 950 2780 .
1017 2725 1098 2765 sim
1117 2724 1269 2766 fidelis.
1301 2725 1512 2767 Existimo
1535 2738 1638 2777 ergo
1662 2725 1746 2768 hoc
1763 2724 1838 2766 bo-
