2040 2944
179 169 246 205 434
582 175 654 208 Die
683 175 730 207 14.
756 174 854 207 Nov.

180 267 268 308 lam
293 267 532 320 professus,
558 268 717 309 mirum
744 281 856 321 quos
878 269 922 309 in
946 282 1015 311 ev-

180 323 376 374 angelica
391 323 663 375 perfectione
678 327 941 377 progressus
957 326 1014 367 fe-

180 380 299 421 cerit.
336 379 481 421 Nudis
506 379 708 432 pedibus,
734 381 1016 432 frigidissima

179 436 283 477 licet
309 436 519 478 saeviente
548 437 739 487 regionis
767 437 927 488 hieme,
954 439 1014 479 in-

180 491 380 534 cedebat:
408 505 562 534 carnes
588 506 837 545 numquam,
867 495 1016 536 vinum

178 549 351 590 nonnisi
397 562 451 590 ex
502 549 757 592 obedientia
803 551 1015 602 adhibuit,

179 605 512 658 asperrimoque
552 607 695 648 cilicio
743 607 800 649 ad
846 607 1016 649 obitum

178 675 319 714 usque
364 675 527 715 corpus
565 663 731 705 afflixit.
787 664 1015 706 Castitatis

178 719 344 769 florem,
369 733 500 772 quem
519 719 574 761 ab
596 720 898 762 adolescentia
916 721 1014 762 Vir-

178 776 269 827 gini
295 777 504 829 Deiparae
531 778 729 826 voverat,
756 777 1015 819 inviolatum

179 833 383 874 servavit.
403 833 594 875 Virtutis
607 833 911 886 doctrinaeque
923 835 1014 886 ejus

178 889 303 931 brevi
319 890 382 930 sic
397 890 514 930 fama
529 890 794 942 percrebuit,
809 894 857 931 ut
873 903 1015 942 quam·

177 946 243 987 vis
258 946 410 997 junior,
429 946 607 999 Bytenii
621 947 887 988 monasterio
902 960 1014 1000 prae-

178 1003 319 1044 fectus
357 1003 428 1053 sit3
474 1015 579 1044 mox
616 1003 839 1044 Vilnensis
877 1003 1013 1045 archi-

177 1059 410 1110 mandrita,
437 1073 487 1101 ac
515 1059 692 1101 demum
718 1060 1013 1113 archiepisco-

178 1129 262 1168 pus
298 1116 572 1166 Polocensis,
617 1117 779 1158 invitus
825 1117 1013 1169 quidem,

178 1172 257 1214 sed
285 1173 526 1214 Catholicis
553 1173 854 1224 gestientibus,
882 1174 1014 1216 fuerit

177 1230 462 1271 renuntiatus.
928 1274 933 1283 .

234 1290 283 1341 Rg.
307 1287 557 1328 Honestum
584 1287 689 1329 fecit
717 1287 839 1328 iilum
864 1288 1012 1329 Domi-

176 1357 269 1392 nus,
293 1348 336 1384 et
355 1344 595 1386 custodivit
621 1357 720 1386 eum
743 1344 797 1385 ab
817 1345 1012 1394 inimicis,

178 1405 222 1440 et
253 1413 278 1440 a
306 1399 615 1442 seductoribus
643 1401 802 1442 tutavit
826 1400 963 1441 illum:
991 1402 1013 1425 *

177 1456 234 1498 Et
267 1455 390 1498 dedit
426 1456 488 1497 illi
521 1457 765 1499 claritatem
793 1459 1012 1499 aeternam.

182 1508 231 1560 V.
263 1512 594 1565 Descenditque
633 1527 732 1555 cum
766 1513 840 1555 illo
874 1514 918 1554 in
950 1514 1009 1555 fo-

177 1582 314 1619 veam,
335 1575 379 1612 et
400 1570 444 1610 in
463 1570 647 1612 vinculis
670 1584 758 1612 non
778 1569 1013 1622 dereliquit

177 1639 286 1667 eum.
315 1627 372 1668 Et
391 1626 524 1669 dedit.

494 1682 645 1722 Lectio
674 1696 710 1721 v.

182 1734 325 1839 Hac
357 1739 570 1791 dignitate
603 1745 776 1790 auctuS,
813 1741 920 1782 nihil
957 1741 1013 1783 de

298 1796 438 1848 priori
464 1797 641 1839 vivendi
668 1798 839 1839 ratione
867 1800 1012 1840 remit-

176 1857 291 1901 tens,
329 1853 503 1894 nonnisi
537 1853 732 1895 divinum
770 1854 937 1896 cultum
969 1860 1013 1897 et

178 1907 447 1950 creditarum
462 1909 545 1951 sibi
561 1910 709 1952 ovium
720 1911 908 1953 salutem
919 1924 1012 1953 cor-

178 1964 223 2006 di
237 1965 402 2007 habuit.
422 1965 663 2008 Catholicae
678 1968 859 2009 unitatis
875 1981 928 2009 ae
942 1982 1012 2010 ve-

177 2021 319 2063 ritatis
339 2024 542 2064 strenuus
562 2026 881 2076 propugnator,
907 2026 1014 2067 totis

178 2078 343 2119 viribus
376 2079 655 2122 adlaboravit
690 2086 740 2122 ut
771 2081 1013 2123 schismati-

178 2148 256 2176 cos
292 2135 619 2189 haereticosque
651 2136 709 2178 ad
745 2139 1013 2180 communio-

178 2205 278 2232 nem
302 2205 402 2234 cum
426 2192 546 2235 beati
564 2194 686 2235 Petri
706 2194 812 2235 sede
831 2195 1014 2237 reduce-

178 2254 256 2290 ret.
292 2249 518 2291 Summum
543 2250 803 2292 Pontificem
833 2252 1014 2304 ejusque

179 2306 413 2356 potestatis
442 2307 762 2359 plenitudinem
790 2308 845 2349 ab
873 2308 1011 2361 impu-

180 2360 447 2404 dentissimis
466 2364 704 2416 impiorum
723 2365 950 2406 calumniis
970 2371 1014 2407 et

179 2418 424 2468 erroribus,
462 2433 548 2471 qua
582 2421 887 2472 concionibus,
928 2435 1014 2474 qua

180 2475 359 2527 scriptis
385 2477 550 2528 pietate
577 2490 629 2518 ac
655 2477 858 2519 doctrina
883 2479 1013 2520 refer-

178 2531 234 2572 tis
282 2531 519 2574 defendere
556 2547 796 2587 numquam
833 2534 1013 2576 destitit.

178 2588 493 2640 Episcopalem
508 2591 854 2641 jurisdictionem
874 2596 918 2632 et
932 2591 1012 2632 Ec-

180 2645 327 2686 clesiae
351 2645 468 2686 bona
494 2659 519 2687 a
542 2646 667 2688 laicis
692 2649 905 2700 usurpata
924 2648 1012 2688 vin-

180 2702 355 2745 dicavit.
389 2702 655 2745 Incredibile
674 2703 796 2746 dictu
816 2709 884 2746 est
904 2709 1013 2757 quot

903 175 937 207 S.
959 174 1154 216 ,Iosophat
1178 173 1305 216 Epise.
1331 179 1366 207 et
1391 174 1498 208 Mart.

1067 270 1302 312 haereticos
1313 271 1357 311 in
1373 270 1515 311 sinum
1525 272 1677 313 matris
1687 272 1903 314 Ecclesiae

1068 326 1354 368 revocaverit.
1391 326 1574 369 Unionis
1597 340 1704 370 vero
1729 329 1902 370 Graecae

1068 382 1282 424 Ecclesiae
1306 395 1406 424 cum
1428 383 1587 424 Latina
1610 383 1635 424 J
1637 384 1903 437 osaphatum

1067 441 1373 491 promotorem
1407 440 1630 481 exstitisse
1661 441 1903 493 praeclaris-

1069 495 1245 545 simum,
1290 496 1423 537 etiam
1459 496 1689 549 pontificia
1726 498 1904 540 oracula

1069 551 1232 593 diserte
1251 555 1481 594 testantur.
1514 552 1586 593 Ad
1606 552 1713 602 haec,
1734 558 1778 595 et
1796 558 1903 596 tem-

1068 608 1131 660 pli
1155 608 1239 649 Dei
1266 608 1416 650 decori
1443 609 1742 658 instaurando,
1768 615 1812 651 et
1838 623 1903 652 sa—

1069 666 1243 705 crarum
1266 665 1484 716 virginum
1503 664 1781 707 exstruendis
1800 665 1902 708 aedi-

1069 720 1163 770 bus,
1177 721 1362 773 aliisque
1373 722 1459 774 piis
1471 722 1680 774 operibus
1692 722 1903 774 juvandis,

1067 790 1234 818 mensae
1267 791 1360 819 suae
1387 780 1632 830 proventus
1660 779 1778 820 ultro
1810 791 1903 821 ero-

1067 834 1198 884 gavit.
1226 835 1277 874 In
1291 837 1513 887 pauperes
1530 835 1643 876 adeo
1661 834 1837 885 effusus
1855 841 1904 878 ut

1068 903 1168 932 cum
1193 890 1298 931 olim
1322 891 1485 944 inopiae
1509 890 1738 943 cujusdam
1755 891 1902 933 viduae

1068 946 1353 988 sublevandae
1379 947 1487 988 nihil
1514 951 1786 998 occurreret,
1816 949 1902 1001 epi—

1068 1003 1250 1056 scopale
1269 1004 1464 1056 pallium,
1485 1017 1563 1045 seu
1583 1004 1903 1057 Omophorion‚

1068 1061 1356 1113 oppignorari
1375 1061 1560 1113 jusserit.

1121 1121 1173 1172 R.
1202 1117 1483 1159 Desiderium
1515 1118 1673 1159 animae
1706 1118 1798 1168 ejus
1829 1117 1901 1159 tri-

1067 1174 1202 1216 buisti
1235 1175 1274 1216 ei
1301 1174 1509 1224 Domine,
1541 1177 1565 1203 *
1588 1174 1646 1216 Et
1673 1173 1901 1215 voluntate

1066 1230 1285 1272 labiorum
1312 1231 1403 1283 ejus
1431 1243 1521 1272 non
1549 1229 1763 1272 fraudasti
1791 1242 1902 1271 eum.

1070 1285 1121 1337 V.
1134 1288 1351 1338 Quoniam
1370 1287 1627 1339 praevem'sti
1647 1299 1748 1328 eum
1766 1287 1810 1327 in
1828 1286 1901 1328 be-

1067 1343 1392 1386 nedictionibus
1421 1343 1682 1386 dulcedinis:
1713 1343 1904 1395 posuisti

1066 1402 1110 1441 in
1138 1401 1283 1453 capite
1312 1401 1403 1451 ejus
1433 1403 1645 1442 coronam
1670 1399 1725 1441 de
1753 1399 1902 1452 lapide

1066 1457 1276 1509 pretioso.
1304 1458 1371 1499 Et.

1376 1515 1528 1556 Lectio
1548 1515 1601 1556 vi.

1070 1568 1197 1673 Tot
1233 1570 1465 1612 catholicae
1497 1570 1603 1612 fidei
1634 1570 1903 1611 incrementa

1162 1627 1518 1680 perditissimoru
1539 1626 1769 1668 hominum
1788 1624 1901 1667 adeo

1068 1685 1371 1727 excitaverunt
1392 1683 1504 1734 odia,
1529 1688 1590 1734 ut,
1617 1682 1902 1735 conspiratio-

1066 1755 1122 1783 ne
1140 1741 1258 1791 inita,
1275 1740 1437 1782 Christi
1451 1740 1662 1782 athletam
1677 1738 1735 1781 ad
1749 1751 1904 1780 necem

1069 1800 1334 1850 quaererent3
1381 1810 1513 1849 quam
1557 1796 1642 1838 sibi
1674 1795 1903 1837 imminere

1067 1855 1163 1908 ipse
1190 1855 1234 1895 in
1260 1867 1340 1895 suo
1371 1853 1428 1895 ad
1455 1853 1671 1907 populum
1699 1853 1903 1893 sermone

1066 1911 1390 1964 praenuntiavit.
1426 1910 1536 1952 Cum
1558 1913 1708 1961 itaque
1726 1908 1902 1961 Viteps-

1068 1982 1168 2010 cum
1201 1967 1438 2021 pastoralis
1469 1965 1733 2008 visitationis
1761 1965 1903 2016 gratia

1066 2026 1293 2078 profectus
1313 2029 1441 2074 esset,
1465 2023 1527 2065 illi
1546 2023 1901 2076 archiepiscopa-

1067 2083 1132 2124 les
1163 2082 1377 2124 invadunt
1410 2080 1545 2131 aedes3
1579 2080 1737 2122 obvios
1771 2091 1900 2131 quos-

1069 2152 1154 2191 que
1182 2139 1344 2180 feriunt
1372 2151 1424 2179 ac
1458 2137 1647 2179 caedunt.
1692 2136 1806 2177 Tum
1834 2135 1901 2177 vir

1066 2195 1322 2237 mitissimus
1339 2194 1638 2247 quaerentibus
1655 2197 1814 2245 sponte
1830 2205 1899 2234 oc-

1067 2252 1220 2302 currit,
1253 2254 1420 2304 eosque
1448 2253 1588 2293 amice
1616 2248 1900 2302 compellans,

1067 2308 1230 2359 Filioli,
1276 2308 1438 2360 inquit,
1485 2319 1620 2359 quare
1665 2305 1901 2347 familiares

1066 2377 1191 2406 meos
1217 2363 1411 2406 caeditis?
1448 2364 1494 2406 Si
1522 2362 1627 2416 quid
1652 2367 1806 2404 contra
1830 2375 1901 2404 me

1066 2421 1252 2471 habetis,
1276 2434 1380 2462 ecce
1399 2420 1565 2462 adsum.
1597 2419 1713 2460 Hinc
1732 2421 1900 2471 impetu

1066 2478 1196 2527 facto,
1216 2490 1317 2519 eum
1335 2476 1593 2518 verberibus
1613 2475 1899 2525 contundunt,

1066 2534 1165 2576 telis
1181 2533 1449 2581 confodiunt,
1465 2545 1516 2573 ac
1528 2532 1705 2574 demum
1720 2532 1899 2573 immani

1067 2592 1211 2633 securi
1232 2592 1447 2639 necatum,
1471 2589 1514 2629 in
1539 2589 1702 2630 flumen
1724 2588 1897 2642 projici-

1065 2653 1157 2698 unt;
1178 2646 1249 2688 die
1269 2645 1532 2688 duodecima
1546 2645 1812 2687 Novembris
1828 2645 1899 2685 ani

1065 2703 1374 2747 sexcentesimi
1399 2702 1596 2744 vicesimi
1621 2702 1740 2744 tertii
1764 2714 1898 2755 supra
