2040 2944
806 185 1019 220 Commune
1048 186 1267 221 Doctorum.

183 283 398 324 Dominus
415 282 629 332 adveniet,
641 285 830 335 eumque
845 296 870 324 a
884 282 1010 324 bonis

184 352 282 392 quae
302 338 614 391 spopenderat,
639 339 817 389 dividet,
844 339 1010 392 portio-

182 398 369 447 nemque
415 396 506 447 ejus
548 408 647 437 cum
685 395 927 449 hypocritis
967 397 1010 437 in

182 464 328 505 poenae
348 452 596 494 aeternitate
625 455 879 494 constituet:
910 453 1011 505 quia

182 508 419 550 adventum
439 507 751 562 desperaverit,
773 509 875 562 quia
892 522 1010 550 man-

182 565 297 606 datis
337 577 426 606 non
464 565 862 618 obtemperaverit,
909 567 1011 618 quia

181 621 475 674 praesentibus
509 622 747 672 studuerit,
785 623 886 675 quia
920 623 1011 664 vita

183 678 391 720 Gentium
431 679 608 730 vixerit,
665 680 766 731 quia
807 678 1010 732 despera-

182 734 302 776 tione
339 734 487 787 judicii
521 738 799 777 commissam
836 735 921 777 sibi
953 736 1010 777 fa-

182 791 346 833 miliam
364 792 489 843 fame,
517 793 601 842 siti,
630 792 752 834 caede
774 793 1011 835 vexaverit.

238 857 298 896 Te
317 854 462 896 Deum
484 853 726 896 laudamus.
755 855 813 894 14.

456 937 459 938 γ
475 923 771 951 -—.-0>,.÷...-.V

376 988 473 1028 Pro
501 987 815 1030 Doctoribus.

234 1055 303 1095 Ad
344 1055 529 1104 Magnis..
572 1055 612 1094 in
653 1054 848 1105 utrisque
876 1054 1009 1105 Vesp.

183 1112 281 1152 Ant.
306 1112 343 1152 O
364 1110 536 1152 Doctor
557 1111 733 1163 optime,
757 1111 781 1137 *
800 1111 1011 1152 Ecclesiae

183 1172 348 1209 sanctae
387 1167 550 1217 lumen,
591 1167 722 1209 beate
758 1170 810 1211 N.
852 1167 1011 1210 divinae

182 1224 292 1275 legis
312 1226 491 1275 amator,
520 1225 760 1278 deprecare
780 1237 862 1277 pro
882 1224 1012 1266 nobis

182 1280 339 1322 Filium
357 1281 451 1323 Dei.

517 1344 681 1386 Oratio.

219 1409 409 1461 (wftfissuffi
437 1403 512 1454 qui
537 1402 705 1455 populo
730 1408 808 1445 tuo
834 1405 1012 1445 aeternae

196 1466 197 1469 ’
222 1459 276 1515 »ξ’
304 1487 308 1501 ,
329 1459 483 1501 salutis
502 1459 682 1501 beatum
702 1462 754 1503 Ν.
765 1461 1013 1502 ministrum

190 1517 197 1541 ³
226 1539 239 1541 *ff
253 1507 308 1541 A
328 1515 538 1558 tribuisti:
558 1521 723 1569 praesta
746 1519 1012 1569 quaesumus3

184 1576 232 1613 ut
248 1585 379 1624 quem
395 1573 640 1614 Doctorem
657 1573 761 1615 vitae
780 1573 1013 1615 habuimus

184 1628 228 1668 in
269 1629 419 1679 terris,
472 1629 811 1671 intercessorem
850 1630 1014 1672 habere

184 1688 431 1727 mereamur
449 1686 493 1726 in
509 1686 644 1727 coelis.
663 1687 748 1728 Per
764 1687 1014 1728 Dominum.

236 1755 439 1789 Lectiones
465 1760 669 1796 sequentes
696 1754 875 1796 leguntur
899 1753 936 1787 in
963 1754 1012 1787 fc-

185 1804 254 1837 stis
274 1803 494 1837 Doctorum.
533 1802 708 1835 Officium
734 1807 858 1836 autem
878 1802 914 1835 in
935 1802 1011 1835 illis

186 1853 223 1885 tit
239 1851 283 1885 de
299 1851 531 1885 Confessore
547 1849 730 1883 l‘ontifiee
750 1850 808 1883 vel
827 1860 902 1883 non
914 1850 1011 1884 Pon-

185 1900 295 1933 tiiiee.
323 1909 391 1941 pro
411 1898 595 1941 qualitate
614 1897 729 1931 Festi.

417 1967 465 2006 In
493 1967 523 2005 I.
551 1966 774 2006 Nocturno.

324 2031 391 2072 De
418 2029 534 2071 libro
563 2028 875 2071 Ecclesiastici.

262 2089 415 2132 Lecti'o
436 2091 459 2130 i.
748 2092 849 2142 Cap.
869 2092 934 2131 39.

193 2154 260 2203 scr
289 2147 528 2200 apientiam
574 2147 769 2188 omnium
814 2147 1014 2199 antiquo-

193 2202 275 2267 &a
314 2217 411 2246 rum
440 2206 642 2256 exquiret
670 2204 864 2257 sapiens,
897 2209 942 2246 et
969 2204 1014 2244 in

191 2247 284 2289 A)
315 2260 546 2313 prophetis
565 2260 752 2302 vacabit.
788 2261 1013 2302 Narratio-

186 2330 286 2358 nem
317 2317 512 2358 virorum
552 2317 879 2358 nominatorum
914 2330 1013 2358 con-

187 2373 392 2423 servabit,
421 2378 464 2415 et
483 2374 527 2414 in
547 2374 764 2416 versutias
784 2373 1014 2426 parabola-

186 2443 284 2471 rum
304 2429 433 2471 simul
453 2429 663 2472 introibit.
705 2430 892 2472 Occalta
915 2442 1014 2483 pro-

187 2485 438 2527 verbiorum
461 2489 678 2538 exquiret,
706 2494 751 2530 et
770 2487 813 2528 in
831 2486 1014 2529 abscen-

189 2542 293 2585 ditis
326 2541 637 2595 parabolarum
670 2543 1014 2585 conversabitur.

186 2601 238 2640 In
252 2598 399 2640 medio
415 2601 720 2649 magnatorum
736 2599 1014 2649 ministrabit,

188 2661 232 2698 et
262 2656 305 2696 in
334 2657 577 2707 conspectu
602 2656 807 2708 praesidis
833 2657 1014 2708 appare-

187 2713 261 2755 bit.
290 2713 340 2753 In
365 2716 527 2753 terram
550 2711 891 2762 alienigenarum
913 2714 1014 2764 gen-

1063 282 1172 324 tium
1210 284 1495 336 pertransiet:
1541 283 1660 326 bona
1698 284 1813 325 enim
1848 288 1893 326 et

1062 340 1177 381 mala
1205 340 1249 380 in
1278 339 1529 382 hominibus
1555 340 1755 382 tentabit.

1117 408 1168 460 Eg.
1206 406 1330 457 Euge
1363 418 1489 447 serve
1522 405 1639 448 bone
1667 411 1712 447 et
1738 405 1892 455 fidelis,

1065 462 1167 514 quia
1194 462 1238 503 in
1266 475 1409 515 pauca
1434 462 1555 504 fuisti
1577 462 1730 512 fidelis,
1758 475 1892 515 supra

1063 519 1200 560 multa
1237 524 1281 561 te
1317 522 1602 561 constituam:
1636 523 1659 546 *
1689 519 1811 561 Intra
1846 519 1891 560 in

1063 576 1271 627 gaudium
1301 576 1480 617 Demini
1508 575 1584 617 tui.
1623 571 1673 624 Y.
1701 575 1892 617 Demine

1065 633 1259 685 quinque
1300 633 1466 675 talenta
1506 631 1730 674 tradidisti
1774 631 1892 682 mihi,

1065 701 1168 731 ecce
1206 689 1291 731 alia
1329 689 1523 741 quinque
1565 688 1892 742 superlucratus

1064 759 1171 786 sum.
1207 746 1340 788 Intra.

1378 820 1528 860 Lectio
1548 819 1586 859 ii.

1140 898 1190 927 or
1217 899 1344 927 suum
1371 885 1518 928 tradet
1543 885 1600 928 ad
1623 885 1893 936 vigilandum

1150 942 1344 984 diluculo
1362 942 1420 984 ad
1434 943 1683 993 Dominum,
1700 943 1775 995 qui
1789 942 1894 984 fecit

1065 1000 1206 1049 illum,
1244 1004 1288 1041 et
1321 999 1366 1040 in
1398 1000 1640 1052 conspectu
1676 999 1893 1042 Altissimi

1065 1055 1388 1109 deprecabitur.
1423 1055 1608 1109 Aperiet
1627 1068 1678 1098 os
1697 1069 1824 1098 suum
1847 1056 1893 1097 in

1066 1113 1282 1163 oratione,
1316 1118 1360 1155 et
1386 1125 1469 1165 pro
1498 1112 1673 1154 delictis
1701 1112 1792 1154 suis
1821 1112 1893 1155 de-

1065 1170 1330 1223 precabitur.
1367 1169 1413 1211 Si
1433 1169 1549 1211 enim
1567 1169 1783 1211 Deminus
1807 1181 1895 1210 ma-

1065 1240 1176 1278 gnus
1195 1227 1396 1277 voluerit,
1416 1226 1576 1279 spiritu
1594 1225 1896 1278 intelligentiae

1066 1283 1255 1336 replebit
1287 1283 1428 1324 illum:
1465 1287 1510 1324 et
1542 1282 1638 1335 ipse
1669 1287 1896 1335 tamquam

1066 1339 1230 1381 imbres
1269 1340 1416 1382 mittet
1453 1339 1629 1391 elequia
1666 1339 1895 1392 sapientiae

1066 1409 1178 1446 suae,
1219 1401 1264 1438 et
1295 1397 1339 1437 in
1377 1396 1578 1437 oratiene
1614 1395 1896 1437 confitebitur

1067 1453 1274 1494 Domino:
1308 1458 1352 1495 et
1370 1453 1467 1506 ipse
1487 1452 1646 1503 diriget
1666 1452 1895 1494 consilium

1068 1511 1169 1562 ejus,
1198 1514 1242 1551 et
1270 1509 1558 1562 disciplinam,
1587 1514 1631 1550 et
1649 1509 1693 1550 in
1713 1508 1896 1551 abscen-

1067 1566 1171 1608 ditis
1199 1567 1290 1608 suis
1321 1565 1638 1608 consiliabitur.

1203 1646 1290 1686 Pro
1320 1645 1514 1685 Doctore
1543 1642 1767 1685 Pontifice.

1120 1717 1169 1768 Rz.
1202 1714 1318 1755 Ecce
1347 1713 1556 1756 sacerdos
1583 1726 1783 1765 magnus,
1822 1714 1897 1766 qui
1959 1747 1962 1750 .

1068 1771 1111 1811 in
1140 1770 1295 1812 diebus
1314 1771 1404 1812 suis
1423 1771 1590 1824 placuit
1609 1771 1725 1812 Deo:
1743 1773 1766 1797 ¹⁸¹
1787 1769 1896 1812 Ideo

1068 1826 1350 1880 jurejurando,
1382 1827 1487 1870 fecit
1523 1827 1647 1869 illum
1678 1827 1896 1869 Dominus

1068 1885 1266 1926 crescere
1294 1884 1339 1925 in
1366 1883 1544 1938 plebem
1568 1897 1703 1925 suam.
1738 1878 1787 1931 127.
1815 1883 1896 1925 Be-

1067 1940 1365 1983 nedicti6nem
1390 1940 1586 1983 omnium
1605 1940 1802 1992 gentium
1824 1939 1895 1982 de-

1068 1997 1133 2039 dit
1151 1998 1225 2048 illi,
1254 2003 1298 2040 et
1317 1999 1631 2040 testamentum
1651 2010 1780 2038 suum
1797 2009 1895 2038 con·

1067 2054 1258 2096 firmavit
1278 2067 1410 2108 super
1429 2059 1563 2107 caput
1582 2055 1684 2107 ejus.
1711 2052 1831 2096 Ideo.

1141 2136 1226 2176 Pro
1255 2136 1452 2177 Doctore
1481 2149 1568 2177 non
1596 2134 1820 2176 Pontifice.

1120 2206 1171 2257 Ru.
1204 2202 1357 2244 Justus
1396 2202 1661 2253 germinabit
1696 2201 1810 2243 sicut
1847 2201 1895 2242 li-

1066 2258 1191 2300 lium:
1229 2263 1251 2287 *
1287 2260 1345 2301 Et
1385 2258 1560 2300 florebit
1596 2259 1641 2299 in
1682 2259 1894 2299 aeternum

1067 2320 1168 2357 ante
1203 2316 1454 2357 Dominum.
1498 2311 1548 2364 V.
1587 2314 1814 2356 Plantatus
1851 2314 1893 2355 in

1068 2372 1202 2414 domo
1222 2373 1413 2422 Domini,
1433 2373 1476 2412 in
1496 2371 1616 2414 atriis
1637 2371 1794 2413 domus
1811 2371 1894 2413 Dei

1068 2429 1218 2470 nostri.
1246 2430 1313 2471 Et.

1368 2482 1520 2523 Lectio
1541 2481 1596 2520 iii.

1068 2541 1193 2646 Ipse
1210 2541 1356 2594 palam
1373 2540 1504 2582 faciet
1523 2539 1801 2592 disciplinam
1819 2540 1894 2582 do-

1136 2601 1289 2641 ctrinae
1301 2610 1403 2647 suae,
1417 2601 1461 2639 et
1474 2597 1517 2637 in
1532 2596 1629 2647 lege
1642 2597 1895 2639 testamenti

1068 2655 1246 2697 Demini
1263 2653 1532 2706 gloriabitur.
1570 2653 1894 2695 Collaudabunt

1067 2712 1192 2754 multi
1210 2710 1471 2763 sapientiam
1492 2711 1597 2762 ejus,
1628 2715 1672 2752 et
1690 2723 1831 2763 usque
1850 2710 1894 2751 in
