2040 2944
183 166 275 212 [314]

474 267 626 307 Lectio
648 265 730 305 viii.

185 320 312 427 Sed
349 322 451 373 quia
486 321 585 373 ipsa
618 319 763 360 anima
793 330 882 359 non
917 330 1016 359 eum

273 381 474 426 noverat,
508 389 533 417 a
569 388 656 428 quo
687 374 884 416 sananda
913 379 1017 424 erat,

186 440 230 477 et
257 434 411 476 eculos
437 432 631 474 habebat
655 432 699 472 in
720 443 870 479 carne,
899 429 1017 472 unde

186 493 300 533 facta
329 489 582 543 corporalia
609 487 794 530 videret:
821 486 1018 528 nondum

185 546 377 588 habebat
388 559 521 587 sanos
532 546 576 586 in
587 544 733 593 corde,
743 543 862 585 unde
873 543 1018 584 Deum

184 604 392 645 latentem
425 605 698 653 agnosceret.
738 600 864 641 Fecit
897 599 1019 652 quod

183 660 324 702 videri
343 662 536 712 peterat,
562 663 610 699 ut
634 659 876 706 sanaretur,
901 655 1018 697 unde

184 716 327 758 videri
351 729 440 757 non
465 718 655 768 peterat.
695 715 927 764 Ingressus
953 717 1019 754 est

183 774 348 822 locum,
379 772 455 814 ubi
487 771 658 823 jacebat
689 783 848 821 magna
875 769 1017 810 multi-

183 829 293 871 tudo
312 828 622 879 languentium,
648 828 880 876 caecorum,
904 825 1017 866 clau-

185 886 353 935 do'rum,
374 884 608 926 aridorum.

234 947 285 986 R.
323 943 521 993 Tempus
555 945 622 982 est
653 945 702 982 ut
734 940 932 981 revertar
961 938 1019 980 ad

185 1011 301 1048 eum,
330 998 405 1049 qui
430 1010 501 1038 me
527 997 662 1047 misit,
692 996 802 1037 dixit
821 995 1018 1045 Angelus

185 1054 403 1107 Raphael:
428 1058 450 1081 *
474 1053 570 1095 Vos
595 1057 743 1094 autem
767 1051 1018 1093 benedicite

185 1111 440 1160 Dominum,
466 1115 510 1152 et
528 1111 703 1150 narrate
727 1108 874 1150 omnia
892 1108 1018 1148 mira-

184 1167 289 1208 bilia
309 1167 411 1218 ejus.
434 1165 484 1215 Y.
510 1165 790 1207 Confitemini
808 1164 847 1206 ei
867 1177 1018 1205 coram

183 1223 387 1264 Omnibus
408 1221 673 1271 viventibus,
701 1221 804 1272 quia
821 1220 926 1262 fecit
943 1233 1017 1262 vo-

182 1278 353 1321 biscum
376 1276 727 1320 misericerdiam
746 1289 882 1318 suam.
910 1277 1018 1318 Vos.

181 1336 333 1378 Gloria
352 1335 483 1377 Patri.
511 1335 620 1376 Vos.

486 1395 638 1435 Lectio
659 1395 713 1434 ix.

263 1453 282 1490 t
306 1461 405 1490 cum
430 1453 548 1490 esset
569 1447 768 1489 medicus
793 1452 836 1489 et
855 1448 1017 1488 anima-

275 1518 373 1546 rum
393 1510 436 1547 et
454 1507 705 1557 corporum,
726 1509 769 1546 et
787 1504 861 1556 qui
876 1506 1016 1545 venis-

182 1566 250 1603 set
276 1563 433 1603 sanare
460 1573 612 1602 omnes
637 1562 806 1602 animas
830 1560 1017 1602 creditu-

182 1620 346 1668 rorum,
373 1617 429 1659 de
448 1618 534 1658 illis
553 1617 862 1668 languentibus
881 1631 1017 1658 unum

182 1674 328 1725 elegit,
355 1687 486 1726 quem
511 1677 703 1723 sanaret,
729 1679 778 1715 ut
804 1674 1018 1716 unitatem

182 1731 461 1781 significaret.
496 1731 542 1772 Si
563 1731 778 1773 mediocri
797 1730 947 1781 corde,
974 1737 1018 1773 et

183 1788 309 1839 quasi
347 1787 540 1829 humano
582 1793 717 1839 captu
758 1793 802 1829 et
841 1787 1016 1839 ingenio

183 1844 513 1886 consideremus
541 1845 790 1894 facientem,
822 1848 867 1885 et
896 1844 1017 1895 quod

184 1900 240 1942 ad
266 1902 537 1953 potestatem
563 1902 776 1954 pertinet,
808 1913 897 1941 non
929 1914 1016 1942 ma-

182 1969 316 2006 gnum
335 1956 503 2008 aliquid
521 1957 720 2010 perfecit;
750 1962 794 1999 et
819 1956 941 2008 quod
959 1957 1017 2000 ad

183 2012 513 2063 benignitatem,
533 2026 690 2066 parum
710 2014 824 2055 fecit.
852 2012 942 2055 Tot
961 2015 1016 2065 ja-

182 2068 356 2118 cebant,
385 2075 428 2110 et
454 2083 566 2111 unus
595 2073 774 2111 curatus
803 2075 888 2119 est,
917 2083 1017 2111 cum

183 2130 336 2176 posset
355 2139 443 2167 uno
463 2126 600 2167 verbo
621 2139 775 2168 omnes
795 2129 975 2177 erigere.

242 2184 302 2223 Te
322 2183 466 2224 Deum
485 2182 725 2224 laudamus.
745 2185 805 2224 14.

451 2247 531 2288 Ad
547 2248 746 2289 Laudes

391 2308 442 2337 ct
482 2314 578 2347 per
616 2304 812 2338 Horas

239 2354 336 2394 Ant.
352 2355 380 2393 1.
403 2352 563 2393 Missus
584 2358 650 2395 est
670 2353 867 2404 Angelus
886 2355 909 2378 *
930 2353 1015 2394 Ra-

186 2404 316 2457 phael
340 2407 396 2448 ad
415 2408 604 2449 Tobiam
624 2414 669 2451 et
687 2410 856 2459 Saram,
880 2415 928 2451 ut
946 2423 1016 2451 cu-

186 2464 303 2503 raret
322 2475 410 2503 eos.

240 2522 307 2561 Ps.
338 2519 552 2560 Dominus
572 2523 783 2572 regnavit.
802 2523 861 2563 15.

238 2579 273 2618 2.
312 2577 541 2626 Ingressus
571 2577 766 2627 Angelus
795 2580 818 2604 *
847 2579 903 2620 ad
931 2580 1016 2620 To-

186 2631 315 2680 biam,
335 2631 542 2674 salutavit
562 2646 672 2682 eum,
693 2640 736 2675 et
754 2634 878 2677 dixit:
900 2636 1015 2676 Gau-

187 2687 307 2729 dium
326 2688 383 2729 sit
401 2687 481 2729 tibi
499 2701 685 2741 semper.

622 170 694 203 Die
719 169 770 202 24.
796 168 876 203 Oct.
925 168 959 203 S.
984 168 1198 211 Raphaelis
1222 167 1470 209 Archangeli.

1124 268 1160 307 3.
1190 264 1310 306 Forti
1337 263 1484 304 animo
1507 261 1532 286 *
1556 264 1653 301 esto
1679 258 1837 316 Tobia:
1862 259 1907 300 in

1069 321 1275 371 proximo
1296 320 1413 362 enim
1433 323 1499 360 est
1513 322 1563 359 ut
1577 330 1603 358 a
1616 317 1714 358 Deo
1731 315 1908 357 cureris.

1124 386 1162 424 4.
1197 381 1455 423 Benedicite
1487 379 1633 420 Deum
1665 376 1783 427 coeli,
1810 378 1835 404 *
1864 382 1908 418 et

1071 449 1220 478 coram
1254 437 1458 479 omnibus
1491 433 1742 477 viventibus
1774 433 1906 475 confi-

1071 494 1223 535 temini
1241 494 1314 544 illi,
1335 494 1437 546 quia
1457 491 1562 534 fecit
1582 490 1814 533 vobiscum
1832 489 1907 530 mi-

1072 550 1358 592 sericordiam
1378 562 1513 591 suam.

1126 614 1164 654 5.
1205 613 1297 653 Pax
1332 610 1477 660 vobis,
1509 610 1533 635 *
1565 608 1703 650 nolite
1738 607 1908 649 timere:

1071 666 1217 708 Deum
1235 667 1497 716 benedicite,
1518 670 1562 707 et
1583 666 1759 706 cantate
1777 663 1851 705 illi.

1126 744 1386 796 Capitulum.
1623 743 1732 784 Tob.
1748 744 1805 783 12.
1821 756 1854 784 c.

1158 805 1306 847 uando
1327 805 1485 847 orabas
1510 817 1611 846 cum
1629 803 1838 853 lacrimis,
1865 808 1910 845 et

1074 795 1158 920 Q
1177 861 1426 914 sepeliebas
1458 862 1676 911 mertuos,
1710 865 1754 902 et
1786 859 1907 902 dere-

1071 917 1302 973 linquebas
1321 916 1560 971 prandium
1578 921 1724 967 tuum,·
1733 921 1778 958 et
1794 919 1908 958 mor-

1071 982 1174 1017 tuos
1199 973 1507 1016 abscondebas
1530 986 1612 1026 per
1632 973 1749 1015 diem
1767 973 1812 1014 in
1832 972 1908 1015 do-

1071 1046 1145 1076 mo
1173 1038 1266 1082 tua,
1303 1036 1348 1072 et
1374 1035 1505 1072 nocte
1538 1029 1788 1083 sepeliebas
1816 1042 1908 1079 eos,

1073 1102 1156 1141 ego
1195 1087 1336 1130 obtuli
1375 1086 1624 1129 oratiouem
1661 1091 1784 1128 tuam
1819 1086 1908 1127 Do-

1071 1146 1201 1188 mino.

1383 1212 1596 1263 Hymnus.

1150 1275 1288 1318 hriste
1316 1276 1575 1317 sancterum
1601 1272 1737 1315 decus
1763 1273 1907 1324 Ange-

1385 1332 1540 1380 lorum,

1124 1388 1292 1430 Rector
1326 1387 1509 1429 humani
1545 1386 1720 1436 generis
1756 1391 1800 1429 et
1836 1399 1908 1428 au-

1385 1450 1492 1495 ctor,

1123 1501 1266 1543 Nobis
1286 1503 1508 1543 sacratum
1529 1500 1676 1542 tribue
1691 1500 1908 1550 benignus

1230 1557 1454 1600 Scandere
1473 1557 1647 1600 coelum.

1073 1632 1292 1683 Angelum
1310 1631 1438 1673 nobis
1457 1630 1679 1672 medicum
1698 1629 1853 1671 salutis

1123 1689 1250 1731 Mitte
1284 1688 1341 1730 de
1375 1688 1500 1730 coelis
1530 1686 1750 1740 Raphael,
1781 1691 1830 1727 ut
1862 1698 1907 1727 o·

1124 1802 1260 1844 Sanet
1292 1757 1509 1852 aegrffiggs
1546 1801 1801 1854 pariterque
1832 1812 1907 1841 no-

1228 1863 1556 1965 Dirigasstaeigffus.

1070 1990 1186 2031 Hinc
1204 1989 1290 2030 Dei
1309 1989 1450 2031 nostri
1473 1988 1674 2030 Genitrix
1693 1987 1841 2036 Maria,

1122 2046 1265 2087 Totus
1294 2050 1337 2087 et
1365 2044 1495 2087 nobis
1525 2045 1687 2086 chorus
1716 2043 1906 2094 Angelo-

1123 2159 1307 2211 Semper
1327 2115 1516 2208 ἃεζίιζῗεὶιῒ,
1538 2157 1666 2199 simul
1686 2162 1731 2199 et
1748 2157 1881 2199 beata

1228 2215 1394 2256 Cencio
1414 2220 1521 2256 tota.

1074 2288 1261 2330 Praestet
1279 2287 1366 2329 hoc
1384 2287 1513 2329 nobis
1533 2288 1689 2329 Deitas
1708 2286 1840 2328 beata

1122 2345 1277 2394 Patris,
1297 2357 1349 2385 ac
1363 2344 1479 2394 Nati,
1496 2345 1750 2397 pariterque
1766 2344 1906 2384 sancti

1122 2401 1322 2453 Spiritus,
1343 2402 1464 2452 cujus
1483 2402 1640 2443 reboat
1658 2401 1702 2441 in
1722 2401 1841 2441 omni

1229 2457 1383 2498 Gleria
1402 2457 1579 2499 mundo.
1607 2457 1761 2498 Amen.

1124 2519 1175 2571 W.
1187 2523 1239 2563 In
1255 2525 1500 2576 conspectu
1511 2521 1784 2572 Angelorum
1798 2522 1906 2575 psal-

1069 2579 1157 2620 lam
1184 2579 1266 2621 tibi
1289 2580 1411 2621 Deus
1439 2592 1573 2620 meus.
1610 2579 1661 2629 Ru
1689 2578 1904 2620 Adorabo

1070 2635 1127 2676 ad
1146 2636 1360 2688 templum
1375 2640 1577 2677 sanctum
1592 2640 1727 2685 tuum,
1747 2639 1791 2676 et
1804 2647 1904 2676 con-

1071 2692 1231 2733 fitebor
1248 2692 1413 2733 nemini
1431 2697 1521 2733 tuo.
