2040 2944
655 164 725 197 Die
750 165 779 197 4.
806 164 994 198 Octobris.
1015 171 1021 180 ·
1043 164 1077 198 S.
1104 164 1301 199 Francisci
1327 165 1435 199 Conf.

186 260 329 302 ferens
348 259 537 311 iniquius
552 262 688 311 pater,
708 270 809 300 eum
824 257 881 300 ad
896 258 1015 299 Assi-

186 317 370 359 sinatem
386 317 645 368 episcopum
657 314 792 363 duxit,
807 320 856 356 ut
867 327 1016 356 coram

185 373 262 415 illo
281 373 408 414 bonis
428 371 607 414 cederet
626 371 836 424 paternis:
858 371 933 423 qui
951 384 1014 413 re-

184 429 305 481 jectis
326 429 456 471 etiam
475 427 683 478 vestibus,
702 428 820 481 patri
839 429 1014 469 conces-

184 486 240 527 sit
259 485 415 534 omnia,
438 484 547 527 illud
568 484 844 536 subjungens,
869 483 952 526 sibi
972 485 1014 525 in

184 544 413 594 posterum
427 542 636 592 majorem
650 541 904 583 facultatem
920 541 1015 582 fore

184 597 374 639 dicendi:
411 598 543 640 Pater
577 603 746 648 noster,
785 597 859 650 qui
892 609 939 638 es
971 598 1014 638 in

184 654 318 696 coelis.

238 716 286 766 R.
313 711 561 753 Honestum
586 711 690 752 fecit
715 710 837 751 illum
863 712 1013 753 Domi-

182 781 275 818 nus,
300 774 343 810 et
363 767 603 810 custodivit
622 780 723 809 eum
742 767 797 808 ab
816 768 1014 818 inimicis,

182 830 226 866 et
254 838 279 866 a
307 824 616 866 seductoribus
640 823 799 866 tutavit
824 824 962 866 illum:
990 834 1012 856 *

182 881 239 923 Et
271 880 394 923 dedit
421 881 483 922 illi
515 881 759 923 claritatem
791 883 1014 923 aeternam.

183 935 232 987 V.
264 938 439 979 Justum
472 937 655 979 deduxit
683 938 900 979 Dominus
931 951 1012 991 per

183 995 275 1035 vias
293 1000 448 1043 rectas,
474 999 517 1035 et
537 993 730 1036 ostendit
748 994 810 1035 illi
830 1007 1013 1046 regnum

182 1051 277 1092 Dei.
304 1051 361 1092 Et
381 1050 514 1092 dedit.

493 1113 645 1154 Lectio
666 1127 703 1153 v.

183 1164 333 1272 Cum
365 1167 511 1204 autem
543 1163 650 1205 illud
687 1176 742 1205 ex
772 1164 1013 1215 Evangelio

286 1219 497 1262 audisset:
521 1220 671 1262 Nolite
690 1220 922 1273 possidere
941 1234 1012 1263 au-

181 1290 289 1327 rum,
304 1289 447 1329 neque
463 1278 703 1328 argentum,
722 1289 866 1329 neque
881 1281 1012 1330 pecu-

181 1334 298 1375 niam
323 1333 367 1374 in
394 1333 516 1375 zonis
543 1333 719 1384 vestriS,
748 1346 836 1376 non
860 1347 1013 1387 peram

181 1390 225 1431 in
250 1391 329 1440 via,
354 1402 499 1443 neque
526 1389 635 1432 duas
660 1390 843 1441 tunicaS,
869 1404 1013 1444 neque

183 1447 497 1489 calceamenta:
545 1446 629 1488 sibi
675 1460 772 1489 eam
816 1447 1014 1499 regulam

183 1502 445 1545 servandam
472 1504 718 1556 proposuit.
754 1504 911 1556 Itaque
941 1504 1012 1547 de-

181 1561 333 1602 tractis
349 1560 519 1611 calceis,
540 1566 583 1603 et
598 1573 685 1602 una
699 1563 933 1603 contentus
948 1565 1012 1604 tu-

182 1617 295 1667 nica,
329 1629 428 1658 cum
456 1616 692 1659 duodecim
719 1618 865 1659 socios
893 1618 1012 1660 adhi-

182 1673 367 1724 buisset,
405 1673 606 1715 ordinem
637 1675 858 1716 Minorum
894 1675 1012 1717 insti-

180 1730 273 1772 tuit.
318 1731 462 1781 Quare
499 1731 689 1772 Romam
724 1732 859 1781 venit,
897 1745 1012 1774 anno

182 1787 334 1829 salutis
357 1787 589 1829 millesimo
617 1787 919 1830 ducentesimo
938 1801 1013 1831 no-

182 1856 249 1893 no,
278 1849 327 1886 ut
353 1844 419 1885 sui
446 1844 613 1886 ordinis
637 1845 788 1896 regula
814 1844 869 1887 ab
893 1845 1012 1898 Apo-

182 1901 337 1943 stolica
356 1901 470 1943 Sede
491 1901 835 1943 confirmaretur.
871 1902 1012 1953 Quem

183 1971 282 1999 cum
318 1958 602 2000 accedentem
638 1958 695 2000 ad
728 1971 776 2000 se
808 1959 1012 2001 Summus

182 2015 383 2057 Pontifex
411 2015 695 2057 Innocentius
722 2016 879 2058 tertius
907 2017 1011 2068 reje-

182 2074 328 2121 cisset3
355 2071 475 2124 quod
498 2072 542 2112 in
562 2072 727 2113 somnis
751 2074 910 2125 postea
929 2073 1012 2115 sibi

182 2127 264 2178 ille,
294 2141 424 2180 quem
451 2128 689 2181 repulerat,
718 2129 1012 2171 collabentem

182 2184 523 2227 Lateranensem
555 2185 782 2227 basilicam
814 2186 904 2227 suis
936 2186 1012 2228 hu-

183 2242 315 2283 meris
348 2242 563 2284 sustinere
595 2242 714 2283 visus
744 2248 879 2293 esset,
912 2255 1011 2284 con-

184 2298 392 2350 quisitum
418 2299 623 2340 accersiri
645 2299 785 2351 jussit:
809 2299 1012 2351 benigne-

183 2366 269 2406 que
288 2355 520 2408 accipiens,
541 2368 717 2398 omnem
737 2357 828 2408 eJus
844 2356 1012 2398 institu-

182 2412 328 2452 torum
343 2412 555 2453 rationem
572 2413 858 2454 confirmavit.
880 2413 1012 2454 Fran-

183 2469 325 2508 ciscus
361 2468 510 2518 igitur,
552 2468 743 2510 dimissis
777 2470 821 2510 in
859 2482 1012 2511 omnes

183 2523 304 2566 orbis
344 2529 475 2565 terrae
513 2530 663 2577 partes
701 2525 909 2567 fratribus
956 2526 1013 2568 ad

181 2579 513 2632 praedicandum
534 2581 696 2623 Christi
714 2582 1012 2633 Evangelium,

182 2637 279 2690 ipse
324 2637 505 2689 cupiens
549 2637 632 2679 sibi
679 2638 872 2691 aliquam
917 2637 1011 2679 dari

181 2694 378 2748 martyrii
403 2694 691 2745 occasionem,
719 2695 942 2746 navigavit
968 2695 1011 2736 in

1068 258 1253 310 Syriam:
1273 259 1349 300 ubi
1369 272 1394 300 a
1413 271 1517 310 rege
1531 259 1727 302 Soldano
1743 260 1899 303 libera-

1068 315 1233 357 lissime
1258 318 1483 366 tractatus,
1510 329 1609 358 cum
1635 317 1742 359 nihil
1768 317 1899 371 profi-

1069 377 1198 422 ceret,
1217 372 1348 414 rediit
1366 373 1409 414 in
1428 372 1610 414 Italiam.

1122 434 1172 486 151,
1189 429 1369 471 Amavit
1393 442 1493 471 eum
1511 429 1739 480 Dominus
1764 434 1808 471 et
1831 442 1898 471 or-

1067 485 1188 527 navit
1225 497 1341 527 eum:
1379 486 1538 527 stolam
1574 485 1727 537 gloriae
1759 486 1900 528 induit

1069 553 1179 592 eum,
1201 549 1223 572 *
1242 542 1298 584 Et
1317 542 1374 584 ad
1393 547 1546 595 portas
1563 542 1758 595 paradisi
1775 556 1898 585 coro-

1067 599 1187 640 navit
1203 611 1314 640 eum.
1346 598 1393 650 δ”,
1407 599 1555 641 Induit
1569 612 1670 641 eum
1684 599 1899 641 Dominus

1067 654 1250 697 loricam
1268 655 1385 706 fidei,
1406 661 1451 698 et
1469 655 1643 698 ornavit
1663 669 1773 698 eum.
1800 656 1868 698 Et.

1375 719 1527 760 Lectio
1547 720 1599 760 vi.

1174 768 1276 810 ultis
1301 768 1434 819 igitur
1461 769 1697 811 exstructis
1723 781 1816 810 suae
1840 769 1899 811 fa-

1069 770 1173 876 Μ
1195 824 1328 866 miliae
1349 824 1594 875 domiciliis,
1619 838 1667 867 se
1685 826 1730 866 in
1750 825 1899 868 solitu-

1067 879 1215 922 dinem
1233 881 1397 923 montis
1411 881 1594 923 Alverni
1607 881 1806 923 contulit:
1825 881 1900 924 ubi

1068 937 1358 989 quadraginta
1390 937 1574 988 dierum,
1606 943 1792 991 propter
1823 938 1899 980 ho-

1066 995 1220 1035 norem
1261 993 1402 1035 sancti
1438 993 1665 1036 Michaelis
1702 994 1898 1036 Archan-

1066 1049 1164 1100 geli,
1182 1050 1340 1102 jejunio
1359 1050 1580 1100 inchoato,
1594 1050 1709 1093 festo
1729 1050 1802 1093 die
1815 1051 1899 1092 Ex·

1067 1105 1288 1148 altationis
1321 1111 1488 1149 sanctae
1522 1106 1677 1148 Crucis
1710 1107 1750 1149 ei
1776 1107 1899 1149 sera-

1065 1162 1187 1215 phim
1219 1163 1417 1205 crucifixi
1445 1163 1636 1215 effigiem
1665 1164 1779 1206 inter
1807 1164 1900 1206 alas

1067 1220 1296 1262 continens
1314 1221 1535 1273 apparuit:
1556 1221 1630 1272 qui
1645 1221 1736 1273 ejus
1751 1225 1796 1263 et
1809 1223 1898 1262 ma—

1065 1276 1205 1327 nibus,
1226 1282 1269 1319 et
1288 1275 1488 1330 pedibus,
1508 1282 1553 1319 et
1571 1277 1699 1320 lateri
1713 1278 1900 1330 vestigia

1066 1333 1292 1375 clavorum
1324 1334 1560 1387 impressit:
1596 1347 1694 1387 quae
1722 1340 1899 1377 sanctus

1065 1391 1388 1441 Bonaventura,
1397 1403 1497 1433 cum
1505 1390 1748 1433 Alexandri
1757 1392 1900 1444 quarti

1065 1447 1232 1489 Summi
1255 1447 1484 1490 Pontificis
1508 1447 1816 1501 praedicationi
1839 1449 1899 1490 in-

1065 1506 1263 1555 teresset,
1288 1506 1491 1546 narrasse
1515 1505 1777 1547 Pontificem
1802 1518 1828 1548 a
1851 1518 1899 1548 se

1066 1561 1160 1603 visa
1205 1574 1320 1611 esse,
1365 1561 1524 1603 litteris
1563 1561 1900 1604 commendavit.

1066 1618 1147 1659 His
1166 1618 1410 1669 insignibus
1430 1618 1587 1660 summi
1604 1618 1649 1659 in
1664 1631 1764 1660 eum
1780 1618 1899 1660 Chri-

1066 1675 1122 1716 sti
1150 1675 1330 1725 amoris,
1362 1675 1600 1716 maximam
1630 1674 1823 1718 habebat
1855 1678 1899 1718 o-

1065 1732 1229 1773 mnium
1251 1731 1599 1774 admirationem.
1632 1732 1700 1773 Ac
1719 1731 1898 1775 biennio

1065 1793 1168 1841 post
1184 1788 1378 1839 graviter
1393 1790 1626 1840 aegrotans,
1648 1788 1809 1831 deferri
1823 1791 1897 1831 vo-

1066 1845 1147 1887 luit
1191 1846 1235 1886 in
1272 1845 1505 1887 ecclesiam
1543 1851 1708 1888 sanctae
1745 1846 1899 1888 Mariae

1065 1902 1348 1953 Angelorum,
1366 1907 1415 1944 ut
1433 1902 1508 1944 ubi
1525 1902 1678 1953 gratiae
1698 1903 1899 1955 spiritum

1066 1971 1092 2000 a
1107 1959 1206 2001 Deo
1226 1961 1470 2012 acceperat,
1490 1958 1551 2000 ibi
1571 1959 1776 2012 spiritum
1794 1959 1898 2001 vitae

1066 2014 1284 2058 redderet.
1330 2015 1398 2057 Eo
1430 2015 1474 2056 in
1511 2016 1613 2057 loeo
1649 2015 1808 2058 fratres
1841 2015 1899 2058 ad

1064 2074 1374 2125 paupertatem
1390 2085 1441 2114 ac
1455 2073 1725 2125 patientiam,
1745 2077 1789 2114 et
1803 2085 1897 2114 san-

1066 2134 1150 2172 ctae
1175 2130 1391 2171 Romanae
1411 2129 1625 2171 Ecclesiae
1649 2129 1784 2171 fidem
1810 2142 1897 2171 ser-

1065 2186 1255 2227 vandam
1266 2185 1535 2236 cohortatus,
1543 2185 1768 2227 Psalmum
1775 2185 1897 2227 illum

1064 2243 1366 2296 pronuntians,
1393 2243 1520 2285 Voce
1544 2255 1643 2284 mea
1666 2241 1723 2284 ad
1748 2242 1897 2284 Domi-

1064 2313 1168 2341 num
1195 2299 1395 2350 clamavi,
1420 2300 1464 2340 in
1489 2312 1543 2341 eo
1569 2298 1801 2348 versiculo,
1825 2299 1897 2341 Me

1065 2358 1324 2409 exspectant
1355 2356 1471 2408 justi,
1503 2355 1647 2398 donec
1678 2355 1898 2398 retribuas

1064 2412 1184 2454 mihi:
1213 2412 1380 2455 efflavit
1408 2413 1598 2454 animam
1627 2417 1784 2463 quarto
1808 2413 1897 2454 No-

1063 2483 1143 2511 nas
1165 2469 1383 2511 Octobris.
1412 2469 1552 2519 Quem
1571 2468 1793 2510 miraculis
1813 2469 1896 2511 cla-

1065 2539 1160 2567 rum
1207 2525 1448 2576 Gregorius
1502 2537 1646 2566 nonus
1692 2526 1897 2568 Pontifex

1064 2583 1282 2624 Maximus
1312 2582 1356 2622 in
1385 2583 1639 2623 sanctorum
1667 2585 1896 2624 numerum

1065 2638 1312 2691 adscripsit.

1119 2698 1170 2748 R.
1185 2695 1276 2736 Iste
1295 2695 1438 2736 homo.
1458 2694 1539 2747 [72]
