2040 2944
592 187 664 222 Die
688 189 740 223 24.
767 189 846 224 Oct.
896 191 930 225 S.
956 192 1168 236 Raphaae'sslis
1193 195 1440 238 Archangeli.

154 278 260 328 bias,
277 278 464 331 collapsi
478 280 522 320 in
535 285 701 322 terram
711 286 987 336 proruerunt,

154 339 309 376 vocem
334 335 566 377 tremulam
593 339 768 389 penitus
797 341 986 383 occulta-

153 392 325 440 verunt,
355 391 456 443 quia
480 405 638 434 vocem
665 394 887 437 insolitam
914 411 985 439 au-

154 446 335 489 dierunt.
370 448 486 498 Quid
510 451 728 492 metuistis
751 457 878 504 pater
900 454 986 495 To-

152 502 231 553 bis,
250 503 455 556 filiusque
475 504 642 552 Tobia?
666 507 986 551 Mercenarium

152 558 315 601 habere
332 560 571 611 coelestem,
587 567 630 603 et
644 567 870 615 tamquam
884 579 986 618 ope-

131 616 316 664 ,tarium
339 616 489 658 locare
513 620 791 660 terrestrem?
817 621 986 664 Celavit

152 672 281 714 vobis
326 673 523 724 Angelus
573 687 749 717 nomen:
802 678 985 720 Azarias

152 741 265 779 sum,
290 729 447 781 inquit,
476 731 662 772 Ananiae
686 734 833 783 magni
855 734 985 785 filius3

112 808 114 812 v
152 790 196 827 et
228 798 318 827 non
351 785 475 827 dixit:
519 787 616 838 Ego
654 801 751 829 sum
783 790 985 843 RAphael

150 841 358 893 Angelus.
395 842 563 884 Celavit
583 843 627 884 in
647 845 790 896 primo
809 847 984 889 nomine

151 897 419 949 dignitatem,
439 911 494 940 ne
509 899 675 941 faceret
692 900 880 943 locatori
899 907 982 944 ter-

150 956 309 996 rorem.
345 955 391 996 Si
417 955 534 996 enim
561 955 743 998 diceret:
771 958 867 1009 Ego
887 972 984 1000 sum

151 1011 362 1062 Angelus:
387 1024 478 1053 non
502 1017 621 1054 esset
640 1013 796 1055 Tobiae
819 1027 982 1057 merce-

150 1067 310 1108 narius.
330 1067 528 1109 'Servata
550 1073 618 1110 est
637 1069 826 1119 dignitas
846 1072 981 1112 nomi-

149 1123 231 1173 nis,
256 1128 305 1165 ut
322 1126 550 1176 postremo
571 1125 827 1176 magnitudo
848 1127 980 1169 clare-

149 1185 294 1221 sceret
322 1179 558 1232 dignitatis.
599 1181 778 1232 Videte,
812 1184 982 1224 carissi-

148 1236 218 1285 mi,
238 1241 450 1288 quantum
468 1236 525 1278 sit
543 1237 837 1290 eleemosynae
855 1240 981 1281 meri—

147 1296 256 1333 tum:
280 1292 500 1344 Angelum
518 1294 677 1335 meruit
695 1293 859 1337 habere
879 1308 982 1348 ope-

147 1348 321 1390 rarium.
365 1349 540 1391 Vide'tis
568 1355 779 1402 quantum
806 1353 982 1404 proficit

147 1407 348 1447 mortuos
374 1406 582 1459 sepelire,
615 1412 663 1448 ut
692 1407 860 1450 oblatio
890 1411 981 1461 ejus

147 1474 228 1514 per
242 1462 463 1513 Angelum
482 1462 756 1516 Raphaelem
775 1465 832 1506 ad
852 1466 979 1509 coele-

147 1522 261 1560 stem
293 1518 554 1561 ascenderet
580 1521 865 1572 majestatem.
904 1524 978 1565 Vi-

148 1574 278 1625 detis,
305 1576 407 1628 quia
425 1575 705 1628 eleemosyna
729 1590 754 1618 a
770 1584 914 1621 morte
933 1579 978 1620 li·
1038 1590 1157 1626 ,·

146 1630 284 1681 berat,
303 1636 347 1673 et
363 1632 460 1684 ipsa
479 1638 640 1686 purgat
658 1637 854 1686 peccata,
876 1635 979 1678 facit
1037 1636 1071 1695 ’ξ’
1083 1653 1149 1699 g

145 1688 453 1740 purgationem
485 1689 734 1740 oculorum,
766 1690 924 1734 liberat
953 1706 979 1734 a
1041 1698 1080 1712 ³³³

143 1743 337 1786 tenebris
372 1748 670 1798 peccatorum.
732 1747 871 1789 Tobis
908 1749 978 1790 via

145 1813 224 1842 sua
248 1800 495 1844 deducitur:
522 1802 631 1844 Sara
656 1808 724 1845 tot
749 1804 854 1845 viris
877 1818 976 1862 con-

142 1856 318 1899 tristata
340 1871 423 1911 per
448 1859 667 1910 Angelum
697 1861 976 1904 matrimonio

143 1913 386 1966 copulatur.

196 1974 246 2034 Ιῖι.
278 1970 365 2012 Ubi
388 1971 608 2014 introieris
639 1973 821 2015 domum
844 1979 975 2025 tuam,

143 2024 254 2083 dimt
268 2026 464 2078 Angelus
480 2028 682 2081 Rapha'el
701 2031 758 2071 ad
776 2031 976 2082 Tob1am,

142 2082 290 2124 statim
316 2082 455 2125 adora
479 2084 719 2127 Dominum
743 2087 887 2129 Deum
910 2093 974 2130 tu-

142 2151 231 2188 um,
258 2143 302 2180 et
318 2140 480 2191 gratias
500 2154 634 2192 agens
655 2143 708 2192 ei,
736 2144 897 2185 accede
918 2144 975 2186 ad

83 2242 86 2245 .
142 2199 314 2246 patrem
339 2199 478 2246 tuum,
509 2202 551 2239 et
580 2198 782 2240 osculare
809 2212 922 2241 eum:
950 2205 971 2229 *

140 2250 386 2303 Statimque
418 2252 495 2293 lini
527 2266 661 2307 super
697 2255 850 2297 oculos
883 2258 973 2308 ejus

142 2319 197 2347 ex
226 2306 327 2349 felle
354 2308 441 2349 isto
469 2309 622 2361 piscis,
659 2324 790 2363 quem
820 2317 972 2364 portas

139 2367 304 2414 tecum3
333 2364 446 2406 scias
473 2366 604 2417 enim,
633 2368 841 2419 quoniam
868 2381 972 2410 mox

141 2419 392 2470 aperientur
425 2422 541 2462 oculi
579 2423 686 2474 ejus,
728 2429 772 2465 et
804 2423 972 2466 videbit

139 2480 267 2527 pater
285 2480 386 2517 tuus
405 2477 552 2519 lumen
573 2480 689 2530 coeli,
716 2485 760 2521 et
785 2481 828 2520 in
847 2482 970 2532 aspe-

140 2535 214 2572 ctu
237 2536 314 2573 tuo
340 2532 561 2583 gaudebit.
597 2531 646 2582 V.
673 2536 800 2577 Tolle
825 2541 971 2578 tecum

1781 195 1871 241 [313]

1265 295 1314 333 In
1333 296 1403 335 ΙΙΙ.
1424 297 1646 339 Nocturno.

1094 353 1193 392 Ant.
1222 353 1302 393 Est
1324 350 1395 392 hic
1414 351 1520 392 Sara
1539 352 1747 403 Raguelis
1771 353 1871 403 filia,

1041 417 1140 456 quae
1154 405 1235 447 tibi
1250 408 1452 458 conjugio
1468 408 1655 458 dabitur,
1671 414 1714 451 et
1730 410 1870 451 omnis

1040 461 1283 504 substantia
1303 464 1404 514 ejus.

1091 521 1192 561 Ant.
1223 522 1403 571 Septem
1421 520 1539 561 viros
1564 521 1731 572 habuit,
1758 536 1869 575 quos

1040 574 1306 616 daemonium
1352 577 1589 628 oppressit3
1634 580 1769 621 timeo
1814 594 1869 622 ne

1039 631 1146 671 mihi
1165 632 1304 673 simile
1324 635 1558 683 contingat.

1091 690 1191 730 Ant.
1227 692 1308 731 Per
1329 693 1420 729 tres
1445 688 1538 730 dies
1563 690 1751 731 orationi
1770 704 1869 732 cum

1039 745 1178 784 uxore
1211 749 1286 785 tua
1319 744 1511 793 vacabis,
1548 750 1596 786 ut
1629 746 1673 786 in
1705 747 1868 788 semine

1040 798 1233 841 Abrahae
1279 799 1631 843 benedictionem
1676 802 1721 843 in
1765 803 1867 844 filiis

1041 857 1337 908 consequaris.

1088 908 1137 959 Y.
1188 913 1495 965 Apprehe'ndit
1541 914 1737 965 Angelus
1782 916 1866 956 Ra-

1039 968 1170 1020 phael
1194 969 1472 1012 daemonium.
1501 975 1551 1025 R.
1579 971 1636 1012 Et
1655 971 1867 1022 relegavit

1039 1024 1148 1066 illud
1166 1026 1210 1066 in
1228 1025 1404 1067 deserto
1421 1027 1660 1078 superioris
1673 1029 1866 1080 AEgypti.

1040 1103 1194 1144 Lectio
1219 1104 1357 1145 sancti
1374 1104 1601 1155 Evangelii
1626 1105 1866 1147 secundum

1344 1160 1369 1200 J
1372 1162 1569 1202 oannem.

1113 1220 1264 1261 Lectio
1288 1221 1354 1261 vii.
1626 1225 1727 1277 Cap.
1747 1227 1784 1266 5.

1084 1292 1112 1318 n
1135 1279 1210 1320 illo
1235 1282 1451 1333 tempore:
1478 1281 1584 1323 Erat
1609 1281 1702 1323 dies
1726 1282 1864 1323 festus

1114 1335 1386 1387 Judaeorum‚
1427 1342 1470 1379 et
1507 1338 1704 1380 ascendit
1736 1339 1863 1380 Jesus

1034 1391 1058 1431 J
1061 1392 1365 1444 erosolymam.
1394 1394 1451 1435 Et
1471 1394 1648 1446 reliqua.
1910 1399 1914 1401 ’

1080 1464 1271 1508 Homilia
1289 1467 1329 1508 S.
1348 1467 1583 1518 Augustini
1601 1468 1824 1521 Episcopi.

1152 1528 1276 1565 Tract.
1305 1531 1353 1565 17.
1379 1532 1418 1566 in
1442 1532 1580 1567 Joann.
1607 1544 1688 1578 cap.
1713 1536 1742 1569 5.

1181 1579 1306 1619 irum
1330 1592 1418 1620 non
1443 1593 1540 1622 esse
1564 1580 1697 1623 debet
1719 1594 1744 1622 a
1763 1581 1860 1622 Deo

1209 1635 1374 1676 factum
1401 1637 1670 1678 miraculum:
1703 1637 1861 1678 mirum

1212 1692 1326 1732 enim
1354 1698 1484 1742 esset,
1511 1693 1548 1733 si
1575 1692 1708 1734 homo
1738 1693 1860 1734 fecis-

1031 1751 1108 1788 set.
1144 1747 1284 1799 Magis
1312 1748 1522 1798 gaudere,
1552 1761 1683 1800 quam
1710 1749 1859 1790 mirari

1031 1803 1257 1854 debemus,
1285 1805 1386 1856 quia
1405 1805 1620 1846 Dominus
1643 1810 1794 1846 noster
1814 1810 1858 1847 et

1029 1860 1232 1901 Salvator
1257 1861 1281 1901 J
1285 1873 1385 1902 esus
1411 1860 1610 1902 Christus
1637 1861 1770 1902 homo
1798 1861 1855 1903 fa-

1029 1921 1126 1957 ctus
1151 1922 1232 1966 est,
1261 1929 1392 1969 quam
1421 1917 1541 1969 quod
1570 1917 1716 1959 divina
1742 1917 1857 1959 inter

1027 1971 1227 2014 homines
1246 1973 1367 2014 Deus
1386 1973 1499 2015 fecit.
1531 1973 1635 2014 Plus
1654 1978 1721 2015 est
1741 1973 1854 2014 enim

1029 2029 1085 2070 ad
1114 2028 1299 2070 salutem
1327 2034 1536 2079 nostram,
1567 2028 1685 2081 quod
1713 2029 1853 2071 factus

1029 2090 1096 2126 est
1120 2090 1304 2137 propter
1329 2084 1545 2135 homines,
1576 2098 1707 2137 quam
1734 2085 1854 2137 quod

1028 2141 1131 2182 fecit
1165 2141 1278 2182 inter
1310 2141 1524 2191 homines;
1563 2146 1607 2182 et
1637 2141 1737 2194 plus
1770 2146 1853 2191 est,

1028 2197 1148 2248 quod
1159 2197 1263 2238 vitia
1274 2197 1444 2239 sanavit
1454 2197 1706 2247 animarum,
1722 2210 1853 2249 quam

1028 2253 1149 2305 quod
1173 2254 1344 2295 sanavit
1362 2253 1596 2304 languores
1616 2255 1852 2306 corporum

1025 2309 1347 2350 moriturorum.

1078 2372 1128 2423 R.
1154 2369 1408 2410 Benedicite
1431 2369 1575 2410 Deum
1599 2369 1715 2420 coeli,
1742 2369 1852 2412 dixit

1026 2425 1221 2475 Angelus
1241 2425 1459 2477 Raphael,
1487 2430 1530 2466 et
1549 2438 1699 2467 coram
1718 2426 1850 2467 omni-

1023 2481 1106 2522 bus
1142 2480 1389 2522 viventibus
1431 2481 1698 2523 confitemini
1734 2483 1787 2523 ei:
1826 2485 1847 2508 ⁴¹

1024 2537 1136 2586 Quia
1184 2537 1286 2577 fecit
1330 2536 1560 2579 vobiscum
1608 2538 1847 2578 misericor-

140 2599 195 2627 ex
223 2587 322 2630 felle
350 2589 436 2630 isto
466 2590 616 2642 piscis;
646 2592 728 2633 erit
758 2592 872 2633 enim
899 2605 970 2633 ne·
1023 2592 1139 2634 diam
1164 2605 1298 2633 suam.
1334 2589 1383 2640 V.
1416 2593 1569 2645 Ipsum
1592 2592 1846 2641 benedicite,

139 2644 390 2685 cessarium.
422 2646 678 2699 Statimque.
713 2647 867 2689 Gloria
891 2648 968 2688 Pa·
1022 2655 1066 2690 et
1099 2651 1273 2690 cantate
1306 2648 1385 2698 illi,
1420 2655 1463 2691 et
1495 2651 1669 2690 narrate
1702 2648 1845 2688 omnia

137 2698 204 2740 tri.
230 2699 485 2753 Statimque.

1020 2704 1236 2746 mirabilia
1255 2705 1357 2756 ejus.
1386 2705 1508 2756 Quia.
