2040 2944
194 159 289 204 [282]

440 261 489 299 In
507 259 537 298 Ι.
557 259 781 299 Nocturno.

338 317 406 356 De
432 311 546 354 libro
572 310 883 353 Ecclesiastici.
929 325 933 328 ⁴

273 372 468 413 Lectioi.
763 371 855 423 Cap
860 371 946 411 ..24

203 428 219 473 ἶ
206 442 299 505 7357»
310 437 366 475 go
396 437 450 466 ex
478 437 555 466 ore
584 424 801 466 Altissimi
826 384 1022 477 prodivi,

202 524 205 527 ,
326 481 619 533 primogenita
681 486 782 523 ante
849 493 1023 522 omnem

206 541 210 551 ¹
301 555 303 559 ¹
327 541 588 580 creaturam:
615 550 699 589 ego
723 537 841 579 feci
830 551 874 578 m
897 537 1022 579 coelis

193 598 241 635 ut
272 594 459 636 oriretur
490 594 637 636 lumen
669 594 942 644 indeficiens,
979 599 1023 636 61

193 651 307 693 516111
333 651 493 693 nebula
520 651 611 693 texi
639 664 814 693 omnem
844 656 1023 693 terram:

193 721 275 759 ego
295 708 339 748 in
358 708 581 749 altissimis
600 707 811 759 habitavi,
839 713 882 750 et
905 708 1022 750 thro-

192 778 272 806 nus
301 777 425 806 meus
452 765 497 806 in
524 765 729 806 columna
754 764 893 807 nubis.
936 765 1022 818 Gy-

192 835 289 863 rum
313 822 415 864 coeli
439 822 618 863 circuivi
641 822 752 874 sola,
782 827 826 864 et
843 823 1022 876 profun-

194 878 298 920 dum
318 878 466 931 abyssi
483 879 728 930 penetravi,
753 880 797 920 in
816 879 1022 921 fluctibus

191 935 325 976 maris
351 934 588 986 ambulavi,
624 940 667 977 et
692 936 736 976 in
762 937 882 978 omni
907 941 1023 978 terra

194 993 312 1034 steti:
354 997 398 1034 et
435 993 479 1033 in
519 993 637 1034 omni
675 993 862 1046 populo,
904 998 949 1034 et
979 993 1023 1034 in

193 1049 311 1090 omni
347 1054 477 1100 gente
514 1049 751 1102 primatum
786 1049 936 1092 habui:
980 1054 1023 1092 et

194 1106 387 1146 Omnium
407 1105 714 1147 excellentium
733 1111 777 1148 et
796 1106 1023 1148 humilium

192 1161 327 1204 corda
363 1162 527 1204 virtute
564 1162 745 1204 calcavi:
791 1168 835 1206 et
873 1164 918 1204 in
955 1163 1022 1204 his

193 1219 395 1261 omnibus
428 1219 626 1272 requiem
659 1221 858 1272 quaesivi,
900 1225 944 1262 et
979 1220 1022 1261 in

190 1275 450 1318 haereditate
469 1277 648 1319 Domini
665 1277 892 1319 morabor.¹

248 1336 299 1387 R».
325 1333 450 1374 Felix
475 1346 538 1384 es,
563 1347 689 1376 53613
708 1335 848 1386 Virgo
872 1334 1021 1385 Maria,

193 1394 236 1431 et
274 1390 392 1431 omni
427 1390 558 1432 laude
596 1390 866 1442 dignissima:
906 1393 930 1417 *
954 1392 1022 1432 Ex

194 1460 279 1499 qua
300 1452 422 1488 ortus
445 1453 511 1489 est
530 1448 597 1489 sol
615 1449 801 1501 justitiae,
822 1448 1022 1490 Christus

192 1503 315 1544 Deus
340 1508 508 1554 noster,
536 1517 617 1558 per
642 1518 773 1557 quem
797 1505 954 1547 salvati
979 1511 1023 1547 et

193 1559 412 1613 redempti
435 1574 597 1602 sumus.
629 1557 679 1609 V.
695 1562 1023 1604 Maternitatem

192 1616 336 1658 beatae
356 1617 508 1659 Mariae
526 1618 720 1670 Virginis
741 1632 841 1661 611111
859 1619 1021 1671 gaudio

193 1673 476 1716 celebremus.
503 1675 582 1716 Ex.

504 1731 657 1773 Lectio
678 1731 719 1772 ii.

275 1800 358 1829 unc
403 1788 631 1842 praecepit,
675 1794 719 1831 et
763 1789 874 1832 dixit
917 1790 1023 1831 mihi

286 1844 472 1886 Creator
498 1846 706 1887 omnium:
735 1851 779 1888 et
804 1847 878 1899 qui
904 1849 1021 1888 crea-

193 1901 255 1942 vit
286 1914 371 1951 me,
410 1902 626 1954 requievit
663 1902 708 1943 in
739 1902 1022 1945 tabernaculo

192 1971 309 2008 meo,
335 1963 379 2000 et
399 1958 509 2000 dixit
530 1958 650 2000 mihi:
674 1960 726 2000 In
745 1959 884 2002 Jacob
904 1960 1022 2002 inha-

193 2015 299 2065 bita,
326 2020 370 2057 et
387 2015 431 2057 in
451 2016 590 2057 Israel
608 2015 888 2068 haereditare,
916 2022 960 2059 et
979 2018 1023 2059 in

195 2071 345 2114 electis
364 2073 473 2114 meis
491 2073 617 2115 mitte
636 2073 818 2116 radices.
851 2074 923 2116 Ab
946 2075 1023 2116 ini-

193 2129 272 2178 tio,
298 2134 342 2170 et
367 2134 467 2171 ante
486 2130 648 2172 saecula
672 2133 819 2173 616313
839 2145 953 2182 511111,
980 2136 1024 2173 61

193 2198 334 2238 usque
373 2185 430 2228 ad
467 2186 662 2228 futurum
694 2188 903 2230 saeculum
934 2202 1023 2230 non

195 2241 408 2292 desinam,
438 2248 481 2285 et
506 2243 550 2284 in
575 2244 846 2287 habitatione
872 2252 1024 2288 sancta

196 2310 344 2339 coram
372 2299 471 2351 ipso
499 2301 755 2343 ministravi.
808 2303 865 2344 Et
893 2303 956 2344 sic
980 2303 1024 2344 in

195 2354 301 2396 Sion
333 2354 504 2398 firmata
537 2371 650 2408 sum,
689 2363 734 2400 et
771 2359 815 2399 in
848 2359 1023 2401 civitate

196 2412 465 2453 sanctificata
497 2414 695 2456 similiter
727 2416 940 2468 requievi,
982 2422 1024 2458 et

195 2468 239 2508 in
261 2468 504 2510 Jerusalem
523 2474 723 2522 potestas
742 2485 852 2514 mea.
883 2473 940 2515 Et
959 2486 1023 2514 ra-

197 2523 340 2566 dicavi
367 2525 410 2564 in
437 2526 605 2578 p6pulo
636 2527 948 2578 honorificato,
982 2535 1025 2572 et
1080 2521 1119 2572 ζ
1158 2530 1167 2566 f

196 2582 239 2621 in
268 2586 393 2633 parte
412 2582 496 2623 Dei
522 2585 608 2624 mei
635 2583 869 2626 haereditas
898 2586 1024 2635 illius,
1080 2577 1151 2608 *²⁵³2*
1174 2579 1227 2608 θ’*

196 2642 240 2679 61
260 2638 304 2677 111
322 2637 593 2690 plenitudine
609 2643 861 2682 sanctorum
878 2641 1024 2684 deten—

195 2694 257 2735 tio
276 2707 384 2736 mea.

652 162 763 196 Dom.
787 161 832 195 II.
857 160 937 195 Oet.
983 159 1240 203 Maternitatis
1265 159 1306 193 Β.
1332 159 1379 193 Μ.
1404 158 1449 193 V.

1131 257 1183 309 R.
1201 254 1303 297 Sine
1321 259 1443 297 tactu
1460 254 1645 308 pudoris
1663 255 1840 298 inventa
1857 267 1904 298 es

1074 312 1217 354 Mater
1259 311 1520 354 Salvatoris:
1562 310 1587 336 *
1617 312 1702 364 Qui
1743 313 1903 356 coelum

1074 371 1326 421 terramque
1350 369 1479 421 regit,
1505 369 1549 410 in
1572 373 1650 412 tua
1674 383 1723 412 se
1748 370 1905 412 clausit

1074 427 1245 468 viscera
1260 425 1402 467 factus
1421 425 1567 467 homo.
1599 421 1651 474 V.
1662 425 1905 469 Benedicta

1074 486 1123 523 tu
1163 482 1207 523 in
1249 481 1518 533 mulieribus,
1563 487 1607 524 et
1643 482 1905 526 benedictus

1075 539 1243 581 fructus
1262 539 1428 581 ventris
1446 539 1521 581 tui.
1550 539 1646 590 Qui.

1383 605 1539 646 Lectio
1558 604 1614 645 iii.

1159 666 1254 707 uasi
1274 665 1433 709 cedrus
1452 666 1645 709 exaltata
1665 679 1762 708 sum
1777 666 1822 707 in
1835 666 1904 707 Li-

1178 722 1311 772 bano,
1348 728 1392 765 et
1430 723 1555 777 quasi
1591 725 1826 776 cypressus
1861 723 1906 764 in

1074 784 1224 822 monte
1243 779 1364 821 Sion:
1391 780 1517 832 quasi
1541 779 1689 833 palma
1713 779 1906 822 exaltata

1076 849 1173 877 sum
1199 836 1243 877 in
1273 836 1432 887 Cades,
1464 842 1508 878 et
1538 837 1663 889 quasi
1689 836 1905 890 plantatio

1075 906 1190 935 rosae
1218 893 1263 934 in
1289 893 1314 935 J
1316 893 1481 936 ericho:
1509 894 1636 947 quasi
1665 893 1782 936 011'va
1809 906 1904 947 spe-

1075 951 1196 992 ciosa
1214 950 1259 991 in
1277 951 1461 1004 campis,
1488 956 1532 993 et
1557 951 1682 1004 quasi
1701 950 1905 1004 platanus

1077 1008 1269 1050 exaltata
1296 1021 1392 1049 sum
1415 1008 1536 1061 juxta
1561 1020 1723 1060 aquam
1746 1008 1791 1048 in
1813 1006 1904 1060 pla-

1074 1064 1167 1106 teis.
1205 1065 1327 1107 Sicut
1350 1064 1673 1106 cinnamomum
1697 1068 1742 1106 et
1764 1063 1905 1106 balsa-

1074 1134 1195 1162 mum
1236 1123 1529 1163 aromatizans
1566 1120 1750 1163 odorem
1787 1118 1905 1162 dedi:

1076 1179 1201 1231 quasi
1224 1179 1402 1232 myrrha
1426 1179 1567 1220 electa
1590 1177 1694 1220 dedi
1717 1177 1904 1219 suavita-

1074 1240 1165 1277 tem
1184 1235 1350 1278 0d6ris:
1371 1241 1416 1278 et
1431 1236 1556 1288 quasi
1572 1241 1734 1286 storax,
1753 1239 1797 1277 et
1815 1233 1903 1286 331-

1074 1293 1226 1343 banus,
1245 1298 1289 1335 et
1307 1293 1480 1344 ungula,
1500 1299 1544 1335 et
1562 1297 1696 1344 gutta,
1715 1297 1760 1334 et
1780 1291 1906 1344 quasi

1074 1350 1268 1392 Libanus
1294 1362 1383 1391 non
1408 1350 1572 1392 incisus
1595 1349 1809 1402 vaporavi
1831 1347 1904 1389 ha-

1075 1406 1334 1449 bitationem
1357 1419 1516 1457 meam,
1545 1412 1588 1449 et
1614 1406 1740 1458 quasi
1763 1405 1904 1447 balsa-

1074 1477 1194 1505 mum
1211 1477 1301 1506 non
1318 1464 1498 1506 mistum
1516 1462 1628 1505 odor
1645 1475 1782 1504 meus.
1808 1462 1904 1513 Ego

1076 1521 1201 1573 quasi
1236 1521 1511 1563 terebinthus
1545 1519 1724 1562 extendi
1757 1531 1905 1560 ramos

1074 1590 1215 1628 meos,
1241 1583 1285 1620 et
1307 1578 1418 1620 rami
1436 1577 1524 1619 mei
1546 1576 1728 1619 honoris
1748 1581 1792 1618 et
1811 1577 1904 1628 313-

1075 1635 1160 1676 1136.
1214 1635 1310 1687 Ego
1348 1635 1475 1687 quasi
1505 1635 1607 1677 vitis
1643 1633 1906 1676 fructificavi

1075 1692 1340 1734 suavitatem
1359 1691 1522 1734 odoris.

1133 1749 1186 1801 R.
1212 1749 1364 1792 Multae
1396 1749 1500 1790 filiae
1529 1750 1907 1801 congregaverunt

1076 1806 1266 1856 divitiaS,
1290 1811 1338 1848 tu
1362 1807 1651 1859 supergressa
1670 1818 1717 1847 65
1735 1805 1904 1847 univer-

1075 1877 1163 1905 sas:
1192 1862 1440 1917 *Speciosa
1466 1863 1583 1905 facta
1611 1876 1657 1904 es
1686 1867 1730 1904 et
1757 1861 1906 1904 suavis

1075 1921 1119 1961 in
1135 1919 1303 1962 deliciis
1316 1920 1582 1971 11115,5311613
1595 1920 1680 1961 Dei
1696 1919 1906 1961 Genitrix.

1083 1970 1133 2023 V·
1151 1978 1350 2020 Sentiant
1374 1990 1526 2019 omnes
1550 1983 1675 2019 tuum
1693 1977 1908 2029 juvamen.

1077 2035 1342 2088 quicumque
1388 2035 1611 2077 celebrant
1650 2039 1771 2076 tuam
1811 2045 1905 2074 san-

1076 2097 1192 2134 ctam
1206 2092 1542 2134 Maternitatem.
1561 2091 1783 2144 Speciosa.
1805 2089 1906 2131 Glo-

1075 2149 1139 2190 ria
1158 2149 1288 2191 Patri.
1316 2149 1540 2202 Speciosa.

1307 2228 1356 2267 In
1383 2228 1433 2267 11.
1462 2226 1687 2267 Nocturno.

1082 2291 1147 2331 Ex
1172 2289 1384 2330 Sermone
1410 2289 1549 2330 sancti
1573 2287 1735 2330 Leonis
1760 2287 1906 2339 Papae.

1208 2354 1325 2389 Serm.
1352 2354 1380 2387 1.
1405 2354 1451 2388 de
1474 2353 1603 2388 Nativ.
1627 2349 1795 2386 Domini.

1396 2410 1580 2451 Lectio
1570 2423 1623 2449 1v.

1080 2473 1327 2533 >pravom
1356 2473 1475 2524 16313
1499 2471 1725 2513 Davidieae
1757 2471 1906 2524 stirpis

1250 2529 1441 2580 eligitur,
1475 2541 1574 2581 quae
1607 2541 1734 2570 sacro
1767 2528 1904 2580 gravi-

1251 2585 1396 2627 danda
1433 2585 1560 2634 foetu,
1600 2584 1793 2626 divinam
1830 2584 1905 2625 hu-

1076 2645 1340 2695 manamque
1364 2641 1536 2695 prolem
1558 2642 1682 2694 prius
1705 2643 1905 2694 concipe-

1077 2704 1145 2741 ret
1180 2705 1326 2742 mente
1365 2711 1496 2751 quam
1532 2700 1735 2751 corpore:
1778 2703 1822 2740 et
1849 2710 1910 2739 ne
