2040 2944
435 175 507 209 Die
532 175 580 209 13.
606 175 708 218 Sept.
756 174 874 209 Sexta
899 175 960 209 die
986 175 1085 208 infra
1109 174 1188 208 Oct.
1211 174 1339 208 Nativ.
1364 174 1405 207 B.
1429 174 1475 208 M.
1500 174 1544 207 V.

1788 183 1856 217 279

135 294 223 322 ma:
245 281 267 304 *
289 279 401 330 Quia
426 291 481 319 ex
505 283 550 319 te
577 282 698 319 ortus
725 282 792 318 est
817 276 884 318 sol
909 278 967 329 J'u-

137 337 286 386 stitiae,
335 337 358 362 *
395 334 594 376 Christus
639 333 762 375 Deus
807 338 968 374 noster.

141 392 191 439 V.
212 393 301 434 Ora
325 404 409 445 pro
435 390 622 443 populo,
646 390 862 431 interveni
884 402 968 441 pro

136 449 272 499 clero,
304 448 529 492 intercede
553 459 635 500 pro
659 446 824 488 devoto
850 446 968 487 femi-

135 518 220 547 neo
241 519 366 548 sexu:
386 506 576 547 sentiant
595 516 748 546 omnes
766 508 891 544 tuum
909 504 968 555 ju-

135 564 304 613 vamen,
323 563 588 615 quicumque
608 560 833 602 celebrant
846 564 969 601 tuam

135 624 334 660 sanctam
360 618 661 663 Nativitatem.
699 617 821 667 Quia.
865 615 968 658 Glo-

134 675 198 716 ria
216 676 347 717 Patri.
375 675 585 717 Christus.

439 738 591 779 Lectio
613 739 667 778 ix.

138 794 386 900 Denique
403 814 484 855 per
502 801 769 854 prophetam
782 813 870 841 non
885 800 970 840 nisi

248 864 402 911 quarta
428 858 713 909 generatione
739 857 783 898 in
807 857 968 898 throno

135 916 256 967 regio
275 915 739 967 Israelisquemquam
759 913 814 955 de
835 913 968 955 domo

134 971 290 1014 Achab
312 984 410 1013 esse
429 974 654 1012 sessurum
674 970 843 1012 dicitur.
863 971 968 1011 Pur-

133 1031 237 1080 gata
268 1028 400 1079 igitur
432 1027 534 1069 labe
562 1027 738 1069 familiae
768 1027 968 1076 Gentius,

134 1084 291 1134 tribus,
319 1097 418 1137 quae
445 1085 684 1137 praeteritis
703 1086 789 1137 jam
807 1083 968 1135 regulis

134 1141 179 1182 in
224 1146 383 1193 quarto
433 1141 767 1192 generationum
819 1154 969 1182 conse-

137 1198 363 1250 quentium
409 1197 563 1239 ordine
606 1200 876 1247 numeratur,
927 1201 970 1239 et

135 1267 276 1307 usque
328 1254 385 1296 ad
429 1255 613 1295 Mariam
663 1255 969 1306 generationes

137 1311 471 1363 quatuordecim
485 1324 582 1353 esse
594 1311 855 1360 scribuntur,
870 1325 970 1353 cum

135 1367 180 1408 in
197 1371 382 1410 numero
409 1368 564 1410 decem
588 1374 632 1410 et
656 1373 828 1421 septem
846 1381 969 1420 repe-

135 1425 319 1475 riantur,
352 1424 497 1466 nullus
528 1438 650 1467 error
679 1438 777 1466 esse
805 1425 971 1477 poterit

137 1481 376 1523 scientibus
391 1494 480 1523 non
495 1494 593 1523 eam
608 1481 751 1523 solum
767 1494 865 1523 esse
879 1482 969 1522 Do-

135 1538 254 1579 mino
271 1543 426 1580 nostro
437 1539 462 1579 J
465 1551 543 1580 esu
555 1538 729 1580 Christo
746 1539 970 1588 originem,

138 1606 237 1646 quae
266 1594 402 1647 coepit
431 1607 486 1636 ex
510 1595 663 1636 Maria:
691 1594 771 1636 sed
798 1596 842 1635 in
869 1608 969 1647 pro-

138 1651 360 1692 creatione
386 1653 619 1703 corporea,
647 1651 889 1693 nativitatis
915 1664 969 1692 ae-

137 1707 275 1747 ternae
292 1707 627 1758 significantiam
644 1707 971 1760 comprehendi.

202 1766 264 1807 Te
284 1767 428 1809 Deum
447 1767 688 1809 laudamus.
703 1770 762 1809 14.

325 1871 409 1912 Die
429 1873 486 1912 13.
504 1871 787 1925 Septembris.

258 1938 391 1979 Sexta
413 1937 483 1978 die
504 1937 614 1978 infra
635 1937 850 1978 Octavam

293 2001 591 2043 Nativitatis
610 2003 662 2043 B.
678 2002 742 2043 Μ.
756 2003 813 2043 V.
865 2046 871 2051 ,

189 2063 233 2098 111
261 2063 287 2098 Ι.
317 2063 518 2098 Nocturno
551 2063 756 2097 Lectiones
792 2063 838 2097 de
870 2062 969 2098 Scri-

137 2116 252 2156 ptura
278 2117 511 2147 occurrente.

362 2185 411 2223 In
439 2185 490 2225 11.
519 2183 744 2223 Nocturno.

138 2244 206 2284 Ex
223 2243 337 2285 libro
353 2245 492 2286 sancti
507 2245 744 2297 Epiphanii
758 2246 971 2300 Episcopi

337 2299 550 2342 adversus
568 2301 772 2344 haereses.

223 2365 306 2399 Lib.
323 2366 353 2399 3.
372 2366 513 2399 haeresi
530 2366 585 2399 78.
604 2370 694 2409 post
710 2366 890 2401 medium.

441 2423 594 2464 Lectio
615 2424 668 2462 iv.

242 2482 352 2523 6313
370 2482 512 2523 Mater
530 2482 614 2523 Dei
629 2482 767 2524 Maria
785 2496 864 2535 per
883 2484 970 2525 Η6-

153 2541 160 2580 ³J
177 2532 246 2597 ²7>st
268 2551 369 2579 vam
388 2539 669 2589 significatur,
699 2552 798 2591 quae
817 2552 897 2591 per
916 2553 970 2581 36-

235 2593 246 2613 2
267 2596 414 2645 nigma
442 2595 631 2648 accepit,
668 2601 716 2637 ut
743 2601 884 2637 mater
911 2597 969 2637 vi-

141 2649 336 2690 ventium
361 2653 555 2693 vocetur.
591 2651 672 2692 Illa
698 2652 859 2693 etenim
883 2665 970 2692 ma-

140 2708 210 2745 ter
245 2705 485 2748 viventium
520 2710 679 2749 vocata
715 2713 798 2758 est,
841 2708 972 2749 etiam

1020 281 1260 329 postquam
1284 278 1466 320 audivit:
1495 279 1634 320 Terra
1658 292 1722 328 es,
1750 285 1793 321 et
1812 280 1856 320 in

1021 338 1184 374 terram
1209 335 1459 383 reverteris,
1488 341 1592 388 post
1614 341 1855 387 transgres-

1022 389 1202 430 sionem.
1237 390 1295 431 Et
1319 391 1477 431 mirum
1504 397 1586 442 est,
1612 393 1732 445 quod
1751 398 1856 446 post

1021 447 1418 496 transgressionem
1433 447 1519 489 hoc
1533 462 1741 501 magnum
1756 463 1855 501 cog-

1021 505 1183 543 nomen
1215 502 1380 545 habuit.
1432 505 1489 546 Et
1523 505 1643 557 quod
1677 506 1856 558 quidem

1021 559 1213 611 pertinet
1232 559 1289 601 ad
1308 573 1401 601 rem
1421 562 1683 613 sensibilem,
1707 563 1762 604 ab
1782 563 1857 604 illa

1022 617 1150 657 Heva
1188 617 1329 657 omnis
1366 617 1591 659 hominum
1627 621 1855 669 generatio

1023 672 1215 715 deducta
1253 678 1320 715 est
1357 674 1402 714 in
1437 679 1569 716 terra:
1604 675 1676 717 hic
1709 681 1856 718 autem

1022 742 1126 771 vere
1153 743 1178 771 a
1196 730 1335 770 Maria
1360 730 1457 772 haec
1481 732 1572 772 vita
1595 732 1760 775 mundo
1784 735 1855 784 ge-

1022 787 1114 827 nita
1138 791 1219 835 est,
1247 792 1296 828 ut
1321 787 1542 829 viventem
1567 791 1783 839 gigneret,
1813 795 1857 831 et

1023 843 1150 885 fieret
1167 844 1307 885 Maria
1325 849 1467 885 mater
1486 845 1738 887 viventium.
1770 847 1855 888 Per

1023 903 1210 951 aenigma
1232 901 1365 951 igitur
1383 901 1523 942 Maria
1545 907 1687 944 mater
1710 903 1855 945 17117611-

1021 957 1131 998 tium
1150 957 1374 1009 appellata
1392 963 1470 999 est.

1078 1016 1130 1067 R.
1164 1014 1386 1055 Nativitas
1422 1015 1630 1066 gloriosae
1662 1017 1856 1067 Virginis

1022 1070 1174 1111 Mariae
1206 1083 1261 1111 ex
1294 1071 1460 1112 semine
1494 1072 1706 1123 Abrahae,
1746 1079 1856 1115 ortae

1023 1126 1078 1167 de
1098 1126 1216 1168 tribu
1235 1127 1365 1177 Juda,
1394 1128 1512 1169 clara
1535 1142 1589 1170 ex
1614 1130 1751 1182 stirpe
1770 1131 1856 1171 Da·

1023 1182 1113 1224 vid:
1146 1184 1169 1208 *
1195 1183 1326 1235 Cujus
1359 1185 1450 1225 vita
1481 1185 1643 1238 inclyta
1676 1192 1856 1228 cunctas

1022 1239 1213 1281 illustrat
1240 1240 1461 1282 ecclesias.
1498 1235 1549 1286 V.
1582 1242 1730 1284 Hodie
1754 1249 1857 1284 nata

1024 1301 1091 1338 est
1118 1296 1249 1338 beata
1277 1297 1417 1348 Virgo
1446 1298 1586 1340 Maria
1617 1312 1672 1341 ex
1699 1302 1856 1352 proge-

1023 1353 1093 1394 nie
1114 1352 1269 1395 David.
1301 1354 1446 1406 Cujus.

1337 1412 1490 1454 Lectio
1511 1427 1548 1452 17.

1024 1463 1214 1569 Η61736
1239 1466 1391 1509 datum
1412 1473 1478 1509 est
1499 1470 1673 1520 operire
1694 1481 1856 1521 corpus

1137 1524 1344 1565 sensibile
1386 1530 1572 1577 propter
1612 1524 1857 1567 nuditatem

1024 1579 1290 1621 sensibilem:
1313 1581 1466 1622 Mariae
1487 1594 1592 1622 vero
1618 1582 1770 1623 datum
1790 1588 1857 1623 est

1025 1650 1050 1677 a
1068 1637 1184 1686 Deo,
1203 1642 1252 1678 ut
1270 1639 1447 1688 pareret
1467 1637 1596 1679 nobis
1616 1638 1794 1688 Agnum
1814 1644 1858 1680 et

1024 1706 1169 1740 ovem,
1199 1698 1243 1734 et
1268 1706 1322 1734 ex
1347 1693 1487 1744 gloria
1512 1694 1651 1746 ipsius
1671 1695 1787 1745 Agni
1813 1700 1857 1736 et

1024 1749 1119 1790 ovis
1139 1749 1267 1790 fieret
1290 1749 1420 1791 nobis
1440 1749 1562 1791 velut
1586 1763 1611 1790 a
1630 1750 1793 1791 17611616
1812 1751 1857 1791 111

1024 1805 1240 1858 sapientia
1272 1819 1354 1858 per
1385 1806 1594 1848 virtutem
1626 1806 1764 1858 ipsius
1795 1807 1855 1847 in-

1024 1862 1281 1903 dumentum
1298 1862 1740 1915 incorruptibilitatis.
1769 1864 1855 1905 Η6-

1023 1932 1079 1959 173
1116 1919 1248 1960 6113111
1284 1919 1440 1961 11101115
1473 1932 1608 1961 631153
1640 1920 1756 1961 facta
1789 1925 1857 1962 est

1022 1975 1287 2017 hominibus:
1315 1989 1396 2028 per
1423 1976 1567 2028 ipsam
1595 1978 1710 2017 enim
1735 1991 1856 2018 mors

1022 2033 1220 2084 ingressa
1262 2038 1330 2074 est
1371 2033 1415 2073 in
1451 2033 1677 2074 mundum:
1718 2033 1857 2075 Maria

1022 2101 1129 2130 vero
1149 2101 1284 2130 causa
1302 2089 1422 2138 vitae,
1449 2103 1531 2142 per
1556 2102 1688 2141 quam
1708 2090 1857 2140 genita

1023 2150 1091 2187 651
1117 2145 1247 2187 nobis
1270 2146 1377 2195 vita,
1406 2151 1450 2187 et
1476 2159 1557 2199 per
1581 2146 1696 2188 hanc
1720 2146 1856 2187 Filius

1022 2202 1107 2243 Dei
1143 2201 1321 2243 advenit
1355 2202 1399 2243 in
1431 2202 1659 2244 mundum:
1702 2208 1745 2245 61
1782 2203 1858 2244 ubi

1023 2257 1263 2300 abundavit
1308 2261 1558 2310 peceatum,
1606 2258 1668 2300 ibi
1705 2272 1855 2312 super-

1023 2314 1266 2356 abundavit
1285 2320 1329 2356 et
1352 2315 1506 2366 gratia:
1533 2320 1576 2357 61
1595 2315 1713 2357 unde
1732 2316 1857 2357 illata

1024 2375 1091 2413 est
1117 2384 1257 2420 mors,
1287 2371 1406 2412 illinc
1434 2372 1653 2424 processit
1683 2377 1727 2414 et
1754 2373 1855 2422 vita,

1023 2433 1071 2469 ut
1086 2428 1175 2469 vita
1193 2439 1275 2479 pro
1295 2433 1439 2469 morte
1458 2428 1599 2470 fieret:
1619 2433 1663 2470 et
1684 2429 1758 2480 qui
1775 2441 1856 2480 per

1023 2484 1251 2525 mulierem
1292 2483 1421 2525 nobis
1457 2485 1549 2526 vita
1593 2485 1735 2526 factus
1773 2490 1854 2534 est,

1022 2545 1214 2582 mortem
1243 2552 1298 2580 ex
1325 2540 1509 2582 muliere
1533 2540 1759 2582 inductam
1785 2553 1854 2581 ex—

1025 2596 1232 2638 cluderet.
1275 2596 1332 2636 Et
1365 2597 1573 2648 quoniam
1602 2597 1690 2638 illic
1717 2597 1853 2645 Heva,

1024 2665 1122 2694 cum
1143 2651 1288 2693 adhuc
1313 2658 1432 2694 esset
1451 2654 1587 2704 virgo,
1608 2666 1688 2705 per
1706 2651 1854 2692 inobe-

1024 2708 1234 2750 dientiam
1265 2711 1542 2759 transgressa
1574 2714 1656 2750 est:
1698 2720 1722 2749 e
1753 2719 1852 2748 con-
