<?xml version="1.0" encoding="UTF-8"?>
<!DOCTYPE html PUBLIC "-//W3C//DTD XHTML 1.0 Transitional//EN"
    "http://www.w3.org/TR/xhtml1/DTD/xhtml1-transitional.dtd">
<html xmlns="http://www.w3.org/1999/xhtml" xml:lang="en" lang="en">
 <head>
  <title>
</title>
<meta http-equiv="Content-Type" content="text/html;charset=utf-8" />
  <meta name='ocr-system' content='tesseract 3.04.00' />
  <meta name='ocr-capabilities' content='ocr_page ocr_carea ocr_par ocr_line ocrx_word'/>
</head>
<body>
  <div class='ocr_page' id='page_1' title='image "./p4breviariumroma00cathuoft_0532.png"; bbox 0 0 2040 2944; ppageno 0'>
   <div class='ocr_carea' id='block_1_1' title="bbox 178 177 249 221">
    <p class='ocr_par' dir='ltr' id='par_1_1' title="bbox 178 177 249 221">
     <span class='ocr_line' id='line_1_1' title="bbox 178 177 249 221; baseline 0 0"><span class='ocrx_word' id='word_1_1' title='bbox 178 177 249 221; x_wconf 88' lang='lat'>[32]</span> 
     </span>
    </p>
   </div>
   <div class='ocr_carea' id='block_1_2' title="bbox 752 178 1317 220">
    <p class='ocr_par' dir='ltr' id='par_1_2' title="bbox 752 178 1317 220">
     <span class='ocr_line' id='line_1_2' title="bbox 752 178 1317 220; baseline 0.002 -10"><span class='ocrx_word' id='word_1_2' title='bbox 752 179 962 211; x_wconf 70' lang='lat' dir='ltr'>Commune</span> <span class='ocrx_word' id='word_1_3' title='bbox 988 178 1101 211; x_wconf 84' lang='lat' dir='ltr'>unius</span> <span class='ocrx_word' id='word_1_4' title='bbox 1127 178 1317 220; x_wconf 74' lang='lat' dir='ltr'>Martyris.</span> 
     </span>
    </p>
   </div>
   <div class='ocr_carea' id='block_1_3' title="bbox 178 237 1120 247">
    <p class='ocr_par' dir='ltr' id='par_1_3' title="bbox 178 237 1120 247">
     <span class='ocr_line' id='line_1_3' title="bbox 178 237 1120 247; baseline 0 2697"><span class='ocrx_word' id='word_1_5' title='bbox 178 237 1120 247; x_wconf 95' lang='lat' dir='ltr'> </span> 
     </span>
    </p>
   </div>
   <div class='ocr_carea' id='block_1_4' title="bbox 178 272 1014 1322">
    <p class='ocr_par' dir='ltr' id='par_1_4' title="bbox 178 272 1014 1322">
     <span class='ocr_line' id='line_1_4' title="bbox 180 272 1011 323; baseline -0.002 -9"><span class='ocrx_word' id='word_1_6' title='bbox 180 274 406 314; x_wconf 91' lang='lat' dir='ltr'>cutionum</span> <span class='ocrx_word' id='word_1_7' title='bbox 434 274 652 313; x_wconf 90' lang='lat' dir='ltr'>tormenta</span> <span class='ocrx_word' id='word_1_8' title='bbox 680 274 907 313; x_wconf 91' lang='lat' dir='ltr'>sustineat:</span> <span class='ocrx_word' id='word_1_9' title='bbox 937 272 1011 323; x_wconf 92' lang='lat' dir='ltr'>qui</span> 
     </span>
     <span class='ocr_line' id='line_1_5' title="bbox 180 327 1010 380; baseline -0.001 -11"><span class='ocrx_word' id='word_1_10' title='bbox 180 329 287 369; x_wconf 89' lang='lat' dir='ltr'>nihil</span> <span class='ocrx_word' id='word_1_11' title='bbox 327 328 540 380; x_wconf 79' lang='lat' dir='ltr'>rapuerit,</span> <span class='ocrx_word' id='word_1_12' title='bbox 587 327 755 368; x_wconf 90' lang='lat' dir='ltr'>nullum</span> <span class='ocrx_word' id='word_1_13' title='bbox 791 328 1010 369; x_wconf 90' lang='lat' dir='ltr'>violentus</span> 
     </span>
     <span class='ocr_line' id='line_1_6' title="bbox 180 383 1010 437; baseline -0.001 -12"><span class='ocrx_word' id='word_1_14' title='bbox 180 384 462 437; x_wconf 86' lang='lat' dir='ltr'>oppresserit,</span> <span class='ocrx_word' id='word_1_15' title='bbox 492 383 652 424; x_wconf 89' lang='lat' dir='ltr'>nullius</span> <span class='ocrx_word' id='word_1_16' title='bbox 672 384 929 435; x_wconf 80' lang='lat' dir='ltr'>sanguinem</span> <span class='ocrx_word' id='word_1_17' title='bbox 948 384 1010 424; x_wconf 82' lang='lat' dir='ltr'>fu-</span> 
     </span>
     <span class='ocr_line' id='line_1_7' title="bbox 180 439 1011 492; baseline 0 -12"><span class='ocrx_word' id='word_1_18' title='bbox 180 440 303 489; x_wconf 88' lang='lat' dir='ltr'>derit,</span> <span class='ocrx_word' id='word_1_19' title='bbox 323 439 482 480; x_wconf 87' lang='lat' dir='ltr'>nulh&#39;us</span> <span class='ocrx_word' id='word_1_20' title='bbox 501 444 648 480; x_wconf 91' lang='lat' dir='ltr'>torum</span> <span class='ocrx_word' id='word_1_21' title='bbox 670 440 893 492; x_wconf 81' lang='lat' dir='ltr'>putaverit</span> <span class='ocrx_word' id='word_1_22' title='bbox 913 452 1011 481; x_wconf 91' lang='lat' dir='ltr'>esse</span> 
     </span>
     <span class='ocr_line' id='line_1_8' title="bbox 179 496 1010 548; baseline 0 -12"><span class='ocrx_word' id='word_1_23' title='bbox 179 496 450 537; x_wconf 79' lang='lat' dir='ltr'>violandum:</span> <span class='ocrx_word' id='word_1_24' title='bbox 493 496 566 548; x_wconf 89' lang='lat' dir='ltr'>qui</span> <span class='ocrx_word' id='word_1_25' title='bbox 597 496 704 536; x_wconf 90' lang='lat' dir='ltr'>nihil</span> <span class='ocrx_word' id='word_1_26' title='bbox 735 496 905 548; x_wconf 91' lang='lat' dir='ltr'>legibus</span> <span class='ocrx_word' id='word_1_27' title='bbox 939 496 1010 537; x_wconf 90' lang='lat' dir='ltr'>de-</span> 
     </span>
     <span class='ocr_line' id='line_1_9' title="bbox 179 552 1010 603; baseline 0 -10"><span class='ocrx_word' id='word_1_28' title='bbox 179 552 297 601; x_wconf 84' lang='lat' dir='ltr'>beat,</span> <span class='ocrx_word' id='word_1_29' title='bbox 333 557 377 593; x_wconf 91' lang='lat' dir='ltr'>et</span> <span class='ocrx_word' id='word_1_30' title='bbox 403 553 607 603; x_wconf 85' lang='lat' dir='ltr'>graviora</span> <span class='ocrx_word' id='word_1_31' title='bbox 634 552 856 594; x_wconf 91' lang='lat' dir='ltr'>latronum</span> <span class='ocrx_word' id='word_1_32' title='bbox 885 552 1010 593; x_wconf 91' lang='lat' dir='ltr'>susti-</span> 
     </span>
     <span class='ocr_line' id='line_1_10' title="bbox 179 608 1010 661; baseline -0.001 -12"><span class='ocrx_word' id='word_1_33' title='bbox 179 610 282 649; x_wconf 90' lang='lat' dir='ltr'>nere</span> <span class='ocrx_word' id='word_1_34' title='bbox 302 610 487 660; x_wconf 81' lang='lat' dir='ltr'>cogatur</span> <span class='ocrx_word' id='word_1_35' title='bbox 507 608 737 661; x_wconf 85' lang='lat' dir='ltr'>supplicia:</span> <span class='ocrx_word' id='word_1_36' title='bbox 767 609 841 660; x_wconf 92' lang='lat' dir='ltr'>qui</span> <span class='ocrx_word' id='word_1_37' title='bbox 859 608 1010 660; x_wconf 82' lang='lat' dir='ltr'>loqua-</span> 
     </span>
     <span class='ocr_line' id='line_1_11' title="bbox 178 664 1010 716; baseline -0.001 -11"><span class='ocrx_word' id='word_1_38' title='bbox 178 669 249 705; x_wconf 85' lang='lat' dir='ltr'>tur</span> <span class='ocrx_word' id='word_1_39' title='bbox 269 665 392 716; x_wconf 86' lang='lat' dir='ltr'>juste,</span> <span class='ocrx_word' id='word_1_40' title='bbox 421 669 465 706; x_wconf 92' lang='lat' dir='ltr'>et</span> <span class='ocrx_word' id='word_1_41' title='bbox 490 677 579 706; x_wconf 94' lang='lat' dir='ltr'>non</span> <span class='ocrx_word' id='word_1_42' title='bbox 604 664 822 706; x_wconf 81' lang='lat' dir='ltr'>audiatur:</span> <span class='ocrx_word' id='word_1_43' title='bbox 852 665 925 716; x_wconf 89' lang='lat' dir='ltr'>qui</span> <span class='ocrx_word' id='word_1_44' title='bbox 950 665 1010 705; x_wconf 94' lang='lat' dir='ltr'>lo-</span> 
     </span>
     <span class='ocr_line' id='line_1_12' title="bbox 180 720 1010 772; baseline 0 -11"><span class='ocrx_word' id='word_1_45' title='bbox 180 722 339 772; x_wconf 82' lang='lat' dir='ltr'>quatur</span> <span class='ocrx_word' id='word_1_46' title='bbox 362 720 492 772; x_wconf 93' lang='lat' dir='ltr'>plena</span> <span class='ocrx_word' id='word_1_47' title='bbox 516 720 684 771; x_wconf 80' lang='lat' dir='ltr'>salutis,</span> <span class='ocrx_word' id='word_1_48' title='bbox 720 725 763 761; x_wconf 91' lang='lat' dir='ltr'>et</span> <span class='ocrx_word' id='word_1_49' title='bbox 786 720 1010 772; x_wconf 89' lang='lat' dir='ltr'>impugne-</span> 
     </span>
     <span class='ocr_line' id='line_1_13' title="bbox 178 776 1011 828; baseline 0 -11"><span class='ocrx_word' id='word_1_50' title='bbox 178 781 265 817; x_wconf 90' lang='lat' dir='ltr'>tur:</span> <span class='ocrx_word' id='word_1_51' title='bbox 292 781 341 817; x_wconf 94' lang='lat' dir='ltr'>ut</span> <span class='ocrx_word' id='word_1_52' title='bbox 364 777 507 828; x_wconf 84' lang='lat' dir='ltr'>possit</span> <span class='ocrx_word' id='word_1_53' title='bbox 532 776 695 826; x_wconf 80' lang='lat' dir='ltr'>dicere,</span> <span class='ocrx_word' id='word_1_54' title='bbox 729 776 838 817; x_wconf 88' lang='lat' dir='ltr'>Cum</span> <span class='ocrx_word' id='word_1_55' title='bbox 862 776 1011 828; x_wconf 92' lang='lat' dir='ltr'>loque-</span> 
     </span>
     <span class='ocr_line' id='line_1_14' title="bbox 179 832 1011 885; baseline -0.001 -12"><span class='ocrx_word' id='word_1_56' title='bbox 179 832 259 873; x_wconf 90' lang='lat' dir='ltr'>bar</span> <span class='ocrx_word' id='word_1_57' title='bbox 284 833 385 882; x_wconf 89' lang='lat' dir='ltr'>illis,</span> <span class='ocrx_word' id='word_1_58' title='bbox 421 832 739 885; x_wconf 83' lang='lat' dir='ltr'>impugnabant</span> <span class='ocrx_word' id='word_1_59' title='bbox 766 845 837 874; x_wconf 93' lang='lat' dir='ltr'>me</span> <span class='ocrx_word' id='word_1_60' title='bbox 863 833 1011 883; x_wconf 90' lang='lat' dir='ltr'>gratis.</span> 
     </span>
     <span class='ocr_line' id='line_1_15' title="bbox 179 888 1011 941; baseline -0.001 -12"><span class='ocrx_word' id='word_1_61' title='bbox 179 888 329 930; x_wconf 89' lang='lat' dir='ltr'>Gratis</span> <span class='ocrx_word' id='word_1_62' title='bbox 356 889 488 939; x_wconf 91' lang='lat' dir='ltr'>igitur</span> <span class='ocrx_word' id='word_1_63' title='bbox 515 889 871 941; x_wconf 90' lang='lat' dir='ltr'>persecutionem</span> <span class='ocrx_word' id='word_1_64' title='bbox 900 889 1011 941; x_wconf 85' lang='lat' dir='ltr'>pati-</span> 
     </span>
     <span class='ocr_line' id='line_1_16' title="bbox 178 945 1012 997; baseline -0.001 -12"><span class='ocrx_word' id='word_1_65' title='bbox 178 949 260 994; x_wconf 85' lang='lat' dir='ltr'>tur,</span> <span class='ocrx_word' id='word_1_66' title='bbox 290 945 365 996; x_wconf 91' lang='lat' dir='ltr'>qui</span> <span class='ocrx_word' id='word_1_67' title='bbox 388 945 671 997; x_wconf 81' lang='lat' dir='ltr'>impugnatur</span> <span class='ocrx_word' id='word_1_68' title='bbox 696 945 788 986; x_wconf 92' lang='lat' dir='ltr'>sine</span> <span class='ocrx_word' id='word_1_69' title='bbox 814 945 1012 986; x_wconf 84' lang='lat' dir='ltr'>crimine:</span> 
     </span>
     <span class='ocr_line' id='line_1_17' title="bbox 180 1001 1012 1053; baseline 0 -13"><span class='ocrx_word' id='word_1_70' title='bbox 180 1001 463 1053; x_wconf 84' lang='lat' dir='ltr'>impugnatur</span> <span class='ocrx_word' id='word_1_71' title='bbox 486 1006 535 1042; x_wconf 90' lang='lat' dir='ltr'>ut</span> <span class='ocrx_word' id='word_1_72' title='bbox 559 1001 732 1050; x_wconf 83' lang='lat' dir='ltr'>noxius,</span> <span class='ocrx_word' id='word_1_73' title='bbox 761 1013 861 1041; x_wconf 92' lang='lat' dir='ltr'>cum</span> <span class='ocrx_word' id='word_1_74' title='bbox 886 1001 944 1042; x_wconf 91' lang='lat' dir='ltr'>sit</span> <span class='ocrx_word' id='word_1_75' title='bbox 968 1001 1012 1041; x_wconf 92' lang='lat' dir='ltr'>in</span> 
     </span>
     <span class='ocr_line' id='line_1_18' title="bbox 180 1056 1012 1109; baseline 0 -12"><span class='ocrx_word' id='word_1_76' title='bbox 180 1056 259 1097; x_wconf 83' lang='lat' dir='ltr'>tali</span> <span class='ocrx_word' id='word_1_77' title='bbox 287 1057 563 1098; x_wconf 87' lang='lat' dir='ltr'>confessione</span> <span class='ocrx_word' id='word_1_78' title='bbox 591 1056 843 1098; x_wconf 80' lang='lat' dir='ltr'>laudabilis:</span> <span class='ocrx_word' id='word_1_79' title='bbox 875 1057 1012 1109; x_wconf 90' lang='lat' dir='ltr'>impu-</span> 
     </span>
     <span class='ocr_line' id='line_1_19' title="bbox 179 1112 1013 1165; baseline 0.001 -13"><span class='ocrx_word' id='word_1_80' title='bbox 179 1115 337 1163; x_wconf 78' lang='lat' dir='ltr'>gnatur</span> <span class='ocrx_word' id='word_1_81' title='bbox 363 1113 488 1165; x_wconf 81' lang='lat' dir='ltr'>quasi</span> <span class='ocrx_word' id='word_1_82' title='bbox 511 1112 743 1162; x_wconf 87' lang='lat' dir='ltr'>veneficus,</span> <span class='ocrx_word' id='word_1_83' title='bbox 773 1113 847 1165; x_wconf 92' lang='lat' dir='ltr'>qui</span> <span class='ocrx_word' id='word_1_84' title='bbox 870 1113 915 1153; x_wconf 90' lang='lat' dir='ltr'>in</span> <span class='ocrx_word' id='word_1_85' title='bbox 938 1115 1013 1154; x_wconf 93' lang='lat' dir='ltr'>no-</span> 
     </span>
     <span class='ocr_line' id='line_1_20' title="bbox 180 1169 1014 1221; baseline 0.001 -12"><span class='ocrx_word' id='word_1_86' title='bbox 180 1169 295 1210; x_wconf 90' lang='lat' dir='ltr'>mine</span> <span class='ocrx_word' id='word_1_87' title='bbox 314 1169 494 1209; x_wconf 91' lang='lat' dir='ltr'>Domini</span> <span class='ocrx_word' id='word_1_88' title='bbox 512 1169 736 1220; x_wconf 83' lang='lat' dir='ltr'>gloriatur,</span> <span class='ocrx_word' id='word_1_89' title='bbox 757 1181 856 1209; x_wconf 91' lang='lat' dir='ltr'>cum</span> <span class='ocrx_word' id='word_1_90' title='bbox 870 1171 1014 1221; x_wconf 90' lang='lat' dir='ltr'>pietas</span> 
     </span>
     <span class='ocr_line' id='line_1_21' title="bbox 180 1224 1014 1266; baseline 0.002 -2"><span class='ocrx_word' id='word_1_91' title='bbox 180 1225 392 1266; x_wconf 80' lang='lat' dir='ltr'>virtutum</span> <span class='ocrx_word' id='word_1_92' title='bbox 439 1225 634 1265; x_wconf 90' lang='lat' dir='ltr'>omnium</span> <span class='ocrx_word' id='word_1_93' title='bbox 680 1224 1014 1266; x_wconf 89' lang='lat' dir='ltr'>fundamentum</span> 
     </span>
     <span class='ocr_line' id='line_1_22' title="bbox 181 1281 249 1322; baseline 0.029 -2"><span class='ocrx_word' id='word_1_94' title='bbox 181 1281 249 1322; x_wconf 92' lang='lat' dir='ltr'>sit.</span> 
     </span>
    </p>
   </div>
   <div class='ocr_carea' id='block_1_5' title="bbox 180 1357 1014 1735">
    <p class='ocr_par' dir='ltr' id='par_1_5' title="bbox 180 1357 1014 1735">
     <span class='ocr_line' id='line_1_23' title="bbox 239 1357 1013 1413; baseline -0.003 -13"><span class='ocrx_word' id='word_1_95' title='bbox 239 1362 285 1413; x_wconf 60' lang='lat' dir='ltr'>Rg.</span> <span class='ocrx_word' id='word_1_96' title='bbox 316 1358 566 1399; x_wconf 91' lang='lat' dir='ltr'>Honestum</span> <span class='ocrx_word' id='word_1_97' title='bbox 589 1358 694 1399; x_wconf 87' lang='lat' dir='ltr'>fecit</span> <span class='ocrx_word' id='word_1_98' title='bbox 721 1358 843 1398; x_wconf 89' lang='lat' dir='ltr'>illum</span> <span class='ocrx_word' id='word_1_99' title='bbox 862 1357 1013 1398; x_wconf 91' lang='lat' dir='ltr'>Domi-</span> 
     </span>
     <span class='ocr_line' id='line_1_24' title="bbox 180 1413 1013 1463; baseline 0 -9"><span class='ocrx_word' id='word_1_100' title='bbox 180 1427 273 1463; x_wconf 90' lang='lat' dir='ltr'>nus,</span> <span class='ocrx_word' id='word_1_101' title='bbox 298 1419 342 1455; x_wconf 90' lang='lat' dir='ltr'>et</span> <span class='ocrx_word' id='word_1_102' title='bbox 361 1413 602 1455; x_wconf 87' lang='lat' dir='ltr'>custodivit</span> <span class='ocrx_word' id='word_1_103' title='bbox 622 1427 722 1455; x_wconf 90' lang='lat' dir='ltr'>eum</span> <span class='ocrx_word' id='word_1_104' title='bbox 742 1413 796 1455; x_wconf 89' lang='lat' dir='ltr'>ab</span> <span class='ocrx_word' id='word_1_105' title='bbox 816 1414 1013 1462; x_wconf 87' lang='lat' dir='ltr'>inimicis,</span> 
     </span>
     <span class='ocr_line' id='line_1_25' title="bbox 182 1469 1011 1511; baseline -0.001 0"><span class='ocrx_word' id='word_1_106' title='bbox 182 1475 226 1511; x_wconf 94' lang='lat' dir='ltr'>et</span> <span class='ocrx_word' id='word_1_107' title='bbox 250 1483 276 1510; x_wconf 90' lang='lat' dir='ltr'>a</span> <span class='ocrx_word' id='word_1_108' title='bbox 304 1469 613 1511; x_wconf 90' lang='lat' dir='ltr'>seductoribus</span> <span class='ocrx_word' id='word_1_109' title='bbox 641 1470 800 1511; x_wconf 81' lang='lat' dir='ltr'>tutavit</span> <span class='ocrx_word' id='word_1_110' title='bbox 827 1470 963 1510; x_wconf 89' lang='lat' dir='ltr'>illum:</span> <span class='ocrx_word' id='word_1_111' title='bbox 989 1476 1011 1500; x_wconf 88' lang='lat'>*</span> 
     </span>
     <span class='ocr_line' id='line_1_26' title="bbox 181 1524 1014 1567; baseline -0.002 0"><span class='ocrx_word' id='word_1_112' title='bbox 181 1526 238 1567; x_wconf 89' lang='lat' dir='ltr'>Et</span> <span class='ocrx_word' id='word_1_113' title='bbox 267 1524 389 1567; x_wconf 82' lang='lat' dir='ltr'>dedit</span> <span class='ocrx_word' id='word_1_114' title='bbox 420 1526 482 1566; x_wconf 92' lang='lat' dir='ltr'>illi</span> <span class='ocrx_word' id='word_1_115' title='bbox 515 1526 761 1567; x_wconf 79' lang='lat' dir='ltr'>claritatem</span> <span class='ocrx_word' id='word_1_116' title='bbox 793 1527 1014 1567; x_wconf 88' lang='lat' dir='ltr'>aeternam.</span> 
     </span>
     <span class='ocr_line' id='line_1_27' title="bbox 183 1579 1013 1634; baseline -0.001 -11"><span class='ocrx_word' id='word_1_117' title='bbox 183 1579 232 1630; x_wconf 95' lang='grc' dir='ltr'>Υ.</span> <span class='ocrx_word' id='word_1_118' title='bbox 267 1582 598 1634; x_wconf 91' lang='lat' dir='ltr'>Descenditque</span> <span class='ocrx_word' id='word_1_119' title='bbox 632 1595 731 1623; x_wconf 93' lang='lat' dir='ltr'>cum</span> <span class='ocrx_word' id='word_1_120' title='bbox 767 1582 844 1623; x_wconf 95' lang='lat' dir='ltr'>illo</span> <span class='ocrx_word' id='word_1_121' title='bbox 876 1582 920 1622; x_wconf 90' lang='lat' dir='ltr'>in</span> <span class='ocrx_word' id='word_1_122' title='bbox 952 1581 1013 1622; x_wconf 91' lang='lat' dir='ltr'>fo-</span> 
     </span>
     <span class='ocr_line' id='line_1_28' title="bbox 180 1637 1013 1689; baseline 0.001 -11"><span class='ocrx_word' id='word_1_123' title='bbox 180 1651 316 1687; x_wconf 88' lang='lat' dir='ltr'>veam,</span> <span class='ocrx_word' id='word_1_124' title='bbox 341 1643 384 1679; x_wconf 93' lang='lat' dir='ltr'>et</span> <span class='ocrx_word' id='word_1_125' title='bbox 403 1638 447 1678; x_wconf 92' lang='lat' dir='ltr'>in</span> <span class='ocrx_word' id='word_1_126' title='bbox 466 1638 650 1679; x_wconf 89' lang='lat' dir='ltr'>vinculis</span> <span class='ocrx_word' id='word_1_127' title='bbox 670 1650 758 1679; x_wconf 93' lang='lat' dir='ltr'>non</span> <span class='ocrx_word' id='word_1_128' title='bbox 779 1637 1013 1689; x_wconf 80' lang='lat' dir='ltr'>dereliquit</span> 
     </span>
     <span class='ocr_line' id='line_1_29' title="bbox 180 1693 639 1735; baseline -0.002 0"><span class='ocrx_word' id='word_1_129' title='bbox 180 1707 290 1735; x_wconf 90' lang='lat' dir='ltr'>eum.</span> <span class='ocrx_word' id='word_1_130' title='bbox 335 1694 392 1735; x_wconf 89' lang='lat' dir='ltr'>Et</span> <span class='ocrx_word' id='word_1_131' title='bbox 421 1693 543 1735; x_wconf 89' lang='lat' dir='ltr'>dedit</span> <span class='ocrx_word' id='word_1_132' title='bbox 567 1694 639 1734; x_wconf 91' lang='lat' dir='ltr'>illi.</span> 
     </span>
    </p>
   </div>
   <div class='ocr_carea' id='block_1_6' title="bbox 494 1806 699 1846">
    <p class='ocr_par' dir='ltr' id='par_1_6' title="bbox 494 1806 699 1846">
     <span class='ocr_line' id='line_1_30' title="bbox 494 1806 699 1846; baseline -0.01 0"><span class='ocrx_word' id='word_1_133' title='bbox 494 1806 646 1846; x_wconf 86' lang='lat' dir='ltr'>Lectio</span> <span class='ocrx_word' id='word_1_134' title='bbox 663 1820 699 1844; x_wconf 83' lang='lat' dir='ltr'>v.</span> 
     </span>
    </p>
   </div>
   <div class='ocr_carea' id='block_1_7' title="bbox 179 1886 1013 2724">
    <p class='ocr_par' dir='ltr' id='par_1_7' title="bbox 179 1886 1013 2724">
     <span class='ocr_line' id='line_1_31' title="bbox 182 1886 1013 1991; baseline 0.002 -59"><span class='ocrx_word' id='word_1_135' title='bbox 182 1886 346 1991; x_wconf 88' lang='lat' dir='ltr'>Vere</span> <span class='ocrx_word' id='word_1_136' title='bbox 383 1893 547 1934; x_wconf 89' lang='lat' dir='ltr'>frustra</span> <span class='ocrx_word' id='word_1_137' title='bbox 588 1894 889 1946; x_wconf 79' lang='lat' dir='ltr'>impugnatur,</span> <span class='ocrx_word' id='word_1_138' title='bbox 939 1893 1013 1944; x_wconf 94' lang='lat' dir='ltr'>qui</span> 
     </span>
     <span class='ocr_line' id='line_1_32' title="bbox 297 1949 1012 2002; baseline 0 -13"><span class='ocrx_word' id='word_1_139' title='bbox 297 1949 417 2000; x_wconf 94' lang='lat' dir='ltr'>apud</span> <span class='ocrx_word' id='word_1_140' title='bbox 434 1950 594 2002; x_wconf 91' lang='lat' dir='ltr'>impios</span> <span class='ocrx_word' id='word_1_141' title='bbox 615 1956 658 1991; x_wconf 93' lang='lat' dir='ltr'>et</span> <span class='ocrx_word' id='word_1_142' title='bbox 678 1949 838 1991; x_wconf 90' lang='lat' dir='ltr'>infidos</span> <span class='ocrx_word' id='word_1_143' title='bbox 862 1949 1012 2001; x_wconf 91' lang='lat' dir='ltr'>impie-</span> 
     </span>
     <span class='ocr_line' id='line_1_33' title="bbox 181 2004 1011 2055; baseline 0.001 -11"><span class='ocrx_word' id='word_1_144' title='bbox 181 2004 285 2045; x_wconf 80' lang='lat' dir='ltr'>tatis</span> <span class='ocrx_word' id='word_1_145' title='bbox 311 2005 564 2055; x_wconf 83' lang='lat' dir='ltr'>arcessitur,</span> <span class='ocrx_word' id='word_1_146' title='bbox 592 2018 691 2046; x_wconf 91' lang='grc'><strong>011111</strong></span> <span class='ocrx_word' id='word_1_147' title='bbox 715 2005 821 2046; x_wconf 87' lang='lat' dir='ltr'>fidei</span> <span class='ocrx_word' id='word_1_148' title='bbox 845 2006 902 2046; x_wconf 91' lang='lat' dir='ltr'>sit</span> <span class='ocrx_word' id='word_1_149' title='bbox 925 2018 1011 2045; x_wconf 93' lang='lat' dir='ltr'>ma-</span> 
     </span>
     <span class='ocr_line' id='line_1_34' title="bbox 179 2061 1012 2114; baseline 0.001 -14"><span class='ocrx_word' id='word_1_150' title='bbox 179 2062 326 2109; x_wconf 88' lang='lat' dir='ltr'>gister.</span> <span class='ocrx_word' id='word_1_151' title='bbox 354 2061 521 2102; x_wconf 89' lang='lat' dir='ltr'>Verum</span> <span class='ocrx_word' id='word_1_152' title='bbox 537 2062 611 2113; x_wconf 91' lang='lat' dir='ltr'>qui</span> <span class='ocrx_word' id='word_1_153' title='bbox 630 2062 766 2112; x_wconf 92' lang='lat' dir='ltr'>gratis</span> <span class='ocrx_word' id='word_1_154' title='bbox 785 2062 1012 2114; x_wconf 80' lang='lat' dir='ltr'>impugna-</span> 
     </span>
     <span class='ocr_line' id='line_1_35' title="bbox 180 2116 1012 2165; baseline 0.002 -9"><span class='ocrx_word' id='word_1_155' title='bbox 180 2121 266 2165; x_wconf 87' lang='lat' dir='ltr'>tur,</span> <span class='ocrx_word' id='word_1_156' title='bbox 294 2116 422 2158; x_wconf 92' lang='lat' dir='ltr'>fortis</span> <span class='ocrx_word' id='word_1_157' title='bbox 448 2116 580 2158; x_wconf 92' lang='lat' dir='ltr'>debet</span> <span class='ocrx_word' id='word_1_158' title='bbox 605 2130 702 2158; x_wconf 93' lang='lat' dir='ltr'>esse</span> <span class='ocrx_word' id='word_1_159' title='bbox 729 2122 772 2158; x_wconf 93' lang='lat' dir='ltr'>et</span> <span class='ocrx_word' id='word_1_160' title='bbox 792 2122 1012 2158; x_wconf 85' lang='lat' dir='ltr'>constans.</span> 
     </span>
     <span class='ocr_line' id='line_1_36' title="bbox 181 2172 1013 2224; baseline 0.002 -12"><span class='ocrx_word' id='word_1_161' title='bbox 181 2172 416 2221; x_wconf 83' lang='lat' dir='ltr'>Quomodo</span> <span class='ocrx_word' id='word_1_162' title='bbox 454 2186 560 2224; x_wconf 87' lang='lat' dir='ltr'>ergo</span> <span class='ocrx_word' id='word_1_163' title='bbox 603 2173 847 2214; x_wconf 80' lang='lat' dir='ltr'>subtexuit:</span> <span class='ocrx_word' id='word_1_164' title='bbox 894 2173 951 2214; x_wconf 88' lang='lat' dir='ltr'>Et</span> <span class='ocrx_word' id='word_1_165' title='bbox 987 2186 1013 2214; x_wconf 92' lang='lat' dir='ltr'>a</span> 
     </span>
     <span class='ocr_line' id='line_1_37' title="bbox 181 2226 1011 2281; baseline 0.002 -14"><span class='ocrx_word' id='word_1_166' title='bbox 181 2226 327 2268; x_wconf 90' lang='lat' dir='ltr'>verbis</span> <span class='ocrx_word' id='word_1_167' title='bbox 355 2228 442 2269; x_wconf 93' lang='lat' dir='ltr'>tuis</span> <span class='ocrx_word' id='word_1_168' title='bbox 471 2229 712 2281; x_wconf 78' lang='lat' dir='ltr'>trepidavit</span> <span class='ocrx_word' id='word_1_169' title='bbox 740 2242 817 2270; x_wconf 90' lang='lat' dir='ltr'>cor</span> <span class='ocrx_word' id='word_1_170' title='bbox 841 2228 1011 2270; x_wconf 90' lang='lat' dir='ltr'>meum?</span> 
     </span>
     <span class='ocr_line' id='line_1_38' title="bbox 181 2283 1012 2335; baseline 0.005 -13"><span class='ocrx_word' id='word_1_171' title='bbox 181 2283 425 2335; x_wconf 82' lang='lat' dir='ltr'>Trepidare</span> <span class='ocrx_word' id='word_1_172' title='bbox 444 2285 708 2326; x_wconf 80' lang='lat' dir='ltr'>infirmitatis</span> <span class='ocrx_word' id='word_1_173' title='bbox 729 2290 811 2335; x_wconf 84' lang='grc'><strong>051,</strong></span> <span class='ocrx_word' id='word_1_174' title='bbox 839 2286 1012 2326; x_wconf 91' lang='lat' dir='ltr'>timoris</span> 
     </span>
     <span class='ocr_line' id='line_1_39' title="bbox 181 2339 1011 2390; baseline 0.004 -12"><span class='ocrx_word' id='word_1_175' title='bbox 181 2343 313 2390; x_wconf 91' lang='lat' dir='ltr'>atque</span> <span class='ocrx_word' id='word_1_176' title='bbox 331 2339 586 2382; x_wconf 84' lang='lat' dir='ltr'>formidinis.</span> <span class='ocrx_word' id='word_1_177' title='bbox 617 2341 704 2383; x_wconf 89' lang='lat' dir='ltr'>Sed</span> <span class='ocrx_word' id='word_1_178' title='bbox 720 2347 787 2383; x_wconf 92' lang='lat' dir='ltr'>est</span> <span class='ocrx_word' id='word_1_179' title='bbox 802 2341 935 2382; x_wconf 87' lang='lat' dir='ltr'>etiam</span> <span class='ocrx_word' id='word_1_180' title='bbox 950 2341 1011 2382; x_wconf 90' lang='lat' dir='ltr'>in-</span> 
     </span>
     <span class='ocr_line' id='line_1_40' title="bbox 181 2394 1011 2446; baseline 0.006 -13"><span class='ocrx_word' id='word_1_181' title='bbox 181 2394 366 2435; x_wconf 85' lang='lat' dir='ltr'>firmitas</span> <span class='ocrx_word' id='word_1_182' title='bbox 394 2395 451 2436; x_wconf 91' lang='lat' dir='ltr'>ad</span> <span class='ocrx_word' id='word_1_183' title='bbox 479 2397 680 2446; x_wconf 78' lang='lat' dir='ltr'>salutem,</span> <span class='ocrx_word' id='word_1_184' title='bbox 717 2402 785 2439; x_wconf 91' lang='lat' dir='ltr'>est</span> <span class='ocrx_word' id='word_1_185' title='bbox 805 2397 937 2438; x_wconf 91' lang='lat' dir='ltr'>etiam</span> <span class='ocrx_word' id='word_1_186' title='bbox 960 2398 1011 2438; x_wconf 92' lang='lat' dir='ltr'>ti-</span> 
     </span>
     <span class='ocr_line' id='line_1_41' title="bbox 181 2453 1011 2502; baseline 0.006 -13"><span class='ocrx_word' id='word_1_187' title='bbox 181 2462 277 2490; x_wconf 91' lang='lat' dir='ltr'>mor</span> <span class='ocrx_word' id='word_1_188' title='bbox 293 2453 557 2493; x_wconf 89' lang='lat' dir='ltr'>sanctorum.</span> <span class='ocrx_word' id='word_1_189' title='bbox 576 2453 747 2494; x_wconf 93' lang='lat' dir='ltr'>Timete</span> <span class='ocrx_word' id='word_1_190' title='bbox 762 2454 1011 2502; x_wconf 88' lang='lat' dir='ltr'>Dominum,</span> 
     </span>
     <span class='ocr_line' id='line_1_42' title="bbox 182 2508 1011 2559; baseline 0.006 -14"><span class='ocrx_word' id='word_1_191' title='bbox 182 2517 334 2547; x_wconf 91' lang='lat' dir='ltr'>omnes</span> <span class='ocrx_word' id='word_1_192' title='bbox 359 2508 498 2548; x_wconf 88' lang='lat' dir='ltr'>sancti</span> <span class='ocrx_word' id='word_1_193' title='bbox 522 2509 627 2559; x_wconf 91' lang='lat' dir='ltr'>ejus:</span> <span class='ocrx_word' id='word_1_194' title='bbox 657 2514 715 2558; x_wconf 83' lang='lat' dir='ltr'>et,</span> <span class='ocrx_word' id='word_1_195' title='bbox 743 2510 909 2550; x_wconf 82' lang='lat' dir='ltr'>Beatus</span> <span class='ocrx_word' id='word_1_196' title='bbox 934 2510 1011 2558; x_wconf 81' lang='lat' dir='ltr'>vir,</span> 
     </span>
     <span class='ocr_line' id='line_1_43' title="bbox 183 2561 1010 2615; baseline 0.006 -14"><span class='ocrx_word' id='word_1_197' title='bbox 183 2561 257 2613; x_wconf 94' lang='lat' dir='ltr'>qui</span> <span class='ocrx_word' id='word_1_198' title='bbox 281 2561 406 2602; x_wconf 91' lang='lat' dir='ltr'>timet</span> <span class='ocrx_word' id='word_1_199' title='bbox 429 2563 680 2605; x_wconf 92' lang='lat' dir='ltr'>Dominum.</span> <span class='ocrx_word' id='word_1_200' title='bbox 718 2566 814 2615; x_wconf 92' lang='lat' dir='ltr'>Qua</span> <span class='ocrx_word' id='word_1_201' title='bbox 841 2565 1010 2606; x_wconf 90' lang='lat' dir='ltr'>ratione</span> 
     </span>
     <span class='ocr_line' id='line_1_44' title="bbox 180 2616 1010 2671; baseline 0.006 -14"><span class='ocrx_word' id='word_1_202' title='bbox 180 2616 361 2658; x_wconf 81' lang='lat' dir='ltr'>beatus?</span> <span class='ocrx_word' id='word_1_203' title='bbox 397 2619 508 2668; x_wconf 83' lang='lat' dir='ltr'>Quia</span> <span class='ocrx_word' id='word_1_204' title='bbox 527 2619 569 2659; x_wconf 92' lang='lat' dir='ltr'>in</span> <span class='ocrx_word' id='word_1_205' title='bbox 590 2620 809 2662; x_wconf 80' lang='lat' dir='ltr'>mandatis</span> <span class='ocrx_word' id='word_1_206' title='bbox 829 2621 920 2671; x_wconf 90' lang='lat' dir='ltr'>ejus</span> <span class='ocrx_word' id='word_1_207' title='bbox 941 2633 1010 2661; x_wconf 92' lang='lat' dir='ltr'>cu-</span> 
     </span>
     <span class='ocr_line' id='line_1_45' title="bbox 181 2673 408 2724; baseline 0.009 -12"><span class='ocrx_word' id='word_1_208' title='bbox 181 2673 247 2724; x_wconf 91' lang='lat' dir='ltr'>pit</span> <span class='ocrx_word' id='word_1_209' title='bbox 269 2673 408 2714; x_wconf 91' lang='lat' dir='ltr'>nimis.</span> 
     </span>
    </p>
   </div>
   <div class='ocr_carea' id='block_1_8' title="bbox 1063 272 1900 2160">
    <p class='ocr_par' dir='ltr' id='par_1_8' title="bbox 1063 272 1896 660">
     <span class='ocr_line' id='line_1_46' title="bbox 1120 272 1893 327; baseline -0.004 -12"><span class='ocrx_word' id='word_1_210' title='bbox 1120 277 1170 327; x_wconf 76' lang='lat' dir='ltr'>R.</span> <span class='ocrx_word' id='word_1_211' title='bbox 1204 272 1487 314; x_wconf 92' lang='lat' dir='ltr'>Desiderium</span> <span class='ocrx_word' id='word_1_212' title='bbox 1514 273 1672 314; x_wconf 78' lang='lat' dir='ltr'>animae</span> <span class='ocrx_word' id='word_1_213' title='bbox 1700 273 1792 324; x_wconf 89' lang='lat' dir='ltr'>ejus</span> <span class='ocrx_word' id='word_1_214' title='bbox 1820 272 1893 313; x_wconf 90' lang='lat' dir='ltr'>tri-</span> 
     </span>
     <span class='ocr_line' id='line_1_47' title="bbox 1064 327 1895 378; baseline 0.001 -10"><span class='ocrx_word' id='word_1_215' title='bbox 1064 327 1197 368; x_wconf 90' lang='lat' dir='ltr'>buisti</span> <span class='ocrx_word' id='word_1_216' title='bbox 1231 328 1271 369; x_wconf 92' lang='lat' dir='ltr'>ei</span> <span class='ocrx_word' id='word_1_217' title='bbox 1301 328 1508 378; x_wconf 89' lang='lat' dir='ltr'>Domine,</span> <span class='ocrx_word' id='word_1_218' title='bbox 1536 333 1567 367; x_wconf 88' lang='lat'>*.</span> <span class='ocrx_word' id='word_1_219' title='bbox 1583 329 1641 370; x_wconf 89' lang='lat' dir='ltr'>Et</span> <span class='ocrx_word' id='word_1_220' title='bbox 1666 329 1895 370; x_wconf 77' lang='lat' dir='ltr'>voluntate</span> 
     </span>
     <span class='ocr_line' id='line_1_48' title="bbox 1063 383 1895 435; baseline 0.001 -12"><span class='ocrx_word' id='word_1_221' title='bbox 1063 383 1281 424; x_wconf 84' lang='lat' dir='ltr'>labiorum</span> <span class='ocrx_word' id='word_1_222' title='bbox 1309 385 1399 435; x_wconf 88' lang='lat' dir='ltr'>ejus</span> <span class='ocrx_word' id='word_1_223' title='bbox 1426 397 1515 426; x_wconf 93' lang='lat' dir='ltr'>non</span> <span class='ocrx_word' id='word_1_224' title='bbox 1541 384 1755 426; x_wconf 79' lang='lat' dir='ltr'>fraudasti</span> <span class='ocrx_word' id='word_1_225' title='bbox 1783 397 1895 425; x_wconf 73' lang='lat' dir='ltr'>eum,</span> 
     </span>
     <span class='ocr_line' id='line_1_49' title="bbox 1065 439 1894 493; baseline -0.002 -10"><span class='ocrx_word' id='word_1_226' title='bbox 1065 439 1114 491; x_wconf 57' lang='grc' dir='ltr'>Υἶ</span> <span class='ocrx_word' id='word_1_227' title='bbox 1135 440 1354 489; x_wconf 80' lang='lat' dir='ltr'>Quoniam</span> <span class='ocrx_word' id='word_1_228' title='bbox 1372 441 1629 493; x_wconf 75' lang='lat' dir='ltr'>praevenisti</span> <span class='ocrx_word' id='word_1_229' title='bbox 1643 453 1743 482; x_wconf 90' lang='lat' dir='ltr'>eum</span> <span class='ocrx_word' id='word_1_230' title='bbox 1759 441 1804 481; x_wconf 93' lang='lat' dir='ltr'>in</span> <span class='ocrx_word' id='word_1_231' title='bbox 1822 440 1894 481; x_wconf 91' lang='lat' dir='ltr'>be-</span> 
     </span>
     <span class='ocr_line' id='line_1_50' title="bbox 1064 495 1896 549; baseline 0 -13"><span class='ocrx_word' id='word_1_232' title='bbox 1064 495 1390 537; x_wconf 90' lang='lat' dir='ltr'>nedictionibus</span> <span class='ocrx_word' id='word_1_233' title='bbox 1415 496 1674 537; x_wconf 81' lang='lat' dir='ltr'>dulcedinis:</span> <span class='ocrx_word' id='word_1_234' title='bbox 1706 496 1896 549; x_wconf 86' lang='lat' dir='ltr'>posuisti</span> 
     </span>
     <span class='ocr_line' id='line_1_51' title="bbox 1065 551 1896 604; baseline 0.001 -12"><span class='ocrx_word' id='word_1_235' title='bbox 1065 552 1108 592; x_wconf 88' lang='lat' dir='ltr'>in</span> <span class='ocrx_word' id='word_1_236' title='bbox 1138 552 1281 604; x_wconf 80' lang='lat' dir='ltr'>capite</span> <span class='ocrx_word' id='word_1_237' title='bbox 1310 553 1401 604; x_wconf 90' lang='lat' dir='ltr'>ejus</span> <span class='ocrx_word' id='word_1_238' title='bbox 1426 554 1637 594; x_wconf 91' lang='lat' dir='ltr'>coronam</span> <span class='ocrx_word' id='word_1_239' title='bbox 1665 552 1721 594; x_wconf 92' lang='lat' dir='ltr'>de</span> <span class='ocrx_word' id='word_1_240' title='bbox 1747 551 1896 604; x_wconf 80' lang='lat' dir='ltr'>lapide</span> 
     </span>
     <span class='ocr_line' id='line_1_52' title="bbox 1064 609 1368 660; baseline 0.003 -12"><span class='ocrx_word' id='word_1_241' title='bbox 1064 609 1273 660; x_wconf 92' lang='lat' dir='ltr'>pretioso.</span> <span class='ocrx_word' id='word_1_242' title='bbox 1301 609 1368 649; x_wconf 88' lang='lat' dir='ltr'>Et.</span> 
     </span>
    </p>

    <p class='ocr_par' dir='ltr' id='par_1_9' title="bbox 1365 689 1592 729">
     <span class='ocr_line' id='line_1_53' title="bbox 1365 689 1592 729; baseline -0.009 0"><span class='ocrx_word' id='word_1_243' title='bbox 1365 689 1518 729; x_wconf 88' lang='lat' dir='ltr'>Lectio</span> <span class='ocrx_word' id='word_1_244' title='bbox 1540 689 1592 727; x_wconf 75' lang='lat' dir='ltr'>vi.</span> 
     </span>
    </p>

    <p class='ocr_par' dir='ltr' id='par_1_10' title="bbox 1066 747 1896 852">
     <span class='ocr_line' id='line_1_54' title="bbox 1066 747 1896 852; baseline -0.001 -57"><span class='ocrx_word' id='word_1_245' title='bbox 1066 747 1231 852; x_wconf 86' lang='lat' dir='ltr'>Pone</span> <span class='ocrx_word' id='word_1_246' title='bbox 1257 767 1361 806; x_wconf 90' lang='lat' dir='ltr'>ergo</span> <span class='ocrx_word' id='word_1_247' title='bbox 1386 755 1626 807; x_wconf 82' lang='lat' dir='ltr'>Martyrem</span> <span class='ocrx_word' id='word_1_248' title='bbox 1649 755 1762 795; x_wconf 92' lang='lat' dir='ltr'>inter</span> <span class='ocrx_word' id='word_1_249' title='bbox 1785 756 1896 806; x_wconf 91' lang='lat' dir='ltr'>peri-</span> 
     </span>
    </p>

    <p class='ocr_par' dir='ltr' id='par_1_11' title="bbox 1065 809 1900 2096">
     <span class='ocr_line' id='line_1_55' title="bbox 1170 809 1898 860; baseline -0.001 -9"><span class='ocrx_word' id='word_1_250' title='bbox 1170 810 1267 851; x_wconf 91' lang='lat' dir='ltr'>cula</span> <span class='ocrx_word' id='word_1_251' title='bbox 1303 811 1608 860; x_wconf 78' lang='lat' dir='ltr'>constitutum,</span> <span class='ocrx_word' id='word_1_252' title='bbox 1655 823 1755 852; x_wconf 91' lang='lat' dir='ltr'>cum</span> <span class='ocrx_word' id='word_1_253' title='bbox 1794 809 1898 851; x_wconf 91' lang='lat' dir='ltr'>inde</span> 
     </span>
     <span class='ocr_line' id='line_1_56' title="bbox 1065 866 1898 910; baseline 0.001 -4"><span class='ocrx_word' id='word_1_254' title='bbox 1065 867 1313 907; x_wconf 80' lang='lat' dir='ltr'>immanitas</span> <span class='ocrx_word' id='word_1_255' title='bbox 1338 866 1581 910; x_wconf 82' lang='lat' dir='ltr'>bestiarum</span> <span class='ocrx_word' id='word_1_256' title='bbox 1605 866 1662 908; x_wconf 91' lang='lat' dir='ltr'>ad</span> <span class='ocrx_word' id='word_1_257' title='bbox 1687 866 1898 907; x_wconf 90' lang='lat' dir='ltr'>incutien-</span> 
     </span>
     <span class='ocr_line' id='line_1_57' title="bbox 1066 921 1898 972; baseline 0.002 -10"><span class='ocrx_word' id='word_1_258' title='bbox 1066 921 1171 963; x_wconf 92' lang='lat' dir='ltr'>dum</span> <span class='ocrx_word' id='word_1_259' title='bbox 1207 925 1423 964; x_wconf 91' lang='lat' dir='ltr'>terrorem</span> <span class='ocrx_word' id='word_1_260' title='bbox 1459 923 1677 972; x_wconf 87' lang='lat' dir='ltr'>infremat,</span> <span class='ocrx_word' id='word_1_261' title='bbox 1723 922 1898 964; x_wconf 79' lang='lat' dir='ltr'>aliunde</span> 
     </span>
     <span class='ocr_line' id='line_1_58' title="bbox 1066 977 1899 1028; baseline 0.001 -10"><span class='ocrx_word' id='word_1_262' title='bbox 1066 977 1228 1019; x_wconf 90' lang='lat' dir='ltr'>stridor</span> <span class='ocrx_word' id='word_1_263' title='bbox 1248 978 1530 1020; x_wconf 88' lang='lat' dir='ltr'>candentium</span> <span class='ocrx_word' id='word_1_264' title='bbox 1550 979 1826 1028; x_wconf 79' lang='lat' dir='ltr'>laminarum,</span> <span class='ocrx_word' id='word_1_265' title='bbox 1855 982 1899 1020; x_wconf 91' lang='lat' dir='ltr'>et</span> 
     </span>
     <span class='ocr_line' id='line_1_59' title="bbox 1066 1034 1898 1084; baseline 0.001 -10"><span class='ocrx_word' id='word_1_266' title='bbox 1066 1035 1243 1075; x_wconf 88' lang='lat' dir='ltr'>flamma</span> <span class='ocrx_word' id='word_1_267' title='bbox 1257 1035 1450 1076; x_wconf 82' lang='lat' dir='ltr'>fornacis</span> <span class='ocrx_word' id='word_1_268' title='bbox 1465 1034 1659 1076; x_wconf 90' lang='lat' dir='ltr'>ardentis</span> <span class='ocrx_word' id='word_1_269' title='bbox 1673 1037 1898 1084; x_wconf 83' lang='lat' dir='ltr'>exaestuet,</span> 
     </span>
     <span class='ocr_line' id='line_1_60' title="bbox 1067 1091 1900 1143; baseline 0.001 -13"><span class='ocrx_word' id='word_1_270' title='bbox 1067 1103 1122 1131; x_wconf 80' lang='lat' dir='ltr'>ex</span> <span class='ocrx_word' id='word_1_271' title='bbox 1136 1095 1262 1142; x_wconf 90' lang='lat' dir='ltr'>parte</span> <span class='ocrx_word' id='word_1_272' title='bbox 1278 1091 1362 1131; x_wconf 82' lang='lat' dir='ltr'>alia</span> <span class='ocrx_word' id='word_1_273' title='bbox 1374 1093 1616 1143; x_wconf 86' lang='lat' dir='ltr'>personent</span> <span class='ocrx_word' id='word_1_274' title='bbox 1629 1095 1797 1132; x_wconf 89' lang='lat' dir='ltr'>tractus</span> <span class='ocrx_word' id='word_1_275' title='bbox 1811 1092 1900 1142; x_wconf 76' lang='lat' dir='ltr'>gra-</span> 
     </span>
     <span class='ocr_line' id='line_1_61' title="bbox 1066 1146 1900 1196; baseline 0 -9"><span class='ocrx_word' id='word_1_276' title='bbox 1066 1147 1185 1187; x_wconf 90' lang='lat' dir='ltr'>vium</span> <span class='ocrx_word' id='word_1_277' title='bbox 1201 1149 1464 1196; x_wconf 79' lang='lat' dir='ltr'>catenarum,</span> <span class='ocrx_word' id='word_1_278' title='bbox 1486 1147 1588 1188; x_wconf 89' lang='lat' dir='ltr'>hinc</span> <span class='ocrx_word' id='word_1_279' title='bbox 1604 1146 1799 1188; x_wconf 82' lang='lat' dir='ltr'>carnifex</span> <span class='ocrx_word' id='word_1_280' title='bbox 1813 1159 1900 1188; x_wconf 90' lang='lat' dir='ltr'>cru-</span> 
     </span>
     <span class='ocr_line' id='line_1_62' title="bbox 1067 1202 1898 1255; baseline 0.001 -13"><span class='ocrx_word' id='word_1_281' title='bbox 1067 1203 1194 1243; x_wconf 91' lang='lat' dir='ltr'>entus</span> <span class='ocrx_word' id='word_1_282' title='bbox 1214 1205 1406 1244; x_wconf 83' lang='lat' dir='ltr'>assistat:</span> <span class='ocrx_word' id='word_1_283' title='bbox 1436 1215 1570 1255; x_wconf 87' lang='lat' dir='ltr'>pone,</span> <span class='ocrx_word' id='word_1_284' title='bbox 1597 1203 1791 1255; x_wconf 90' lang='lat' dir='ltr'>inquam,</span> <span class='ocrx_word' id='word_1_285' title='bbox 1821 1202 1898 1244; x_wconf 90' lang='lat' dir='ltr'>cir-</span> 
     </span>
     <span class='ocr_line' id='line_1_63' title="bbox 1067 1258 1898 1311; baseline 0 -12"><span class='ocrx_word' id='word_1_286' title='bbox 1067 1261 1442 1311; x_wconf 76' lang='lat' dir='ltr'>cumspectantem</span> <span class='ocrx_word' id='word_1_287' title='bbox 1470 1259 1617 1300; x_wconf 90' lang='lat' dir='ltr'>omnia</span> <span class='ocrx_word' id='word_1_288' title='bbox 1643 1258 1775 1311; x_wconf 89' lang='lat' dir='ltr'>plena</span> <span class='ocrx_word' id='word_1_289' title='bbox 1798 1271 1898 1311; x_wconf 91' lang='lat' dir='ltr'>sup-</span> 
     </span>
     <span class='ocr_line' id='line_1_64' title="bbox 1066 1314 1899 1367; baseline 0.001 -13"><span class='ocrx_word' id='word_1_290' title='bbox 1066 1314 1221 1367; x_wconf 85' lang='lat' dir='ltr'>pliciis,</span> <span class='ocrx_word' id='word_1_291' title='bbox 1236 1314 1394 1356; x_wconf 91' lang='lat' dir='ltr'>deinde</span> <span class='ocrx_word' id='word_1_292' title='bbox 1410 1315 1678 1367; x_wconf 79' lang='lat' dir='ltr'>cogitantem</span> <span class='ocrx_word' id='word_1_293' title='bbox 1691 1314 1899 1356; x_wconf 65' lang='lat' dir='ltr'>mandeta</span> 
     </span>
     <span class='ocr_line' id='line_1_65' title="bbox 1067 1369 1899 1423; baseline 0 -12"><span class='ocrx_word' id='word_1_294' title='bbox 1067 1369 1232 1420; x_wconf 82' lang='lat' dir='ltr'>divina,</span> <span class='ocrx_word' id='word_1_295' title='bbox 1279 1371 1402 1411; x_wconf 92' lang='lat' dir='ltr'>illum</span> <span class='ocrx_word' id='word_1_296' title='bbox 1438 1371 1585 1422; x_wconf 87' lang='lat' dir='ltr'>ignem</span> <span class='ocrx_word' id='word_1_297' title='bbox 1624 1372 1899 1423; x_wconf 83' lang='lat' dir='ltr'>perpetuum,</span> 
     </span>
     <span class='ocr_line' id='line_1_66' title="bbox 1066 1426 1898 1479; baseline 0.002 -13"><span class='ocrx_word' id='word_1_298' title='bbox 1066 1426 1175 1467; x_wconf 92' lang='lat' dir='ltr'>illud</span> <span class='ocrx_word' id='word_1_299' title='bbox 1205 1427 1298 1468; x_wconf 90' lang='lat' dir='ltr'>sine</span> <span class='ocrx_word' id='word_1_300' title='bbox 1323 1427 1410 1468; x_wconf 92' lang='lat' dir='ltr'>fine</span> <span class='ocrx_word' id='word_1_301' title='bbox 1435 1426 1686 1468; x_wconf 91' lang='lat' dir='ltr'>incendium</span> <span class='ocrx_word' id='word_1_302' title='bbox 1709 1426 1898 1479; x_wconf 90' lang='lat' dir='ltr'>perfido-</span> 
     </span>
     <span class='ocr_line' id='line_1_67' title="bbox 1066 1482 1898 1535; baseline 0.002 -13"><span class='ocrx_word' id='word_1_303' title='bbox 1066 1495 1180 1532; x_wconf 81' lang='lat' dir='ltr'>rum,</span> <span class='ocrx_word' id='word_1_304' title='bbox 1217 1482 1337 1523; x_wconf 89' lang='grc'><strong>1113111</strong></span> <span class='ocrx_word' id='word_1_305' title='bbox 1367 1496 1514 1535; x_wconf 85' lang='lat' dir='ltr'>poenae</span> <span class='ocrx_word' id='word_1_306' title='bbox 1547 1482 1898 1525; x_wconf 89' lang='lat' dir='ltr'>recrudescentis</span> 
     </span>
     <span class='ocr_line' id='line_1_68' title="bbox 1067 1538 1898 1592; baseline 0.002 -14"><span class='ocrx_word' id='word_1_307' title='bbox 1067 1542 1324 1592; x_wconf 79' lang='lat' dir='ltr'>aerumnam:</span> <span class='ocrx_word' id='word_1_308' title='bbox 1369 1539 1596 1591; x_wconf 80' lang='lat' dir='ltr'>trepidare</span> <span class='ocrx_word' id='word_1_309' title='bbox 1638 1538 1792 1590; x_wconf 90' lang='lat' dir='ltr'>corde,</span> <span class='ocrx_word' id='word_1_310' title='bbox 1832 1551 1898 1588; x_wconf 88' lang='lat' dir='ltr'>ne,</span> 
     </span>
     <span class='ocr_line' id='line_1_69' title="bbox 1068 1594 1899 1648; baseline 0.001 -13"><span class='ocrx_word' id='word_1_311' title='bbox 1068 1594 1173 1635; x_wconf 91' lang='lat' dir='ltr'>dum</span> <span class='ocrx_word' id='word_1_312' title='bbox 1191 1594 1486 1647; x_wconf 87' lang='lat' dir='ltr'>praesentibus</span> <span class='ocrx_word' id='word_1_313' title='bbox 1507 1595 1646 1645; x_wconf 79' lang='lat' dir='ltr'>cedat,</span> <span class='ocrx_word' id='word_1_314' title='bbox 1673 1595 1899 1648; x_wconf 88' lang='lat' dir='ltr'>perpetuis</span> 
     </span>
     <span class='ocr_line' id='line_1_70' title="bbox 1067 1650 1899 1704; baseline 0 -12"><span class='ocrx_word' id='word_1_315' title='bbox 1067 1663 1114 1692; x_wconf 92' lang='lat' dir='ltr'>se</span> <span class='ocrx_word' id='word_1_316' title='bbox 1135 1650 1268 1692; x_wconf 91' lang='lat' dir='ltr'>dedat</span> <span class='ocrx_word' id='word_1_317' title='bbox 1287 1651 1445 1692; x_wconf 83' lang='lat' dir='ltr'>exitiis:</span> <span class='ocrx_word' id='word_1_318' title='bbox 1472 1651 1723 1704; x_wconf 81' lang='lat' dir='ltr'>perturbari</span> <span class='ocrx_word' id='word_1_319' title='bbox 1741 1651 1899 1701; x_wconf 76' lang='lat' dir='ltr'>animo,</span> 
     </span>
     <span class='ocr_line' id='line_1_71' title="bbox 1067 1706 1898 1760; baseline 0 -12"><span class='ocrx_word' id='word_1_320' title='bbox 1067 1706 1172 1748; x_wconf 93' lang='lat' dir='ltr'>dum</span> <span class='ocrx_word' id='word_1_321' title='bbox 1200 1707 1333 1748; x_wconf 76' lang='lat' dir='ltr'>futuri</span> <span class='ocrx_word' id='word_1_322' title='bbox 1358 1707 1506 1759; x_wconf 86' lang='lat' dir='ltr'>judicii</span> <span class='ocrx_word' id='word_1_323' title='bbox 1529 1707 1832 1760; x_wconf 70' lang='lat' dir='ltr'>rhomphaeam</span> <span class='ocrx_word' id='word_1_324' title='bbox 1852 1707 1898 1748; x_wconf 93' lang='lat' dir='ltr'>il—</span> 
     </span>
     <span class='ocr_line' id='line_1_72' title="bbox 1066 1762 1898 1816; baseline 0.002 -13"><span class='ocrx_word' id='word_1_325' title='bbox 1066 1762 1154 1804; x_wconf 92' lang='lat' dir='ltr'>lam</span> <span class='ocrx_word' id='word_1_326' title='bbox 1170 1763 1413 1804; x_wconf 89' lang='lat' dir='ltr'>terribilem</span> <span class='ocrx_word' id='word_1_327' title='bbox 1429 1763 1620 1815; x_wconf 92' lang='lat' dir='ltr'>quadam</span> <span class='ocrx_word' id='word_1_328' title='bbox 1635 1765 1898 1816; x_wconf 85' lang='lat' dir='ltr'>conspectus</span> 
     </span>
     <span class='ocr_line' id='line_1_73' title="bbox 1067 1819 1900 1871; baseline 0.002 -12"><span class='ocrx_word' id='word_1_329' title='bbox 1067 1819 1214 1871; x_wconf 89' lang='lat' dir='ltr'>specie</span> <span class='ocrx_word' id='word_1_330' title='bbox 1243 1821 1485 1861; x_wconf 90' lang='lat' dir='ltr'>contuetur.</span> <span class='ocrx_word' id='word_1_331' title='bbox 1520 1819 1678 1861; x_wconf 91' lang='lat' dir='ltr'>Nonne</span> <span class='ocrx_word' id='word_1_332' title='bbox 1704 1819 1761 1862; x_wconf 91' lang='lat' dir='ltr'>ad</span> <span class='ocrx_word' id='word_1_333' title='bbox 1786 1819 1900 1861; x_wconf 90' lang='lat' dir='ltr'>hanc</span> 
     </span>
     <span class='ocr_line' id='line_1_74' title="bbox 1065 1874 1900 1927; baseline 0.002 -12"><span class='ocrx_word' id='word_1_334' title='bbox 1065 1874 1406 1927; x_wconf 89' lang='lat' dir='ltr'>trepidationem</span> <span class='ocrx_word' id='word_1_335' title='bbox 1419 1875 1593 1917; x_wconf 80' lang='lat' dir='ltr'>fiduciae</span> <span class='ocrx_word' id='word_1_336' title='bbox 1610 1876 1691 1917; x_wconf 87' lang='lat' dir='ltr'>viri</span> <span class='ocrx_word' id='word_1_337' title='bbox 1706 1877 1900 1917; x_wconf 76' lang='lat' dir='ltr'>constan-</span> 
     </span>
     <span class='ocr_line' id='line_1_75' title="bbox 1065 1931 1899 1983; baseline 0.002 -12"><span class='ocrx_word' id='word_1_338' title='bbox 1065 1931 1136 1980; x_wconf 90' lang='lat' dir='ltr'>tis,</span> <span class='ocrx_word' id='word_1_339' title='bbox 1165 1931 1348 1983; x_wconf 77' lang='lat' dir='ltr'>aequalis</span> <span class='ocrx_word' id='word_1_340' title='bbox 1375 1932 1419 1972; x_wconf 93' lang='lat' dir='ltr'>in</span> <span class='ocrx_word' id='word_1_341' title='bbox 1449 1931 1653 1973; x_wconf 79' lang='lat' dir='ltr'>eumdem</span> <span class='ocrx_word' id='word_1_342' title='bbox 1677 1932 1899 1973; x_wconf 79' lang='lat' dir='ltr'>concurrit</span> 
     </span>
     <span class='ocr_line' id='line_1_76' title="bbox 1066 1986 1896 2040; baseline 0.001 -13"><span class='ocrx_word' id='word_1_343' title='bbox 1066 1986 1270 2028; x_wconf 85' lang='lat' dir='ltr'>effectum</span> <span class='ocrx_word' id='word_1_344' title='bbox 1298 1987 1563 2028; x_wconf 88' lang='lat' dir='ltr'>confidentia</span> <span class='ocrx_word' id='word_1_345' title='bbox 1594 1988 1809 2040; x_wconf 91' lang='lat' dir='ltr'>cupientis</span> <span class='ocrx_word' id='word_1_346' title='bbox 1841 2000 1896 2028; x_wconf 88' lang='lat' dir='ltr'>ae-</span> 
     </span>
     <span class='ocr_line' id='line_1_77' title="bbox 1065 2042 1742 2096; baseline 0 -13"><span class='ocrx_word' id='word_1_347' title='bbox 1065 2044 1199 2092; x_wconf 88' lang='lat' dir='ltr'>terna,</span> <span class='ocrx_word' id='word_1_348' title='bbox 1228 2048 1272 2084; x_wconf 92' lang='lat' dir='ltr'>et</span> <span class='ocrx_word' id='word_1_349' title='bbox 1291 2043 1439 2084; x_wconf 86' lang='lat' dir='ltr'>divina</span> <span class='ocrx_word' id='word_1_350' title='bbox 1458 2042 1742 2096; x_wconf 68' lang='lat' dir='ltr'>trepidentis?</span> 
     </span>
    </p>

    <p class='ocr_par' dir='ltr' id='par_1_12' title="bbox 1119 2107 1736 2160">
     <span class='ocr_line' id='line_1_78' title="bbox 1119 2107 1736 2160; baseline 0.003 -13"><span class='ocrx_word' id='word_1_351' title='bbox 1119 2107 1169 2159; x_wconf 67' lang='lat' dir='ltr'>R.</span> <span class='ocrx_word' id='word_1_352' title='bbox 1194 2107 1316 2149; x_wconf 90' lang='lat' dir='ltr'>Stola</span> <span class='ocrx_word' id='word_1_353' title='bbox 1335 2107 1627 2159; x_wconf 82' lang='lat' dir='ltr'>jucunditatis.</span> <span class='ocrx_word' id='word_1_354' title='bbox 1656 2107 1736 2160; x_wconf 84' lang='lat'>[27]</span> 
     </span>
    </p>
   </div>
   <div class='ocr_carea' id='block_1_9' title="bbox 1280 2191 1679 2231">
    <p class='ocr_par' dir='ltr' id='par_1_13' title="bbox 1280 2191 1679 2231">
     <span class='ocr_line' id='line_1_79' title="bbox 1280 2191 1679 2231; baseline 0.008 -3"><span class='ocrx_word' id='word_1_355' title='bbox 1280 2191 1328 2229; x_wconf 89' lang='lat' dir='ltr'>In</span> <span class='ocrx_word' id='word_1_356' title='bbox 1356 2191 1427 2230; x_wconf 92' lang='lat' dir='ltr'><strong>III.</strong></span> <span class='ocrx_word' id='word_1_357' title='bbox 1456 2192 1679 2231; x_wconf 81' lang='lat' dir='ltr'>Nocturno.</span> 
     </span>
    </p>
   </div>
   <div class='ocr_carea' id='block_1_10' title="bbox 1065 2261 1895 2360">
    <p class='ocr_par' dir='ltr' id='par_1_14' title="bbox 1065 2261 1895 2360">
     <span class='ocr_line' id='line_1_80' title="bbox 1065 2261 1895 2313; baseline 0.002 -11"><span class='ocrx_word' id='word_1_358' title='bbox 1065 2262 1217 2303; x_wconf 91' lang='lat' dir='ltr'>Lectio</span> <span class='ocrx_word' id='word_1_359' title='bbox 1244 2263 1383 2304; x_wconf 89' lang='lat' dir='ltr'>sancti</span> <span class='ocrx_word' id='word_1_360' title='bbox 1402 2262 1628 2313; x_wconf 85' lang='lat' dir='ltr'>Evangelii</span> <span class='ocrx_word' id='word_1_361' title='bbox 1655 2261 1895 2304; x_wconf 70' lang='lat' dir='ltr'>secandum</span> 
     </span>
     <span class='ocr_line' id='line_1_81' title="bbox 1345 2319 1614 2360; baseline 0 -1"><span class='ocrx_word' id='word_1_362' title='bbox 1345 2319 1614 2360; x_wconf 83' lang='lat' dir='ltr'>Matthaeum.</span> 
     </span>
    </p>
   </div>
   <div class='ocr_carea' id='block_1_11' title="bbox 1168 2386 1789 2438">
    <p class='ocr_par' dir='ltr' id='par_1_15' title="bbox 1168 2386 1789 2438">
     <span class='ocr_line' id='line_1_82' title="bbox 1168 2386 1789 2438; baseline 0.002 -13"><span class='ocrx_word' id='word_1_363' title='bbox 1168 2386 1320 2428; x_wconf 93' lang='lat' dir='ltr'>Lectio</span> <span class='ocrx_word' id='word_1_364' title='bbox 1341 2387 1409 2427; x_wconf 81' lang='lat' dir='ltr'>vii.</span> <span class='ocrx_word' id='word_1_365' title='bbox 1557 2388 1659 2438; x_wconf 90' lang='lat' dir='ltr'>Cap.</span> <span class='ocrx_word' id='word_1_366' title='bbox 1675 2388 1734 2427; x_wconf 89' lang='grc'>16.</span> <span class='ocrx_word' id='word_1_367' title='bbox 1751 2387 1789 2427; x_wconf 94' lang='lat' dir='ltr'>d.</span> 
     </span>
    </p>
   </div>
   <div class='ocr_carea' id='block_1_12' title="bbox 1062 2449 1894 2730">
    <p class='ocr_par' dir='ltr' id='par_1_16' title="bbox 1062 2449 1894 2730">
     <span class='ocr_line' id='line_1_83' title="bbox 1062 2449 1893 2554; baseline 0.008 -60"><span class='ocrx_word' id='word_1_368' title='bbox 1062 2449 1139 2554; x_wconf 88' lang='lat' dir='ltr'>In</span> <span class='ocrx_word' id='word_1_369' title='bbox 1164 2453 1239 2496; x_wconf 95' lang='lat' dir='ltr'>illo</span> <span class='ocrx_word' id='word_1_370' title='bbox 1267 2457 1484 2507; x_wconf 86' lang='lat' dir='ltr'>tempore:</span> <span class='ocrx_word' id='word_1_371' title='bbox 1526 2455 1649 2497; x_wconf 75' lang='lat' dir='ltr'>Dixit</span> <span class='ocrx_word' id='word_1_372' title='bbox 1675 2456 1804 2499; x_wconf 90' lang='lat' dir='ltr'>Jesus</span> <span class='ocrx_word' id='word_1_373' title='bbox 1833 2459 1893 2501; x_wconf 92' lang='lat' dir='ltr'>di-</span> 
     </span>
     <span class='ocr_line' id='line_1_84' title="bbox 1135 2510 1894 2567; baseline 0.009 -17"><span class='ocrx_word' id='word_1_374' title='bbox 1135 2510 1313 2562; x_wconf 87' lang='lat' dir='ltr'>scipulis</span> <span class='ocrx_word' id='word_1_375' title='bbox 1339 2512 1442 2551; x_wconf 90' lang='lat' dir='ltr'>suis:</span> <span class='ocrx_word' id='word_1_376' title='bbox 1478 2511 1523 2552; x_wconf 86' lang='lat' dir='ltr'>Si</span> <span class='ocrx_word' id='word_1_377' title='bbox 1550 2512 1646 2563; x_wconf 90' lang='lat' dir='ltr'>quis</span> <span class='ocrx_word' id='word_1_378' title='bbox 1671 2513 1766 2555; x_wconf 92' lang='lat' dir='ltr'>vult</span> <span class='ocrx_word' id='word_1_379' title='bbox 1790 2521 1894 2567; x_wconf 90' lang='lat' dir='ltr'>post</span> 
     </span>
     <span class='ocr_line' id='line_1_85' title="bbox 1063 2566 1893 2621; baseline 0.007 -15"><span class='ocrx_word' id='word_1_380' title='bbox 1063 2578 1132 2607; x_wconf 94' lang='lat' dir='ltr'>me</span> <span class='ocrx_word' id='word_1_381' title='bbox 1148 2569 1307 2615; x_wconf 88' lang='lat' dir='ltr'>venire,</span> <span class='ocrx_word' id='word_1_382' title='bbox 1324 2566 1513 2617; x_wconf 83' lang='lat' dir='ltr'>abneget</span> <span class='ocrx_word' id='word_1_383' title='bbox 1533 2571 1828 2621; x_wconf 89' lang='lat' dir='ltr'>semetipsum,</span> <span class='ocrx_word' id='word_1_384' title='bbox 1849 2576 1893 2612; x_wconf 92' lang='lat' dir='ltr'>et</span> 
     </span>
     <span class='ocr_line' id='line_1_86' title="bbox 1062 2621 1893 2679; baseline 0.008 -17"><span class='ocrx_word' id='word_1_385' title='bbox 1062 2621 1189 2663; x_wconf 89' lang='lat' dir='ltr'>tollat</span> <span class='ocrx_word' id='word_1_386' title='bbox 1221 2634 1395 2663; x_wconf 92' lang='lat' dir='ltr'>crucem</span> <span class='ocrx_word' id='word_1_387' title='bbox 1430 2635 1572 2673; x_wconf 89' lang='lat' dir='ltr'>suam,</span> <span class='ocrx_word' id='word_1_388' title='bbox 1614 2629 1657 2665; x_wconf 95' lang='lat' dir='ltr'>et</span> <span class='ocrx_word' id='word_1_389' title='bbox 1684 2629 1893 2679; x_wconf 80' lang='lat' dir='ltr'>sequatur</span> 
     </span>
     <span class='ocr_line' id='line_1_87' title="bbox 1062 2677 1424 2730; baseline 0.003 -12"><span class='ocrx_word' id='word_1_390' title='bbox 1062 2690 1143 2719; x_wconf 92' lang='lat' dir='ltr'>me.</span> <span class='ocrx_word' id='word_1_391' title='bbox 1171 2678 1228 2719; x_wconf 90' lang='lat' dir='ltr'>Et</span> <span class='ocrx_word' id='word_1_392' title='bbox 1245 2677 1424 2730; x_wconf 90' lang='lat' dir='ltr'>reliqua.</span> 
     </span>
    </p>
   </div>
  </div>
 </body>
</html>
