2040 2944
683 196 724 229 Ιιι
751 195 895 237 vigilia
920 194 955 228 S.
979 194 1149 227 Andrca:
1173 192 1367 236 Apostoli.

168 293 322 336 Lectio
343 291 482 333 sancti
503 289 731 341 Evangelii
755 289 998 331 secundum

469 347 494 388 J
496 349 694 388 oannem.

244 412 397 452 Lectio
421 412 443 450 i.
720 410 824 461 Cap.
841 411 869 449 1.
886 422 920 450 e.

166 464 242 571 In
266 468 341 510 illo
368 470 585 521 tempore:
613 467 768 510 Stabat
795 468 819 508 J
823 470 999 516 oannes,

232 530 276 567 et
295 537 349 566 ex
370 525 599 578 discipulis
618 525 710 577 ejus
730 524 832 566 duo.
859 524 916 565 Et
935 536 999 564 re-

167 582 357 634 spiciens
375 582 400 622 J
404 594 527 623 esum
547 581 860 630 ambulantem,
880 579 1000 622 dicit:

167 638 283 679 Ecce
303 638 456 689 Agnus
475 638 571 679 Dei.
599 639 656 680 Et
675 637 856 690 reliqua.

284 721 474 765 Homilia
494 721 635 763 sancti
653 719 888 771 Augustini

473 778 698 831 Episcopi.

264 847 388 881 Tract.
413 847 442 881 7.
470 848 507 881 in
533 848 682 889 Jocmn,
707 852 798 890 post
823 846 902 880 init.

172 904 333 959 ίζῖῂιιι
363 900 463 942 talis
493 903 587 941 erat
614 899 639 940 J
642 900 807 940 oannes
834 900 1001 939 amicus

176 968 224 996 Q
236 951 257 988 ‘s
279 957 442 1011 sponsi,
461 969 550 998 non
571 955 798 1009 quaerebat
817 955 1003 1006 glotiam

170 1029 304 1065 suam,
324 1014 403 1056 sed
421 1013 723 1056 testimonium
740 1011 1003 1064 perhibebat

168 1072 360 1114 veritati:
392 1070 608 1122 numquid
635 1070 775 1111 veluit
808 1068 926 1122 apud
955 1081 1002 1110 se

168 1130 395 1170 remanere
422 1126 664 1179 discipulos
691 1139 811 1176 suos,
839 1131 888 1166 ut
913 1137 1003 1166 non

169 1187 459 1238 sequerentur
474 1182 733 1225 Deminum?
750 1182 890 1234 Magis
906 1182 1002 1235 ipse

170 1241 363 1284 ostendit
396 1240 624 1294 discipulis
657 1240 747 1281 suis
780 1252 911 1291 quem
938 1252 1001 1280 se-

170 1301 421 1351 querentur:
465 1297 688 1339 habebant
730 1297 845 1338 enim
881 1295 1003 1337 illum

171 1360 397 1407 tamquam
417 1367 586 1406 agnum.
613 1354 670 1394 Et
688 1352 776 1394 ille:
797 1352 914 1404 Quid
932 1365 1003 1394 me

171 1410 414 1453 attenditis:
459 1411 555 1461 Ego
593 1423 682 1451 non
718 1422 815 1450 sum
853 1423 1003 1461 agnus.

170 1469 287 1509 Ecce
316 1469 469 1519 Agnus
498 1467 593 1508 Dei.
634 1467 702 1508 De
736 1479 824 1519 quo
857 1471 902 1507 et
935 1479 1001 1507 su-

170 1525 318 1578 perius
352 1523 541 1566 dixerat:
572 1524 688 1565 Ecce
722 1524 876 1574 Agnus
908 1523 1003 1564 Dei.

170 1581 228 1623 Et
249 1581 354 1633 quid
374 1580 502 1622 nobis
520 1580 707 1633 prodest
726 1581 880 1632 Agnus
894 1578 1002 1621 Dei?

170 1637 303 1686 Ecce,
355 1638 430 1687 ait,
472 1637 558 1689 qui
606 1637 724 1679 tollit
768 1639 1003 1690 peccatum

170 1694 333 1737 mundi.
373 1695 521 1736 Secuti
541 1700 642 1736 sunt
659 1694 796 1744 illum,
821 1693 907 1736 hoc
931 1707 1002 1735 au-

172 1751 276 1801 dito,
297 1751 384 1793 duo
406 1752 480 1804 qui
499 1756 625 1794 erant
645 1765 745 1793 cum
764 1752 789 1792 J
792 1754 945 1793 oanne.

230 1817 307 1860 HR.
326 1817 371 1850 de
391 1817 501 1850 Fcria
523 1821 757 1851 occurrente.

479 1886 630 1927 Lectio
652 1888 691 1926 ii.

259 1953 459 1996 ideamus
470 1955 710 2007 sequentia.
722 1955 838 1997 Ecce
848 1955 1002 2006 Agnus

274 2011 368 2052 Dei.
405 2011 505 2052 Hoc
531 2012 735 2053 Joannes.
772 2013 829 2053 Et
855 2011 1000 2053 audie-

170 2071 271 2109 runt
291 2079 390 2109 eum
410 2067 498 2109 duo
516 2067 721 2120 discipuli
735 2068 1002 2120 loquentem,

171 2129 215 2165 et
243 2124 383 2166 secuti
411 2130 512 2166 sunt
537 2125 561 2166 J
565 2137 698 2166 esum.
738 2125 842 2166 Non
867 2125 930 2166 sic
956 2124 1001 2165 il-

170 2180 259 2221 lum
283 2181 594 2234 sequebantur,
622 2181 747 2234 quasi
771 2182 855 2232 jam
874 2187 922 2223 ut
941 2182 1001 2222 in-

170 2237 387 2279 haererent
404 2238 480 2278 illi:
506 2251 608 2279 nam
626 2238 905 2293 manifestum
925 2244 1002 2288 est,

173 2293 348 2346 quando
385 2294 445 2335 illi
485 2294 768 2345 inhaeserunt,
812 2295 914 2347 quia
947 2295 1002 2337 de

171 2351 272 2391 navi
292 2363 368 2392 eos
386 2352 574 2393 vocavit.
602 2352 652 2392 In
672 2351 740 2393 his
761 2353 876 2393 enim
896 2351 1002 2393 duo-

170 2406 254 2447 bus
275 2412 368 2449 erat
388 2407 606 2458 Andreas,
634 2408 746 2451 sicut
769 2408 904 2450 modo
930 2421 1000 2449 au-

172 2462 309 2504 distis.
338 2463 538 2505 Andreas
561 2470 709 2506 autem
728 2465 861 2506 frater
881 2465 1002 2507 Petri

172 2525 276 2560 erat.
330 2519 386 2561 Et
431 2521 633 2562 nevimus
676 2522 720 2562 in
761 2522 1002 2573 Evangelio

173 2574 294 2627 quod
322 2576 499 2617 Petrum
530 2583 574 2618 et
602 2578 825 2619 Andream
854 2579 1003 2619 Demi-

1051 302 1134 330 nus
1162 288 1217 330 de
1246 288 1347 330 navi
1373 289 1568 339 vocavit,
1601 288 1770 330 dicens:
1800 287 1887 330 Ve-

1052 347 1142 387 nite
1166 350 1270 398 post
1290 358 1379 396 me,
1407 350 1452 388 et
1470 345 1630 396 faciam
1647 357 1728 386 vos
1746 344 1887 397 pisca·
1959 376 1968 384 .

1052 404 1174 443 teres
1199 401 1436 444 heminum.
1473 402 1531 444 Et
1555 414 1611 444 ex
1627 401 1704 443 illo
1723 403 1809 454 iam
1827 401 1887 441 in-

1052 458 1275 500 haeserunt
1293 459 1366 509 illi,
1386 463 1435 500 ut
1454 471 1542 500 non
1561 457 1829 500 recederent.

1353 540 1507 582 Lectio
1535 540 1591 580 iii.
1764 582 1771 588 ,

1159 601 1247 644 odo
1274 615 1381 653 ergo
1407 602 1528 654 quod
1552 601 1676 643 illum
1700 604 1888 653 sequun-

1183 663 1254 700 tur
1286 659 1360 701 isti
1391 658 1496 709 duo,
1528 671 1618 700 non
1647 657 1775 711 quasi
1799 670 1890 699 non

1054 715 1273 756 recessuri
1311 719 1575 768 sequuntur,
1617 713 1699 756 sed
1738 713 1889 756 videre

1054 771 1289 814 voluerunt
1311 771 1387 814 ubi
1410 772 1645 819 habitaret,
1674 775 1720 813 et
1743 770 1889 812 faeere

1055 826 1176 879 quod
1208 828 1423 881 scriptum
1453 834 1535 870 est:
1566 828 1722 869 Limen
1755 827 1889 869 ostie-

1054 897 1153 925 rum
1181 885 1272 937 ejus
1301 886 1472 927 exterat
1500 898 1581 938 pes
1609 890 1727 932 tuus:
1761 897 1891 936 surge

1055 939 1112 982 ad
1130 940 1254 982 illum
1272 945 1422 984 venire
1442 942 1630 988 assidue,
1651 947 1694 983 et
1715 941 1892 983 erudire

1054 999 1293 1051 praeceptis
1326 1000 1429 1052 ejus.
1484 998 1691 1040 Ostendit
1722 998 1785 1040 eis
1817 998 1891 1040 ille

1055 1054 1131 1096 ubi
1149 1057 1361 1097 maneret:
1388 1057 1619 1104 venerunt,
1649 1059 1693 1096 et
1716 1054 1892 1096 Fuerunt

1056 1124 1156 1153 cum
1178 1111 1266 1153 illo.
1303 1113 1445 1162 Quam
1466 1111 1648 1154 beatum
1674 1111 1792 1153 diem
1815 1111 1891 1153 du-

1055 1170 1224 1219 xerunt,
1240 1181 1373 1221 quam
1385 1169 1564 1211 beatam
1576 1168 1767 1211 noctem!
1784 1168 1892 1219 Quis

1056 1230 1139 1275 est,
1169 1225 1244 1277 qui
1263 1226 1391 1267 nobis
1413 1225 1531 1267 dicat
1552 1238 1653 1278 quae
1673 1224 1893 1267 audierint

1054 1281 1118 1322 illi
1139 1295 1164 1323 a
1178 1281 1395 1324 Demino?
1420 1282 1712 1324 AEdificemus
1730 1287 1774 1324 et
1791 1294 1892 1323 nos-

1055 1339 1231 1391 metipsi
1256 1339 1300 1380 in
1325 1339 1460 1380 corde
1484 1343 1657 1389 nostro,
1692 1343 1736 1380 et
1761 1338 1891 1380 facia·

1054 1408 1153 1436 mus
1187 1395 1384 1446 domum,
1420 1408 1508 1448 quo
1541 1396 1688 1438 veniat
1719 1395 1810 1446 ille,
1848 1399 1893 1436 et

1056 1450 1215 1493 deceat
1234 1464 1328 1502 nos»,
1348 1457 1391 1494 et
1410 1452 1691 1505 colloquatur
1709 1451 1850 1494 nobis.

1110 1526 1171 1559 Ad
1197 1525 1362 1566 Laudes,
1386 1528 1427 1558 ut
1452 1524 1490 1557 in
1515 1523 1633 1557 Psalt.

1108 1585 1155 1619 Et
1191 1586 1372 1619 dicuntur
1406 1585 1546 1619 Preces
1586 1583 1742 1618 feriales
1778 1583 1890 1618 flexis

1057 1634 1232 1676 genibus
1254 1632 1308 1667 51.

1391 1683 1559 1724 Oratio.

1139 1752 1362 1792 uaesumus
1383 1753 1666 1804 omnipotens
1684 1751 1823 1792 Deus:
1842 1755 1891 1792 ut

1149 1807 1308 1849 beatus
1323 1807 1527 1850 Andreas
1542 1807 1800 1860 Apostolus
1819 1820 1891 1850 cu·

1054 1864 1119 1915 jus
1138 1867 1434 1917 praevenimus
1450 1865 1747 1914 festivitatem,
1764 1869 1890 1907 tuum

1054 1934 1137 1973 pro
1162 1920 1291 1963 nobis
1315 1922 1526 1974 impleret
1545 1922 1770 1972 auxilium3
1797 1926 1846 1964 ut
1864 1934 1891 1963 a

1054 1979 1219 2020 nostris
1238 1979 1435 2021 reatibus
1454 1979 1656 2029 absoluti,
1676 1992 1701 2021 a
1721 1978 1890 2021 cunctis

1056 2035 1188 2077 etiam
1211 2036 1418 2088 periculis
1443 2039 1658 2079 eruamur.
1694 2036 1780 2078 Per
1800 2035 1889 2077 Do-

1055 2092 1219 2133 minum
1239 2098 1451 2134 nostrum.

1109 2165 1156 2198 Et
1180 2164 1221 2198 fit
1246 2172 1443 2199 commem.
1468 2165 1503 2199 S.
1528 2164 1735 2200 Saturnini.

1111 2226 1209 2265 Ant.
1249 2223 1331 2273 Qui
1360 2222 1456 2265 odit
1482 2223 1672 2265 animam
1697 2235 1822 2264 suam
1846 2223 1888 2263 in

1055 2279 1142 2321 hoc
1159 2279 1342 2330 mundo,
1367 2280 1411 2321 in
1430 2280 1568 2322 vitam
1588 2281 1799 2322 aeternam
1819 2292 1890 2321 cu-

1056 2336 1194 2378 stodit
1214 2349 1321 2378 eam.

1110 2403 1161 2451 V.
1210 2402 1362 2443 Justus
1412 2407 1461 2444 ut
1508 2402 1657 2455 palma
1703 2401 1890 2444 florebit.

1057 2459 1264 2557 §abistffsslt
1298 2458 1458 2500 cedrus
1493 2457 1650 2499 Libani
1683 2457 1889 2511 multipli-

1112 2582 1275 2623 Oratio.
1303 2582 1437 2629 DeuS,
1459 2579 1533 2631 qui
1551 2591 1644 2620 nos.
1666 2581 1760 2620 463.
