2040 2944
191 173 289 220 [102]

192 269 415 322 perfecisti
453 267 627 310 laudem
658 271 841 320 propter
880 265 1015 306 inimi·

193 338 270 367 cos
298 331 414 375 tuos,
442 326 465 352 *
492 329 540 366 ut
566 323 768 366 destruas
795 322 1016 364 inimicum

193 387 237 424 et
256 382 455 423 ultorem.

245 438 460 490 Quoniam
509 437 670 479 videbo
718 436 856 478 coelos
901 439 1017 484 tuOS‚

193 498 329 548 opera
354 494 591 546 digitorum
614 495 806 536 tuerum:
825 494 849 520 *
869 491 1016 533 lunam

193 557 235 593 et
254 551 414 601 stellas,
434 563 532 603 quae
551 556 600 592 tu
617 549 820 592 fundasti.

244 607 359 658 Quid
379 612 446 649 est
463 607 612 657 homo,
637 605 758 659 quod
782 617 950 647 memor
969 616 1016 646 es

192 664 304 716 ejus?
323 665 347 691 *
366 668 442 706 aut
460 663 576 705 filius
590 663 789 713 hominis,
810 661 1017 715 quoniam

191 721 342 762 visitas
363 718 483 762 eum?

242 778 439 819 Minuisti
479 790 578 819 eum
614 776 746 830 paulo
783 775 925 817 minus
961 773 1016 815 ab

192 834 391 886 Angelis,
418 834 558 885 gloria
580 838 623 875 et
643 833 813 875 honore
838 832 1016 873 corona-

192 891 249 932 sti
273 904 386 933 eum:
409 892 433 918 *
458 895 501 932 et
528 889 793 932 constituisti
822 901 922 931 eum
949 900 1016 928 su-

191 961 271 1000 per
290 950 425 1000 opera
443 949 651 988 manuum
669 949 854 988 tuarum.

244 1004 401 1045 Omnia
439 1003 662 1056 subjecisti
709 1002 789 1044 sub
829 1001 1017 1055 pedibus

193 1061 298 1112 ejus,
326 1062 350 1087 *
383 1073 490 1102 oves
524 1065 568 1102 et
602 1059 741 1101 boves
774 1059 1017 1101 universas:

191 1119 369 1170 insuper
389 1122 432 1158 et
450 1118 613 1170 pecora
631 1115 784 1168 campi.

243 1173 461 1215 Volucres
487 1173 606 1224 coeli,
639 1178 682 1214 et
705 1173 849 1225 pisces
873 1171 1017 1222 maris,

191 1232 215 1258 *
241 1230 315 1282 qui
339 1229 644 1282 perambulant
673 1228 851 1270 semitas
874 1228 1018 1269 maris.

244 1286 432 1327 Domine
446 1286 661 1327 Dominus
674 1290 834 1334 noster,
848 1286 872 1312 *
887 1297 1017 1336 quam

192 1342 450 1384 admirabile
467 1347 535 1384 est
553 1355 714 1384 nomen
731 1346 855 1383 tuum
869 1341 913 1382 in
926 1341 1017 1382 uni-

192 1400 319 1440 versa
338 1398 470 1441 terra!

245 1458 343 1499 Ant.
378 1458 415 1499 O
440 1468 571 1507 quam
593 1454 777 1507 pulchra
804 1458 870 1495 est
895 1459 1018 1495 casta

192 1512 417 1564 generatio
437 1524 535 1553 cum
554 1510 768 1552 claritate!

246 1570 346 1610 Ant.
387 1570 523 1609 Laeva
561 1567 652 1619 ejus
689 1568 713 1594 *
751 1567 832 1608 sub
873 1566 1017 1620 capite

192 1637 312 1675 meo,
340 1629 384 1666 et
410 1624 590 1666 dextera
613 1623 728 1664 illius
754 1623 1016 1676 amplexabi-

192 1686 263 1723 tur
280 1693 361 1722 me.

470 1732 668 1774 Psalmus
687 1733 746 1773 18.

254 1794 342 1836 oeli
371 1795 572 1836 enarrant
599 1793 784 1845 gloriam
806 1793 904 1843 Dei,
925 1794 949 1820 *
975 1797 1018 1835 et

280 1853 416 1903 opera
441 1852 648 1891 manuum
677 1851 766 1902 ejus
790 1849 1018 1891 annuntiat

193 1907 524 1948 firmamentum.

244 1963 350 2004 Dies
383 1962 468 2004 diei
497 1966 666 2005 eructat
697 1961 896 2013 verbum,
923 1963 947 1989 *
975 1967 1018 2004 et

194 2031 282 2060 nox
301 2020 420 2061 nocti
439 2018 602 2061 indicat
621 2019 856 2060 scientiam.

244 2075 347 2117 Non
380 2080 480 2117 sunt
514 2075 718 2128 loquelae,
754 2088 897 2128 neque
931 2087 1016 2117 ser-

192 2134 361 2182 mones,
388 2133 412 2159 *
447 2145 634 2184 quorum
666 2144 755 2173 non
786 2131 1017 2173 audiantur

193 2201 325 2230 voces
346 2191 507 2230 eorum.

246 2246 297 2286 In
325 2258 499 2287 omnem
531 2249 693 2287 terram
721 2244 855 2286 exivit
883 2257 1016 2286 sonus

194 2303 359 2343 eorum:
385 2304 408 2329 *
437 2306 481 2344 et
513 2302 558 2342 in
590 2302 698 2343 fines
734 2301 853 2343 orbis
886 2305 1016 2342 terrae

193 2357 327 2399 verba
346 2359 508 2399 eorum.

245 2414 296 2454 In
316 2414 410 2455 sole
430 2414 577 2466 posuit
599 2413 929 2456 tabernaculum
948 2427 1023 2456 su·-

194 2482 283 2510 um:
314 2471 338 2496 *
370 2474 413 2512 et
445 2470 540 2522 ipse
570 2475 795 2523 tamquam
828 2483 1015 2523 sponsus

193 2525 439 2578 procedens
459 2525 513 2567 de
532 2526 726 2568 thalamo
747 2539 842 2568 suo:

245 2582 493 2624 Exsultavit
525 2587 573 2624 ut
606 2583 728 2634 gigas
758 2583 816 2624 ad
843 2584 1014 2624 curren—

194 2639 295 2680 dam
313 2639 439 2687 viam,
459 2638 482 2663 *
501 2651 527 2679 a
546 2651 716 2680 summo
739 2639 852 2681 coelo
873 2641 1013 2691 egres-

193 2708 258 2737 sio
279 2708 383 2747 ejus:

764 173 974 207 Commune
999 181 1076 205 non
1100 171 1311 213 virginum.

1118 264 1176 306 Et
1203 267 1413 306 occursus
1435 264 1526 316 ejus
1544 276 1683 316 usque
1703 262 1760 304 ad
1779 276 1891 304 sum-

1067 333 1187 361 mum
1214 321 1319 373 ejus:
1346 322 1371 347 *
1396 332 1479 362 nec
1511 324 1579 362 est
1610 320 1686 372 qui
1715 332 1764 362 se
1795 318 1891 360 abs-

1069 376 1230 419 condat
1249 390 1274 418 a
1293 377 1440 419 calore
1460 377 1562 429 ejus.

1117 433 1211 475 Lex
1225 433 1402 475 Demini
1420 432 1700 474 immaculata
1715 433 1892 474 conver-

1067 494 1164 532 tens
1202 490 1385 531 animas:
1416 491 1440 517 *
1473 489 1771 531 testimonium
1804 489 1892 530 Do-

1067 546 1173 587 mini
1205 546 1351 596 fidele,
1385 546 1645 599 sapientiam
1676 549 1893 598 praestans

1067 603 1273 655 parvulis.

1119 659 1307 701 Justitiae
1343 659 1523 701 Domini
1558 663 1710 709 rectae,
1755 657 1893 700 laetifi-

1069 718 1220 759 cantes
1252 716 1407 758 corda:
1439 718 1463 743 *
1497 717 1771 769 praeceptum
1804 714 1894 756 Do-

1068 773 1173 814 mini
1190 772 1394 823 lucidum,
1412 772 1661 814 illuminans
1679 770 1843 813 oculos.

1119 829 1272 871 Timor
1298 829 1478 871 Domini
1505 834 1699 879 sanctus,
1725 829 1894 881 perma-

1068 899 1178 927 nens
1201 886 1246 927 in
1269 886 1479 928 saeculum
1506 885 1669 927 saeculi:
1687 886 1712 911 *
1736 884 1895 937 judicia

1068 942 1247 984 Domini
1272 955 1391 994 vera,
1415 942 1648 995 justificata
1670 942 1715 983 in
1739 945 1893 984 semet-

1069 1012 1176 1052 1psa.

1120 1056 1442 1098 Desiderabilia
1481 1068 1615 1108 super
1654 1067 1809 1096 aurum
1851 1058 1895 1095 et

1069 1112 1261 1165 lapidem
1293 1113 1536 1166 pretiosum
1567 1111 1768 1154 multum:
1793 1110 1818 1136 ¹⁸¹
1850 1114 1895 1152 et

1070 1168 1268 1211 dulciora
1286 1182 1420 1223 super
1437 1168 1524 1211 mel
1543 1173 1587 1211 et
1604 1169 1763 1210 favum.

1121 1226 1294 1268 Etenim
1317 1239 1470 1268 servus
1494 1230 1595 1267 tuus
1619 1223 1813 1267 cust6dit
1832 1236 1894 1274 ea,

1070 1282 1094 1307 *
1126 1283 1170 1323 in
1206 1282 1505 1325 custodiendis
1544 1282 1628 1324 illis
1663 1280 1893 1323 retributio

1069 1339 1215 1381 multa.

1120 1395 1294 1437 Delicta
1331 1395 1428 1448 quis
1462 1392 1685 1447 intelligit?
1733 1394 1788 1436 ab
1824 1406 1894 1436 oc-

1070 1451 1197 1493 cultis
1232 1452 1342 1494 meis
1375 1451 1539 1494 munda
1573 1464 1659 1493 me:
1694 1451 1719 1478 *
1754 1455 1799 1492 et
1837 1451 1893 1493 ab

1070 1508 1220 1550 alienis
1238 1521 1372 1562 parce
1391 1521 1519 1551 servo
1540 1512 1629 1550 tuo.

1120 1565 1166 1607 Si
1209 1566 1295 1607 mei
1339 1578 1428 1607 non
1467 1565 1627 1607 fuerint
1667 1564 1894 1615 dominati,

1069 1626 1174 1664 tunc
1196 1622 1500 1664 immaculatus
1526 1635 1617 1664 ero:
1634 1623 1658 1649 *
1682 1626 1725 1663 et
1750 1634 1894 1663 emun-

1070 1678 1209 1721 dabor
1229 1692 1255 1720 a
1274 1679 1434 1721 delicto
1453 1679 1657 1720 maximo.

1120 1735 1177 1777 Et
1204 1740 1331 1778 erunt
1369 1741 1419 1778 ut
1465 1735 1769 1788 complaceant
1808 1734 1893 1777 elo-

1071 1792 1173 1844 quia
1201 1793 1290 1834 oris
1316 1792 1419 1834 mei:
1437 1793 1461 1820 *
1481 1797 1525 1834 et
1550 1791 1780 1833 meditatio
1800 1804 1893 1833 cor-

1071 1848 1138 1890 dis
1160 1849 1247 1890 mei
1269 1849 1314 1890 in
1339 1850 1580 1902 conspectu
1608 1853 1685 1890 tuo
1709 1861 1894 1901 semper.

1120 1905 1310 1947 Domine
1337 1905 1510 1958 adjutor
1536 1917 1671 1954 meus,
1689 1904 1714 1930 *
1733 1909 1776 1947 et
1797 1904 1892 1946 red-

1070 1963 1243 2015 emptor
1261 1975 1397 2004 meus.

1123 2020 1222 2061 Ant.
1249 2020 1383 2060 Laeva
1406 2019 1498 2071 ejus
1519 2017 1599 2060 sub
1619 2017 1764 2071 capite
1782 2029 1894 2068 meo,

1070 2080 1114 2117 et
1137 2075 1318 2117 dextera
1339 2075 1454 2117 illius
1473 2074 1794 2128 amplexabitur
1811 2087 1893 2116 me.

1122 2134 1221 2175 Ant.
1250 2134 1506 2182 Revertere,
1528 2133 1554 2159 *
1575 2132 1796 2173 revertere
1817 2131 1893 2172 Su-

1068 2189 1258 2230 namitis:
1298 2190 1536 2238 revertere,
1573 2189 1810 2237 revertere,
1845 2191 1894 2228 ut

1068 2245 1312 2287 intueamur
1330 2249 1385 2287 te.

1346 2302 1546 2343 Psalmus
1564 2302 1628 2342 23.

1069 2355 1290 2460 Domini
1322 2362 1389 2399 est
1420 2362 1553 2407 terra,
1589 2362 1633 2399 et
1663 2355 1891 2410 plenitudo

1171 2414 1275 2465 ejus:
1294 2414 1317 2439 *
1338 2413 1458 2455 orbis
1481 2415 1711 2463 terrarum,
1740 2418 1783 2455 et
1801 2414 1891 2455 uni-

1068 2470 1183 2511 versi
1204 2470 1279 2522 qui
1297 2469 1496 2512 habitant
1512 2470 1556 2510 in
1575 2482 1640 2511 eo.

1119 2526 1230 2577 Quia
1255 2526 1351 2578 ipse
1376 2538 1509 2579 super
1530 2526 1668 2567 maria
1692 2526 1890 2568 fundavit

1067 2595 1181 2624 eum:
1214 2583 1238 2608 *
1271 2587 1314 2624 et
1345 2595 1476 2635 super
1509 2582 1688 2624 flumina
1720 2596 1889 2636 praepa-

1067 2639 1178 2680 ravit
1198 2652 1307 2680 eum.

1118 2695 1224 2746 Quis
1247 2694 1464 2737 ascendet
1499 2694 1543 2736 in
1575 2700 1770 2738 montem
1802 2696 1890 2738 Do-
