2040 2944
334 351 551 395 sabbato
572 351 636 392 ad
654 351 919 401 vesperas.

273 428 365 465 Ant.
399 422 670 464 Benedictus.

475 497 668 537 I‘swlmus
696 498 777 535 1433

229 564 290 621 ἐξῆ-,ζ
326 557 550 600 enedictus
570 557 783 598 Deminus
805 557 926 597 Deus
950 568 1035 597 me-

313 681 319 694 -’
339 671 585 724 praelium*
601 675 644 711 et
663 669 823 721 digitos
839 681 963 710 meos
981 668 1036 710 ad

213 727 384 769 bellum.

264 784 562 826 Misericerdia
591 795 707 833 mea,
749 787 792 823 et
822 781 1035 832 refugium

212 854 370 883 meum:
389 843 412 867 *
433 843 663 893 susceptor
690 852 829 889 meus,
860 844 904 880 et
933 837 1034 879 libe-

213 900 332 939 rator
350 911 487 940 meus:

264 956 494 996 Protector
515 966 654 1003 meus,
684 957 726 994 et
755 953 798 992 in
822 952 919 1004 ipso
940 964 1034 1004 spe-

212 1012 319 1052 ravi:
338 1012 361 1037 *
387 1011 460 1064 qui
486 1010 632 1052 subdit
655 1009 867 1062 pepulum
890 1020 1035 1049 meum

213 1068 293 1110 sub
312 1081 393 1110 me.

263 1125 450 1166 Domine
471 1123 575 1177 quid
595 1126 661 1165 est
678 1122 827 1172 homo,
852 1122 952 1175 quia
975 1122 1033 1162 in-

211 1182 392 1223 notuisti
430 1179 490 1223 ei?
523 1181 546 1206 *
578 1184 653 1221 aut
684 1179 797 1221 filius
832 1179 1034 1228 heminis,

212 1239 312 1291 quia
331 1240 508 1291 reputas
528 1235 648 1279 eum?

262 1295 407 1336 Homo
427 1294 607 1335 vanitati
626 1292 776 1334 similis
796 1292 935 1334 factus
955 1297 1034 1334 est:

210 1351 233 1376 *
245 1351 338 1393 dies
355 1352 446 1403 ejus
462 1351 573 1392 sieut
587 1349 741 1391 umbra
756 1351 1034 1402 praetereunt.

261 1408 449 1449 Domine
481 1407 639 1448 inclina
672 1406 810 1448 coelos
840 1411 957 1455 tuos,
990 1411 1034 1447 et

211 1464 443 1506 descende:
461 1464 485 1490 *
503 1469 633 1514 tange
651 1467 835 1512 montes,
855 1468 898 1504 et
913 1463 1033 1504 fumi-

209 1521 385 1572 gabunt

260 1577 451 1629 Fulgura
470 1577 828 1626 coruscationem,
848 1581 892 1618 et
912 1575 1032 1618 dissi-

209 1634 336 1686 pabis
357 1647 446 1676 eos:
461 1635 484 1659 *
500 1636 647 1676 emitte
668 1635 847 1685 sagittas
862 1638 971 1683 tuas,
991 1637 1034 1674 et

210 1690 491 1732 conturbabis
512 1703 602 1732 eos:

260 1748 422 1790 Emitte
457 1760 634 1788 manum
673 1751 794 1788 tuam
835 1746 891 1788 de
928 1746 1033 1796 alto,

210 1804 328 1857 eripe
355 1817 441 1854 me,
481 1809 524 1846 et
554 1803 691 1845 libera
721 1816 791 1845 me
825 1803 880 1845 de
908 1804 1033 1856 aquis

208 1861 368 1902 multis:
387 1862 410 1886 *
431 1860 485 1903 de
507 1873 639 1902 manu
661 1859 850 1901 filierum
874 1859 1032 1902 aliene-

208 1930 315 1958 rum.

261 1975 456 2025 Quorum
481 1987 531 2015 os
557 1974 754 2015 locutum
778 1978 845 2015 est
869 1973 1031 2014 vanita-

209 2035 311 2072 tem:
335 2031 359 2056 *
384 2035 427 2072 et
452 2030 631 2072 dextera
655 2032 822 2080 eorum,
851 2029 1032 2071 dextera

208 2087 457 2140 iniquitatis.

255 2144 376 2186 Deus
404 2143 620 2185 canticum
652 2156 815 2184 novum
843 2142 1030 2184 cantabo

207 2199 299 2241 tibi:
309 2201 333 2226 *
343 2201 386 2241 in
396 2200 615 2253 psalterio,
627 2198 905 2242 decacliordo
917 2199 1029 2252 psal-

207 2255 294 2297 lam
311 2256 400 2298 tibi.

259 2313 343 2363 Qui
370 2313 449 2355 das
477 2313 661 2355 salutem
687 2312 876 2365 regibus:
904 2313 927 2338 *
957 2313 1030 2365 qui

207 2369 429 2411 redemisti
452 2369 596 2412 David
623 2383 798 2412 servum
824 2374 946 2411 tuum
974 2369 1030 2411 de

206 2425 353 2477 gladio
372 2426 575 2478 maligno:
595 2427 714 2480 eripe
732 2440 813 2469 me.

257 2483 314 2523 Et
346 2484 447 2525 erue
480 2496 550 2525 me
583 2483 637 2525 de
673 2497 804 2525 manu
838 2482 1028 2524 filierum

207 2538 455 2590 alienerum‚
476 2552 660 2592 quorum
679 2553 729 2582 os
748 2540 943 2582 locutum
962 2545 1029 2582 est

207 2596 455 2637 vanitatem:
466 2596 488 2621 *
501 2601 543 2637 et
554 2596 733 2638 dextera
750 2599 911 2646 eorum,
927 2595 1027 2638 dex-

206 2656 299 2693 tera
316 2652 568 2704 iniquitatis:

257 2709 451 2759 Quorum
471 2708 557 2758 filii,
576 2709 687 2750 sicut
704 2710 890 2751 novellae
909 2709 1026 2762 plan-

205 2765 393 2807 tatienes
411 2766 435 2791 *
454 2765 496 2806 in
515 2765 735 2817 juventiite
755 2779 843 2808 sua.

830 229 999 262 Sabbato
1026 228 1073 261 ad
1101 228 1299 270 Vcsperus

1139 327 1261 369 Filiae
1293 330 1445 370 eorum
1479 327 1753 381 compesitae:
1780 327 1804 353 *
1836 327 1914 369 cir-

1090 386 1358 426 cumornatae
1375 389 1425 426 ut
1444 383 1681 426 similitudo
1700 383 1864 437 templi.

1139 441 1446 494 Promptuaria
1461 443 1613 483 eorum
1627 440 1769 494 plena,
1782 442 1807 467 *
1823 453 1914 483 eru-

1089 498 1251 539 ctantia
1270 511 1325 540 ex
1343 498 1428 540 hoc
1447 498 1490 538 in
1508 497 1626 539 illud.

1141 555 1258 596 Oves
1273 557 1425 596 eorum
1439 554 1623 604 foetosae,
1642 553 1915 596 abundentes

1088 612 1131 652 in
1156 611 1406 663 egressibus
1431 611 1534 652 suis:
1553 612 1577 637 *
1600 610 1739 653 boves
1764 612 1916 652 eorum

1089 681 1261 709 crassae.

1139 725 1240 766 Non
1273 729 1340 766 est
1372 727 1495 766 ruina
1522 724 1740 774 maceriae,
1771 736 1915 777 neque

1088 782 1312 823 transitus:
1340 781 1364 807 *
1391 793 1534 834 neque
1562 780 1726 823 clamor
1753 780 1798 821 in
1824 779 1914 834 pla-

1088 838 1170 879 teis
1189 840 1352 880 eerum.

1139 895 1327 936 Beatum
1355 894 1558 936 dixerunt
1585 894 1818 947 pepulum,
1846 894 1916 936 eui

1088 951 1183 993 haec
1203 956 1316 993 sunt:
1335 951 1359 976 *
1383 950 1539 993 beatus
1562 951 1770 1004 pepulus‚
1794 951 1915 1003 cujus

1087 1008 1301 1050 Dominus
1320 1008 1442 1049 Deus
1461 1008 1563 1060 ejus.

1140 1066 1239 1105 Ant
1268 1063 1536 1106 Benedictus
1558 1064 1774 1107 Deminus
1792 1065 1915 1107 Deus

1086 1134 1220 1163 meus

1139 1178 1237 1218 Ant.
1272 1178 1351 1220 Per
1370 1177 1564 1230 singulos
1585 1177 1690 1220 dies.

1350 1235 1546 1275 I'salmus
1566 1235 1653 1274 144.

1171 1292 1350 1334 xaltabo
1370 1297 1414 1334 te
1434 1293 1555 1334 Deus
1573 1306 1697 1335 meus
1716 1305 1808 1334 rex:
1826 1292 1850 1318 *
1871 1297 1916 1335 et

1189 1348 1447 1391 benedicam
1475 1349 1639 1390 nemini
1663 1354 1740 1391 tuo
1768 1349 1812 1390 in
1836 1351 1913 1391 sae-

1087 1405 1243 1455 culum,
1263 1410 1305 1447 et
1323 1406 1367 1446 in
1386 1405 1596 1447 saeculum
1616 1405 1776 1448 saeculi.

1137 1462 1222 1504 Per
1239 1462 1433 1514 singulos
1448 1462 1542 1504 dies
1551 1462 1811 1505 benedicam
1820 1462 1915 1505 tibi:

1087 1519 1110 1544 *
1126 1523 1169 1560 et
1187 1518 1378 1561 laudabo
1397 1531 1557 1561 nomen
1575 1524 1700 1561 tuum
1718 1519 1762 1560 in
1780 1521 1914 1561 saecu-

1087 1575 1186 1625 lum,
1206 1580 1250 1617 et
1267 1575 1311 1616 in
1331 1575 1540 1617 saeculum
1558 1576 1718 1618 saeculi.

1138 1633 1322 1684 Magnus
1353 1633 1569 1674 Deminus
1607 1637 1652 1675 et
1680 1631 1913 1675 laudabilis

1086 1689 1227 1731 nimis:
1250 1690 1273 1715 *
1298 1694 1342 1731 et
1367 1689 1680 1741 magnitudinis
1708 1690 1799 1742 ejus
1824 1702 1914 1731 non

1087 1750 1154 1787 est
1170 1745 1282 1787 finis.

1139 1802 1375 1845 Generatio
1401 1807 1445 1845 et
1466 1803 1692 1854 generatio
1715 1802 1914 1845 landebit

1086 1861 1223 1912 <Spera
1257 1864 1346 1901 tua:
1381 1860 1406 1886 *
1437 1864 1481 1902 et
1515 1860 1759 1913 potentiam
1793 1864 1913 1902 tuam

1085 1916 1442 1968 pronuntiabunt.

1137 1973 1505 2024 Magnificentiam
1529 1973 1680 2024 gloriae
1709 1973 1911 2015 sanctita-

1085 2029 1141 2071 tis
1169 2034 1257 2071 tuae
1292 2029 1541 2082 loquentur:
1568 2029 1593 2055 *
1623 2034 1667 2072 et
1698 2029 1913 2072 mirabilia

1084 2090 1160 2128 tua
1178 2086 1427 2128 narrabunt.

1135 2143 1192 2184 Et
1219 2143 1424 2185 virtutem
1452 2142 1710 2185 terribilium
1736 2145 1911 2186 tuorum

1085 2198 1244 2241 dicent:
1276 2200 1300 2226 *
1332 2204 1376 2242 et
1411 2199 1756 2251 magnitudinem
1791 2205 1912 2243 tuam

1084 2256 1333 2298 narrabunt.

1135 2313 1391 2372 Memoriam
1416 2313 1698 2355 abundentiae
1722 2313 1909 2355 suavite-

1083 2370 1140 2411 tis
1158 2374 1246 2411 tuae
1266 2369 1540 2412 eructabunt:
1553 2370 1577 2396 *
1592 2374 1636 2412 et
1654 2370 1817 2422 justitia
1834 2374 1910 2412 tua

1084 2426 1375 2468 exsultabunt.

1133 2483 1366 2525 Miserator
1395 2488 1440 2525 et
1470 2483 1718 2525 misericors
1747 2483 1857 2526 Dfis:
1884 2484 1908 2509 *

1082 2540 1271 2592 patiens,
1300 2545 1344 2582 et
1370 2539 1556 2581 multum
1583 2540 1841 2582 misericors.

1134 2597 1288 2638 Suavis
1315 2596 1530 2638 Dominus
1557 2596 1785 2638 universis:
1811 2597 1836 2622 *
1864 2602 1909 2639 et

1082 2653 1384 2695 miseratienes
1412 2653 1503 2704 ejus
1531 2666 1663 2706 super
1691 2654 1836 2695 emnia
1863 2655 1907 2695 ό-

1073 2722 1188 2766 pera
1207 2710 1308 2762 ejus.

1135 2766 1435 2808 Confiteantur
1457 2766 1537 2809 tibi
1555 2766 1743 2809 Domine
1763 2767 1907 2809 emnia
