2040 2944
566 174 637 206 Die
666 174 692 207 1.
717 173 961 207 Novembris
1010 171 1187 206 Omnium
1213 173 1447 206 Sanctorum.

153 274 298 326 quiem
315 285 405 314 non
425 271 648 313 habebant
672 271 742 312 die
767 283 819 312 ac
838 275 978 320 nocte,

151 329 354 372 dicentia:
372 329 567 379 Sanctus,
583 327 779 377 Sanctus,
793 327 978 368 Sanctus

150 387 366 428 Dominus
402 386 523 427 Deus
561 386 862 437 omnipotens,
904 383 979 436 qui

151 448 256 492 erat,
275 448 318 485 et
334 442 408 495 qui
428 446 505 492 est,
525 446 569 483 et
585 441 658 493 qui
672 443 881 482 venturus
902 445 978 481 est.

204 520 255 572 R.
270 516 377 558 Vidi
400 515 637 557 Dominum
659 513 887 556 sedentem
911 527 978 555 su-

150 586 231 626 per
251 573 409 614 solium
431 572 653 614 excelsum
678 575 722 612 et
746 571 980 612 elevatum:

152 635 196 672 et
209 630 339 683 plena
354 634 448 671 erat
464 629 604 671 omnis
619 632 738 669 terra
751 628 980 679 maiestate

152 687 261 739 ejus:
291 690 313 714 *
338 687 395 728 Et
419 699 471 728 ea
496 697 595 737 quae
619 684 702 726 sub
727 684 826 737 ipso
847 689 979 734 erant,

151 743 381 796 replebant
405 741 630 795 templum.
673 739 723 791 V.
752 740 980 793 Seraphim

152 799 326 842 stabant
345 811 477 852 super
494 796 616 839 illud:
636 809 713 839 sex
733 797 814 838 alae
833 797 918 847 uni,
937 802 981 838 et

153 869 231 898 sex
250 855 331 897 alae
351 855 488 897 alteri.
515 855 572 896 Et
592 866 653 896 ea.

231 934 382 975 Lectio
402 933 441 973 ii.
746 934 848 985 Cap.
865 934 901 973 5.

234 1006 375 1050 t'vidi
406 1008 450 1048 in
484 1005 666 1048 dextera
693 1005 885 1049 sedentis
913 1019 979 1047 su-

251 1078 333 1118 pra
349 1065 571 1114 thronum,
591 1063 750 1105 librum
769 1063 981 1116 scriptum

152 1122 268 1164 intus
289 1126 333 1163 et
350 1121 472 1170 foris,
496 1120 715 1171 signatum
739 1120 891 1171 sigillis
917 1133 980 1162 se-

152 1183 284 1231 ptem.
334 1178 391 1219 Et
426 1177 517 1219 vidi
552 1177 771 1228 Angelum
812 1177 980 1227 fortem,

151 1233 468 1287 praedicantem
502 1246 612 1275 voce
647 1246 823 1284 magna:
873 1234 980 1284 Quis

154 1296 221 1333 est
245 1290 402 1342 dignus
427 1292 599 1342 aperire
622 1289 799 1340 librum,
828 1295 871 1331 et
897 1290 980 1331 sol-

152 1360 255 1389 vere
274 1346 498 1398 signacula
518 1346 630 1399 ejus?
659 1346 716 1388 Et
735 1359 864 1388 nemo
884 1349 980 1399 pot-

154 1409 248 1446 erat
265 1416 409 1455 neque
427 1403 471 1444 in
486 1403 611 1454 coelo,
627 1415 771 1455 neque
791 1403 836 1444 in
850 1409 981 1454 terra,

151 1473 295 1512 neque
327 1460 482 1502 subtus
515 1465 697 1509 terram,
730 1463 902 1513 aperire
935 1461 982 1501 li-

152 1517 299 1567 brum,
332 1529 476 1569 neque
504 1519 725 1569 respicere
752 1517 884 1558 illum.
925 1518 983 1558 Et

153 1586 235 1624 ego
252 1572 411 1615 flebam
420 1573 615 1623 multum,
632 1574 837 1625 quoniam
851 1587 980 1616 nemo

154 1629 310 1681 dignus
328 1629 530 1671 inventus
546 1635 613 1671 est
628 1632 798 1682 aperire
813 1630 981 1683 librum,

153 1699 235 1728 nec
252 1685 403 1727 videre
423 1699 534 1727 eum.
561 1686 618 1727 Et
636 1699 748 1727 unus
768 1686 823 1729 de
843 1689 982 1730 senio-

154 1742 275 1784 ribus
294 1741 403 1784 dixit
421 1742 547 1783 mihi:
569 1742 637 1784 Ne
661 1743 855 1785 fleveris:
880 1757 982 1787 ecce

154 1798 259 1840 vicit
282 1797 353 1840 leo
379 1797 435 1840 de
458 1798 577 1840 tribu
599 1799 624 1839 J
626 1798 728 1849 uda,
753 1799 879 1841 radix
897 1801 982 1842 Da-

154 1854 244 1905 vid,
269 1857 441 1908 aperire
459 1854 633 1906 librum,
659 1861 704 1897 et
725 1855 898 1899 solvere
917 1870 981 1899 se-

154 1916 275 1964 ptem
306 1911 530 1963 signacula
563 1912 664 1963 ejus.
710 1912 768 1954 Et
798 1912 908 1955 vidi:
940 1920 984 1956 et

156 1980 259 2010 ecce
290 1967 334 2008 in
365 1966 512 2010 medio
540 1967 687 2010 throni
720 1973 764 2011 et
793 1972 983 2022 quatuor

155 2024 421 2075 animalium,
451 2029 495 2066 et
518 2025 562 2065 in
580 2025 727 2067 medio
750 2027 982 2077 seniorum,

154 2080 331 2132 Agnum
362 2086 570 2131 stantem,
609 2086 835 2134 tamquam
870 2085 981 2125 occi-

155 2150 266 2188 sum,
293 2137 528 2179 habentem
556 2140 720 2180 cornua
745 2144 916 2193 septem
941 2146 983 2182 et

158 2193 310 2236 oculos
344 2199 533 2246 septem:
571 2195 646 2247 qui
677 2200 779 2237 sunt
811 2201 983 2249 septem

155 2250 335 2303 spiritus
354 2251 455 2300 Dei,
483 2251 604 2292 missi
629 2252 674 2292 in
701 2265 875 2295 omnem
898 2258 981 2295 ter-

155 2319 259 2347 ram.
297 2307 354 2349 Et
376 2307 514 2349 venit:
539 2313 582 2349 et
604 2309 776 2362 accepit
800 2308 856 2351 de
881 2309 982 2351 dex-

154 2367 249 2404 tera
265 2363 459 2405 sedentis
478 2364 521 2404 in
540 2364 700 2407 throno
719 2365 890 2407 librum.
927 2367 984 2407 Et

157 2431 256 2459 cum
292 2422 537 2472 aperuisset
571 2420 751 2472 librum,
794 2424 983 2474 quatuor

157 2474 359 2517 animalia
384 2481 428 2518 et
451 2477 605 2528 viginti
628 2480 817 2530 quatuor
842 2478 981 2519 senio-

156 2543 228 2572 res
243 2532 494 2575 ceciderunt
510 2546 658 2575 coram
669 2535 809 2585 Agno,
824 2534 982 2575 haben-

156 2592 223 2628 tes
243 2588 401 2639 singuli
424 2589 629 2640 citharas,
654 2595 698 2632 et
716 2590 887 2643 phialas
911 2594 982 2631 au-

157 2655 255 2684 reas
274 2644 427 2696 plenas
452 2646 859 2696 odoramentorum,
884 2659 982 2699 quae

158 2704 260 2741 sunt
280 2700 502 2742 orationes
521 2705 784 2744 sanctorum.

312 2839 376 2864 Pars
392 2840 561 2866 Autumnalis.

1090 273 1139 323 Rg.
1169 270 1307 311 Beata
1340 282 1386 311 es
1419 269 1557 320 Virgo
1590 269 1742 318 Maria,
1776 269 1859 310 Dei

1032 326 1251 376 Genitrix,
1281 339 1380 378 quae
1408 324 1633 368 credidisti
1652 326 1859 367 Domino:

1030 383 1228 436 perfecta
1254 388 1354 424 sunt
1375 383 1419 423 in
1438 388 1482 424 te
1502 396 1601 435 quae
1622 382 1741 424 dicta
1760 387 1860 423 sunt

1030 439 1125 482 tibi:
1145 452 1248 481 ecce
1269 439 1460 481 exaltata
1481 452 1528 481 es
1547 452 1680 492 super
1699 440 1859 481 choros

1031 496 1318 546 Angelorum:
1343 498 1364 522 *
1381 496 1611 538 Intercede
1629 508 1711 548 pro
1731 495 1860 537 nobis

1032 552 1089 594 ad
1115 553 1233 593 Dfim
1260 553 1405 594 Deum
1432 558 1641 595 nostrum.
1690 547 1737 597 Y·
1765 553 1861 594 Ave

1032 609 1185 658 Maria,
1213 609 1355 660 gratia
1382 609 1530 662 plena,
1558 609 1773 651 Dominus
1800 614 1861 650 te-

1033 679 1142 707 cum.
1174 666 1416 708 Intercede.

1339 748 1488 788 Lectio
1508 748 1561 787 iii.

1120 825 1138 861 t
1171 819 1407 861 cantabant
1443 820 1660 861 canticum
1687 818 1862 871 novum,

1134 877 1350 918 dicentes:
1385 877 1554 928 Dignus
1592 889 1639 918 es
1674 876 1862 918 Domine

1034 937 1236 987 accipere
1254 933 1429 983 librum,
1459 938 1503 975 et
1528 935 1698 986 aperire
1723 934 1863 984 signa-

1035 991 1132 1032 cula
1152 991 1261 1043 ejus:
1291 991 1498 1043 quoniam
1527 992 1699 1031 occisus
1727 1003 1791 1040 es,
1820 995 1863 1031 et

1034 1047 1259 1089 redemisti
1277 1060 1358 1089 nos
1377 1047 1474 1088 Deo
1494 1047 1537 1087 in
1557 1047 1767 1098 sanguine
1785 1051 1862 1088 tuo
1912 1075 1913 1078 =

1035 1117 1089 1146 ex
1110 1104 1229 1145 omni
1243 1103 1372 1153 tribu,
1392 1108 1436 1145 et
1450 1103 1607 1154 lingua,
1627 1109 1671 1145 et
1685 1103 1863 1156 populo,

1035 1166 1079 1202 et
1104 1161 1301 1202 natione:
1327 1166 1370 1202 et
1395 1160 1538 1202 fecisti
1561 1173 1642 1202 nos
1666 1161 1763 1202 Deo
1789 1173 1862 1202 no-

1035 1222 1127 1259 stro
1152 1230 1349 1268 regnum,
1375 1222 1419 1258 et
1442 1216 1712 1258 sacerdotes:
1738 1221 1781 1258 et
1799 1230 1862 1258 re-

1034 1274 1264 1325 gnabimus
1280 1286 1413 1326 super
1428 1278 1602 1315 terram.
1629 1274 1686 1314 Et
1701 1273 1800 1323 vidi,
1822 1279 1865 1315 et

1035 1329 1182 1372 audivi
1213 1343 1370 1372 vocem
1402 1330 1672 1381 Angelorum
1709 1330 1863 1372 multo-

1035 1401 1132 1429 rum
1156 1388 1200 1428 in
1225 1388 1411 1429 circuitu
1437 1387 1603 1437 throni,
1632 1392 1676 1429 et
1705 1388 1864 1429 anima-

1035 1445 1152 1494 lium,
1172 1449 1216 1486 et
1231 1444 1470 1486 seniorum:
1491 1449 1535 1486 et
1550 1449 1643 1486 erat
1658 1447 1865 1486 numerus

1036 1503 1189 1543 eorum
1222 1501 1357 1542 millia
1391 1501 1592 1550 millium,
1629 1500 1866 1543 dicentium
1912 1551 1913 1554 Ἴ

1035 1571 1145 1600 voce
1159 1571 1333 1609 magna:
1352 1558 1522 1609 Dignus
1539 1562 1606 1599 est
1621 1558 1773 1608 Agnus
1791 1558 1866 1610 qui

1037 1617 1208 1657 occisus
1235 1620 1322 1665 est,
1351 1617 1551 1667 accipere
1572 1615 1793 1664 virtutem,
1823 1620 1866 1656 et

1037 1672 1327 1721 divinitatem,
1352 1676 1395 1713 et
1415 1671 1689 1724 sapientiam,
1715 1676 1758 1713 et
1781 1671 1865 1712 for—

1036 1728 1280 1778 titudinem,
1301 1733 1344 1770 et
1363 1728 1588 1778 honorem,
1608 1733 1651 1769 et
1669 1727 1865 1779 gloriam,

1036 1791 1080 1827 et
1093 1785 1456 1827 benedictionem.
1488 1785 1544 1826 Et
1559 1797 1733 1826 omnem
1749 1797 1864 1826 crea-

1035 1845 1179 1883 turam
1209 1854 1307 1894 quae
1335 1842 1379 1882 in
1405 1841 1520 1883 coelo
1551 1846 1635 1891 est,
1664 1846 1708 1883 et
1733 1854 1865 1894 super

1035 1903 1210 1949 terram,
1239 1903 1283 1939 et
1307 1898 1388 1940 sub
1412 1903 1539 1948 terra,
1567 1903 1611 1940 et
1640 1910 1739 1950 quae
1767 1903 1866 1939 sunt

1035 1955 1079 1995 in
1096 1955 1221 2004 mari,
1248 1959 1292 1996 et
1313 1967 1411 2006 quae
1435 1955 1480 1995 in
1509 1967 1582 1996 eo:
1610 1967 1763 1996 omnes
1792 1967 1865 1996 au-

1037 2010 1127 2053 divi
1142 2011 1356 2052 dicentes:
1376 2011 1554 2052 Sedenti
1571 2011 1615 2052 in
1630 2010 1801 2061 throno,
1822 2016 1866 2052 et

1035 2067 1181 2119 Agno:
1200 2066 1461 2117 benedictio,
1482 2072 1525 2109 et
1540 2067 1692 2117 honor,
1712 2072 1756 2108 et
1774 2067 1863 2118 glo-

1035 2124 1113 2174 ria,
1139 2129 1182 2165 et
1206 2125 1406 2176 potestas
1430 2124 1474 2164 in
1497 2123 1659 2165 saecula
1683 2123 1864 2164 saeculo-

1035 2192 1143 2221 rum.
1162 2180 1218 2221 Et
1230 2182 1419 2232 quattuor
1429 2179 1633 2220 animalia
1645 2179 1864 2221 dicebant:

1036 2237 1189 2278 Amen.
1215 2236 1274 2277 Et
1291 2236 1445 2286 viginti
1461 2238 1651 2288 quatuor
1668 2236 1864 2277 seniores

1037 2291 1290 2334 ceciderunt
1304 2292 1349 2333 in
1363 2292 1497 2334 facies
1511 2305 1632 2334 suas:
1652 2297 1696 2334 et
1710 2292 1863 2334 adora-

1036 2350 1192 2390 verunt
1215 2349 1435 2390 viventem
1463 2349 1506 2389 in
1539 2348 1701 2390 saecula
1729 2361 1862 2391 saecu·

1035 2405 1189 2446 lorum.

1090 2476 1139 2515 R.
1152 2478 1203 2518 In
1219 2478 1460 2530 conspectu
1475 2477 1746 2529 Angelorum
1757 2478 1863 2532 psal-

1035 2533 1122 2574 lam
1135 2533 1230 2575 tibi:
1258 2533 1280 2556 *
1298 2533 1355 2574 Et
1369 2533 1565 2575 adoraibo
1581 2533 1638 2576 ad
1651 2535 1863 2587 templum

1036 2595 1235 2631 sanctum
1262 2593 1405 2639 tuum,
1440 2595 1484 2631 et
1517 2591 1763 2632 confitebor
1789 2592 1862 2631 no-

1035 2646 1141 2687 mini
1163 2651 1240 2687 tuo
1261 2646 1461 2687 Domine.
1502 2643 1550 2689 V·
1574 2647 1714 2700 Super
1737 2647 1862 2687 mise-

1035 2702 1225 2744 ricordia
1251 2707 1326 2744 tua
1351 2707 1396 2744 et
1421 2703 1607 2745 veritate
1634 2710 1728 2752 tua,
1758 2704 1861 2754 quo-

1613 2831 1656 2864 26
