2040 2944
710 167 782 201 Die
806 168 858 201 23.
881 167 960 201 Oct.
1008 168 1064 200 Ss.
1091 166 1373 209 Redemptoris.

237 268 353 319 Quid
372 273 439 310 est
457 268 607 316 homo,
634 266 754 319 quod
777 278 947 307 memor
969 278 1016 307 es

185 323 298 377 ejus?
318 326 341 350 *
361 330 436 365 aut
454 324 568 365 filius
587 323 788 372 hominis,
808 322 1016 375 quoniam

184 382 334 423 visitas
355 379 480 422 eum?
808 434 810 437 .

236 438 430 479 Minuisti
466 450 567 479 eum
607 437 741 489 paulo
778 436 922 476 minus
959 435 1015 476 ab

183 494 380 545 Angelis,
405 493 546 545 gleria
570 499 614 535 et
638 493 808 535 honore
833 494 1015 534 corona-

184 551 239 591 sti
255 563 370 591 eum:
385 551 408 575 *
428 555 472 592 et
487 550 753 592 constituisti
768 562 869 591 eum
883 561 1016 601 super

185 609 321 659 opera
341 609 550 648 manuum
569 609 755 648 tuarum.

237 663 395 704 Omnia
440 663 663 715 subjecisti
708 662 789 704 sub
826 661 1015 715 pedibus

185 721 285 771 ejus,
305 720 328 745 *
348 732 454 761 oves
474 725 518 761 et
537 719 676 761 boves
695 720 936 760 universas:
955 721 1015 759 in-

184 790 317 829 super
337 782 381 818 et
398 778 563 829 pecora
583 776 738 829 campi.

236 833 454 875 Velucres
475 833 586 882 coeli,
607 838 651 874 et
668 833 814 885 pisces
833 833 977 883 maris,
992 833 1016 859 *

186 890 259 942 qui
282 889 590 942 perambulant
609 890 788 931 semitas
807 890 950 931 maris.

236 947 426 988 Domine
437 947 655 987 Deminus
671 951 832 996 noster,
843 947 866 972 *
884 959 1015 999 quam

184 1003 442 1045 admirabile
462 1008 529 1045 est
547 1016 708 1045 nomen
723 1007 848 1044 tuum
866 1004 910 1043 in
926 1003 1016 1044 uni-

184 1061 313 1100 versa
331 1059 464 1101 terra!

232 1116 331 1156 Ant.
372 1116 559 1157 Demine
598 1116 816 1157 Dominus
853 1122 1015 1165 noster,

178 1185 310 1224 quam
336 1172 595 1214 admirabile
621 1178 688 1215 est
711 1186 872 1215 nomen
890 1179 1014 1215 tuum

176 1229 220 1269 in
240 1229 443 1271 universa
462 1229 596 1271 terra!

231 1287 331 1326 Ant.
360 1286 577 1327 Deminus
597 1286 641 1326 in
666 1286 832 1339 templo
859 1292 1013 1329 sancto

178 1355 275 1384 suo:
299 1342 516 1397 Dominus
540 1343 585 1383 in
611 1342 726 1384 coelo
753 1342 883 1385 sedes
910 1344 1014 1396 ejus.

452 1407 654 1447 Psalmus
676 1408 739 1447 10.

179 1459 253 1564 In
274 1460 467 1501 Domino
488 1460 681 1501 confido:
705 1460 931 1512 quemodo
952 1461 1013 1502 di-

242 1516 340 1557 citis
360 1517 517 1558 animae
537 1529 664 1558 meae:
683 1518 707 1543 *
727 1517 1013 1569 Transmigra

177 1572 221 1613 in
240 1578 436 1614 montem
457 1574 571 1615 sicut
590 1572 767 1626 passer?

231 1629 449 1679 Quoniam
470 1643 573 1672 ecce
592 1633 854 1683 peccatores
874 1631 1011 1672 inten-

177 1684 337 1727 derunt
355 1699 521 1736 arcum,
542 1689 810 1739 paraverunt
829 1690 1011 1738 sagittas

177 1754 279 1783 suas
303 1742 348 1783 in
372 1742 596 1795 pharetra,
615 1744 639 1769 *
659 1748 707 1785 ut
733 1746 942 1795 sagittent
967 1744 1010 1785 in

178 1797 370 1839 obscuro
391 1804 538 1840 rectos
559 1799 704 1841 corde.

229 1855 449 1904 Quoniam
470 1868 569 1908 quae
589 1857 823 1909 perfecisti,
843 1856 1011 1899 destru-

177 1912 350 1952 xerunt:
369 1912 392 1937 *
416 1912 554 1963 justus
579 1918 727 1954 autem
754 1913 859 1966 quid
884 1912 1010 1955 fecit?

228 1967 446 2009 Dominus
467 1969 511 2009 in
530 1969 697 2022 templo
713 1975 867 2011 sancto
883 1983 975 2020 suo,
986 1971 1009 1996 *

177 2023 393 2065 Dominus
411 2025 455 2065 in
475 2025 591 2066 coelo
614 2025 743 2067 sedes
764 2027 870 2078 ejus:

230 2079 357 2121 Oculi
382 2081 472 2132 ejus
497 2081 541 2122 in
565 2085 808 2135 pauperem
832 2084 1009 2136 respici-

178 2140 269 2177 unt:
296 2137 320 2162 *
348 2137 576 2190 palpebrae
611 2139 701 2190 ejus
734 2139 1010 2192 interrogant

178 2191 293 2233 filios
315 2192 552 2234 heminum.

229 2248 443 2291 Deminus
485 2251 729 2302 interrogat
765 2253 927 2304 justum
965 2257 1009 2294 et

178 2304 374 2356 impium:
389 2307 413 2331 *
434 2307 507 2358 qui
527 2312 674 2349 autem
695 2307 836 2359 diligit
855 2309 1008 2361 iniqui-

177 2362 324 2410 tatem,
344 2361 438 2403 odit
457 2363 647 2404 animam
666 2377 800 2405 suam.

228 2416 356 2458 Pluet
375 2430 507 2470 super
531 2423 790 2471 peccatores
810 2421 1008 2474 laqueos:

177 2474 201 2500 *
219 2473 342 2523 ignis,
364 2479 407 2515 et
427 2475 620 2527 sulphur,
645 2482 689 2518 et
709 2478 888 2530 spiritus
908 2491 1007 2531 pro-

178 2528 387 2570 cellarum
407 2543 510 2582 pars
530 2532 677 2573 calicis
697 2536 860 2575 eerum.

230 2586 447 2635 Quoniam
467 2588 604 2638 justus
623 2588 856 2640 Dominus,
886 2596 930 2633 et
949 2592 1007 2643 ju-

178 2642 319 2683 stitias
357 2641 523 2683 dilexit:
551 2644 574 2669 *
607 2646 862 2697 aequitatem
899 2647 1008 2689 vidit

176 2698 321 2740 vultus
342 2699 443 2751 ejus.

1124 269 1225 309 Ant.
1255 265 1471 307 Dominus
1497 265 1542 306 in
1562 266 1730 319 templo
1751 271 1906 308 sancto

1071 335 1167 363 suo:
1194 322 1411 363 Dominus
1435 322 1479 363 in
1505 322 1621 364 coelo
1648 322 1778 365 sedes
1804 324 1907 375 ejus.

1123 382 1173 433 V.
1192 382 1379 424 Redime
1402 396 1474 425 me
1496 383 1687 425 Domine
1712 389 1756 425 et
1779 384 1906 426 mise-

1070 441 1167 480 rere
1181 439 1278 480 mei.
1300 443 1351 494 R.
1367 439 1419 480 In
1434 439 1632 481 ecclesiis
1646 439 1907 482 benedicam

1070 501 1115 537 te
1134 496 1336 537 Domine.

1261 577 1330 617 De
1349 575 1465 616 Isaia
1484 574 1720 628 Propheta.

1148 636 1302 677 Lectio
1322 636 1346 676 i.
1647 635 1751 687 Cap.
1766 635 1824 675 51.

1078 708 1208 754 04-21*
1225 696 1346 739 udite
1360 710 1442 747 me,
1459 698 1534 750 qui
1545 697 1776 750 sequimini
1788 697 1908 750 quod

1078 748 1211 820 bg(
1242 755 1403 805 justum
1429 760 1497 796 est
1523 760 1567 797 et
1595 755 1793 807 quaeritis
1817 755 1906 796 Βό-

1161 814 1189 824 4⁴,

1082 822 1203 836 ·—‡÷
1242 810 1422 852 minum:
1433 811 1648 853 attendite
1657 811 1714 853 ad
1724 817 1906 864 petram,

1071 867 1187 909 unde
1212 868 1349 909 excisi
1372 868 1494 918 estis,
1522 873 1565 910 et
1589 868 1647 910 ad
1674 870 1906 910 cavernam

1070 925 1169 974 laci,
1195 924 1250 967 de
1279 938 1365 978 qua
1388 925 1565 978 praecisi
1590 925 1706 967 estis.
1742 925 1906 967 Conso-

1069 981 1232 1023 labitur
1251 994 1357 1032 ergo
1373 982 1590 1023 Dominus
1607 982 1723 1032 Sion,
1745 986 1789 1024 et
1804 995 1905 1024 con-

1071 1038 1287 1080 solabitur
1323 1051 1477 1081 omnes
1522 1041 1670 1081 ruinas
1708 1040 1818 1092 ejus:
1863 1044 1907 1082 et

1068 1099 1207 1148 ponet
1244 1095 1469 1137 desertum
1509 1097 1601 1148 ejus
1639 1096 1765 1148 quasi
1802 1095 1905 1138 deli-

1070 1152 1172 1202 cias,
1192 1157 1236 1194 et
1255 1151 1539 1194 solitudinem
1559 1153 1650 1204 ejus
1666 1152 1793 1205 quasi
1806 1152 1906 1195 hor-

1068 1214 1162 1250 tum
1188 1209 1379 1250 Domini.
1422 1209 1647 1251 Gaudium
1677 1214 1720 1251 et
1751 1209 1907 1252 laetitia

1067 1265 1315 1307 invenietur
1340 1265 1385 1306 in
1411 1278 1478 1316 ea,
1507 1266 1748 1317 gratiarum
1777 1266 1905 1318 actio,

1069 1326 1112 1363 et
1131 1335 1220 1363 vox
1238 1322 1394 1363 laudis.
1423 1322 1654 1364 Attendite
1669 1322 1726 1364 ad
1741 1335 1812 1364 me
1826 1325 1903 1375 po-

1067 1378 1171 1430 pule
1190 1391 1325 1428 meuS,
1351 1384 1395 1420 et
1412 1379 1555 1421 tribus
1577 1392 1678 1421 mea
1695 1392 1765 1421 me
1784 1378 1904 1421 audi-

1067 1441 1128 1476 te:
1148 1435 1251 1488 quia
1269 1435 1341 1477 lex
1357 1449 1382 1476 a
1396 1448 1467 1477 me
1487 1436 1616 1485 exiet,
1636 1441 1680 1478 et
1694 1435 1904 1488 judicium

1066 1505 1213 1533 meum
1227 1492 1271 1533 in
1290 1491 1433 1534 lucem
1451 1492 1720 1545 populorum
1734 1493 1903 1546 requie-

1067 1553 1171 1590 scet.
1197 1549 1344 1601 Prope
1360 1554 1428 1590 est
1446 1550 1586 1602 justus
1605 1562 1741 1599 meuS,
1760 1552 1904 1601 egres-

1067 1618 1142 1646 sus
1169 1610 1237 1646 est
1261 1605 1456 1647 salvator
1480 1618 1623 1656 meus,
1652 1610 1696 1647 et
1721 1605 1904 1648 brachia

1066 1674 1164 1703 mea
1200 1662 1394 1715 populos
1430 1662 1702 1714 judicabunt:
1738 1675 1810 1704 me
1842 1665 1902 1704 in-

1066 1718 1174 1759 sulae
1212 1719 1555 1772 exspectabunt,
1593 1724 1637 1762 et
1672 1718 1903 1763 brachium

1064 1788 1212 1817 meum
1240 1775 1532 1818 sustinebunt.

1119 1841 1170 1892 R.
1186 1836 1292 1878 Vidi
1316 1837 1557 1878 Dominum
1580 1837 1809 1880 sedentem
1834 1851 1901 1879 su·

1064 1905 1145 1945 per
1166 1893 1326 1934 solium
1345 1894 1581 1944 excelsum,
1604 1899 1648 1936 et
1667 1894 1901 1936 elevatum:

1066 1954 1110 1991 et
1142 1949 1274 2002 plena
1311 1955 1406 1992 erat
1442 1951 1583 1992 omnis
1618 1955 1738 1992 terra
1773 1951 1900 2002 maje-

1065 2008 1181 2047 state
1210 2007 1319 2058 ejus:
1350 2010 1373 2034 *
1396 2007 1454 2049 Et
1482 2020 1535 2049 ea
1563 2019 1663 2060 quae
1692 2006 1774 2049 sub
1800 2008 1899 2060 ipso

1065 2067 1198 2112 erant,
1214 2063 1446 2116 replebant
1459 2064 1683 2117 templum.
1709 2061 1761 2113 V.
1776 2064 1900 2105 sera—

1063 2118 1186 2171 phim
1211 2119 1388 2161 stabant
1408 2133 1542 2173 super
1564 2120 1688 2162 illud:
1714 2133 1792 2162 sex
1816 2120 1899 2162 alae

1063 2175 1148 2225 uni,
1169 2181 1212 2218 et
1232 2189 1310 2218 sex
1330 2177 1413 2218 alae
1432 2177 1568 2219 alteri.
1596 2177 1654 2218 Et
1674 2190 1736 2219 ea.

1380 2246 1531 2287 Lectio
1553 2247 1591 2286 ii.

1067 2303 1264 2408 Levate
1294 2308 1338 2348 in
1357 2307 1519 2348 coelum
1540 2307 1694 2349 Oculos
1713 2311 1898 2357 vestros,

1168 2370 1212 2407 et
1238 2364 1386 2406 videte
1415 2364 1497 2406 sub
1525 2369 1645 2406 terra
1672 2362 1899 2405 deorsum:

1063 2422 1165 2474 quia
1194 2421 1295 2463 coeli
1329 2421 1443 2462 sicut
1470 2421 1614 2462 fumus
1641 2419 1897 2472 liquescent,

1062 2484 1106 2520 et
1125 2484 1243 2520 terra
1267 2478 1380 2519 sicut
1403 2477 1716 2519 vestimentum
1740 2478 1896 2517 attere-

1060 2540 1142 2585 tur,
1171 2540 1215 2576 et
1241 2534 1515 2576 habitatores
1543 2533 1634 2584 ejus
1661 2533 1775 2574 sicut
1800 2532 1897 2574 haec

1060 2591 1318 2634 interibunt:
1363 2589 1489 2631 Salus
1535 2594 1682 2631 autem
1718 2601 1817 2630 mea
1851 2589 1896 2629 in

1061 2649 1379 2701 sempiternum
1408 2647 1505 2696 erit,
1537 2651 1581 2687 et
1608 2646 1771 2698 justitia
1797 2658 1897 2687 mea

1059 2717 1149 2746 non
1173 2704 1359 2746 deficiet.
1394 2703 1559 2745 Audite
1583 2715 1655 2744 me
1680 2703 1754 2755 qui
1773 2702 1893 2744 scitis
