2040 2944
616 178 826 211 Commune
853 176 1101 209 confessoris
1127 185 1203 209 non
1228 174 1439 208 Pontificis.

226 283 354 322 Pater
372 284 535 321 noster.

220 342 466 382 Absolutio.
490 341 637 392 lpsius
651 338 806 389 pietas.
824 333 873 383 Y
892 334 1005 376 Jube

173 398 345 440 domne.
396 396 557 436 Bened.
596 395 718 435 Deus
740 392 885 434 Pater.

171 477 325 517 Sermo
342 473 483 515 sancti
495 473 520 513 J
523 472 676 513 oannis
689 469 1005 523 Chrysostomi.

218 545 257 577 In
285 543 385 577 Orat.
413 542 458 575 de
483 543 517 576 S.
541 541 787 583 Philogonio.
814 546 901 574 tom.
922 541 951 573 3.

473 603 625 643 Lectio
647 602 699 641 iv.

182 666 371 719 {seatlfsszj‘l
402 664 451 704 N.
487 662 601 710 dies,
639 661 760 712 cujus
795 659 1004 701 festivita-

182 719 276 774 ξ’ῑςςὶζῧ
301 726 391 762 tem
433 718 723 766 celebramus,
769 716 826 757 ad
866 716 1005 767 ipsius

183 777 188 788 '
211 775 230 798 ἕ
276 775 277 778 ’
301 781 423 818 recte
443 775 661 816 factorum
681 772 1006 815 enarrationem

171 833 363 884 linguam
390 836 589 873 nostram
619 829 838 878 evocavit,
874 828 1006 880 siqui-

173 889 274 931 dem
293 888 427 930 hodie
448 888 606 929 beatus
626 887 711 928 iste
725 885 782 927 ad
796 884 1006 936 tranquil-

171 942 274 990 lam,
305 943 535 992 omnisque
560 937 909 991 perturbationis
936 949 1006 978 ex-

171 1000 344 1050 pertem
376 997 511 1038 vitam
542 995 735 1037 transiit:
770 995 913 1045 eoque
934 1005 1007 1033 na—

172 1054 336 1105 vigium
361 1052 548 1105 appulit,
577 1051 653 1093 ubi
682 1050 891 1101 deinceps
917 1061 1006 1090 non

172 1110 339 1163 poterit
370 1112 569 1150 metuere
596 1107 890 1158 naufragium,
927 1118 1008 1146 nec

171 1167 307 1208 ullam
335 1166 468 1207 animi
496 1164 896 1218 perturbationem,
933 1167 1009 1203 aut

173 1223 385 1264 dolorem.
413 1223 470 1264 Et
491 1221 598 1273 quid
616 1221 776 1261 mirum
796 1224 875 1269 est,
892 1219 930 1260 si
947 1218 1008 1259 lo-

173 1293 250 1321 cus
278 1279 353 1320 ille
381 1291 519 1331 purus
549 1282 617 1319 est
645 1277 699 1318 ab
729 1276 849 1318 omni
876 1274 1008 1316 mole-

174 1337 258 1378 stia
278 1335 427 1384 animi,
454 1347 554 1375 cum
574 1333 736 1374 Paulus
758 1331 1009 1373 hominibus

174 1392 319 1434 adhuc
352 1393 396 1432 in
426 1391 510 1432 hac
537 1391 628 1431 vita
657 1388 919 1440 degentibus
948 1387 1009 1428 lo-

176 1461 315 1500 quens
345 1447 478 1489 dicat:
509 1447 694 1498 Semper
721 1444 927 1496 gaudete,
957 1443 1010 1484 si-

174 1518 229 1546 ne
249 1504 576 1546 intermissione
597 1501 742 1544 orate?

225 1567 275 1616 R.
307 1565 554 1606 Honestum
583 1563 687 1604 fecit
711 1562 835 1602 illum
860 1560 1010 1602 Domi-

175 1634 269 1671 nus,
298 1626 341 1663 et
360 1620 601 1662 custodivit
620 1632 721 1660 eum
739 1617 794 1659 ab
814 1616 1011 1665 inimicis,

177 1683 221 1719 et
248 1690 273 1718 a
299 1676 610 1719 seductoribus
637 1674 800 1717 tutavit
824 1674 961 1715 illum:
984 1674 1007 1698 *

175 1734 233 1775 Et
266 1733 389 1775 dedit
419 1733 482 1774 illi
514 1732 761 1773 claritatem
789 1731 1012 1772 aeternam.

173 1785 223 1836 Y.
260 1790 436 1831 Justum
467 1788 652 1830 deduxit
682 1787 900 1828 Dominus
932 1799 1013 1839 per

176 1847 270 1887 vias
292 1851 447 1895 rectas,
470 1850 514 1887 et
534 1843 730 1886 ostendit
748 1844 811 1884 illi
829 1856 1013 1894 regnum

177 1903 271 1944 Dei.
315 1902 373 1943 Et
392 1901 526 1943 dedit.

228 1958 389 1999 Bened.
422 1958 626 1999 Christus
645 1958 887 2009 perpetuae.

488 2018 642 2058 IAectiO
664 2031 699 2055 V.

178 2062 358 2185 Quod
377 2079 415 2120 si
434 2079 517 2128 hic,
537 2078 614 2119 ubi
633 2077 787 2128 morbi,
806 2078 883 2120 ubi
902 2078 1012 2119 inse-

277 2136 505 2185 ctationes,
519 2134 597 2176 ubi
610 2138 893 2186 praematurae
908 2146 1015 2175 mor-

179 2197 259 2242 tes,
278 2191 354 2233 ubi
374 2191 617 2240 calumniae,
636 2190 711 2232 ubi
731 2190 920 2240 invidiae,
939 2190 1015 2232 ubi

180 2248 555 2300 perturbationes,
581 2247 659 2289 ubi
679 2247 774 2297 irae,
799 2246 876 2288 ubi
896 2247 1014 2300 cupi-

182 2304 355 2354 ditates,
376 2304 452 2346 ubi
468 2303 810 2345 innumerabiles
829 2303 1013 2353 insidiae,

183 2360 259 2401 ubi
284 2360 555 2412 quotidianae
576 2359 913 2409 sollicitudines,
939 2359 1015 2400 ubi

181 2418 399 2468 perpetua
413 2416 586 2468 sibique
601 2415 886 2457 succedentia
900 2415 1016 2456 mala

183 2477 297 2521 sunt,
317 2472 572 2514 innumeros
592 2485 646 2513 ex
662 2472 782 2513 omni
796 2477 924 2524 parte
940 2471 1015 2513 do-

183 2528 301 2569 lores
327 2527 570 2577 afferentia,
593 2528 757 2569 Paulus
782 2528 895 2570 dixit
919 2528 1016 2569 fieri

183 2597 333 2637 posse,
366 2589 414 2625 ut
447 2597 621 2636 semper
654 2584 942 2636 gaudeamus,
979 2584 1016 2624 si

185 2641 283 2693 quis
301 2639 528 2693 paululum
546 2653 600 2681 ex
616 2653 764 2682 rerum
778 2639 1016 2681 mundana—

186 2710 283 2738 rum
311 2695 519 2738 fluctibus
551 2697 741 2738 erexerit
774 2700 924 2748 caput,
955 2695 1016 2736 vi-

1058 273 1239 322 tamque
1268 282 1393 311 suam
1425 274 1547 312 recte
1575 270 1891 323 composuerit:

1058 327 1199 368 multo
1215 327 1367 379 magis,
1386 331 1625 379 postquam
1637 326 1740 368 hinc
1757 326 1891 368 demi-

1059 384 1345 435 graverimus,
1385 383 1513 424 facile
1545 384 1778 435 compotes
1811 383 1891 424 eri-

1058 454 1156 481 mus
1190 441 1280 492 ejus
1310 439 1430 489 boni,
1473 452 1573 480 cum
1609 439 1707 480 haec
1746 439 1892 480 omnia

1059 496 1233 538 sublata
1256 496 1434 546 fuerint,
1459 495 1647 537 adversa
1670 494 1892 544 valetudo,

1059 553 1221 603 morbi,
1244 552 1463 605 peccandi
1479 552 1680 600 materia,
1707 551 1785 593 ubi
1803 564 1892 593 non

1060 614 1127 651 est
1145 622 1292 651 meum
1316 622 1367 650 ac
1390 614 1530 658 tuum,
1558 607 1766 659 frigidum
1783 607 1893 648 illud

1059 665 1259 715 verbum,
1289 670 1333 707 et
1354 664 1571 716 quidquid
1592 668 1659 705 est
1676 663 1893 705 malorum

1059 722 1104 762 in
1129 722 1266 763 vitam
1290 726 1490 763 nostram
1515 720 1744 770 invehens,
1770 720 1893 760 innu-

1059 791 1270 830 meraque
1289 778 1473 829 gignens
1492 777 1619 818 bella.

1111 838 1161 889 R.
1184 834 1365 875 Amavit
1385 847 1485 875 eum
1504 833 1740 883 Dominus,
1764 837 1808 875 et
1827 845 1893 873 or-

1059 891 1181 932 navit
1214 903 1332 932 eum:
1374 890 1535 931 stolam
1567 889 1721 940 gloriae
1753 888 1895 930 induit

1061 959 1172 996 eum,
1186 951 1207 974 *
1231 947 1289 988 Et
1308 946 1365 987 ad
1383 950 1536 998 portas
1557 945 1753 998 paradisi
1771 957 1894 987 coro-

1060 1004 1182 1045 navit
1211 1016 1321 1044 eum.
1360 1000 1410 1051 ΧΤ.
1439 1001 1590 1043 Induit
1618 1015 1718 1043 eum
1744 1002 1894 1042 Domi-

1060 1073 1142 1101 nus
1161 1060 1345 1101 loricam
1365 1058 1486 1107 fidei,
1515 1063 1558 1100 et
1585 1059 1758 1100 ornavit
1784 1071 1894 1100 eum.

1060 1117 1118 1158 Et
1139 1116 1196 1158 ad
1214 1121 1380 1168 portas.
1729 1135 1735 1141 ·

1113 1175 1275 1217 Bened.
1304 1175 1462 1223 Ignem
1481 1171 1548 1212 sui
1567 1171 1741 1212 amoris.

1367 1231 1520 1272 Lectio
1543 1230 1596 1269 vi.

1150 1285 1411 1327 uamobrem
1432 1285 1734 1338 maximopere
1754 1286 1898 1335 gratu-

1159 1342 1226 1382 lor
1245 1341 1372 1393 hujus
1389 1342 1530 1382 sancti
1545 1341 1756 1391 felicitati,
1777 1340 1898 1392 quod

1064 1411 1333 1451 quamquam
1362 1398 1603 1439 translatus
1634 1402 1720 1447 est,
1762 1401 1897 1448 atque

1063 1455 1187 1504 hanc,
1209 1467 1309 1506 quae
1329 1453 1449 1506 apud
1467 1467 1550 1495 nos
1571 1459 1648 1503 est,
1672 1453 1899 1495 civitatem

1064 1511 1257 1562 reliquit,
1286 1516 1434 1552 tamen
1458 1510 1503 1551 in
1526 1510 1711 1552 alteram
1735 1508 1898 1551 adscri-

1063 1572 1167 1620 ptus
1188 1572 1256 1608 est
1275 1567 1517 1616 civitatem,
1546 1578 1706 1619 nempe
1723 1566 1824 1608 Dei:
1854 1570 1898 1607 et

1066 1623 1290 1675 digressus
1307 1622 1363 1664 ab
1377 1622 1461 1663 hae
1475 1622 1686 1672 Ecclesia,
1707 1622 1765 1663 ad
1778 1622 1899 1662 illam

1064 1680 1278 1732 pervenit,
1298 1691 1397 1731 quae
1418 1683 1485 1720 est
1504 1679 1900 1731 primogenitorum

1066 1736 1394 1788 descriptorum
1418 1735 1463 1775 in
1488 1734 1631 1776 coelis:
1656 1747 1708 1776 ac
1732 1734 1900 1776 relictis

1065 1791 1187 1833 hisce
1214 1791 1353 1841 festis,
1384 1791 1562 1833 transiit
1590 1791 1648 1833 ad
1671 1790 1900 1832 celebrita-

1065 1853 1156 1889 tem
1183 1847 1467 1899 Angelorum.
1501 1847 1679 1889 Etenim
1708 1846 1829 1899 quod
1856 1851 1901 1888 et

1067 1905 1222 1946 civitas
1244 1917 1419 1945 sursum
1442 1904 1516 1953 sit,
1544 1908 1588 1945 et
1609 1903 1826 1952 Ecclesia,
1855 1908 1900 1944 et

1066 1960 1317 2010 celebritas,
1337 1960 1442 2002 audi
1459 1959 1646 2001 Paulum
1665 1959 1900 2001 dicentem:

1066 2017 1331 2058 Accessistis
1346 2016 1405 2058 ad
1420 2017 1647 2058 civitatem
1657 2016 1743 2057 Dei
1755 2016 1900 2056 viven-

1066 2073 1139 2124 tis,
1160 2073 1408 2115 Jerusalem
1427 2073 1671 2122 coelestem,
1691 2077 1735 2114 et
1751 2072 1900 2113 Eccle-

1069 2129 1179 2170 siam
1199 2129 1538 2182 primitivorum,
1565 2129 1641 2181 qui
1660 2127 1902 2180 conscripti

1069 2191 1172 2227 sunt
1191 2186 1235 2226 in
1255 2186 1390 2236 coelis,
1414 2190 1458 2227 et
1477 2185 1534 2227 ad
1550 2184 1790 2226 multorum
1808 2183 1900 2224 mil-

1067 2242 1174 2283 lium
1194 2242 1467 2294 Angelorum
1486 2241 1788 2294 frequentiam.

1119 2301 1171 2352 R.
1193 2299 1284 2340 Iste
1299 2298 1431 2340 homo
1446 2297 1632 2351 perfecit
1643 2296 1790 2338 omnia
1801 2308 1901 2348 quae

1067 2359 1243 2399 locutus
1276 2360 1343 2396 est
1377 2356 1418 2396 ei
1448 2355 1588 2403 DeuS,
1623 2357 1668 2395 et
1701 2352 1812 2394 dixit
1845 2352 1901 2394 ad

1069 2427 1185 2456 eum:
1203 2411 1443 2463 Ingredere
1461 2411 1506 2451 in
1525 2409 1723 2461 requiem
1741 2421 1902 2450 meam:

1067 2471 1090 2493 *
1122 2469 1234 2520 Quia
1262 2473 1307 2510 te
1335 2467 1427 2509 vidi
1453 2467 1616 2518 justum
1651 2477 1802 2506 coram
1831 2478 1902 2508 me

1070 2539 1124 2567 ex
1150 2524 1353 2566 omnibus
1383 2521 1600 2575 gentibus.
1640 2515 1691 2567 V.
1720 2521 1811 2562 Iste
1834 2526 1902 2563 est

1070 2582 1145 2634 qui
1179 2579 1445 2631 contempsit
1478 2578 1615 2624 vitam
1648 2577 1819 2628 mundi,
1858 2582 1902 2619 et

1068 2637 1272 2690 pervenit
1295 2635 1353 2677 ad
1372 2635 1572 2676 coelestia
1594 2647 1740 2685 regna.
1778 2634 1901 2684 Quia.

1070 2693 1223 2736 Gloria
1242 2691 1375 2733 Patri.
1403 2691 1526 2741 Quia.
1711 2714 1713 2717 ·
