2040 2944
628 198 726 233 Infra
754 200 1044 234 llcbdomadam
1072 201 1096 234 1.
1121 202 1366 244 Septembris.

1791 204 1854 241 135

458 295 608 336 Lectio
630 297 670 336 ii.

146 348 460 455 Recordare,
488 357 674 400 obsecro
693 362 748 407 te,
774 358 869 410 quis
888 371 977 399 um-

257 427 388 467 quam
437 417 647 456 innocens
695 412 852 467 periit?
903 420 978 457 aut

152 471 328 523 quando
365 471 475 513 recti
511 470 645 513 deleti
680 469 808 512 sunt?
863 472 978 522 Quin

149 527 299 580 petius
318 527 409 569 vidi
428 540 519 578 eos,
548 528 623 580 qui
642 529 881 580 operantur
901 528 976 569 ini-

152 584 379 636 quitatem,
413 589 457 626 et
485 584 700 626 seminant
727 583 904 626 doleres
934 590 977 627 et

148 644 319 682 metunt
338 653 427 692 eos,
454 641 588 682 flante
606 641 704 683 Deo
724 643 904 694 perisse,
934 646 977 683 et

149 697 306 750 spiritu
331 697 410 739 irae
439 698 528 750 ejus
555 710 653 739 esse
674 700 975 750 consumptos:

149 756 317 806 rugitus
343 754 502 805 leenis,
540 758 584 796 et
610 767 698 796 vox
724 754 893 805 leaenae,
932 759 976 796 et

149 809 303 852 dentes
332 810 577 852 catulorum
597 810 774 852 leonum
799 812 975 852 contriti

148 871 259 908 sunt.
304 867 449 920 Tigris
476 867 626 921 periit,
656 880 708 910 eo
739 868 860 920 quod
886 881 972 910 non

147 922 330 966 haberet
356 923 569 977 praedam,
603 930 646 966 et
674 924 807 966 catuli
834 924 974 966 leonis

148 978 350 1033 dissipati
377 985 487 1023 sunt.

194 1039 243 1078 R
275 1037 536 1090 Antequam.
555 1038 635 1079 131.

443 1104 594 1144 Lectio
615 1104 669 1143 iii.

141 1157 219 1263 Ρ
231 1175 333 1205 orro
356 1163 412 1206 ad
430 1176 501 1205 me
521 1162 687 1206 dictum
706 1169 772 1206 est
791 1164 973 1206 verbum

238 1220 561 1270 abscenditum‚
590 1226 634 1263 et
661 1221 787 1273 quasi
813 1221 972 1263 furtive

146 1276 342 1330 suscepit
369 1277 486 1318 auris
517 1289 616 1319 mea
642 1290 776 1319 venas
805 1278 972 1319 susurri

147 1333 249 1385 ejus.
295 1333 348 1374 In
375 1333 560 1375 horrere
586 1333 769 1375 visienis
796 1338 970 1376 noctur-

144 1402 228 1440 nae,
257 1389 433 1442 quando
458 1389 573 1432 solet
595 1403 731 1443 sopor
754 1393 971 1444 occupare

143 1445 357 1497 homines,
384 1459 524 1500 pavor
546 1448 685 1488 tenuit
709 1460 795 1497 me,
825 1452 868 1489 et
887 1452 970 1489 tre-

143 1515 259 1554 mor,
294 1507 338 1545 et
370 1503 517 1545 emnia
549 1516 651 1545 ossa
681 1517 780 1545 mea
806 1507 969 1557 perter-

143 1559 228 1602 rita
247 1564 362 1602 sunt:
390 1565 433 1602 et
455 1573 554 1602 cum
572 1561 751 1613 spiritus
772 1574 842 1602 me
860 1574 969 1614 prae-

144 1618 266 1659 sente
294 1619 516 1667 transiret,
553 1617 863 1659 inhorruerunt
892 1618 970 1670 pili

144 1673 285 1714 carnis
309 1686 431 1715 meae.
474 1673 604 1715 Stetit
633 1673 821 1725 quidam,
849 1676 969 1727 cujus

142 1742 230 1771 non
266 1729 560 1781 agnoscebam
593 1730 780 1780 vultum,
823 1730 968 1783 imago

143 1799 292 1828 coram
312 1786 449 1828 oculis
466 1787 587 1836 meis,
607 1791 651 1828 et
669 1799 826 1828 vocem
844 1788 969 1839 quasi

141 1856 260 1884 aurae
278 1843 388 1885 lenis
408 1843 566 1885 audivi.
592 1843 819 1896 Numquid
833 1843 966 1886 homo

139 1899 224 1941 Dei
273 1899 600 1953 comparatiene
645 1900 967 1952 iustificabitur,

141 1961 216 1998 aut
250 1956 417 1998 factere
453 1969 533 1998 suo
568 1957 722 2010 purior
758 1957 840 1998 erit
874 1956 967 1999 vir?

140 2012 257 2055 Ecce
277 2013 350 2066 qui
369 2013 564 2055 serviunt
583 2014 637 2064 ei,
655 2026 745 2055 non
764 2019 865 2056 sunt
884 2016 967 2055 sta-

141 2069 269 2119 biles,
303 2074 347 2112 et
381 2070 426 2111 in
461 2070 642 2123 Angelis
680 2070 769 2111 suis
803 2071 967 2124 reperit

141 2127 415 2178 pravitatem.

192 2187 241 2238 Rz.
270 2187 417 2238 Quare
438 2187 700 2230 detraxistis.
720 2189 800 2229 131.

363 2318 531 2354 Feria
558 2319 750 2356 Sexta.

394 2377 466 2417 De
485 2375 597 2417 libro
616 2375 641 2416 J
644 2374 712 2416 ob.

292 2435 444 2475 Lectio
466 2435 489 2473 i.
647 2433 748 2483 Cap.
768 2434 804 2471 6.

152 2497 476 2550 espondens
517 2501 663 2538 autem
697 2496 721 2536 J
724 2494 796 2544 ob,
843 2493 966 2535 dixit:
1026 2499 1105 2544 φεψ-

244 2554 423 2596 Utinam
441 2552 792 2606 appenderentur
813 2551 965 2603 pecca-

142 2614 189 2651 ta
206 2622 318 2660 mea,
348 2610 504 2663 quibus
523 2610 632 2650 iram
650 2607 804 2649 merui:
832 2610 876 2647 et
899 2618 966 2647 ca-

141 2665 331 2716 lamitas,
365 2679 495 2719 quam
526 2665 687 2718 patior,
722 2664 766 2704 in
794 2663 967 2704 statera.

144 2722 278 2772 Quasi
321 2724 452 2764 arena
491 2722 624 2763 maris
659 2721 755 2762 haec
791 2718 967 2771 gravior

1030 301 1278 351 appareret:
1306 300 1423 342 unde
1443 304 1486 341 et
1505 299 1640 341 verba
1659 312 1758 341 mea
1778 300 1851 342 do-

1029 353 1122 396 lore
1150 361 1250 398 sunt
1275 356 1419 409 plena:
1449 356 1550 409 quia
1575 359 1746 407 sagittae
1764 357 1851 398 Do-

1028 411 1134 452 mini
1160 412 1204 452 in
1223 425 1293 454 me
1313 418 1427 464 sunt,
1458 426 1641 466 quarum
1658 413 1850 464 indigna-

1027 467 1091 508 tio
1120 467 1255 510 ebibit
1285 469 1485 522 spiritum
1507 483 1667 519 meum,
1697 474 1740 511 et
1767 474 1849 511 ter-

1027 525 1151 566 rores
1175 525 1352 567 Demini
1378 526 1564 568 militant
1592 530 1745 568 contra
1770 539 1851 568 me.

1081 586 1125 636 Rg.
1159 585 1319 638 Induta
1339 591 1415 628 est.
1434 587 1513 627 131.

1336 651 1482 691 Lectio
1505 652 1540 690 ii.

1125 711 1306 764 umquid
1325 712 1467 762 rugiet
1486 714 1647 763 onager
1664 725 1762 753 cum
1777 713 1848 754 ha-

1146 767 1291 810 buerit
1326 766 1531 810 herbam?
1579 773 1652 810 aut
1686 770 1850 821 mugiet

1027 823 1109 865 bos
1151 837 1250 866 cum
1292 829 1392 866 ante
1431 826 1632 877 praesepe
1672 825 1849 877 plenum

1027 879 1219 922 steterit?
1260 881 1351 923 Aut
1387 881 1552 934 peterit
1587 881 1757 923 cemedi
1789 882 1848 923 in·
1892 935 1893 938 Ἴ

1026 937 1202 987 sulsum,
1232 937 1351 990 quod
1377 950 1464 979 non
1491 942 1559 979 est
1586 937 1677 979 sale
1704 938 1848 979 condi-

1025 992 1140 1035 tum?
1176 999 1251 1036 aut
1286 999 1434 1047 potest
1471 994 1627 1046 aliquis
1663 997 1848 1045 gustare,

1027 1049 1145 1102 quod
1193 1053 1414 1102 gustatum
1464 1050 1591 1092 affert
1640 1051 1848 1092 mortem?

1025 1107 1134 1157 Quae
1161 1107 1282 1159 prius
1309 1107 1486 1150 nolebat
1506 1109 1686 1158 tangere
1707 1108 1849 1149 anima

1023 1176 1135 1214 mea,
1162 1177 1276 1205 nunc
1298 1177 1391 1217 prae
1417 1164 1630 1216 angustia,
1660 1163 1745 1205 cibi
1763 1165 1848 1206 mei

1024 1224 1134 1261 sunt.

1075 1278 1122 1328 R.
1152 1277 1365 1319 Paucitas.
1386 1279 1470 1319 132.

1321 1341 1471 1381 Lectio
1494 1342 1544 1380 iii.

1108 1403 1173 1444 uis
1202 1403 1277 1446 det
1307 1408 1356 1445 ut
1383 1404 1527 1445 veniat
1553 1404 1708 1456 petitio
1736 1417 1846 1446 mea:

1126 1464 1170 1502 et
1190 1459 1310 1512 quod
1325 1462 1545 1513 exspecto,
1565 1460 1727 1503 tribuat
1741 1461 1846 1502 mihi

1021 1516 1165 1559 Deus?
1199 1517 1256 1558 Et
1276 1517 1350 1569 qui
1368 1517 1518 1570 coepit,
1543 1517 1639 1570 ipse
1657 1530 1727 1559 me
1746 1519 1844 1559 con·
1890 1537 1892 1539 ·

1021 1578 1148 1616 terat:
1173 1573 1316 1615 solvat
1334 1587 1510 1615 manum
1528 1586 1665 1623 suam,
1690 1579 1734 1615 et
1753 1587 1844 1615 suc-

1021 1630 1139 1672 cidat
1161 1630 1253 1672 me?
1289 1631 1345 1672 Et
1368 1630 1463 1671 haec
1488 1630 1591 1670 mihi
1614 1630 1671 1671 sit
1693 1643 1844 1672 conso-

1020 1686 1127 1728 latio
1154 1692 1202 1728 ut
1226 1687 1423 1738 affligens
1450 1699 1521 1727 me
1551 1686 1723 1735 dolore,
1756 1699 1842 1728 non

1020 1748 1186 1796 parcat,
1214 1756 1296 1785 nec
1319 1742 1614 1785 contradicam
1637 1743 1841 1784 sei-meni-

1019 1799 1102 1841 bus
1120 1800 1278 1841 Sancti.
1311 1801 1419 1850 Quae
1445 1804 1512 1841 est
1538 1799 1653 1840 enim
1675 1799 1842 1840 fortitu-

1021 1856 1078 1898 do
1098 1869 1196 1898 mea
1218 1861 1266 1898 ut
1290 1855 1548 1897 sustineam?
1577 1860 1652 1896 aut
1676 1855 1773 1907 quis
1797 1855 1843 1895 fi-

1019 1913 1086 1954 nis
1105 1926 1243 1963 meus,
1266 1917 1314 1954 ut
1332 1913 1549 1966 patienter
1568 1909 1717 1963 agam?
1749 1911 1843 1952 Nec

1019 1969 1231 2011 fortitudo
1265 1968 1460 2022 lapidum
1492 1967 1703 2010 fortitudo
1731 1980 1842 2018 mea,

1018 2039 1100 2067 nec
1118 2039 1220 2067 caro
1239 2038 1338 2067 mea
1356 2027 1478 2066 aenea
1498 2029 1575 2066 est.
1608 2024 1734 2073 Ecce,
1755 2036 1842 2065 non

1019 2087 1087 2124 est
1105 2082 1312 2124 auxilium
1330 2081 1436 2123 mihi
1457 2081 1501 2122 in
1519 2093 1604 2130 me,
1629 2084 1672 2121 et
1694 2092 1841 2121 neces-

1019 2139 1122 2180 sarii
1140 2151 1315 2191 quoque
1331 2138 1417 2179 mei
1431 2138 1705 2178 recesserunt
1722 2148 1747 2176 a
1759 2149 1841 2177 me.

1070 2197 1118 2248 R.
1146 2199 1247 2241 Non
1265 2198 1522 2241 abscondas.
1541 2198 1626 2238 132.

1263 2315 1292 2352 S
1317 2325 1343 2351 a
1364 2315 1390 2350 b
1414 2314 1441 2350 b
1467 2325 1492 2350 a
1515 2317 1532 2349 t
1557 2324 1594 2350 o.

1272 2371 1341 2413 De
1359 2370 1471 2413 libro
1489 2371 1515 2411 J
1517 2370 1586 2412 ob.

1168 2430 1318 2470 Lectio
1338 2430 1359 2468 i.
1524 2430 1626 2480 Cap.
1646 2429 1680 2468 7.

1072 2498 1088 2512 ‘'
1126 2490 1246 2533 ilitia
1277 2495 1344 2532 est
1371 2490 1462 2532 vita
1491 2490 1679 2534 hominis
1709 2502 1840 2542 super

1030 2569 1032 2577 ν
1153 2552 1330 2589 terram:
1358 2551 1401 2588 et
1429 2547 1541 2588 sicut
1565 2545 1659 2588 dies
1677 2557 1838 2587 merce-

1018 2605 1146 2654 narii,
1176 2603 1268 2645 dies
1298 2603 1398 2655 ejus.
1441 2603 1560 2645 Sicut
1588 2614 1739 2644 servus
1768 2600 1837 2641 de-

1018 2661 1180 2703 siderat
1211 2659 1425 2709 umbram,
1461 2663 1506 2700 et
1537 2659 1648 2700 sicut
1678 2668 1838 2698 merce-

1018 2717 1166 2758 narius
1204 2715 1487 2768 praestolatur
1526 2715 1657 2756 finem
1694 2712 1837 2765 Operis
