2040 2944
736 202 945 236 Commune
974 203 1086 236 unius
1112 203 1302 246 Martyris.

448 294 600 335 Lectio
621 296 703 335 viii.

236 347 292 389 ed
333 348 390 390 ad
431 348 527 390 haec
571 349 720 391 audita
760 350 996 392 inardescit

252 404 437 454 animus,
474 406 647 457 jamque
671 406 759 447 11110
785 407 906 459 cupit
930 419 995 448 as-

164 462 330 513 sistere,
348 460 424 502 ubi
443 474 491 502 se
510 466 660 514 sperat
679 462 771 504 51110
791 463 878 504 fine
894 475 994 514 gau-

165 508 279 558 dere.
316 492 404 558 Sed
428 517 484 558 ad
512 530 670 582 magna
692 519 875 570 praemia
898 531 994 571 per-

163 572 301 613 veniri
320 585 408 613 non
427 577 588 625 potest,
615 574 699 614 nisi
712 587 793 626 per
810 587 994 625 magnos

163 627 350 670 laberes.
386 628 513 670 Unde
539 634 583 670 et
606 629 768 670 Paulus
794 631 994 681 egregius

162 683 430 735 praedicator
446 684 564 726 dicit:
582 685 685 726 Non
700 686 993 736 coronabitur,

163 740 247 781 nisi
273 741 347 792 qui
370 740 562 791 legitime
589 742 833 783 certaverit.
866 742 992 784 Dele-

163 800 254 837 ctat
273 808 377 847 ergo
397 801 589 838 mentem
606 797 862 848 magnitudo
883 811 992 851 prae-

162 852 364 902 miorum,
397 852 476 894 sed
499 866 588 894 non
612 852 831 895 deterreat
857 856 992 895 certa-

162 920 263 949 men
285 908 495 950 labarum.
531 908 659 950 Unde
679 909 735 951 ad
755 923 802 951 50
822 911 992 951 venien-

161 963 279 1005 tibus
298 964 474 1006 Veritas
508 964 626 1006 dicit:
667 966 713 1007 Si
746 966 843 1018 quis
875 967 994 1008 venit

162 1019 220 1061 ad
242 1032 328 1070 me,
362 1026 406 1062 et
429 1033 517 1062 non
541 1021 635 1062 odit
658 1026 830 1074 patrem
855 1035 992 1072 51111111,

163 1080 207 1117 01
225 1081 421 1126 1113110111,
450 1082 494 1118 01
511 1079 706 1128 uxerem,
732 1082 776 1119 et
795 1078 921 1128 filios,
950 1084 994 1120 01

161 1132 333 1182 fratres,
371 1137 414 1174 et
444 1135 636 1183 soreres,
675 1133 818 1175 adhuc
847 1139 992 1176 autem

163 1192 207 1229 et
228 1188 415 1229 animam
435 1201 569 1239 suam,
594 1202 682 1230 non
701 1194 850 1241 potest
868 1203 992 1232 meus

163 1256 260 1286 esse
280 1243 531 1297 discipulus.

210 1306 261 1357 R.
291 1305 377 1346 Hic
397 1309 464 1346 est
483 1317 587 1346 vere
604 1305 787 1357 Martyr,
817 1306 891 1358 qui
909 1319 991 1358 pro

164 1360 325 1402 Christi
359 1361 534 1402 nemine
572 1362 828 1412 sanguinem
865 1375 992 1403 suum

161 1415 290 1458 fudit:
320 1419 344 1443 *
388 1417 472 1467 Qui
504 1417 643 1458 minas
679 1417 872 1469 judicum
903 1431 991 1460 non

84 1490 93 1494 ·
161 1473 315 1522 timuit,
342 1485 423 1514 nec
446 1475 632 1515 terrenae
657 1473 882 1524 dignitatis
901 1474 991 1525 gle-

132 1528 271 1569 -riam
309 1529 530 1580 quaesivit,
583 1529 664 1570 sed
701 1530 758 1571 ad
795 1530 992 1571 coelestia

162 1597 296 1635 regna
313 1585 524 1636 pervenit.
542 1580 593 1631 V.
615 1585 640 1625 J
641 1590 788 1626 ustum
809 1585 992 1627 deduxit

161 1640 376 1680 Deminus
393 1653 474 1692 per
492 1640 585 1681 vias
605 1645 760 1689 rectas,
785 1646 829 1682 et
849 1643 990 1683 osten-

163 1695 228 1736 dit
258 1694 320 1735 illi
351 1708 533 1746 regnum
564 1695 659 1737 Dei.
700 1697 796 1746 Qui.
836 1696 991 1738 GlOria

161 1751 292 1792 Patri.
329 1751 422 1801 Qui.

211 1813 384 1856 Sequens
412 1813 457 1855 R.
486 1812 627 1847 dicitur
658 1813 793 1847 ultimo
825 1814 913 1847 1000
947 1815 986 1848 111

159 1860 268 1895 festis
308 1870 377 1894 sex
413 1859 469 1894 Ss.
506 1860 719 1904 Martyrum
756 1861 986 1901 Pontificum

158 1908 334 1950 Eusebii‚
372 1907 563 1950 Marcelli,
602 1908 785 1950 Joannis,
820 1908 985 1949 Silverii,

158 1956 328 1998 Martini,
358 1959 395 1990 et
418 1955 607 1991 Pontiani.

211 2011 262 2062 Re.
299 2010 489 2052 Demine
521 2012 774 2063 praevenisti
810 2024 910 2053 eum
945 2012 989 2052 in

161 2066 542 2108 benedictic'mibus
571 2066 831 2109 dulcedinis.
854 2066 877 2091 *
909 2068 990 2109 Po-

163 2123 288 2164 suisti
319 2123 364 2163 in
396 2122 540 2174 capite
572 2123 663 2187 ejus
693 2125 903 2164 corenam
935 2123 990 2164 de

161 2178 307 2231 lapide
326 2178 536 2231 pretioso.
568 2171 619 2223 Υ
649 2179 801 2220 Vitam
819 2179 947 2231 petiit
966 2192 990 2220 a

161 2239 215 2284 te,
241 2239 284 2276 et
301 2234 493 2275 tribuisti
508 2234 548 2275 ei
566 2233 883 2284 longitudinem
903 2234 990 2276 die-

161 2303 257 2331 rum
283 2290 328 2330 in
356 2290 566 2331 saeculum
593 2290 752 2330 saeculi.
789 2291 990 2332 Posuisti.

163 2345 315 2387 Gleria
334 2346 465 2388 Patri.
494 2346 698 2386 Posuisti.

214 2406 376 2447 Bened.
406 2406 477 2448 Ad
497 2406 765 2447 societatem.

460 2467 611 2508 Lectio
632 2466 685 2505 ix.

164 2522 290 2628 Sed
315 2530 568 2582 percontari
600 2530 723 2579 libet,
766 2529 990 2581 quemodo

249 2587 471 2638 parentes,
499 2590 543 2627 et
562 2586 795 2628 carnaliter
814 2584 990 2638 p'ropin-

165 2653 275 2693 quos
294 2641 574 2693 praecipimur
595 2642 753 2691 odisse,
783 2642 857 2693 qui
875 2641 990 2693 jube-

162 2710 258 2739 mur
278 2701 321 2739 et
339 2697 538 2740 inimicos
558 2698 761 2748 diligere?
796 2698 853 2739 Et
872 2702 990 2739 certe

1046 294 1226 341 Veritas
1241 294 1296 336 de
1315 297 1454 336 1111010
1470 294 1591 337 dicit:
1611 295 1742 345 Quod
1756 295 1878 337 Deus

1047 351 1285 402 conjunxit,
1318 350 1452 392 homo
1479 364 1567 392 non
1594 353 1780 404 separet.
1820 352 1878 392 Et

1045 406 1208 447 Paulus
1246 406 1321 447 ait:
1361 407 1474 457 Viri,
1513 406 1679 458 diligite
1715 409 1877 448 uxeres

1045 468 1235 511 vestraS,
1267 462 1391 504 sicut
1424 468 1468 504 et
1497 463 1696 504 Christus
1729 464 1877 504 Eccle-

1045 519 1164 559 siam.
1196 518 1324 567 Ecce,
1351 518 1592 571 discipulus
1612 521 1796 560 uxorem
1816 519 1877 560 di-

1044 573 1265 625 ligendam
1289 574 1518 626 praedicat,
1548 588 1647 616 cum
1667 578 1877 625 magister

1046 630 1179 671 dicat:
1217 630 1300 680 Qui
1326 633 1510 672 uxorem
1537 644 1626 672 non
1654 631 1759 680 odit,
1791 644 1877 672 non

1045 691 1195 738 potest
1214 698 1338 727 meus
1359 699 1455 727 0550
1472 686 1725 738 discipulus.
1743 687 1877 728 Num-

1048 742 1154 794 quid
1195 741 1314 783 aliud
1355 742 1486 794 judex
1527 743 1716 792 nuntiat,
1759 743 1877 784 aliud

1046 811 1195 850 praeco
1216 796 1397 839 clamat?
1426 799 1497 838 An
1517 798 1646 839 simul
1666 803 1709 839 et
1730 798 1877 840 odisse

1046 856 1292 906 po'ssumuS,
1321 859 1365 895 et
1385 853 1589 904 diligere?
1626 853 1714 895 Sed
1734 855 1770 895 si
1788 855 1877 895 vim

1046 910 1261 962 praecepti
1285 909 1609 962 perpendimus,
1642 914 1877 961 utrumque

1046 968 1176 1017 agere
1209 979 1288 1018 per
1323 966 1632 1007 discretienem
1666 966 1877 1006 valemus:

1045 1027 1093 1063 ut
1111 1024 1305 1071 uxerem,
1326 1027 1369 1063 et
1387 1035 1475 1071 eos,
1497 1022 1571 1074 qui
1588 1021 1717 1063 nobis
1735 1022 1876 1062 carnis

1046 1079 1307 1130 cognatione
1327 1078 1547 1129 conjuncti
1566 1082 1676 1127 sunt,
1702 1083 1746 1118 et
1766 1091 1877 1129 quos

1045 1134 1274 1186 preximos
1302 1134 1524 1183 nevimus,
1554 1133 1804 1184 diligamus,
1834 1139 1877 1174 et

1047 1203 1158 1242 quos
1187 1189 1466 1231 adversarios
1494 1190 1538 1230 in
1567 1190 1637 1230 via
1655 1190 1740 1230 Dei
1767 1190 1876 1242 pati-

1044 1259 1159 1296 mur,
1188 1245 1379 1288 odiendo
1409 1250 1452 1287 et
1480 1245 1686 1296 fugiendo
1714 1246 1876 1287 nescia-

1045 1316 1153 1343 mus.

1099 1363 1163 1404 Te
1182 1362 1327 1403 Deum
1345 1361 1587 1403 laudamus.
1615 1362 1674 1403 14.

1311 1452 1390 1492 Ad
1416 1451 1614 1493 Laudes

1262 1510 1310 1538 01
1346 1515 1439 1547 per
1471 1506 1652 1540 Horas.

1096 1564 1195 1604 Ant.
1211 1566 1239 1604 1.
1265 1565 1353 1614 Qui
1373 1579 1444 1607 me
1463 1565 1689 1607 confessus
1708 1566 1839 1607 fuerit
1854 1567 1877 1592 *

1046 1634 1196 1662 coram
1234 1621 1503 1672 hominibus,
1550 1621 1795 1663 confitebor
1834 1627 1877 1663 et

1045 1690 1127 1727 ego
1156 1691 1257 1719 eum
1285 1690 1435 1718 coram
1462 1678 1593 1718 Patre
1621 1689 1732 1718 meo.

1096 1742 1165 1781 Ps.
1196 1742 1411 1783 Deminus
1431 1741 1640 1792 regnavit.
1668 1742 1727 1781 15.

1093 1807 1128 1845 2.
1165 1806 1252 1855 Qui
1284 1805 1480 1858 sequitur
1507 1818 1594 1854 me,
1618 1806 1642 1831 *
1669 1818 1758 1846 non
1787 1807 1874 1845 am-

1043 1862 1166 1903 bulat
1192 1862 1237 1902 in
1263 1861 1468 1911 tenebris,
1501 1861 1580 1903 sed
1606 1860 1786 1903 habebit
1813 1861 1873 1902 lu-

1043 1931 1144 1959 men
1164 1918 1277 1967 vitae,
1306 1917 1411 1959 dicit
1425 1917 1654 1958 Deminus.
1699 1957 1701 1959 .

1094 1983 1129 2021 3.
1166 1982 1250 2030 Qui
1275 1982 1381 2023 mihi
1404 1982 1636 2031 ministrat,
1659 1983 1683 2008 *
1711 1995 1781 2023 1110
1810 1994 1872 2023 50-

1045 2041 1219 2091 quatur:
1248 2043 1292 2080 et
1310 2037 1386 2079 ubi
1405 2050 1487 2088 ego
1507 2051 1619 2088 sum,
1647 2038 1735 2079 11110
1755 2038 1811 2079 511
1830 2042 1873 2078 01

1043 2095 1242 2136 minister
1261 2106 1396 2135 meus.

1095 2158 1131 2196 4.
1167 2158 1214 2198 Si
1243 2158 1340 2210 quis
1367 2157 1473 2198 mihi
1500 2157 1826 2206 ministraverit,
1849 2157 1873 2182 *

1043 2213 1352 2255 honorificabit
1371 2226 1471 2255 eum
1489 2214 1620 2254 Pater
1639 2226 1774 2262 meus,
1800 2213 1873 2264 qui

1045 2275 1111 2311 est
1129 2270 1173 2310 in
1193 2269 1327 2319 coelis,
1356 2268 1462 2310 dicit
1482 2269 1709 2310 Deminus.

1094 2332 1131 2371 5.
1166 2330 1276 2374 Volo
1291 2333 1435 2383 Pater,
1453 2333 1477 2358 *
1501 2337 1549 2373 ut
1568 2332 1643 2374 ubi
1662 2345 1744 2383 ego
1765 2346 1872 2382 sum,

1043 2389 1130 2430 illic
1150 2389 1206 2430 sit
1225 2393 1269 2430 01
1286 2389 1483 2430 minister
1501 2401 1636 2430 meus.

1108 2466 1115 2474 ·
1149 2456 1406 2507 Capitulum.
1578 2456 1602 2495 J
1605 2468 1666 2495 ac.
1683 2457 1711 2495 1.
1727 2456 1765 2496 b.

1043 2524 1250 2629 Beatus
1275 2529 1355 2578 vir,
1395 2529 1469 2580 qui
1493 2529 1646 2571 suflert
1671 2530 1872 2571 tentatie-

1147 2598 1262 2626 nem:
1301 2585 1507 2636 queniam
1534 2598 1634 2626 cum
1658 2585 1872 2638 probatus

1043 2640 1184 2690 fuerit,
1195 2641 1382 2693 accipiet
1397 2643 1606 2682 coronam
1616 2642 1729 2690 vitae,
1742 2653 1871 2692 quam

1043 2697 1295 2750 repromisit
1313 2697 1434 2738 Deus
1452 2696 1730 2748 diligentibus
1750 2709 1808 2737 50.
