2040 2944
690 199 803 233 Feria
828 199 962 242 quinta
987 200 1036 233 ad
1059 200 1297 234 Mututinum.

194 290 396 332 Tenuisti
427 302 605 331 manum
633 289 860 331 dexteram
886 303 974 332 me-

142 359 231 388 am:
257 351 301 388 et
322 347 368 387 in
393 346 622 387 voluntate
646 350 722 386 tua
751 345 974 388 deduxisti

141 416 223 453 me,
249 404 274 430 *
298 407 342 445 et
361 416 461 444 cum
480 402 621 454 gloria
640 403 874 455 suscepisti
892 416 973 445 me.

195 459 313 510 Quid
341 459 457 501 enim
484 458 592 499 mihi
617 463 683 500 est
709 458 755 499 in
782 459 922 500 coelo?
950 460 973 486 *

143 520 187 557 et
214 529 239 557 a
266 520 311 557 te
341 515 449 568 quid
475 514 597 556 volui
625 527 759 567 super
785 516 973 557 terram?

193 572 369 614 Defecit
384 584 487 613 caro
503 583 612 621 mea,
627 575 670 612 et
685 583 763 612 cor
776 584 938 613 meum:
950 573 973 598 *

141 628 263 670 Deus
279 628 426 670 cordis
443 627 541 678 mei,
560 631 603 669 et
617 640 721 680 pars
737 640 836 669 mea
852 628 973 669 Deus

141 684 186 725 in
214 686 438 726 aeternum.

194 741 307 791 Quia
331 753 445 790 ecce,
471 740 546 792 qui
575 740 782 792 elongant
805 753 853 782 se
872 754 897 782 a
918 746 973 790 te,

141 797 362 849 peribunt:
389 797 413 823 *
440 796 675 850 perdidisti
705 809 869 847 omnes,
900 798 973 850 qui

140 853 411 895 fornicantur
439 853 518 894 abs
545 858 600 894 te.

192 909 302 950 Mihi
336 914 484 951 autem
515 909 743 951 adhaerere
770 910 868 951 Deo
896 910 972 951 bo-

139 979 245 1007 num
266 971 347 1007 est:
367 966 391 992 *
411 967 579 1019 ponere
598 966 643 1006 in
663 966 855 1008 Demino
874 967 972 1008 Deo

140 1035 266 1075 spem
292 1035 453 1064 meam:

191 1079 253 1121 Ut
289 1079 542 1120 annuntiem
576 1091 729 1121 omnes
760 1080 972 1133 praedica-

139 1135 284 1177 tiones
307 1139 418 1185 tuas,
437 1136 467 1186 *‚
482 1135 526 1175 in
553 1136 696 1187 portis
724 1136 828 1177 filiae
856 1136 972 1178 Sion.

411 1191 612 1232 Psalmus
639 1192 702 1232 73.

231 1253 251 1290 t
266 1248 373 1300 quid
382 1249 504 1291 Deus
518 1249 718 1302 repulisti
732 1249 777 1288 in
791 1249 937 1290 finem:
948 1250 972 1276 *

267 1305 406 1346 iratus
442 1310 510 1347 est
546 1305 668 1347 furor
702 1309 803 1347 tuus
839 1318 971 1357 super

141 1374 248 1403 oves
275 1363 454 1413 pascuae
481 1361 593 1403 tuae?

191 1418 362 1459 Memor
382 1422 477 1459 esto
498 1417 852 1469 congregatienis
871 1422 971 1468 tuae,

137 1474 162 1500 *
190 1486 323 1526 quam
349 1474 590 1526 possedisti
618 1473 673 1515 ab
701 1473 837 1515 initio.

190 1530 437 1572 Redemisti
481 1531 650 1582 virgam
697 1529 971 1571 haereditatis

137 1591 242 1628 tuae:
269 1587 293 1613 *
318 1600 445 1628 mons
469 1587 584 1637 Sion,
612 1587 656 1627 in
686 1599 774 1639 quo
802 1585 970 1628 habita-

139 1643 196 1685 sti
223 1643 268 1684 in
292 1655 358 1685 eo.

191 1699 312 1753 Leva
344 1712 499 1741 manus
531 1704 630 1741 tuas
663 1699 708 1739 in
741 1698 970 1754 superbias

140 1757 295 1798 eerum
329 1756 375 1796 in
408 1756 559 1797 finem:
595 1756 619 1781 *
653 1762 817 1807 quanta
850 1756 970 1797 mali-

139 1814 300 1863 gnatus
330 1817 396 1854 est
422 1812 622 1853 inimicus
650 1812 695 1853 in
723 1812 892 1854 sancto!

190 1869 249 1910 Et
267 1868 443 1919 gloriati
459 1873 561 1910 sunt
578 1868 654 1920 qui
673 1869 861 1911 oderunt
874 1874 933 1910 te:
946 1870 971 1896 *

139 1925 185 1966 in
211 1924 359 1967 medio
388 1925 679 1967 solemnitatis
706 1930 806 1967 tuae.
887 1976 889 1978 v

191 1982 441 2023 Posuerunt
465 1982 590 2033 signa
609 1994 699 2031 sua,
722 1982 861 2034 signa:
881 1983 905 2008 *
928 1986 971 2023 et

139 2050 230 2079 non
270 2040 572 2090 cognoverunt
613 2038 727 2079 sicut
766 2038 811 2079 in
852 2038 971 2080 exitu

140 2107 273 2147 super
301 2107 529 2135 summurn.

193 2151 329 2202 Quasi
356 2151 401 2192 in
429 2150 540 2192 silva
566 2150 787 2202 lignorum
811 2150 970 2192 securi-

139 2207 223 2249 bus
254 2207 512 2249 exciderunt
538 2208 689 2259 januas
715 2208 806 2258 ejus
837 2207 881 2247 in
908 2206 970 2248 id-

140 2265 300 2316 ipsum:
333 2264 356 2289 *
390 2264 436 2305 in
463 2263 607 2305 securi
640 2268 684 2305 et
712 2263 831 2304 ascia
858 2262 970 2315 deje-

140 2322 295 2361 cerunt
323 2333 430 2361 eam.

191 2376 488 2418 Incenderunt
531 2376 622 2427 igni
674 2374 971 2416 sanctuarium

139 2437 278 2473 tuum:
301 2433 325 2458 *
348 2433 393 2473 in
415 2437 534 2473 terra
558 2431 812 2484 polluerunt
828 2430 969 2473 taber-

139 2488 346 2530 naculum
372 2488 561 2530 neminis
588 2487 663 2529 tui.

191 2545 410 2586 Dixerunt
433 2545 477 2585 in
504 2544 638 2586 corde
663 2556 744 2585 suo
765 2543 969 2594 cognatio

142 2602 294 2642 eerum
309 2601 452 2642 simul:
468 2601 492 2626 *
505 2601 742 2650 Quiescere
758 2599 969 2640 faciamus

142 2669 295 2699 omnes
323 2657 418 2699 dies
447 2657 585 2699 festos
612 2657 696 2698 Dei
722 2669 747 2697 a
773 2660 901 2697 terra.

193 2713 326 2763 Signa
352 2718 505 2756 nostra
531 2726 619 2754 non
650 2712 854 2761 vidimus,
886 2711 970 2763 jam

1025 304 1114 332 non
1147 297 1214 334 est
1245 293 1479 346 propheta:
1512 294 1535 320 *
1572 299 1615 336 et
1650 307 1731 335 nos
1768 308 1854 336 non

1028 350 1265 398 cognoscet
1294 349 1492 402 amplius.

1077 404 1319 457 Usquequo
1367 406 1490 447 Deus
1535 406 1855 459 improperabit

1025 460 1240 502 inimicus:
1264 462 1287 487 *
1307 462 1448 503 irritat
1476 462 1755 504 adversarius
1779 476 1853 505 no-

1025 529 1126 557 men
1152 521 1276 558 tuum
1300 518 1345 558 in
1372 518 1523 559 finem?

1078 573 1137 614 Ut
1176 570 1283 625 quid
1319 574 1480 615 avertis
1514 587 1690 616 manum
1723 580 1854 626 tuam,

1027 633 1070 669 et
1107 628 1335 670 dexteram
1373 634 1524 680 tuam,.
1554 632 1577 657 *
1615 631 1670 672 de
1706 632 1853 674 medio

1026 685 1123 725 sinu
1148 690 1224 726 tuo
1252 686 1297 726 in
1327 685 1484 727 finem?

1077 741 1198 783 Deus
1214 746 1360 783 autem
1373 742 1471 783 Rex
1494 748 1643 785 noster
1659 749 1758 786 ante
1775 747 1853 785 sae-

1026 797 1138 838 cula:
1175 798 1198 823 *
1240 801 1450 850 operatus
1484 804 1551 841 est
1588 800 1773 842 salutem
1809 801 1853 842 in

1025 854 1172 896 medio
1201 859 1344 896 terrae.

1077 911 1146 951 Tu
1184 911 1454 953 confirmasti
1494 912 1539 952 in
1580 912 1741 954 virtute
1779 918 1854 955 tua

1024 979 1159 1008 mare:
1187 968 1211 994 *
1240 967 1546 1009 contribulasti
1580 968 1727 1020 capita
1759 968 1853 1010 dra-

1026 1025 1185 1064 conum
1209 1023 1253 1063 in
1281 1023 1417 1074 aquis.

1077 1079 1146 1120 Tu
1162 1079 1415 1131 confregisti
1431 1080 1578 1132 capita
1593 1080 1811 1123 dracenis:
1830 1083 1853 1110 *

1025 1135 1188 1177 dedisti
1217 1148 1315 1177 eum
1343 1149 1489 1178 escam
1512 1137 1690 1189 pepulis
1713 1138 1853 1179 AEthi-

1024 1204 1169 1244 opum.

1076 1249 1146 1289 Tu
1182 1248 1386 1300 dirupisti
1417 1249 1576 1299 fontes,
1613 1254 1656 1291 et
1686 1252 1851 1291 torren-

1024 1309 1107 1346 tes:
1135 1306 1158 1332 *
1185 1309 1234 1346 tu
1262 1305 1438 1347 siccasti
1466 1305 1625 1346 fluvios
1653 1306 1807 1347 Ethan.

1076 1361 1198 1402 Tuus
1222 1366 1289 1403 est
1315 1360 1419 1412 dies,
1448 1366 1492 1403 et
1514 1366 1590 1403 tua
1617 1366 1683 1403 est
1703 1375 1805 1403 nox:
1829 1364 1852 1389 *

1023 1422 1071 1459 tu
1090 1416 1329 1459 fabricatus
1354 1430 1400 1459 es
1420 1420 1623 1459 auroram
1641 1423 1684 1460 et
1703 1418 1852 1460 solem.

1076 1474 1144 1514 Tu
1159 1473 1302 1515 fecisti
1317 1487 1468 1515 omnes
1483 1474 1695 1515 terminos
1708 1479 1852 1516 terrae:

1024 1531 1047 1556 *
1070 1532 1271 1571 aestatem
1301 1535 1344 1571 et
1363 1543 1439 1571 ver
1466 1535 1514 1571 tu
1533 1530 1763 1582 plasmasti
1791 1543 1852 1572 ea.

1075 1586 1245 1627 Memor
1275 1591 1369 1628 esto
1396 1586 1532 1638 hujus,
1553 1586 1752 1628 inimicus
1776 1587 1851 1627 im-

1023 1642 1280 1694 properavit
1303 1643 1511 1684 Domino:
1539 1644 1563 1670 *
1592 1647 1635 1684 et
1661 1643 1852 1695 populus

1023 1698 1233 1751 insipiens
1261 1699 1458 1740 incitavit
1486 1711 1646 1740 nomen
1673 1704 1806 1740 tuum.

1074 1755 1142 1796 Ne
1170 1754 1319 1797 tradas
1346 1755 1500 1796 bestiis
1527 1755 1692 1796 animas
1721 1755 1851 1796 confi-

1022 1813 1166 1852 tentes
1184 1811 1276 1861 tibi,
1300 1812 1324 1838 *
1349 1816 1392 1852 et
1418 1811 1584 1852 animas
1607 1814 1851 1864 pauperum

1024 1869 1200 1909 tuorum
1227 1880 1281 1908 ne
1307 1867 1584 1909 obliviscaris
1612 1868 1657 1908 in
1683 1868 1825 1909 finem.

1075 1924 1267 1976 Respice
1285 1924 1329 1964 in
1348 1925 1659 1965 testamentum
1679 1926 1851 1965 tuum:*

1025 1980 1127 2032 quia
1163 1979 1323 2032 repleti
1359 1984 1478 2030 sunt,
1517 1980 1591 2032 qui
1627 1979 1851 2021 obscurati

1025 2041 1125 2078 sunt
1150 2041 1280 2078 terrae
1309 2036 1512 2078 demibus
1540 2036 1827 2087 iniquitatum.

1075 2093 1144 2135 Ne
1163 2094 1386 2134 avertatur
1400 2092 1575 2133 humilis
1590 2092 1732 2133 factus
1752 2105 1850 2133 con-

1024 2149 1162 2190 fusus:
1198 2150 1222 2176 *
1257 2161 1426 2201 pauper
1459 2153 1502 2190 et
1537 2148 1666 2200 inops
1702 2148 1849 2189 lauda-

1023 2205 1132 2247 bunt
1159 2217 1319 2246 nomen
1346 2209 1479 2246 tuum.

1076 2262 1273 2312 Exsurge
1313 2261 1453 2310 Deus,
1494 2260 1637 2312 judica
1673 2273 1850 2301 causam

1023 2323 1160 2359 tuam:
1186 2318 1210 2344 *
1236 2329 1405 2358 memor
1439 2321 1535 2357 esto
1563 2316 1848 2369 improperio-

1024 2387 1121 2414 rum
1146 2375 1333 2423 tuorum,
1362 2374 1514 2414 eorum
1542 2384 1641 2424 quae
1669 2372 1724 2414 ab
1750 2372 1848 2413 insi-

1023 2429 1170 2482 piente
1199 2433 1300 2470 sunt
1325 2433 1421 2470 tota
1448 2428 1530 2470 die.

1075 2485 1144 2526 Ne
1180 2484 1456 2526 obliviscaris
1491 2497 1624 2526 voces
1658 2484 1847 2524 inimieo-

1023 2554 1119 2583 rum
1135 2542 1359 2582 tuorumz*
1369 2540 1576 2593 superbia
1595 2542 1756 2589 eerum,
1773 2539 1847 2590 qui

1023 2602 1067 2639 te
1096 2597 1293 2646 oderunt,
1322 2596 1520 2638 ascendit
1547 2608 1730 2648 semper.

1072 2655 1171 2694 Ant.
1211 2652 1433 2694 Liberasti
1467 2652 1634 2702 virgam
1666 2649 1845 2691 haeredi-

1022 2710 1125 2752 tatis
1152 2713 1252 2750 tuae.
