2040 2944
607 179 677 212 Die
701 178 753 211 24.
779 177 859 211 Oet.
906 175 941 210 S.
966 175 1179 219 Raphaelis
1205 174 1453 217 Archangeli.

175 277 337 326 Deum,
389 280 433 317 et
474 277 651 317 narrate
695 274 842 316 emnia
882 273 1008 314 mira-

174 334 279 376 bilia
307 334 409 385 ejus.

513 390 675 431 Oratio.

265 463 358 500 eus,
403 450 478 502 qui
518 449 698 492 beatum
734 447 1010 501 Raphaelem

279 506 607 558 Archangelum
643 504 801 546 Tobiae
844 503 1009 545 famulo

174 570 251 606 tuo
272 563 479 606 comitem
499 561 662 605 dedisti
680 561 725 602 in
743 561 829 603 via:
855 562 1008 602 conce-

175 620 230 662 de
256 620 385 663 nobis
411 619 586 661 famulis
611 619 715 668 tuis3
743 623 792 659 ut
811 616 1009 670 ejusdem

175 690 350 730 semper
385 679 672 730 protegemur
706 674 925 723 custodia,
966 678 1010 715 et

174 734 421 775 muniamur
446 732 621 774 auxilio.
654 732 739 773 Per
760 731 1010 772 Deminum.

352 818 438 859 Ad.
464 817 830 859 Matutinum.

230 888 355 928 Invit.
411 887 578 936 Regem
628 882 1010 934 Archangelerum

173 941 423 992 Dominum,
443 945 465 968 *
486 941 647 986 Venite
667 939 913 982 adoremus.

225 1004 292 1044 ΡΞ.
322 1005 488 1053 Venite,
509 1002 788 1044 exsultemus.
806 1002 843 1042 2.

228 1066 437 1116 Hymnus.
466 1062 568 1105 Tibi
589 1062 774 1104 Christe.
799 1061 917 1114 [309]

411 1145 460 1183 In
487 1145 516 1183 I.
546 1143 771 1182 Noeturno.

227 1213 325 1253 Ant.
382 1213 599 1264 Egressus
637 1210 803 1252 Tobias
844 1210 1010 1251 invenit

175 1270 376 1321 juvenem
395 1271 695 1322 praeeinctum,
724 1272 767 1308 et
788 1267 916 1319 quasi
934 1279 1008 1320 pa-

175 1328 320 1368 ratum
352 1326 410 1367 ad
441 1323 773 1373 ambulandum,
812 1329 856 1365 et
887 1324 1006 1374 igno-

174 1396 275 1424 rans
293 1381 415 1435 quod
432 1381 629 1433 Angelus
649 1385 782 1430 esset,
802 1379 1009 1422 salutavit

175 1451 286 1480 eum.

230 1498 374 1531 Psalmi
412 1498 526 1531 trium
563 1498 673 1531 Noct.
712 1502 753 1531 ut
789 1497 828 1530 in
869 1496 1007 1531 Officio

175 1546 309 1580 votivo
336 1546 382 1579 dc
408 1546 464 1580 Ss.
491 1546 663 1588 Angelis.
688 1545 784 1590 [198]

230 1610 329 1650 Ant.
364 1607 561 1660 Angelus
584 1607 788 1660 Raphael
814 1609 1009 1660 seipsum

176 1665 419 1715 occultans,
453 1665 527 1706 ait:
563 1665 660 1716 Ego
694 1677 792 1705 sum
823 1664 1008 1706 Azarias

175 1722 321 1773 magni
340 1722 525 1763 Ananiae
546 1721 672 1762 filius.

228 1782 325 1822 Ant.
355 1783 519 1823 Sanum
543 1781 703 1823 ducam
726 1781 866 1822 filium
883 1786 1008 1823 tuum

174 1838 217 1879 in
245 1839 471 1890 regionem
498 1836 749 1887 Medorum,
784 1842 827 1879 et
854 1850 1009 1879 sanum

174 1895 254 1937 tibi
273 1895 494 1943 reducam,
511 1894 695 1946 alleluja.

228 1949 276 2001 V.
322 1956 437 1998 Data
481 1961 581 1997 sunt
618 1955 790 2007 Angelo
831 1956 1009 1998 incensa

175 2012 322 2054 multa,
356 2011 406 2062 R.
434 2012 494 2054 Ut
518 2011 719 2054 adoleret
747 2024 799 2054 ea
823 2018 924 2054 ante
950 2013 1007 2054 al-

175 2070 270 2110 tare
290 2072 484 2118 aureum,
505 2067 627 2120 quod
645 2074 713 2110 est
731 2074 832 2110 ante
853 2069 1007 2111 eculos

175 2124 365 2166 Domini.

392 2195 458 2236 De
482 2193 595 2235 libro
621 2193 790 2235 Tobiae.

254 2253 405 2295 Lectio
427 2255 449 2294 i.
750 2247 929 2307 Caps12.

203 2316 478 2376 ὤψόοέινίῒ
509 2314 566 2356 ad
598 2328 645 2356 se
669 2315 837 2356 Tobias
870 2314 1008 2355 filium

190 2381 229 2427 γ’
286 2370 317 2429 [ξ
351 2383 491 2420 suum,
539 2370 738 2422 dixitque
785 2371 840 2412 ei:
892 2370 1008 2420 Quid

350 2428 586 2478 pessumus
638 2427 743 2468 dare
790 2427 885 2468 viro
936 2427 1008 2468 isti

177 2487 347 2530 sancto,
375 2483 448 2534 qui
467 2483 586 2524 venit
605 2482 777 2525 tecum?
806 2484 1006 2536 RespOn-

178 2539 286 2580 dens
312 2538 496 2587 Tobias‚
525 2538 634 2580 dixit
658 2540 775 2592 patri
801 2552 901 2580 suo:
929 2540 1007 2580 Pa-

176 2601 260 2645 ter,
291 2607 422 2647 quam
445 2594 695 2636 mercedem
720 2596 923 2636 dabimus
943 2594 1006 2637 ei?

176 2657 251 2693 aut
279 2650 384 2703 quid
413 2649 591 2700 dignum
619 2651 783 2702 peterit
811 2664 909 2693 esse
934 2652 1006 2693 be-

176 2707 345 2748 neficiis
372 2704 485 2757 ejus?
519 2705 590 2746 Me
616 2706 740 2747 duxit
765 2712 808 2749 et
831 2707 1008 2748 reduxit

1061 285 1229 322 sanum,
1267 271 1502 324 pecuniam
1534 283 1561 311 a
1593 269 1765 311 Gabelo
1799 269 1897 322 ipse

1060 329 1246 381 recepit,
1283 330 1470 370 uxorem
1501 327 1598 380 ipse
1629 339 1700 368 me
1732 325 1897 367 habere

1059 386 1178 435 fecit,
1227 390 1271 427 et
1313 384 1582 427 daemonium
1618 383 1675 425 ab
1713 395 1766 424 ea
1800 383 1896 435 ipse

1059 442 1351 495 compescuit,
1388 440 1598 492 gaudium
1636 438 1896 492 parentibus

1059 500 1151 550 ejus
1171 499 1290 548 feeit,
1315 500 1535 550 meipsum
1558 509 1584 538 a
1608 495 1896 538 devoratione

1058 555 1194 608 piscis
1214 555 1385 607 eripuit,
1404 560 1449 596 te
1470 565 1648 606 quoque
1665 551 1818 594 videre
1838 551 1896 592 fe·

1060 612 1119 654 cit
1143 612 1291 653 lumen
1316 611 1433 660 coeli,
1468 615 1513 652 et
1537 609 1666 652 bonis
1693 608 1897 651 omnibus

1060 682 1141 722 per
1169 682 1269 710 eum
1296 668 1455 721 repleti
1484 679 1648 708 sumus.
1690 664 1808 716 Quid
1834 664 1897 706 illi

1060 725 1118 767 ad
1150 725 1247 766 haec
1279 725 1526 778 poterimus
1555 722 1737 774 dignum
1765 719 1896 763 dare?

1059 781 1147 824 Sed
1162 787 1270 835 peto
1285 787 1329 824 te
1344 786 1472 834 pater
1483 780 1556 832 mi,
1574 783 1623 821 ut
1636 791 1767 830 roges
1786 790 1896 828 eum,

1060 840 1096 880 si
1122 839 1237 880 forte
1264 838 1518 890 dignabitur
1535 835 1822 878 medietatem
1841 834 1897 877 de

1061 895 1281 946 emnibus,
1309 908 1409 948 quae
1429 894 1563 936 allata
1582 897 1701 944 sunt,
1728 891 1812 934 sibi
1831 905 1896 934 as-

1061 956 1248 994 sumere.

1116 1010 1166 1062 Rg.
1182 1010 1234 1051 In
1249 1009 1325 1051 illo
1340 1009 1543 1060 tempore
1560 1006 1780 1048 exauditae
1796 1010 1898 1048 sunt

1061 1079 1218 1119 preces
1237 1066 1471 1108 amberum
1488 1065 1532 1106 in
1548 1065 1792 1117 conspectu
1806 1062 1897 1114 gle-

1061 1124 1139 1165 riae
1175 1123 1334 1165 summi
1367 1123 1467 1164 Dei:
1494 1124 1517 1149 *
1546 1121 1603 1162 Et
1634 1120 1795 1162 missus
1829 1125 1898 1161 est

1061 1180 1259 1232 Angelus
1279 1179 1459 1222 Domini
1486 1182 1664 1220 sanctus
1682 1175 1898 1230 RaphaeL

1062 1242 1110 1278 ut
1130 1239 1303 1279 curaret
1324 1249 1402 1278 eos
1419 1234 1587 1284 ambos,
1608 1246 1797 1287 quorum
1811 1245 1899 1274 uno

1061 1295 1265 1346 tempore
1285 1298 1386 1335 sunt
1406 1292 1631 1334 oratienes
1650 1290 1694 1331 in
1715 1291 1899 1343 conspe·
1969 1340 1971 1344 y

1063 1355 1137 1391 ctu
1155 1350 1336 1391 Demini
1354 1349 1564 1391 recitatae.
1591 1341 1643 1394 V.
1659 1346 1836 1388 -Tobias
1855 1351 1900 1388 et

1063 1406 1170 1447 Sara
1189 1407 1232 1447 in
1251 1405 1535 1448 tribulatione
1554 1403 1700 1457 positi,
1720 1416 1820 1445 cum
1837 1402 1897 1444 la-

1063 1462 1210 1504 crimis
1231 1465 1359 1504 orare
1379 1463 1622 1514 coeperunt.
1650 1460 1718 1501 Et.

1375 1516 1527 1557 Lectio
1547 1516 1587 1556 ii.

1147 1582 1166 1619 t
1193 1578 1405 1618 vocantes
1433 1587 1548 1624 eum,
1575 1577 1703 1626 pater
1730 1571 1900 1614 scilieet

1157 1639 1200 1676 et
1225 1633 1359 1683 filius,
1388 1632 1585 1674 tulerunt
1610 1642 1711 1671 eum
1733 1629 1778 1670 in
1799 1642 1897 1682 par-

1061 1696 1166 1733 tem:
1191 1696 1234 1732 et
1252 1692 1410 1741 rogare
1430 1689 1661 1741 coeperunt
1679 1690 1728 1731 ut
1747 1685 1896 1737 digna-

1062 1750 1182 1790 retur
1220 1746 1446 1789 dimidiam
1481 1749 1655 1798 partem
1691 1743 1896 1793 emnium,

1063 1817 1163 1856 quae
1189 1803 1438 1853 attulerant,
1467 1802 1697 1853 acceptam
1721 1799 1896 1842 habere.

1060 1861 1186 1903 Tunc
1206 1860 1317 1903 dixit
1337 1860 1399 1902 eis
1424 1858 1613 1901 oeciilte:
1637 1855 1896 1899 Benedicite

1061 1919 1206 1960 Deum
1225 1917 1342 1967 coeli,
1369 1922 1412 1959 et
1435 1929 1587 1958 coram
1611 1913 1816 1956 omnibus
1835 1913 1895 1955 vi-

1060 1974 1266 2016 ventibus
1292 1972 1562 2016 confitemini
1586 1971 1643 2020 ei,
1672 1971 1774 2024 quia
1792 1970 1897 2012 fecit

1062 2030 1291 2072 vobiscum
1310 2027 1662 2071 misericerdiam
1676 2039 1812 2069 suam.
1830 2026 1898 2068 Et-

1061 2088 1176 2129 enim
1208 2088 1532 2128 saeramentum
1566 2084 1684 2135 regis
1712 2083 1895 2125 abscen-

1061 2143 1166 2186 dere
1185 2144 1351 2185 bonum
1373 2147 1454 2184 est:
1481 2144 1619 2194 opera
1642 2146 1790 2182 autem
1808 2139 1895 2181 Dei

1060 2200 1258 2242 revelare
1291 2204 1335 2241 et
1366 2198 1569 2240 confiteri
1602 2196 1895 2239 honorificum

1061 2262 1139 2298 est.
1180 2257 1306 2298 Bona
1335 2261 1402 2297 est
1431 2255 1575 2296 oretio
1600 2267 1700 2295 cum
1725 2252 1895 2305 jejunio,

1061 2319 1105 2355 et
1142 2313 1425 2364 eleemosyna
1461 2311 1602 2362 magis
1637 2323 1770 2363 quam
1802 2308 1894 2350 the-

1061 2373 1216 2410 sauros
1253 2369 1347 2410 auri
1382 2367 1643 2417 recendere;
1686 2365 1894 2418 quoniam

1061 2426 1342 2477 eleemosyna
1358 2438 1382 2465 a
1398 2428 1540 2465 morte
1554 2423 1723 2471 liberat,
1739 2426 1783 2463 et
1796 2421 1894 2474 ipsa

1061 2488 1145 2531 est,
1176 2495 1275 2534 quae
1304 2486 1465 2534 purgat
1490 2481 1692 2532 peccata,
1723 2483 1766 2519 et
1791 2477 1894 2519 facit

1060 2539 1255 2580 invenire
1293 2535 1641 2578 misericordiam
1677 2539 1721 2576 et
1757 2534 1893 2575 vitam

1061 2597 1281 2636 aeternam.
1318 2593 1402 2644 Qui
1428 2597 1575 2633 autem
1603 2591 1768 2632 faciunt
1793 2602 1893 2643 pec-

1061 2653 1209 2692 eatum
1234 2655 1277 2692 et
1301 2649 1594 2701 iniquitatem,
1618 2646 1771 2688 hostes
1791 2650 1892 2687 sunt

1061 2708 1218 2748 animae
1243 2719 1345 2747 suae.
1378 2704 1612 2746 Manifesto
1638 2716 1744 2754 ergo
1764 2702 1892 2744 vobis
