2040 2944
179 177 271 221 [274]

401 270 448 307 In
477 269 526 307 ΙΙ.
556 268 780 307 Nocturno.

479 332 631 373 Lectio
651 332 703 371 iv.

187 452 189 454 ¹
215 426 251 452 2
273 406 412 457 etrus
449 399 606 440 Claver
642 397 869 449 Hispanus
903 396 1012 438 Ver-

253 460 286 507 2051
313 456 419 498 duni
441 461 587 504 natus,
618 452 786 507 oppido
813 452 1012 494 Catalau-

308 513 411 562 niae,
457 511 667 554 Societati
704 511 810 551 Jesu
850 521 1012 550 nomen

178 570 300 612 dedit
319 569 578 611 adolescens
596 566 794 608 moribus
808 565 1012 606 innocen-

176 627 367 668 tissimis.
413 624 638 666 Tirocinio
672 622 729 664 ad
761 621 1012 674 exemplum

177 684 352 725 functus
391 695 442 724 ac
483 680 642 722 litteris
679 678 1012 720 humanioribus

178 739 379 782 excultus
412 739 457 779 in
488 737 741 778 Balearium
774 735 1011 776 maximam

176 796 346 848 trajecit
365 793 663 848 philosophiae
684 795 866 845 operam
888 790 1011 832 datu-

177 866 262 894 rus.
300 852 369 893 Ibi
388 850 622 903 Alphonso
642 848 914 899 Rodriguez,
938 847 1012 899 qui

176 909 314 950 multa
350 907 405 949 de
442 907 591 949 futuro
627 906 717 956 ejus
755 904 1012 958 apostolatu

177 971 310 1018 atque
331 964 603 1018 amplissimo
622 963 667 1003 in
687 962 811 1004 coelis
824 961 1010 1014 praemio

177 1022 386 1064 divinitus
407 1023 657 1074 acceperat,
676 1020 751 1073 pia
770 1018 1010 1060 necessitu-

178 1079 279 1121 dine
300 1079 569 1131 conjunctus,
591 1075 860 1118 sublimioris
881 1074 936 1116 ab
957 1088 1010 1117 eo

177 1137 352 1178 virtutis
377 1138 538 1178 arcana
558 1136 830 1187 paratosque
850 1132 933 1174 sibi
951 1132 1010 1173 la-

176 1194 309 1235 bores
329 1192 515 1235 edoctus
533 1196 609 1233 est.
637 1189 748 1232 Inde
765 1191 1011 1239 revocatus,

176 1250 415 1301 theologiae
458 1247 723 1290 curriculum
763 1247 1012 1288 Barcinone

177 1307 287 1355 iniit,
314 1305 395 1348 sed
415 1305 556 1347 altero
578 1317 691 1345 anno
710 1305 1012 1346 transmittere

177 1364 320 1415 jussus
365 1363 410 1403 in
456 1362 723 1410 Americam,
774 1360 1012 1412 abruptum

178 1419 425 1460 studiorum
450 1431 626 1459 cursum
648 1418 693 1458 in
711 1416 821 1458 urbe
839 1417 1011 1458 Sanctae

178 1475 305 1517 Fidei
333 1474 577 1526 Bogotensi
609 1474 808 1516 confecit.
850 1473 1013 1515 Postea

180 1532 492 1582 Carthaginem
523 1530 581 1572 ad
613 1544 738 1572 oram
772 1530 904 1571 maris
936 1530 1012 1572 At-

178 1589 339 1638 lantici,
366 1601 454 1641 quo
474 1588 665 1641 primum
684 1587 929 1640 appulerat,
948 1600 1012 1629 re-

178 1647 348 1694 versus,
381 1650 424 1687 et
451 1644 703 1686 sacerdotio
734 1649 905 1693 auctus,
937 1644 1011 1685 Ni-

178 1703 302 1753 gritis
324 1702 442 1755 turpi
466 1703 664 1743 mercatu
683 1700 787 1742 illuc
809 1699 1012 1742 abductis

179 1759 314 1800 vitam
326 1772 461 1809 suam,
475 1758 739 1811 interposita
750 1758 1013 1799 sacramenti

178 1815 282 1865 fide,
310 1815 442 1868 plane
467 1814 658 1857 devovit.
694 1815 746 1855 In
770 1813 838 1854 his
863 1819 1012 1855 autem

179 1872 381 1914 doctrina
400 1871 638 1913 christiana
655 1870 906 1912 imbuendis
926 1869 1012 1912 dici

178 1929 251 1970 vix
278 1934 428 1981 potest
455 1932 619 1980 quanta
642 1927 855 1980 patientia
879 1932 923 1968 et
944 1940 1011 1968 ca-

178 1985 307 2027 ritate
335 1997 475 2026 annos
503 1984 693 2037 amplius
720 1983 1013 2036 quadraginta

177 2040 458 2083 insudaverit.

230 2105 278 2157 R.
313 2107 562 2148 Honestum
585 2105 689 2147 fecit
715 2105 837 2146 illum
862 2105 1011 2146 Domi-

178 2175 275 2212 nus,
300 2168 343 2204 et
363 2161 600 2204 custodivit
620 2175 720 2203 eum
740 2161 795 2202 ab
815 2161 1011 2212 inimicis,

180 2223 223 2259 et
250 2232 276 2259 a
304 2218 611 2260 seductoribus
639 2218 800 2259 tutavit
828 2218 965 2259 illum:
986 2220 1008 2243 *

179 2274 236 2315 Et
268 2274 389 2317 dedit
421 2275 483 2316 illi
516 2275 760 2316 claritatem
791 2276 1011 2316 aeternam.

179 2324 228 2375 V.
263 2331 435 2373 Justum
467 2330 650 2373 deduxit
682 2331 899 2372 Dominus
932 2344 1012 2383 per

179 2387 273 2427 vias
293 2395 452 2437 rectaS,
474 2393 517 2429 et
534 2387 727 2429 ostendit
747 2387 806 2428 illi
828 2400 1011 2439 regnum

179 2442 273 2483 Dei.
300 2443 357 2484 Et
377 2442 508 2484 dedit.

489 2521 638 2561 Lectio
661 2536 696 2561 v.

186 2581 333 2687 Non
359 2592 511 2631 eorum
532 2591 686 2631 animis
706 2591 850 2632 solum
869 2591 949 2633 sed
969 2598 1012 2634 et

290 2646 553 2698 corporibus
581 2647 881 2698 opitulabatur
907 2650 1010 2688 assi-

179 2703 276 2744 due.
315 2703 374 2744 Ut
399 2714 533 2743 naves
560 2702 727 2744 eisdem
755 2707 928 2745 onustae
955 2703 1012 2745 ad

657 174 725 207 Die
751 175 781 206 9,
808 174 910 215 Sept.
958 172 992 206 S.
1018 172 1122 206 Petri
1147 172 1288 206 Claver
1310 171 1419 205 Conf.

1066 266 1314 318 emporium
1333 263 1442 306 illud
1461 264 1762 317 appellebant,
1787 277 1899 317 prae-

1066 327 1137 364 sto
1157 322 1312 364 aderat
1325 322 1495 368 Petrus,
1514 320 1805 374 hominesque
1823 321 1900 362 mi-

1066 379 1181 420 seria
1213 379 1456 428 confectos,
1494 390 1576 419 ceu
1607 382 1735 430 pater
1765 377 1900 428 filios,

1064 438 1347 488 peramanter
1363 434 1677 487 complectenS,
1695 434 1825 476 nudis
1838 434 1899 476 in-

1065 492 1290 542 dumenta,
1323 490 1617 534 esurientibus
1649 504 1812 542 escam,
1844 505 1900 533 ae—

1063 549 1153 600 gris
1163 548 1455 591 medicamina
1465 547 1792 601 suppeditabat.
1806 548 1900 591 Lue

1064 606 1277 658 pestifera
1296 605 1367 647 vel
1391 604 1487 646 aliis
1510 604 1679 647 morbis
1701 604 1900 654 infectos,

1063 662 1170 703 nihil
1199 661 1254 704 de
1283 664 1432 714 seipso
1463 661 1695 712 sollicitus,
1723 674 1828 704 cura
1855 667 1900 704 et

1065 732 1151 772 ope
1174 718 1351 760 levabat
1375 718 1607 772 peculiari,
1635 718 1755 760 visus
1779 718 1901 760 haud

1064 789 1164 818 raro
1185 774 1364 829 putrida
1384 777 1538 817 eorum
1556 775 1722 826 ulcera,
1746 788 1899 818 nause-

1065 835 1166 874 ante
1185 831 1486 885 nequidquam
1509 835 1682 882 natura,
1707 834 1900 875 tractare

1065 889 1324 940 studiosius,
1351 889 1522 931 eximiis
1541 888 1643 930 inde
1664 888 1899 931 charisma-

1063 947 1120 988 tis
1141 960 1167 988 a
1184 947 1282 988 Deo
1308 946 1525 998 dignatus.
1560 945 1855 999 Quamplures
1875 959 1900 987 a

1063 1002 1247 1045 medicis
1267 1002 1531 1057 desperatos
1553 1002 1701 1045 subito
1721 1002 1901 1044 sanitati

1064 1060 1272 1110 restituit,
1301 1060 1452 1101 multis
1478 1059 1711 1102 oculorum
1734 1058 1900 1100 lumine

1065 1117 1207 1170 captis
1225 1117 1370 1158 visum
1392 1115 1602 1167 reddidit,
1627 1121 1719 1158 tres
1741 1128 1768 1157 a
1786 1117 1900 1157 mor-

1064 1174 1151 1216 tuis
1172 1174 1392 1215 excitavit.
1425 1172 1614 1215 Pallium
1632 1186 1760 1214 suum
1781 1171 1903 1226 quod

1065 1231 1195 1282 aegris
1237 1230 1468 1284 imponere
1505 1229 1576 1272 vel
1619 1229 1902 1272 substernere

1066 1287 1254 1338 solebat,
1279 1287 1578 1329 ulceratorum
1603 1285 1812 1328 sordibus
1837 1290 1902 1328 ut-

1066 1347 1256 1396 cumque
1281 1344 1574 1396 inquinatum,
1603 1342 1790 1385 odorem
1812 1355 1902 1385 non

1067 1400 1247 1442 efflabat
1266 1400 1351 1441 nisi
1370 1400 1695 1450 suavissimum,
1720 1400 1909 1452 ejusque

1066 1459 1276 1498 contactu
1311 1456 1461 1509 plures
1500 1457 1726 1499 teterrime
1763 1468 1902 1507 aegro-

1065 1515 1211 1556 tantes
1229 1515 1412 1566 repente
1433 1513 1762 1555 convaluerunt.

1117 1589 1167 1640 R.
1187 1587 1368 1630 Amavit
1391 1601 1491 1630 eum
1509 1587 1739 1637 Dominus,
1764 1590 1809 1628 et
1833 1598 1900 1628 or-

1066 1645 1187 1686 navit
1220 1658 1336 1687 eum:
1376 1645 1539 1687 stolam
1574 1644 1728 1696 gloriae
1759 1642 1903 1686 induit

1067 1713 1178 1751 eum,
1196 1702 1219 1725 *
1240 1702 1298 1744 Et
1316 1701 1374 1743 ad
1390 1706 1545 1754 portas
1561 1699 1758 1754 paradisi
1776 1712 1900 1741 coro-

1066 1758 1187 1800 navit
1202 1771 1312 1800 eum.
1335 1752 1385 1803 W.
1406 1758 1556 1800 Induit
1571 1770 1672 1800 eum
1685 1756 1902 1798 Dominus

1066 1814 1250 1857 loricam
1267 1815 1385 1866 fidei,
1407 1820 1451 1858 et
1470 1815 1645 1857 ornavit
1664 1827 1776 1856 eum.
1802 1813 1870 1855 Et.

1367 1895 1520 1937 Lectio
1541 1895 1594 1936 vi.

1133 1968 1344 2011 aboribus
1369 1969 1487 2011 circa
1504 1969 1546 2010 N
1549 1968 1701 2020 igritas
1724 1966 1902 2009 minime

1157 2025 1334 2076 fractus,
1349 2025 1572 2067 haereticis
1589 2038 1689 2067 cum
1702 2023 1903 2066 Ecclesia

1066 2081 1418 2132 reconciliandis,
1471 2081 1795 2123 Mahumetanis
1845 2079 1902 2122 ad

1067 2138 1290 2181 Christum
1352 2137 1656 2188 traducendis,
1732 2136 1902 2179 civibus

1067 2196 1198 2237 etiam
1242 2195 1516 2247 advenisque
1560 2195 1657 2236 aliis
1699 2193 1901 2246 juvandis

1067 2254 1250 2305 operam
1268 2251 1500 2305 impendit3
1521 2251 1680 2303 dignus
1698 2252 1900 2304 propter-

1067 2322 1118 2350 ea
1148 2310 1223 2361 qui
1250 2322 1275 2350 a
1303 2308 1509 2350 Patribus
1540 2307 1715 2350 concilii
1743 2307 1900 2348 Tarra-

1066 2366 1287 2415 conensis,
1315 2366 1359 2406 in
1386 2365 1609 2407 communi
1633 2364 1690 2406 ad
1714 2363 1901 2405 Benedi-

1066 2428 1186 2464 ctum
1223 2422 1442 2463 decimum
1478 2421 1657 2463 tertium
1694 2419 1901 2473 epistola,

1065 2479 1176 2520 alter
1195 2478 1430 2520 Societatis
1449 2478 1474 2518 J
1477 2491 1555 2519 esu
1578 2477 1800 2518 Xaverius
1826 2489 1900 2529 ap-

1065 2535 1316 2587 pellaretur.
1391 2532 1618 2586 Quidquid
1669 2535 1901 2586 supererat

1065 2592 1280 2645 temporis
1301 2591 1437 2633 dabat
1457 2589 1836 2642 contemplationi,
1857 2593 1901 2630 et

1066 2654 1171 2700 post
1195 2648 1377 2690 diurnos
1395 2647 1573 2688 labores
1592 2646 1837 2699 precationi
1855 2646 1900 2687 in

1065 2717 1209 2746 seram
1236 2709 1412 2746 noctem
1439 2703 1642 2745 instabat.
1685 2703 1899 2745 Castimo-
