2040 2944
716 169 788 203 Die
812 169 865 202 23.
891 168 971 202 Oet.
1018 168 1075 202 Ss.
1101 168 1385 211 Redemptoris.

237 266 468 307 Permanet
507 265 551 305 in
587 265 801 305 aetornum
835 263 880 304 in
917 276 1017 305 con-

184 324 340 374 spectu
380 321 478 362 Dei:
521 322 545 348 *
585 320 933 362 misericordiam
975 324 1018 362 et

184 378 414 420 veritatem
442 378 532 429 eius
562 377 659 429 quis
686 376 903 429 requiret?

235 438 306 480 Sic
334 438 552 491 psalmum
580 437 723 479 dicam
748 437 914 479 nomini
939 442 1017 479 tuo

183 495 225 535 in
259 494 469 536 saeculum
506 494 671 535 saecffi:
699 496 723 521 *
751 499 799 535 ut
834 493 1018 536 reddam

183 555 286 593 vota
313 564 411 593 mea
439 551 494 593 de
523 550 594 593 die
621 551 666 592 in
694 550 822 592 diem.

238 614 338 652 Ant.
372 613 467 663 Ego
496 617 644 654 autem
675 611 734 653 ad
760 611 906 653 Deum
933 611 1017 653 cla-

182 668 309 719 mavi,
338 674 382 710 et
410 668 627 710 Dominus
655 668 842 710 salvavit
870 681 952 710 me.

236 731 336 771 Ant.
367 731 486 772 Deus
505 742 640 779 1116118,
659 729 864 772 Salvator
881 742 1017 779 meus,

182 786 374 828 salutare
392 799 555 836 meum,
583 791 628 828 61
653 799 757 839 spes
781 799 880 828 mea
898 786 942 827 in
961 799 1016 827 ae-

181 843 364 884 ternum.

456 902 656 942 Psalmus
678 902 741 941 74.

257 964 539 1006 onfitebimur
562 964 643 1006 tibi
667 964 807 1006 Deus:
833 966 857 992 *
883 966 1016 1006 confi-

285 1020 494 1071 tebimur,
530 1025 574 1062 et
606 1021 910 1063 invocabimus
941 1034 1016 1063 no-

180 1090 282 1119 men
309 1082 445 1119 tuum.

231 1138 522 1181 Narrabimus
536 1139 755 1181 mirabilia
768 1143 860 1180 tua:
877 1139 901 1166 *
916 1152 1015 1181 cum

180 1197 397 1294 acet-§gero
424 1201 615 1248 tempus,
642 1208 725 1247 ego
751 1196 938 1248 iustitias
956 1197 1015 1248 ju-

181 1252 280 1294 dica
315 1264 353 1294 o.

232 1313 493 1365 Liquefacta
521 1318 589 1355 est
616 1319 753 1361 terra,
786 1318 830 1355 et
863 1326 1016 1355 omnes

182 1369 256 1422 qui
287 1368 489 1411 habitant
522 1370 566 1410 in
596 1383 666 1412 ea:
693 1370 717 1396 *
746 1382 829 1420 ego
859 1370 1015 1411 confir-

179 1425 297 1467 mavi
325 1425 554 1467 columnas
583 1427 686 1478 ejus.

231 1486 335 1526 Dixi
349 1486 525 1538 iniquis:
540 1487 691 1529 Nolite
706 1487 854 1540 inique
870 1489 1015 1539 agere:

180 1543 203 1567 *
237 1547 281 1583 et
309 1541 684 1595 delinquentibus:
715 1543 867 1586 Nolite
901 1544 1015 1589 exal:

182 1600 277 1639 tare
307 1611 460 1640 cornu:

231 1659 382 1701 Nolite
409 1660 622 1702 extollere
648 1661 692 1701 in
717 1660 855 1702 altum
879 1674 1016 1703 cornu

181 1721 392 1757 vestrum:
425 1717 449 1742 *
481 1716 619 1758 nolite
651 1717 774 1769 loqui
801 1716 1015 1760 adversus

180 1771 326 1813 Deum
353 1772 641 1825 iniquitatem.

234 1832 346 1882 Quia
377 1845 521 1885 neque
554 1833 610 1875 ab
642 1834 840 1885 Oriente,
872 1847 1016 1887 neque

181 1888 236 1930 ab
275 1888 536 1939 Occidente,
583 1902 727 1942 neque
767 1903 792 1932 a
829 1890 1016 1933 desertis

181 1944 420 1987 montibus:
446 1947 469 1972 *
501 1946 708 1998 quoniam
734 1947 856 1989 Deus
884 1947 1016 2000 judex

184 2005 261 2042 est.

232 2057 362 2099 Hunc
388 2057 601 2110 humiliat,
628 2064 671 2101 et
699 2059 815 2102 hunc
835 2060 1015 2103 exaltat:

181 2113 204 2137 '⁸‘
230 2113 332 2165 quia
359 2114 472 2156 calix
497 2115 542 2156 in
567 2129 698 2157 manu
722 2116 902 2158 Domini
926 2117 1016 2159 vini

183 2169 292 2210 meri
320 2170 478 2222 plenus
506 2172 650 2214 misto.

235 2230 292 2271 Et
316 2231 540 2275 inclinavit
567 2246 621 2275 ex
642 2233 727 2275 hoc
751 2234 795 2274 111
814 2234 918 2276 hoc:
944 2247 1014 2276 ve-

182 2288 427 2328 rumtamen
450 2289 536 2330 faex
556 2291 646 2341 ejus
665 2303 754 2331 non
781 2296 848 2332 est
872 2291 1015 2332 exina-

182 2343 290 2382 nita:
327 2344 350 2369 *
384 2343 537 2387 bibent
570 2358 723 2388 01111168
755 2349 1015 2399 peccatores

182 2402 324 2439 terrae.

234 2458 330 2509 Ego
350 2464 498 2501 autem
522 2463 792 2505 annuntiabo
817 2463 860 2504 in
879 2466 1014 2505 saecu-

183 2515 289 2556 lum:
308 2516 331 2541 *
351 2517 538 2558 cantabo
558 2518 656 2560 Deo
677 2519 828 2562 Jacob.

235 2576 293 2617 Et
332 2576 478 2617 omnia
524 2581 689 2620 cornua
728 2583 1015 2632 peccatorum

184 2632 470 2683 confringam:
489 2634 512 2658 *
534 2639 577 2675 61
593 2636 901 2679 exaltabuntur
921 2639 1013 2679 cor-

184 2701 270 2730 nua
288 2688 399 2740 justi.

1128 267 1228 306 Ant.
1254 266 1374 306 Deus
1393 277 1530 314 meus,
1547 265 1751 308 Salvator
1769 279 1905 316 1116118,

1071 319 1264 362 831111316
1288 333 1447 370 111611111,
1474 326 1518 363 61
1542 334 1646 374 spes
1664 331 1764 365 mea
1786 323 1830 364 in
1850 337 1904 365 ae-

1070 378 1254 419 1611111111.

1126 442 1227 483 Ant.
1281 439 1513 481 Protector
1557 444 1710 482 noster
1755 440 1904 493 aspice

1071 495 1204 545 Deus,
1231 500 1275 537 et
1299 495 1471 548 respice
1495 495 1540 537 in
1565 496 1724 538 faciem
1743 496 1906 540 Christi

1344 603 1546 644 Psalmus
1575 604 1640 644 83.

1151 673 1252 702 uam
1304 661 1465 703 dilecta
1504 661 1791 704 tabernacula
1829 667 1906 704 tua

1173 717 1272 759 Dfie
1303 718 1531 760 virtutum:
1562 718 1587 744 *
1621 719 1904 772 concupiscit,

1071 778 1115 815 et
1134 773 1283 816 deficit
1303 774 1448 816 anima
1464 787 1564 817 mea
1581 775 1627 816 in
1647 775 1758 817 atria
1771 775 1873 831 Dffi.

1125 831 1212 872 Cor
1231 843 1393 881 meum,
1413 836 1458 873 et
1478 844 1581 874 caro
1601 844 1702 874 mea
1719 832 1744 858 *
1763 831 1904 874 exsul-

1070 889 1275 929 taverunt
1293 888 1338 928 in
1356 888 1502 930 Deum
1518 889 1678 930 vivum.

1122 945 1298 986 Etenim
1329 957 1484 998 passer
1514 945 1680 988 1111761111
1712 945 1797 988 sibi
1829 945 1904 987 do-

1070 1014 1204 1043 mum:
1228 1001 1252 1027 *
1276 1006 1320 1043 et
1346 1006 1492 1044 turtur
1519 1002 1672 1044 nidum
1697 1002 1797 1053 sibi,
1829 1001 1906 1044 ubi

1069 1063 1208 1110 ponat
1226 1058 1373 1111 pullos
1392 1071 1508 1100 suos.

1121 1114 1293 1156 Altaria
1316 1119 1394 1157 tua
1411 1115 1603 1158 Domine
1628 1115 1856 1158 virtutum:
1880 1116 1904 1142 *

1069 1171 1168 1213 Rex
1187 1184 1322 1222 meus,
1342 1176 1386 1213 et
1403 1171 1526 1213 Deus
1545 1185 1681 1215 meus.

1123 1228 1265 1278 Beati,
1295 1228 1370 1281 qui
1387 1228 1590 1271 habitant
1608 1229 1654 1270 in
1675 1229 1810 1271 domo
1829 1234 1905 1271 tua

1068 1284 1273 1327 Domine:
1304 1285 1329 1311 *
1360 1285 1405 1326 in
1442 1286 1606 1328 saecula
1640 1285 1906 1328 saeculorum

1069 1341 1312 1383 laudabunt
1329 1346 1385 1384 te.

1054 588 1058 594 .
1070 551 1146 592 tui.

1121 1398 1288 1440 Beatus
1320 1399 1407 1449 vir,
1440 1399 1562 1450 cujus
1595 1403 1663 1441 est
1695 1399 1906 1441 auxilium

1069 1455 1149 1496 abs
1169 1459 1228 1496 te:
1247 1455 1271 1481 *
1291 1456 1573 1497 ascensiones
1596 1456 1641 1496 in
1664 1456 1800 1498 corde
1824 1468 1905 1498 suo

1071 1511 1310 1564 disposuit,
1338 1512 1383 1553 in
1410 1511 1524 1554 valle
1551 1512 1833 1555 lacrimarum
1859 1513 1904 1554 in

1069 1566 1181 1618 loco,
1203 1581 1334 1620 quem
1353 1569 1514 1621 posuit.

1121 1624 1297 1666 Etenim
1320 1624 1676 1667 benedictionem
1701 1625 1824 1668 dabit
1846 1625 1904 1668 le-

1068 1680 1269 1731 gislator,
1298 1681 1424 1723 ibunt
1448 1681 1504 1724 de
1523 1682 1685 1724 virtute
1709 1682 1754 1723 in
1771 1682 1904 1724 virtu-

1068 1742 1173 1779 tem:
1197 1738 1221 1764 *
1246 1737 1469 1780 videbitur
1495 1739 1618 1781 Deus
1648 1738 1834 1781 deorum
1859 1739 1905 1780 in

1069 1793 1184 1836 Sion.

1121 1850 1310 1892 Domine
1342 1851 1465 1893 Deus
1498 1851 1712 1893 virtutum
1745 1851 1904 1893 exaudi

1070 1907 1315 1949 orationem
1340 1920 1499 1949 meam:
1518 1908 1543 1934 *
1562 1907 1742 1950 auribus
1765 1908 1904 1960 perci-

1068 1975 1125 2015 pe
1144 1963 1266 2005 Deus
1285 1963 1437 2006 Jacob.

1120 2019 1354 2062 Protector
1378 2025 1530 2062 noster
1553 2020 1702 2073 aspice
1724 2021 1861 2062 Deus:
1880 2021 1904 2047 *

1069 2080 1113 2118 et
1131 2076 1302 2129 respice
1321 2077 1365 2117 in
1383 2077 1542 2118 faciem
1562 2076 1724 2119 Christi
1741 2077 1820 2119 tui:

1122 2133 1234 2183 Quia
1252 2133 1409 2175 11161101
1426 2138 1494 2175 681
1509 2133 1604 2176 (1168
1621 2146 1707 2175 11113
1721 2133 1766 2174 111
1782 2133 1904 2175 311118

1068 2188 1167 2238 11118,
1186 2189 1210 2214 *
1231 2202 1364 2241 super
1382 2189 1529 2231 millia.

1119 2245 1245 2297 Elegi
1264 2245 1461 2298 abjectus
1480 2259 1578 2288 esse
1600 2247 1645 2287 in
1664 2246 1798 2288 domo
1818 2246 1903 2287 Dei

1068 2302 1169 2343 mei:
1188 2302 1211 2327 *
1231 2303 1370 2353 magis
1396 2315 1528 2355 quam
1551 2302 1750 2344 habitare
1773 2302 1817 2343 in
1841 2307 1902 2344 ta-

1068 2357 1318 2399 bernaculis
1338 2361 1636 2411 peccatorum.

1121 2414 1233 2464 Quia
1243 2414 1602 2464 misericordiam,
1617 2420 1661 2456 et
1671 2414 1903 2456 veritatem

1069 2468 1208 2520 diligit
1227 2471 1363 2512 Deus:
1382 2472 1406 2497 *
1424 2471 1626 2522 gratiam,
1651 2475 1694 2512 et
1718 2470 1903 2521 gloriam

1069 2525 1191 2568 dabit
1209 2527 1439 2568 Dominus.

1120 2582 1222 2624 Non
1241 2583 1433 2635 privabit
1452 2583 1581 2624 bonis
1602 2595 1694 2632 eos,
1721 2583 1796 2635 qui
1816 2585 1901 2624 am-

1068 2638 1221 2680 bulant
1231 2640 1275 2680 in
1284 2639 1517 2681 inocentia:
1532 2639 1556 2664 *
1567 2639 1665 2680 Dfie
1680 2639 1902 2689 virtutum,

1067 2694 1225 2737 beatus
1245 2695 1392 2746 homo,
1411 2695 1486 2747 qui
1506 2701 1657 2747 sperat
1675 2696 1719 2736 in
1738 2701 1794 2737 te.
