2040 2944
179 200 252 235 250
474 194 545 228 Die
569 192 621 226 29.
648 191 745 231 Aug.
792 188 833 221 In
858 185 1126 221 Decollatione
1151 183 1185 217 S.
1210 182 1375 217 Joannis
1399 180 1598 225 Baptistae.

515 285 679 327 Oratio.

186 354 369 460 Sancti
386 358 410 398 J
414 355 566 398 oannis
582 353 798 405 Baptistae
812 350 1005 390 Praecur-

276 415 387 457 soris
421 418 463 454 et
495 409 701 462 Martyris
737 407 801 449 tui
838 408 1006 459 quaesu-

181 486 277 514 mus
293 470 496 512 Domine:
514 464 766 509 veneranda
785 463 1009 510 festivitas,

182 527 382 570 salutaris
401 525 549 567 auxilii
567 523 694 565 nobis
713 524 896 575 praestet
911 518 1008 560 effe·
1074 521 1094 549 Α

182 591 315 628 etum:
334 584 418 635 Qui
436 582 548 624 vivis
567 586 611 623 et
630 591 798 631 regnas.

235 650 383 685 Deinde
408 649 449 682 fit
473 656 669 682 commem.
694 643 859 689 praeced.

235 712 335 752 Ant.
361 710 398 750 O
410 709 581 750 Doctor
602 706 780 759 Optime,
798 703 1010 745 Ecclesiae

183 772 347 810 sanctae
362 766 519 815 lumen,
534 764 665 806 beate
678 762 934 812 Augustine,
950 759 1012 800 di-

182 827 294 866 vinae
320 823 430 873 legis
456 823 637 870 amator,
664 819 904 872 deprecare
928 828 1011 869 pro

183 880 310 923 nobis
331 879 487 920 Filium
507 877 600 919 Dei.

237 944 288 995 V.
304 949 329 990 J
331 954 477 990 ustum
497 945 681 989 deduxit
699 943 914 985 Dominus
932 953 1013 995 per

185 1007 278 1048 vias
304 1010 458 1047 rectas.
498 1005 548 1056 Rv.
567 1003 625 1044 Et
650 1000 843 1043 ostendit
865 999 927 1040 illi
949 1011 1012 1040 re-

185 1076 318 1115 gnum
345 1061 439 1103 Dei.

523 1125 687 1168 Oratio.

187 1188 388 1295 Aiesto
417 1188 812 1244 supplicationibus
840 1187 1015 1237 nostris,

308 1251 587 1301 omnipotens
614 1247 751 1287 Deus:
786 1249 830 1286 et
859 1243 1015 1296 quibus

187 1305 394 1347 fiduciam
419 1301 651 1358 sperandae
674 1301 851 1356 pietatis
876 1300 1015 1342 indul-

187 1375 275 1413 ges,
295 1361 595 1403 intercedente
615 1359 748 1401 beato
769 1359 1016 1408 Augustino

190 1419 453 1461 Confessore
502 1422 580 1458 tuo
626 1421 759 1468 atque
804 1415 1017 1457 Pontifice

189 1477 413 1518 consuetae
438 1472 751 1515 misericordiae
777 1471 920 1514 tribue
944 1471 1016 1514 be-

188 1534 344 1584 nignus
363 1531 578 1573 effectum.

245 1598 386 1632 Postea
411 1596 445 1631 S.
471 1595 627 1631 Sabinae
651 1594 759 1628 Mart.

245 1659 344 1698 Ant.
363 1657 510 1699 Simile
526 1660 594 1698 est
608 1669 791 1708 regnum
806 1656 1020 1698 coelorum

191 1715 357 1757 homini
370 1714 636 1766 negotiatori
652 1713 866 1766 quaerenti
880 1711 1020 1754 bonas

190 1774 465 1822 margaritas:
495 1771 673 1812 inventa
702 1783 787 1811 una
813 1769 1020 1823 pretiosa,

193 1827 314 1870 dedit
352 1828 497 1869 omnia
530 1841 626 1878 sua,
668 1832 711 1869 et
747 1825 1022 1879 comparavit

193 1898 301 1927 eam.

248 1938 301 1990 V.
321 1945 476 1998 Specie
509 1951 586 1987 tua
620 1950 664 1987 et
695 1944 1022 1997 pulchritudine

192 2008 278 2046 tua.
310 2000 360 2051 Rp-
374 2001 570 2053 Intende,
589 2004 803 2055 prospere
817 2000 1022 2055 procede,

195 2064 239 2102 et
256 2071 403 2111 regna.

528 2118 692 2159 Oratio.

284 2202 373 2239 euS,
403 2190 478 2242 qui
503 2190 615 2231 inter
642 2191 788 2231 cetera
811 2189 1023 2242 potentiae

308 2251 397 2288 tuae
428 2246 653 2295 miracula,
687 2246 818 2287 etiam
845 2245 889 2286 in
917 2258 1025 2287 sexu

198 2302 339 2353 fragili
365 2301 594 2344 victoriam
620 2302 817 2355 martyrii
844 2301 1024 2344 eontuli-

199 2359 272 2400 sti:
295 2358 488 2400 concede
507 2359 740 2412 propitius3
764 2363 812 2400 ut
831 2358 905 2410 qui
923 2357 1024 2400 bea-

199 2419 258 2456 tae
284 2415 456 2456 Sabinae
483 2415 688 2468 Martyris
715 2421 803 2458 tuae
831 2415 1027 2456 natalitia

201 2470 399 2520 colimus,
431 2484 510 2524 per
543 2472 632 2523 ejus
665 2471 722 2513 ad
752 2477 796 2514 te
825 2471 1027 2524 exempla

201 2527 461 2579 gradiamur.
487 2528 572 2569 Per
599 2529 847 2570 Dominum.

362 2616 449 2657 Ad
479 2617 867 2659 Matutinum.

255 2679 391 2714 Omnia
414 2679 460 2714 de
480 2680 681 2714 Communi
701 2681 815 2715 unius
831 2680 941 2714 Mart.
959 2682 1028 2726 [21]

203 2734 344 2771 praeter
368 2729 578 2771 sequentia.

1307 279 1356 319 In
1377 278 1407 317 Ι.
1428 278 1652 317 Nocturno.

1153 345 1313 398 Incipit
1331 345 1356 386 J
1359 344 1543 386 eremias
1562 339 1796 394 Propheta.

1196 420 1351 462 Lectio
1371 420 1395 459 i.
1613 416 1716 470 Cap.
1736 417 1766 456 1.

1077 484 1323 541 ſtri
1358 483 1382 524 J
1386 483 1560 524 eremiae
1599 480 1677 521 filii
1713 478 1894 527 Helciae‚

1074 542 1103 577 ἓ
1143 563 1154 582 s
1171 534 1205 602 4:¹3
1237 541 1292 583 de
1330 537 1651 587 sacerdotibus,
1696 535 1771 589 qui
1805 535 1893 576 fue-

1080 600 1086 606 ”
1111 602 1125 618 ”
1236 603 1337 640 runt
1360 598 1403 638 in
1427 594 1666 644 Anathoth‚
1689 593 1734 635 in
1754 593 1894 634 Terra

1062 656 1300 709 Benjamin.
1347 652 1478 704 Quod
1510 652 1674 694 factum
1707 654 1775 692 est
1801 661 1895 691 ver-

1062 714 1168 756 bum
1186 711 1364 754 Domini
1388 709 1445 752 ad
1469 723 1568 751 eum
1587 708 1631 749 in
1650 707 1805 750 diebus
1824 706 1848 747 J
1852 718 1895 748 o-

1064 774 1140 812 siae
1159 770 1238 811 filii
1252 770 1398 810 Amon
1412 767 1528 818 regis
1543 766 1566 806 J
1568 764 1666 815 uda,
1687 764 1731 805 in
1747 763 1896 806 tertio-

1065 827 1236 870 decimo
1256 838 1370 868 anno
1389 823 1511 875 regni
1531 823 1634 875 ejus.
1662 821 1719 863 Et
1733 821 1898 863 factum

1066 890 1133 927 est
1150 884 1195 925 in
1214 883 1370 925 diebus
1388 882 1413 922 J
1416 880 1564 923 oakim
1583 879 1661 920 filii
1679 879 1703 920 J
1707 880 1815 920 osiae
1834 890 1898 919 re-

1065 942 1132 993 gis
1155 939 1281 990 Juda,
1308 951 1449 991 usque
1475 937 1533 979 ad
1559 934 1898 978 consummatio-

1066 1011 1166 1040 nem
1198 995 1419 1038 undecimi
1455 994 1556 1036 anni
1587 991 1786 1035 Sedeciae
1821 990 1901 1032 fssii
1938 999 1940 1001 ·

1066 1055 1091 1097 J
1094 1057 1201 1097 osiae
1224 1053 1340 1105 regis
1364 1050 1489 1102 Juda,
1514 1062 1656 1103 usque
1681 1048 1738 1092 ad
1759 1054 1898 1092 trans-

1066 1111 1375 1163 migrationem
1399 1107 1653 1158 Jerusalem,
1681 1107 1725 1148 in
1749 1118 1900 1148 mense

1069 1170 1234 1222 quinto.
1267 1168 1323 1209 Et
1341 1167 1505 1208 factum
1524 1169 1592 1207 est
1608 1163 1794 1206 verbum
1811 1163 1900 1206 Do·

1067 1226 1174 1267 mini
1198 1223 1256 1266 ad
1273 1236 1355 1273 me,
1379 1222 1543 1265 dicens:
1567 1221 1832 1274 Priusquam
1855 1225 1908 1274 te,
1936 1248 1940 1251 -

1068 1283 1305 1325 formarem
1328 1281 1372 1321 in
1391 1283 1531 1329 utero,
1556 1277 1661 1320 novi
1678 1283 1738 1320 te:
1762 1282 1806 1319 et
1828 1279 1900 1319 an-

1070 1345 1249 1392 tequam
1277 1340 1420 1379 exires
1449 1336 1504 1377 de
1532 1335 1680 1385 vulva,
1712 1333 1900 1378 sanctifi-

1070 1396 1174 1495 gagii
1185 1401 1240 1494 tt}
1266 1399 1310 1436 et
1329 1392 1598 1482 prophetam
1618 1392 1664 1433 in
1684 1389 1901 1434 Gentibus

1102 1466 1176 1567 eRz.
1190 1483 1311 1554 Misit
1329 1509 1534 1553 Herodes
1558 1522 1638 1552 rex
1659 1522 1826 1560 manuS,
1851 1521 1903 1551 ac

1070 1571 1212 1613 tenuit
1234 1569 1260 1611 J
1262 1571 1466 1619 oannem,
1494 1572 1539 1610 et
1565 1566 1708 1609 vinxit
1731 1579 1832 1608 eum
1857 1565 1903 1615 in

1072 1630 1259 1677 carcere,
1289 1625 1391 1678 quia
1417 1624 1643 1667 metuebat
1667 1637 1779 1674 eum,
1805 1635 1919 1677 pro--

1071 1690 1171 1738 pter
1194 1681 1507 1732 Herodiadem,
1528 1683 1552 1709 *
1578 1682 1720 1732 Quam
1736 1680 1904 1723 'tulerat
1939 1684 1942 1687 '

1072 1741 1196 1783 fratri
1214 1752 1295 1782 suo
1308 1739 1516 1792 Philippo
1535 1740 1732 1780 uxorem.
1762 1731 1904 1786 V.Ar-

1072 1797 1234 1849 guebat
1254 1795 1483 1838 Herodem
1501 1796 1526 1836 J
1529 1797 1695 1838 oannes
1719 1798 1904 1848 propter

1073 1853 1385 1897 Herodiadem.
1414 1854 1566 1904 Quam.
1658 1868 1663 1872 ·

1386 1920 1540 1962 Lectio
1559 1920 1599 1961 ii.

1160 1990 1179 2028 t
1204 1984 1311 2035 dixi,
1343 1985 1385 2026 A
1416 1997 1442 2026 a
1474 1997 1515 2034 a,
1546 1983 1737 2025 Domine
1768 1982 1906 2030 Deus:

1128 2056 1133 2059 ’
1187 2054 1290 2084 eece
1318 2041 1468 2083 nescio
1496 2040 1637 2094 loqui,
1666 2039 1770 2093 quia
1795 2051 1907 2092 puer

1076 2111 1160 2151 ego
1180 2112 1288 2140 sum.
1315 2099 1372 2140 Et
1388 2097 1499 2140 dixit
1513 2097 1730 2139 Dominus
1749 2095 1807 2138 ad
1820 2108 1907 2138 me:

1074 2156 1179 2198 Noli
1212 2155 1374 2198 dicere:
1406 2155 1521 2196 Puer
1553 2167 1665 2196 sum:
1700 2153 1908 2206 quoniam

1077 2212 1134 2254 ad
1157 2212 1313 2262 omnia,
1339 2224 1439 2264 quae
1463 2211 1635 2254 mittam
1657 2215 1713 2260 te,
1737 2209 1837 2251 ibis:
1863 2213 1908 2250 et

1076 2269 1293 2318 universa,
1323 2271 1614 2321 quaecumque
1638 2265 1907 2308 mandavero

1076 2325 1173 2375 tibi,
1204 2325 1411 2378 loqueris.
1456 2325 1525 2367 Ne
1559 2326 1715 2367 timeas
1743 2335 1769 2364 a
1795 2322 1908 2364 facie

1078 2384 1245 2424 eorum:
1265 2382 1366 2434 quia
1380 2387 1527 2424 tecum
1543 2393 1625 2432 ego
1641 2393 1738 2421 sum
1750 2384 1799 2421 ut
1813 2381 1908 2420 eru·
1972 2410 1975 2412 -
2020 2367 2022 2369 θ

1078 2453 1149 2481 am
1166 2444 1221 2489 te,
1242 2438 1347 2480 dicit
1362 2438 1590 2480 Dominus.
1616 2437 1675 2477 Et
1688 2436 1806 2478 misit
1820 2436 1908 2477 Do-

1078 2496 1222 2548 minus
1248 2508 1424 2536 manum
1452 2506 1587 2542 suam,
1615 2498 1660 2534 et
1685 2493 1829 2544 tetigit
1857 2504 1908 2534 os

1078 2565 1241 2594 meum:
1276 2556 1320 2593 et
1351 2550 1462 2593 dixit
1485 2549 1700 2591 Dominus
1733 2547 1791 2591 ad
1821 2561 1909 2591 me:

1079 2609 1196 2650 Ecce
1225 2607 1329 2650 dedi
1354 2606 1490 2649 verba
1516 2618 1615 2647 mea
1641 2605 1685 2646 in
1712 2618 1787 2647 ore
1814 2609 1909 2647 tuo:

1081 2677 1184 2707 ecce
1202 2663 1410 2705 constitui
1428 2668 1472 2704 te
1489 2662 1623 2704 hedie
1643 2674 1775 2715 super
1795 2661 1908 2703 Gen-

1080 2726 1158 2771 teS,
1187 2725 1230 2762 et
1255 2732 1387 2773 super
1409 2732 1559 2771 regna,
1588 2724 1635 2761 ut
1661 2718 1839 2769 evellas,
1867 2721 1911 2759 et
