2040 2944
175 245 239 280 146

576 248 684 282 Furia
710 247 758 281 vi.
784 248 955 285 Quutuor
979 243 1213 283 Temporum
1238 234 1485 280 Septembris

363 339 545 376 Feria
575 336 810 383 Quinta.

407 395 467 434 De
486 389 597 431 libro
617 387 784 429 Tobiae.

284 455 433 497 Lectio
456 454 478 494 i.
724 450 826 500 Cap.
846 448 902 487 12.

191 550 203 564 „
225 524 250 571 2(
294 509 438 552 ocavit
478 506 535 548 ad
576 519 623 548 se
664 505 831 546 Tobias
868 503 1006 544 filium

255 582 275 596 2
311 578 446 613 suum,
473 562 670 614 dixitque
691 562 743 603 ei:
770 560 886 611 Quid
905 562 1005 612 pos-

180 636 327 665 sumus
361 621 466 663 dare
499 620 593 661 viro
625 619 698 660 isti
730 622 899 665 sancto,
933 615 1007 668 qui

179 679 297 722 venit
320 675 488 719 tecum?
518 673 812 728 Respondens
831 673 1008 722 TobiaS,

181 735 290 778 dixit
312 734 429 787 patri
448 745 543 774 suo:
569 733 717 780 Pater,
747 743 877 782 quam
899 741 1008 771 mer-

181 791 335 833 cedem
368 789 570 831 dabimus
603 788 658 829 ei:
703 792 778 828 aut
811 784 917 837 quid
950 784 1010 826 di-

181 861 314 899 gnum
339 846 505 899 poterit
530 857 627 886 esse
651 842 878 885 beneficiis
898 839 1010 893 ejus?

181 905 252 946 Me
278 903 402 945 duxit
427 907 470 943 et
489 900 666 943 reduxit
683 912 853 947 sanum,
879 900 1010 950 pecu-

183 961 298 1001 niam
325 972 350 1000 a
377 958 547 1000 Gabelo
572 957 668 1010 ipse
696 955 878 1007 recepit,
907 955 1013 995 uxo-

184 1030 277 1058 rem
300 1016 396 1068 ipse
419 1027 489 1056 me
516 1013 678 1055 habere
704 1012 824 1061 fecit,
859 1015 902 1052 et
929 1010 1014 1051 dae-

184 1073 378 1115 monium
416 1071 470 1112 ab
509 1083 561 1111 ea
592 1070 689 1122 ipse
723 1067 1015 1120 compescuit,

185 1128 393 1180 gaudium
412 1125 667 1180 parentibus
687 1126 778 1175 ejus
796 1124 910 1173 fecit,
928 1135 1014 1164 me-

185 1188 330 1238 ipsum
348 1197 374 1225 a
391 1183 678 1225 devoratione
695 1181 830 1234 piscis
848 1179 1016 1232 eripuit,

185 1247 229 1283 te
250 1253 427 1293 quoque
446 1238 596 1280 videre
621 1238 723 1279 fecit
741 1237 887 1278 lumen
907 1235 1017 1283 coeli,

187 1303 231 1339 et
254 1297 382 1339 bonis
409 1294 611 1337 omnibus
634 1307 714 1347 per
739 1307 838 1335 eum
861 1291 1019 1344 repleti

188 1367 348 1395 sumus.
376 1352 491 1403 Quid
509 1352 570 1392 illi
589 1350 646 1392 ad
665 1351 762 1392 haec
775 1349 1019 1402 poterimus

189 1410 369 1461 dignum
403 1407 526 1450 dare!
558 1407 646 1449 Sed
677 1412 783 1460 peto
817 1411 861 1447 te
893 1410 1019 1458 pater

187 1467 263 1516 mi,
283 1471 331 1508 ut
350 1478 480 1516 roges
499 1477 612 1514 eum,
637 1464 673 1505 si
691 1463 804 1504 forte
825 1460 1019 1513 dignabi-

188 1528 259 1565 tur
282 1521 565 1563 medietatem
591 1520 646 1562 de
673 1519 891 1569 omnibus,
922 1530 1020 1570 quae

191 1579 321 1621 allata
341 1583 453 1628 sunt,
475 1577 559 1618 sibi
578 1580 813 1617 assumere.

244 1640 294 1690 R.
320 1635 430 1676 Peto
449 1633 648 1675 Domine.
668 1634 749 1673 141.

497 1694 652 1735 Lectio
673 1693 711 1733 ii.

274 1754 292 1791 t
316 1750 527 1790 vocantes
552 1759 666 1796 eum,
694 1750 820 1798 pater
846 1744 1023 1793 scilicet,

292 1810 336 1847 et
361 1805 492 1853 filius,
519 1802 713 1844 tulerunt
739 1814 838 1843 eum
862 1801 905 1842 in
925 1814 1021 1854 par-

193 1868 296 1904 tem:
322 1866 364 1903 et
384 1862 541 1912 rogare
561 1860 790 1911 coeperunt
809 1863 857 1899 ut
877 1856 1023 1908 digna-

194 1921 314 1960 retur
348 1915 574 1959 dimidiam
610 1920 782 1968 partem
815 1914 1023 1964 omnium,

197 1989 295 2028 quae
316 1974 567 2022 attulerant,
597 1974 825 2024 acceptam
849 1970 1024 2012 habere.

196 2033 321 2073 Tunc
341 2030 451 2073 dixit
475 2030 538 2071 eis
558 2028 745 2071 occulte:
769 2026 1025 2069 Benedicite

197 2090 340 2130 Deum
360 2087 476 2136 coeli,
503 2091 547 2127 et
573 2098 721 2127 coram
746 2084 948 2126 omnibus
967 2084 1025 2124 vi-

198 2144 400 2187 ventibus
425 2142 692 2185 confitemini
712 2142 769 2191 ei,
799 2141 901 2194 quia
926 2140 1028 2182 fecit

198 2202 428 2244 vobiscum
445 2198 791 2241 misericerdiam
810 2210 945 2238 suam.
963 2197 1030 2238 Et-

201 2259 315 2301 enim
347 2258 669 2299 sacramentum
701 2255 818 2306 regis
845 2253 1028 2296 abscon-

201 2314 306 2357 dere
324 2313 490 2356 bonum
513 2318 594 2354 est:
622 2314 758 2364 opera
781 2316 929 2352 autem
947 2310 1031 2351 Dei

202 2370 398 2412 revelare
435 2375 477 2411 et
509 2368 710 2411 confiteri
740 2367 1032 2409 honorificum

202 2433 280 2470 est.
316 2427 442 2468 Bona
467 2431 533 2467 est
563 2425 705 2466 oratio
735 2438 834 2466 cum
862 2424 1032 2477 jejunio,

203 2488 247 2526 et
283 2483 560 2535 eleemosyna
596 2482 734 2533 magis
773 2494 903 2534 quam
939 2479 1031 2522 the-

204 2543 358 2582 sauros
395 2539 489 2580 auri
527 2538 784 2580 recondere:
826 2537 1031 2589 quoniam

205 2597 483 2647 eleemosyna
527 2608 553 2636 a
593 2600 736 2636 morte
771 2594 945 2644 liberat,
990 2598 1034 2634 et

204 2654 302 2706 ipsa
328 2658 412 2701 est,
446 2665 545 2704 quae
572 2656 731 2704 purgat
757 2652 957 2704 peccata,
989 2654 1033 2690 et

206 2710 309 2751 facit
326 2709 520 2750 invenire
543 2707 890 2749 misericordiam
914 2711 957 2747 et
976 2706 1034 2746 vi-

206 2772 297 2809 tam
325 2767 543 2807 aeternam.
585 2764 667 2814 Qui
696 2770 843 2805 autem
871 2762 1035 2803 faciunt

1056 333 1306 385 peccatum,
1339 334 1383 371 et
1410 326 1701 379 iniquitatem,
1734 325 1887 367 hostes

1058 392 1158 430 sunt
1177 387 1334 428 animae
1353 397 1456 426 suae.

1114 451 1164 501 Rg.
1189 442 1319 485 Omni
1337 443 1549 494 tempore.
1567 439 1649 480 141.

1360 511 1513 553 Lectio
1534 510 1588 550 iii.

1064 569 1349 677 Manifesto
1374 579 1478 618 ergo
1498 565 1626 607 vobis
1647 564 1892 613 veritatem,

1192 631 1236 668 et
1271 638 1359 667 non
1396 621 1666 666 abscondam
1703 633 1729 662 a
1764 619 1892 661 vobis

1063 683 1285 726 occultum
1304 682 1563 723 sermonem.
1592 675 1778 728 Quando
1799 677 1894 718 ora-

1062 741 1143 782 bas
1184 752 1283 780 cum
1318 736 1527 784 lacrimis,
1569 739 1612 776 et
1649 731 1895 786 sepeliebas

1065 798 1280 844 mortuos,
1317 798 1361 835 et
1397 789 1735 842 derelinquebas
1768 789 1896 842 pran-

1066 852 1186 895 dium
1203 857 1343 900 tuum,
1372 854 1416 891 et
1438 850 1637 890 mertuos
1657 844 1897 888 absconde·

1065 909 1146 951 bas
1164 921 1245 961 per
1265 907 1382 948 diem
1395 905 1439 946 in
1454 903 1587 946 domo
1603 908 1689 952 tua,
1709 907 1754 944 et
1767 905 1898 943 nocte

1068 963 1314 1018 sepeliebas
1338 975 1432 1011 eos,
1467 973 1549 1012 ego
1575 958 1714 1002 obtuli
1739 958 1899 1000 oratio-

1067 1035 1168 1063 nem
1190 1026 1312 1062 tuam
1330 1018 1534 1060 Domino.
1570 1016 1627 1058 Et
1653 1015 1756 1068 quia
1779 1014 1899 1055 acce-

1067 1083 1171 1131 ptus
1190 1089 1288 1118 eras
1306 1076 1421 1124 Deo,
1445 1074 1626 1115 necesse
1646 1071 1726 1113 fuit
1743 1075 1793 1112 ut
1809 1075 1900 1112 ten-

1068 1134 1177 1176 tatio
1210 1131 1422 1185 probaret
1453 1134 1509 1171 te.
1551 1129 1609 1170 Et
1639 1139 1755 1168 nunc
1784 1125 1903 1167 misit

1069 1203 1139 1232 me
1158 1188 1373 1231 Dominus
1391 1191 1440 1228 ut
1460 1187 1662 1227 curarem
1680 1187 1742 1234 te,
1767 1187 1811 1224 et
1829 1182 1902 1223 Sa-

1070 1260 1163 1288 ram
1195 1247 1380 1287 uxorem
1418 1242 1496 1283 filii
1527 1241 1592 1283 tui
1624 1253 1650 1282 a
1682 1238 1902 1281 daemonio

1070 1304 1315 1346 liberarem.
1343 1301 1439 1352 Ego
1461 1299 1575 1341 enim
1591 1310 1688 1339 sum
1701 1294 1904 1349 Raphael

1072 1359 1279 1410 Angelus,
1297 1370 1409 1399 unus
1429 1369 1483 1397 ex
1498 1359 1682 1408 septem,
1702 1352 1777 1406 qui
1791 1353 1904 1394 asta-

1071 1429 1168 1458 mus
1188 1420 1288 1457 ante
1307 1412 1557 1455 Dominum.
1590 1410 1788 1461 Cumque
1809 1407 1905 1450 haec

1073 1472 1315 1520 audissent,
1333 1468 1501 1512 turbati
1520 1472 1637 1517 sunt,
1658 1471 1701 1508 et
1719 1465 1904 1507 tremen-

1072 1536 1140 1572 tes
1166 1526 1419 1570 ceciderunt
1444 1537 1578 1578 super
1601 1528 1765 1565 terram
1781 1521 1827 1562 in
1845 1521 1903 1562 fa-

1074 1587 1187 1629 ciem
1206 1597 1341 1626 suam.
1376 1582 1588 1634 Dixitque
1614 1580 1676 1622 eis
1695 1577 1906 1630 Angelus:

1074 1645 1166 1685 Pax
1185 1641 1323 1691 vobis,
1343 1639 1479 1682 nolite
1499 1638 1665 1680 timere.

1127 1701 1179 1752 R.
1204 1698 1375 1740 Memor
1397 1700 1505 1738 esto.
1525 1695 1613 1736 142.

1287 1820 1322 1856 F
1341 1830 1364 1855 e
1382 1829 1402 1855 r
1417 1817 1431 1854 i
1447 1828 1472 1853 a
1506 1817 1536 1856 S
1554 1827 1577 1853 e
1595 1827 1622 1852 x
1638 1818 1655 1851 t
1672 1825 1699 1851 a

1143 1873 1315 1914 Quatuor
1338 1868 1574 1910 Temporum
1597 1862 1846 1908 Septembris.

1080 1931 1231 1973 Lectio
1257 1928 1397 1971 sancti
1414 1925 1643 1977 Evangelii
1667 1922 1911 1966 secundum

1405 1984 1583 2025 Lucam.

1180 2046 1332 2088 Lectio
1353 2046 1377 2085 i.
1608 2041 1712 2092 Cap.
1728 2039 1764 2079 7.
1779 2038 1805 2079 f.

1078 2104 1155 2211 In
1182 2108 1258 2150 illo
1286 2109 1501 2159 tempore:
1528 2104 1736 2156 Rogabat
1761 2103 1911 2145 Jesum

1151 2163 1331 2217 quidam
1359 2162 1414 2205 de
1442 2161 1688 2215 pharisaeis,
1720 2165 1769 2202 ut
1795 2167 1912 2200 man*

1081 2222 1264 2264 ducaret
1283 2233 1383 2262 cum
1402 2219 1489 2261 illo.
1516 2219 1574 2260 Et
1593 2218 1817 2269 ingressus
1837 2214 1912 2258 do-

1081 2291 1201 2319 mum
1234 2276 1442 2330 pharisaei
1474 2274 1708 2317 discubuit.
1761 2273 1819 2314 Et
1850 2273 1914 2313 re-

1082 2335 1213 2387 liqua.

1131 2411 1323 2454 Homilia
1343 2409 1484 2452 sancti
1503 2406 1708 2459 Gregorii
1725 2407 1872 2459 Papae.

1176 2478 1317 2511 Homil.
1335 2477 1386 2511 33.
1404 2477 1443 2525 in
1460 2476 1618 2517 Evang„
1634 2475 1725 2516 post
1742 2470 1822 2504 init.

1097 2547 1284 2595 s.
1307 2531 1553 2586 pharisaeus
1581 2528 1637 2571 de
1662 2527 1772 2569 falsa
1798 2527 1916 2578 justi-

1100 2588 1148 2631 »sjff
1201 2591 1262 2632 tia
1280 2591 1564 2642 praesumens,
1583 2585 1667 2626 nisi
1685 2584 1709 2625 J
1711 2583 1918 2625 udaicum

1086 2647 1316 2701 populum3
1349 2657 1480 2697 quem
1507 2641 1734 2696 peccatrix
1761 2639 1917 2682 mulier

1087 2703 1143 2746 ad
1162 2702 1349 2753 vestigia
1366 2700 1546 2742 Domini
1563 2699 1743 2741 veniens
1763 2701 1807 2739 et
1825 2695 1919 2749 plo-

1088 2774 1207 2810 rans,
1232 2758 1314 2800 nisi
1336 2758 1597 2799 conversam
1616 2753 1919 2796 Gentilitatem
