2040 2944
205 206 276 243 102

255 303 441 344 Turbati
464 306 574 349 sunt,
603 304 646 341 et
665 298 775 340 moti
795 302 896 340 sunt
918 298 1030 339 sicut

205 359 367 401 ebrius:
381 361 404 386 *
422 364 464 400 et
484 356 623 398 omnis
643 355 859 408 sapientia
878 357 1030 396 eorum

207 416 417 458 devorata
437 419 514 456 est.

257 473 313 514 Et
353 471 649 513 clamaverunt
693 469 750 511 ad
791 468 1029 510 Dominum

207 542 306 570 cum
325 527 648 577 tribularentur⁷
666 527 689 553 *
709 530 753 568 et
773 525 828 567 de
844 526 1030 567 necessi-

205 585 369 627 tatibus
389 586 542 625 eorum
561 583 714 625 eduxit
734 595 821 624 eos.

256 641 313 682 Et
339 640 493 682 statuit
516 639 758 693 procellam
782 640 872 691 ejus
896 639 940 679 in
960 651 1031 679 au-

206 711 315 738 ram:
334 699 357 724 *
376 702 420 738 et
439 697 652 738 siluerunt
673 697 832 738 fluctus
853 696 954 746 eius.

256 754 313 795 Et
340 753 479 795 laetati
507 758 607 794 sunt
637 753 738 805 quia
763 752 990 793 siluerunt:
1009 753 1032 778 *

206 816 250 853 et
270 810 454 852 deduxit
476 823 552 852 eos
573 810 617 850 in
635 814 814 862 portum
834 808 1031 850 volunta-

205 868 263 909 tis
283 869 446 909 eerum.
1004 912 1010 915 .

209 951 211 953 -
257 924 558 966 Confiteantur
575 923 766 964 Demino
787 921 1031 963 misericer-

207 981 292 1023 diae
320 982 425 1033 ejus:
450 982 473 1007 *
497 985 540 1022 et
567 979 784 1021 mirabilia
812 980 902 1031 ejus
930 978 1032 1019 filiis

207 1037 444 1079 heminum.

259 1094 316 1136 Et
335 1094 530 1136 exaltent
554 1106 654 1135 eum
675 1094 720 1134 in
739 1093 925 1135 ecclesia
943 1092 1032 1145 ple-

208 1152 291 1193 bis:
309 1152 332 1178 *
351 1156 394 1192 et
414 1151 458 1191 in
478 1149 690 1192 cathedra
707 1151 930 1192 seniorum
944 1150 1032 1191 lau-

210 1208 314 1250 dent
335 1220 444 1249 eum.

258 1265 414 1306 Posuit
433 1263 611 1305 flumina
630 1264 674 1304 in
690 1263 927 1305 desertum:
946 1266 969 1291 *
990 1268 1033 1305 et

209 1322 352 1363 exitus
371 1323 583 1372 aquarum
600 1320 644 1361 in
664 1320 792 1362 sitim.

261 1378 443 1420 Terram
480 1378 750 1419 fructiferam
783 1378 827 1418 in
855 1377 1033 1429 salsugi-

209 1448 320 1484 nem,
328 1437 351 1462 *
360 1448 385 1476 a
395 1435 562 1476 malitia
572 1434 909 1476 inhabitantium
920 1435 963 1475 in
973 1448 1034 1476 ea.

261 1492 416 1533 Pesuit
435 1491 658 1533 desertum
676 1491 720 1531 in
737 1496 891 1547 stagna
905 1494 1034 1543 aqua-

211 1562 322 1590 rum:
339 1550 362 1575 *
383 1552 427 1589 et
450 1553 614 1589 terram
637 1547 730 1589 sine
757 1561 871 1600 aqua
898 1548 941 1589 in
965 1550 1033 1590 ex-

211 1606 297 1647 itus
317 1606 540 1656 aquarum.

262 1662 319 1703 Et
347 1661 583 1703 collocavit
610 1661 699 1703 illic
729 1661 985 1704 esurientes:
1012 1664 1035 1689 *

212 1722 255 1760 et
279 1718 601 1760 constituerunt
624 1718 848 1760 civitatem
868 1718 1035 1761 habita-

211 1775 355 1817 tienis.

262 1831 319 1873 Et
339 1831 665 1874 seminaverunt
686 1845 834 1884 agros,
855 1837 898 1874 et
916 1833 1036 1885 plan-

211 1889 415 1930 taverunt
440 1890 605 1930 vineas:
627 1891 650 1916 *
673 1894 717 1931 et
735 1889 933 1931 fecerunt
952 1890 1036 1931 fru-

213 1950 332 1986 ctum
351 1944 605 1986 nativitatis.

263 2002 321 2043 Et
339 2001 566 2043 benedixit
586 2002 664 2051 eis,
693 2006 737 2043 et
757 2002 1037 2055 multiplicati

212 2063 314 2100 sunt
331 2058 476 2099 nimis:
485 2059 509 2086 *
520 2063 564 2100 et
578 2059 767 2110 jumenta
784 2061 936 2101 eorum
948 2072 1037 2101 non

213 2115 461 2156 minoravit.

264 2172 321 2215 Et
348 2171 478 2224 pauci
505 2171 610 2213 facti
638 2177 757 2214 sunt:
777 2174 800 2200 *
821 2178 865 2215 et
891 2174 1037 2215 vexati

214 2234 315 2270 sunt
348 2241 373 2269 a
406 2227 690 2270 tribulatione
722 2229 958 2280 malorum,
996 2235 1039 2272 et

214 2284 380 2326 dolere.

266 2340 416 2383 Effusa
427 2347 494 2384 est
504 2343 774 2395 contemptio
785 2355 918 2395 super
924 2345 1038 2396 prin-

216 2398 352 2451 cipes:
366 2399 390 2426 *
406 2404 449 2440 et
469 2402 615 2441 errare
634 2399 737 2441 fecit
757 2412 834 2441 eos
850 2400 894 2441 in
910 2400 1040 2450 invio,

217 2459 261 2496 et
281 2467 369 2496 non
388 2455 432 2495 in
451 2456 532 2497 via.

266 2511 323 2553 Et
348 2511 514 2563 adjuvit
539 2516 778 2565 pauperem
798 2513 854 2555 de
876 2514 1040 2566 inopia:

217 2570 240 2595 ¹⁸¹
259 2573 303 2610 et
322 2568 472 2620 posuit
490 2569 604 2610 sicut
624 2582 730 2612 oves
750 2570 946 2611 familias.

267 2624 495 2666 Videbunt
513 2626 634 2675 recti,
654 2631 697 2668 et
716 2626 998 2669 laetabuntur:
1018 2630 1041 2654 *

218 2687 262 2723 et
302 2681 443 2723 omnis
487 2682 693 2733 iniquitas
734 2683 952 2736 oppilabit
991 2697 1041 2725 os

216 2751 352 2779 suum.
472 2750 477 2759 ¹

806 210 975 243 Sabbato
1002 209 1048 241 ad
1074 207 1310 241 Matutinum.

1136 298 1244 348 Quis
1263 298 1439 351 sapiens
1459 303 1504 340 et
1522 297 1745 340 custodiet
1759 296 1912 339 haec?*

1084 360 1128 397 et
1140 354 1356 406 intelliget
1367 354 1695 396 misericordias
1709 353 1912 396 Domini?

1141 415 1239 454 Ant.
1272 412 1410 454 Visita
1428 424 1510 453 nos
1530 411 1719 452 Domine
1738 411 1782 452 in
1802 410 1912 452 salu-

1083 468 1168 510 tari
1187 473 1277 510 tuo.

1142 529 1174 567 Α
1184 535 1239 567 nt.
1270 525 1527 568 (Jonfitebor
1546 524 1750 566 Domino.

1348 587 1545 626 Psalmus
1567 585 1655 625 107.

1171 641 1344 681 aratum
1363 651 1440 680 cor
1463 651 1610 680 meum
1629 638 1764 688 DeuS‚
1792 639 1914 690 para-

1180 701 1274 738 tum
1303 708 1380 737 cor
1407 707 1568 736 meum:
1590 696 1614 722 *
1634 693 1842 744 cantab0‚
1871 698 1915 736 et

1084 753 1271 806 psallam
1290 753 1334 794 in
1353 752 1495 803 gloria
1513 764 1622 793 mea.

1137 810 1337 861 Exsurge
1381 808 1523 861 gloria
1566 821 1682 858 mea,
1728 810 1915 859 exsurge

1084 866 1352 918 psalterium,
1374 870 1419 907 et
1438 865 1621 907 cithara:
1640 867 1664 892 *
1683 868 1916 916 exsurgam

1086 922 1291 964 diluculo.

1138 979 1396 1020 Confitebor
1425 978 1508 1020 tibi
1540 978 1585 1019 in
1616 978 1795 1031 populis
1826 977 1915 1019 Do-

1085 1036 1217 1077 mine:
1245 1037 1268 1063 *
1298 1040 1341 1077 et
1372 1035 1560 1088 psallam
1590 1034 1673 1077 tibi
1702 1035 1747 1076 in
1777 1034 1916 1076 natio-

1085 1092 1224 1134 nibus.

1138 1149 1252 1200 Quia
1269 1161 1428 1200 magna
1447 1153 1516 1190 est
1535 1161 1668 1201 super
1687 1148 1827 1190 coelos
1840 1147 1917 1189 mi-

1087 1205 1330 1248 sericordia
1347 1206 1472 1247 tuaz*
1483 1210 1527 1247 et
1542 1218 1682 1258 usque
1701 1204 1759 1247 ad
1777 1204 1917 1246 nubes

1086 1262 1249 1304 veritas
1270 1267 1360 1304 tua:

1138 1319 1346 1361 Exaltare
1375 1331 1507 1372 super
1536 1318 1674 1360 coelos
1702 1319 1839 1369 Deus,
1875 1322 1919 1360 et

1087 1389 1219 1430 super
1239 1389 1415 1418 omnem
1438 1380 1603 1418 terram
1625 1375 1766 1427 gleria
1784 1380 1876 1417 tua:
1894 1376 1918 1402 *

1087 1438 1135 1475 ut
1154 1433 1396 1475 liberentur
1416 1432 1567 1475 dilecti
1583 1433 1659 1474 tui.

1139 1490 1318 1532 Salvum
1345 1489 1414 1531 fac
1444 1489 1627 1532 dextera
1654 1494 1746 1540 tua,
1775 1494 1819 1532 et
1848 1502 1918 1532 ex-

1088 1547 1192 1589 audi
1210 1560 1296 1589 me:
1312 1548 1336 1575 *
1348 1547 1470 1589 Deus
1490 1546 1664 1589 locutus
1681 1551 1748 1588 est
1765 1546 1810 1588 in
1823 1559 1919 1588 san·

1089 1609 1162 1646 cto
1183 1616 1279 1645 suo:

1140 1659 1397 1711 ExsultabQ
1412 1665 1456 1702 et
1467 1659 1662 1702 dividam
1672 1659 1920 1710 Sichimam,

1089 1720 1112 1745 *
1127 1722 1170 1760 et
1185 1717 1434 1759 convallem
1451 1717 1839 1759 tabernaculorum
1859 1716 1919 1760 di-

1088 1775 1255 1816 metiar.

1141 1832 1266 1873 Meus
1299 1837 1367 1874 est
1399 1830 1588 1882 Galaad‚
1621 1836 1665 1873 et
1694 1844 1820 1873 meus
1852 1835 1920 1873 est

1090 1889 1329 1931 Manasses:
1347 1891 1371 1917 *
1391 1893 1435 1930 et
1453 1888 1668 1942 Ephraim
1695 1888 1919 1941 susceptio

1091 1946 1248 1998 eapitis
1267 1946 1365 1988 mei.

1141 2002 1255 2044 Juda
1292 2015 1372 2045 rex
1407 2015 1548 2044 meus:
1578 2003 1603 2030 *
1629 2001 1763 2043 Moab
1796 2000 1920 2043 lebes

1091 2059 1186 2112 spei
1213 2072 1335 2101 meae.

1143 2116 1195 2156 In
1218 2115 1462 2158 Idumaeam
1490 2115 1727 2157 extendam
1755 2114 1921 2157 calcea-

1091 2174 1286 2214 mentum
1308 2185 1470 2214 meum:
1488 2173 1513 2200 *
1531 2172 1640 2214 mihi
1665 2172 1920 2224 alienigenae

1092 2230 1221 2271 amici
1238 2229 1344 2271 facti
1362 2234 1475 2271 sunt.

1145 2287 1253 2337 Quis
1293 2285 1486 2328 deducet
1515 2298 1587 2327 me
1618 2286 1664 2326 in
1695 2285 1921 2327 civitatem

1092 2341 1328 2385 munitam?
1357 2344 1381 2371 *
1410 2343 1507 2395 quis
1537 2342 1728 2385 deducet
1755 2354 1826 2384 me
1854 2354 1922 2383 us-

1094 2413 1179 2453 que
1197 2401 1242 2441 in
1261 2398 1526 2442 Idumaeam?

1144 2457 1302 2499 Nonne
1317 2461 1366 2498 tu
1376 2457 1508 2507 Deus,
1525 2456 1600 2509 qui
1615 2455 1818 2508 repulisti
1829 2467 1923 2506 nos,

1093 2516 1117 2541 *
1137 2519 1180 2556 et
1199 2527 1289 2555 non
1314 2513 1455 2555 exibis
1475 2514 1597 2556 Deus
1621 2514 1666 2555 in
1684 2511 1922 2554 virtutibus

1093 2569 1279 2612 nostris?

1146 2628 1215 2668 Da
1233 2627 1361 2669 nobis
1380 2627 1591 2669 auxilium
1607 2626 1662 2668 de
1677 2625 1922 2668 tribulatio-

1094 2698 1166 2726 ne:
1185 2686 1208 2711 *
1228 2684 1330 2736 quia
1349 2697 1461 2725 vana
1482 2684 1598 2725 salus
1618 2683 1820 2724 h6minis.

1148 2741 1199 2781 In
1228 2741 1325 2782 Deo
1353 2741 1563 2782 faciemus
1583 2740 1806 2782 virtatem:
1839 2744 1882 2781 et
1901 2739 1923 2764 *
