2040 2944
754 202 963 235 Commune
989 203 1277 242 Apostolorum.
1823 202 1869 246 [5]

212 299 318 340 Dies
350 297 436 340 diei
469 300 638 339 eructat
669 297 869 347 verbum,
894 297 917 323 *
947 302 990 339 et

160 368 248 397 nox
266 355 386 396 nocti
403 354 567 396 indicat
586 354 820 395 scientiam.

211 416 313 458 Non
332 421 433 457 sunt
450 416 650 469 loquelae,
670 428 812 467 neque
827 417 988 457 sermo-

160 486 254 523 nes,
278 474 302 499 *
327 486 514 525 quorum
541 486 630 515 non
657 472 888 514 audiantur
915 484 986 512 vo-

162 543 235 571 ces
255 531 417 571 eorum.

213 592 263 631 In
296 603 470 632 omnem
502 595 664 632 terram
693 589 827 631 exivit
856 602 989 630 sonus

162 650 329 689 eerum:
359 647 383 672 *
417 651 460 688 et
490 647 534 687 in
566 647 676 688 fines
708 645 827 688 orbis
858 650 989 687 terrae

162 704 297 746 verba
316 705 478 746 eerum.

212 766 264 806 In
288 764 380 806 sole
403 763 551 817 posm't
573 763 903 805 tabernaculum
923 776 989 804 su-

151 820 253 863 um:
284 822 308 847 *
340 825 384 863 et
414 821 509 873 ipse
545 825 769 872 tamquam
802 833 990 873 sponsus

161 877 406 931 procedens
426 877 481 918 de
499 876 693 918 thalamo
714 890 809 918 suo:

213 938 461 980 Exsultavit
492 942 541 978 ut
571 937 694 988 gigas
729 937 786 979 ad
818 940 989 980 curren-

163 995 264 1037 dam
282 996 412 1045 viam,
431 995 454 1020 *
474 1007 499 1035 a
519 1007 688 1035 summo
713 994 827 1036 coelo
848 997 989 1046 egres-

164 1052 228 1094 sio
249 1053 355 1104 ejus:

214 1114 271 1155 Et
295 1115 504 1154 occursus
529 1112 620 1163 ejus
643 1124 782 1164 usque
802 1112 858 1154 ad
878 1126 990 1153 sum-

162 1183 282 1211 mum
297 1171 401 1222 ejus:
419 1170 443 1195 *
462 1181 543 1210 nec
563 1173 630 1210 est
651 1169 724 1221 qui
743 1182 790 1210 se
809 1168 990 1211 abscen-

163 1226 239 1268 dat
258 1240 283 1268 a
302 1226 447 1268 calere
467 1226 568 1277 ejus.

212 1288 306 1330 Lex
320 1287 498 1329 Demini
514 1286 793 1328 immaculata
812 1290 989 1329 conver-

162 1349 258 1386 tens
278 1345 458 1385 animas:
468 1344 492 1369 *
502 1342 799 1384 testimenium
814 1344 992 1385 Demini

162 1400 311 1451 fidele,
347 1399 605 1453 sapientiam
641 1405 857 1452 praestans
893 1403 990 1454 par-

162 1457 284 1498 vulis.

213 1519 238 1560 J
239 1519 400 1560 ustitiae
414 1519 592 1560 Demini
606 1524 750 1568 rectae,
769 1518 990 1560 laetifican-

162 1580 229 1617 tes
266 1574 416 1617 corda:
448 1576 472 1601 *
504 1578 778 1629 praeceptum
813 1576 991 1616 Demini

162 1631 370 1682 lucidum3
387 1632 634 1673 illliminans
654 1631 817 1673 oeulos.

214 1692 366 1734 Timor
392 1693 571 1734 Demini
598 1697 789 1742 sanetus,
822 1694 990 1745 perma-

162 1761 269 1790 nens
297 1749 341 1789 in
369 1749 577 1790 saeculum
606 1748 769 1790 saeculi:
787 1749 810 1774 *
833 1748 991 1800 judicia

163 1805 340 1846 Demini
365 1818 486 1855 vera,
513 1805 744 1857 justificata
766 1805 811 1846 in
837 1810 990 1847 semet-

163 1863 270 1914 ipsa.

213 1922 533 1964 Desiderabssia
552 1935 683 1975 super
701 1935 855 1964 aurum
872 1929 916 1965 et
932 1924 990 1965 la-

162 1978 311 2032 pidem
329 1980 571 2032 pretiesum
589 1979 788 2021 multum:
802 1980 826 2006 *
842 1985 886 2022 et
900 1980 990 2022 dul-

164 2036 284 2078 ciora
303 2049 435 2088 super
453 2036 540 2078 mel
559 2040 603 2077 et
621 2035 778 2077 favum.

215 2098 388 2139 Etenim
412 2110 564 2139 servus
588 2101 688 2138 tuus
713 2098 905 2140 custedit
929 2112 991 2149 ea,

164 2154 187 2179 *
223 2155 266 2194 in
303 2153 601 2196 custodiendis
637 2154 721 2196 illis
762 2155 991 2197 retributio

160 2211 310 2253 multa.

216 2271 389 2313 Delicta
410 2272 506 2324 quis
524 2270 746 2322 intelligit?
773 2272 828 2314 ab
848 2273 991 2314 oecul-

164 2327 220 2368 tis
237 2329 345 2370 meis
368 2328 531 2370 munda
549 2340 633 2369 me:
652 2329 675 2353 *
695 2333 739 2370 et
762 2329 817 2370 ab
841 2329 992 2371 alienis

165 2397 297 2435 parce
317 2398 444 2427 servo
463 2390 551 2427 tuo.

217 2446 261 2487 Si
275 2447 360 2488 mei
374 2460 462 2488 non
476 2447 636 2489 fuerint
652 2446 873 2495 dominati,
888 2451 992 2488 tune

165 2502 467 2545 immaculatus
492 2518 584 2546 ero:
604 2505 626 2529 *
652 2508 695 2545 et
721 2502 992 2545 emundabor

166 2571 192 2598 a
211 2557 371 2600 delicto
389 2561 592 2602 maximo.

218 2619 274 2660 Et
293 2625 419 2662 erunt
437 2626 485 2662 ut
500 2621 804 2674 complaceant
819 2620 993 2672 eloquia

167 2676 254 2716 oris
273 2676 373 2717 mei:
391 2677 414 2702 *
435 2682 478 2718 et
495 2677 722 2719 meditatio
743 2677 887 2719 cordis
906 2677 993 2718 mei

166 2732 209 2772 in
229 2734 469 2784 conspeetu
487 2738 563 2775 tuo
584 2747 768 2786 semper.

321 2873 385 2897 Pars
400 2873 569 2899 Autumnalis.

551 2916 568 2936 0

1092 297 1281 338 Demine
1306 297 1477 350 adintor
1500 311 1639 347 meuS,
1658 298 1682 323 *
1707 302 1750 339 et
1775 297 1870 338 red-

1042 355 1215 406 emptor
1233 367 1368 395 meus.

1095 421 1195 460 Ant.
1216 421 1263 459 In
1281 431 1456 461 omnem
1470 424 1636 461 terram
1651 420 1786 461 exivit
1803 432 1870 460 so-

1041 488 1123 515 nus
1143 477 1312 526 eerum,
1342 481 1385 518 et
1404 476 1449 516 in
1467 477 1578 518 fines
1597 476 1719 518 orbis
1739 481 1870 518 terrae

1042 531 1179 573 verba
1199 534 1363 573 eorum.

1097 600 1195 640 Ant.
1221 598 1533 639 (Ilamaverunt
1551 598 1700 650 justi‚*
1722 602 1765 639 et
1784 598 1871 639 Do-

1040 655 1185 696 minus
1208 655 1434 697 exaudivit
1454 667 1543 696 eos.

1316 739 1514 778 psalmus
1535 741 1598 778 3:13.

1123 812 1349 854 enedicam
1386 812 1623 853 Deminum
1669 812 1713 852 in
1754 813 1872 853 omni

1137 871 1356 922 tempore:
1375 869 1399 894 *
1419 881 1592 921 semper
1608 868 1703 910 laus
1720 870 1810 921 ejus
1829 870 1873 909 in

1044 939 1120 967 ore
1139 939 1250 967 meo.

1094 984 1145 1023 In
1152 983 1343 1024 Demino
1354 982 1603 1024 laudabitur
1615 983 1757 1023 anima
1764 995 1873 1023 mea:

1042 1040 1065 1065 *
1085 1039 1264 1081 andiant
1282 1039 1508 1090 mansueti,
1529 1044 1572 1081 et
1590 1039 1803 1081 laetentur.

1094 1097 1372 1147 Magnificate
1387 1096 1625 1137 Deminum
1643 1109 1830 1137 meeum:
1850 1096 1873 1121 *

1043 1157 1087 1194 et
1098 1153 1337 1195 exaltemus
1348 1165 1508 1194 nomen
1518 1153 1607 1205 ejus
1618 1153 1662 1193 in
1672 1152 1873 1205 idipsum.

1094 1210 1579 1263 Exquis1viD6minum,
1596 1214 1639 1251 et
1652 1208 1874 1250 exaudivit

1043 1280 1112 1308 me
1123 1283 1130 1306 :
1140 1267 1164 1292 *
1176 1272 1219 1308 et
1234 1280 1289 1308 ex
1305 1266 1505 1308 Omnibus
1520 1265 1873 1308 tribulatiOnibus

1043 1324 1151 1364 meis
1172 1323 1332 1376 eripuit
1350 1336 1431 1364 me.

1095 1380 1307 1422 Accedite
1340 1379 1401 1421 ad
1433 1393 1550 1430 eum,
1589 1384 1633 1421 et
1664 1379 1873 1420 illumina-

1042 1437 1164 1477 mini:
1192 1437 1215 1462 *
1245 1442 1288 1479 et
1315 1437 1449 1478 facies
1468 1441 1628 1478 vestrae
1656 1449 1745 1477 non
1774 1449 1872 1477 eon-

1042 1493 1288 1535 fundentur.

1095 1551 1185 1591 Iste
1195 1563 1364 1603 pauper
1379 1549 1593 1599 clamavit,
1606 1555 1649 1591 et
1658 1550 1873 1590 Deminus

1044 1606 1267 1648 exaudivit
1282 1619 1396 1648 eum:
1411 1606 1434 1631 *
1450 1611 1493 1647 et
1508 1606 1563 1647 de
1581 1606 1782 1647 omnibus
1801 1606 1872 1647 tri-

1042 1662 1337 1704 bulatienibus
1358 1663 1447 1714 ejus
1469 1662 1654 1703 salvavit
1674 1675 1783 1703 eum.

1094 1720 1306 1760 Immittet
1320 1718 1516 1770 Angelus
1535 1719 1712 1759 Demini
1732 1719 1775 1758 in
1795 1719 1873 1760 cir-

1044 1776 1412 1817 cuitutimentium
1420 1776 1614 1816 eum:*et
1623 1775 1778 1828 eripiet
1786 1788 1873 1816 eos.

1097 1832 1281 1874 Gustate
1296 1837 1339 1874 et
1350 1832 1495 1874 videte
1510 1832 1717 1884 queniam
1728 1832 1872 1873 suavis

1045 1894 1112 1930 est
1126 1890 1358 1930 Deminus:
1377 1889 1401 1914 *
1419 1888 1576 1930 beatus
1590 1889 1666 1939 vir,
1689 1889 1762 1941 qui
1778 1901 1872 1941 spe-

1044 1950 1113 1987 rat
1130 1946 1174 1986 in
1195 1959 1259 1987 eo.

1096 2002 1266 2044 Timete
1290 2002 1527 2044 Deminum
1552 2015 1704 2043 omnes
1733 2002 1874 2043 sancti

1045 2059 1151 2110 ejus:
1193 2059 1216 2085 *
1256 2060 1461 2112 quoniam
1496 2072 1585 2100 non
1622 2063 1689 2100 est
1724 2058 1873 2111 inepia

1043 2115 1296 2157 timentibus
1316 2128 1426 2157 eum.

1095 2172 1265 2213 Divites
1295 2174 1508 2223 eguerunt
1538 2176 1581 2213 et
1609 2171 1872 2212 esurierunt:

1043 2228 1067 2253 *
1086 2228 1354 2280 inquirentes
1371 2233 1517 2269 autem
1531 2227 1769 2268 Dominum
1784 2241 1872 2269 non

1043 2284 1291 2326 minuentur
1311 2285 1430 2326 omni
1447 2284 1577 2325 bono.

1095 2341 1256 2382 Venite
1272 2340 1358 2390 filii,
1374 2340 1523 2382 audite
1533 2353 1618 2381 me:
1632 2341 1655 2366 *
1670 2341 1873 2382 timerem

1044 2396 1221 2437 Demini
1240 2396 1411 2439 docebo
1431 2409 1522 2438 vos.

1097 2453 1204 2503 Quis
1225 2458 1292 2494 est
1310 2453 1443 2494 homo
1468 2453 1542 2505 qui
1565 2453 1658 2495 vult
1677 2453 1830 2495 vitam:
1849 2454 1872 2479 *

1045 2509 1185 2560 diligit
1204 2508 1297 2550 dies
1316 2509 1466 2550 videre
1484 2508 1653 2551 bonos?

1095 2565 1286 2607 Prehibe
1306 2565 1498 2616 linguam
1511 2573 1632 2607 tuam
1651 2579 1677 2607 a
1695 2566 1830 2606 malo:
1848 2565 1871 2590 *

1045 2627 1088 2663 et
1106 2621 1222 2663 labia
1241 2626 1316 2663 tua
1335 2635 1390 2663 ne
1408 2621 1644 2674 loquantur
1664 2622 1824 2664 dolum.

1096 2678 1277 2719 Diverte
1301 2691 1327 2718 a
1345 2677 1477 2728 malo,
1498 2683 1542 2720 et
1560 2679 1629 2720 fac
1646 2678 1829 2720 bonum:
1848 2677 1871 2701 *

1044 2734 1214 2786 inquire
1234 2747 1399 2786 pacem,
1421 2739 1464 2776 et
1477 2737 1745 2787 persequere
1765 2745 1871 2774 eam.

1615 2865 1664 2897 Α*
