2040 2944
199 212 243 247 92
785 210 894 244 Furia
919 216 1027 244 sexta
1054 209 1102 243 ad
1125 209 1285 242 Laudes

249 307 446 360 Aspexit,
463 311 506 348 et
526 304 730 347 dissolvit
742 305 923 346 Gentes:
938 305 961 330 *
978 308 1021 346 et

198 364 375 405 contriti
395 367 495 404 sunt
513 366 686 403 montes
706 361 866 403 saeculi.

251 419 470 461 Incurvati
487 423 587 459 sunt
605 418 742 460 colles
757 417 919 467 mundi,
931 418 954 443 *
965 417 1020 459 ab

198 476 424 519 itineribus
444 474 704 516 aeternitatis
725 475 826 527 ejus.

248 533 335 573 Pro
362 531 592 583 iniquitate
619 531 710 572 vidi
737 531 928 572 tentoria
947 531 1021 571 AE-

198 588 393 641 thiepiae,
413 589 436 613 *
456 587 751 629 turbabuntur
774 587 914 640 pelles
938 592 1021 629 ter-

197 658 256 686 rae
276 644 462 686 Madian.

246 700 472 752 Numquid
491 700 536 741 in
555 698 806 741 fluminibus
822 699 959 741 iratus
975 712 1022 741 es

195 756 405 798 Domine?
424 758 447 783 *
467 762 542 798 aut
561 756 605 797 in
626 755 875 797 fluminibus
901 756 1022 797 furor

195 812 318 855 tuus?
339 813 410 855 vel
429 814 472 854 in
491 813 601 854 mari
620 812 863 864 indignatio
885 810 982 853 tua?

249 870 333 920 Qui
358 869 569 911 ascendes
592 881 724 921 super
745 881 883 920 equos
907 873 1022 910 tuos:

196 927 220 952 *
240 932 284 968 et
305 926 530 978 quadrigae
548 931 637 968 tuae
657 925 854 966 salvatio.

249 983 474 1025 Suscitans
508 982 742 1024 suscitabis
775 995 923 1023 arcum
958 987 1022 1023 tu-

196 1054 283 1081 um:
301 1041 324 1066 *
343 1041 582 1092 iuramenta
607 1038 808 1080 tribubus
835 1051 934 1091 quae
960 1038 1021 1080 lo-

197 1100 324 1138 cutus
344 1109 403 1138 es.

248 1153 428 1194 Fluvios
453 1152 627 1195 scindes
647 1157 792 1194 terrae:
819 1151 1022 1194 viderunt

198 1214 253 1259 te,
282 1214 325 1250 et
353 1209 585 1251 doluerunt
612 1214 799 1250 montes:
819 1209 842 1234 *
863 1221 1022 1260 gurges

197 1268 409 1318 aquarum
425 1266 610 1308 transiit.

248 1322 384 1364 Dedit
402 1322 587 1374 abyssus
603 1335 758 1364 vocem
773 1335 910 1363 suam:
925 1323 948 1347 *
965 1322 1021 1363 al-

197 1378 342 1420 titudo
363 1392 517 1420 manus
537 1392 638 1420 suas
656 1378 829 1420 levavit.

248 1435 337 1485 Sol,
367 1440 410 1477 et
434 1435 536 1476 luna
555 1437 771 1477 steterunt
790 1435 834 1476 in
856 1434 1022 1476 habita-

198 1491 297 1533 culo
319 1504 413 1542 suo,
434 1492 457 1517 *
476 1492 520 1532 in
539 1491 636 1533 luce
655 1492 913 1543 sagittarum
930 1493 1022 1533 tua-

197 1562 308 1598 rum,
333 1547 458 1589 ibunt
482 1548 526 1588 in
549 1548 786 1600 splendore
806 1548 1022 1600 fulguran-

197 1605 255 1646 tis
272 1604 411 1646 hastae
432 1609 532 1646 tuae.

249 1662 299 1702 In
318 1661 493 1702 fremitu
513 1661 793 1703 conculcabis
813 1663 1023 1703 terramz*

199 1722 242 1759 et
262 1718 306 1758 in
330 1717 477 1759 furore
499 1717 826 1770 obstupefacies
847 1718 1024 1760 Gentes.

248 1774 463 1826 Egressus
497 1787 543 1816 es
575 1774 619 1814 in
651 1774 838 1816 salutem
869 1775 1025 1828 populi

198 1831 282 1872 tui:
301 1831 324 1856 *
344 1830 387 1871 in
408 1830 595 1872 salutem
614 1844 714 1872 cum
734 1831 909 1873 Christo
934 1836 1024 1873 tuo.

251 1886 514 1928 Percussisti
529 1892 662 1939 caput
673 1887 728 1929 de
742 1887 876 1930 domo
888 1889 1024 1941 impii:

199 1944 222 1969 *
242 1942 475 1984 denudasti
495 1942 823 1986 fundamentum
846 1946 936 1997 ejus
956 1959 1023 1987 us-

199 2012 284 2052 que
303 1999 359 2040 ad
379 1999 550 2040 collum.

250 2055 517 2097 Maledixisti
541 2056 729 2108 sceptris
753 2057 860 2108 ejus,
889 2059 1023 2111 capiti

198 2111 462 2153 bellatorum
491 2112 592 2163 erS,
620 2113 643 2137 *
671 2113 948 2156 venientibus
976 2120 1025 2157 ut

198 2168 327 2210 turbo
347 2168 403 2209 ad
421 2168 763 2221 dispergendum
782 2183 862 2212 me.

248 2224 497 2266 Exsultatio
531 2226 684 2266 eorum
715 2227 739 2251 *
768 2227 882 2268 sicut
919 2229 1023 2280 ejus,

197 2277 272 2374 gui
300 2277 482 2318 devorat
509 2280 750 2330 pauperem
778 2279 821 2320 in
841 2279 1023 2322 abscon-

228 2333 302 2374 ito.

247 2388 378 2430 Viam
405 2388 546 2430 fecisti
574 2389 618 2430 in
645 2391 754 2432 mari
779 2392 904 2444 equis
924 2393 1023 2443 tuis,

196 2446 220 2471 *
239 2445 283 2486 in
303 2445 396 2487 luto
416 2447 628 2496 aquarum
646 2447 893 2491 multarum.

246 2501 419 2551 Audivi,
449 2506 493 2543 et
521 2503 808 2547 conturbatus
833 2511 902 2547 est
923 2519 1021 2548 ven-

195 2563 263 2600 ter
290 2571 428 2600 meus:
447 2558 469 2583 *
490 2571 515 2599 a
537 2571 646 2601 voce
664 2564 1022 2604 contremuerunt

195 2615 313 2657 labia
330 2628 439 2656 mea.

247 2672 524 2723 Ingrediatur
556 2675 745 2729 putredo
776 2675 819 2716 in
847 2675 1021 2718 ossibus

195 2729 316 2778 meis,
335 2730 358 2754 *
379 2734 422 2771 et
440 2729 591 2771 subter
612 2744 681 2773 me
704 2734 882 2774 scateat.

1125 303 1185 345 Ut
1204 301 1480 354 requiescam
1498 301 1539 342 in
1567 300 1639 343 die
1658 299 1902 342 tribulatio-

1073 360 1154 401 nis:
1170 360 1194 385 *
1211 364 1260 400 ut
1277 358 1513 400 ascendam
1531 357 1588 399 ad
1601 357 1818 411 populum
1835 369 1903 399 ac·

1074 419 1266 458 cinctum
1284 420 1496 457 nostrum.

1124 473 1255 514 Ficus
1276 472 1392 514 enim
1412 484 1501 513 non
1520 470 1800 513 florebit:*et
1814 483 1902 511 non

1074 529 1157 572 erit
1173 541 1351 580 germen
1369 528 1413 569 in
1433 528 1584 570 vineis.

1125 586 1363 627 Mentietur
1388 598 1501 638 opus
1527 584 1671 626 olivae:
1691 584 1715 610 *
1735 588 1780 626 et
1799 596 1904 625 arva

1074 655 1162 684 non
1180 641 1363 683 afferent
1383 641 1540 683 cibum.

1125 698 1424 740 Abscindetur
1448 697 1503 739 de
1528 696 1632 739 ovili
1650 709 1803 749 pecus:
1820 697 1844 722 *
1861 701 1904 738 et

1073 767 1160 796 non
1185 755 1268 797 erit
1289 757 1535 796 armentum
1552 754 1596 794 in
1615 752 1903 806 praesepibus.

1126 812 1222 863 Ego
1243 816 1390 853 autem
1412 811 1457 852 in
1474 810 1666 852 Domino
1686 809 1904 862 gaudebo:

1074 869 1097 893 *
1118 873 1162 910 et
1182 868 1415 910 exsultabo
1435 868 1479 909 in
1498 868 1595 909 Deo
1616 867 1640 908 J
1643 880 1721 909 esu
1739 879 1852 909 meo.

1125 925 1247 966 Deus
1257 925 1351 966 Dfis
1371 924 1584 966 fortitudo
1599 936 1712 966 mea:
1726 924 1750 950 *
1765 928 1809 966 et
1827 936 1904 976 po-

1073 987 1149 1023 net
1166 981 1306 1034 pedes
1324 994 1449 1023 meos
1470 981 1597 1033 quasi
1617 983 1861 1022 cervorum.

1126 1038 1183 1079 Et
1212 1050 1346 1090 super
1375 1037 1551 1079 excelsa
1581 1050 1681 1079 mea
1714 1036 1905 1079 deducet

1073 1107 1144 1136 me
1163 1094 1304 1136 vietor
1322 1094 1345 1119 *
1364 1094 1409 1135 in
1427 1093 1611 1147 psalmis
1631 1095 1871 1135 canentem.

1126 1152 1226 1193 Ant.
1245 1150 1436 1192 Domine
1458 1149 1606 1192 audivi
1623 1149 1822 1192 auditum
1841 1154 1905 1191 tu-

1074 1221 1148 1249 um
1165 1212 1209 1249 et
1227 1207 1364 1249 timui.

1125 1267 1225 1307 Ant.
1254 1266 1305 1305 In
1333 1266 1543 1317 tympano
1563 1264 1587 1289 *
1607 1268 1651 1305 et
1679 1263 1834 1313 choro,
1861 1262 1906 1304 in

1076 1320 1255 1362 chordis
1276 1326 1320 1362 et
1341 1322 1506 1372 organo
1527 1320 1706 1362 laudate
1725 1320 1880 1361 Deum.

1126 1379 1193 1419 Ps.
1221 1377 1424 1420 Laudate
1441 1377 1691 1419 Deminum.
1719 1378 1778 1418 16.

1127 1443 1387 1496 Capitulum.
1589 1444 1715 1484 Rom.
1736 1445 1793 1484 13.
1814 1443 1852 1484 d.

1172 1512 1230 1542 ox
1253 1499 1503 1553 praecessit,
1533 1499 1629 1541 dies
1658 1503 1805 1540 autem
1833 1511 1906 1551 ap·
1936 1526 1938 1529 f

1188 1556 1518 1610 propinquavit.
1550 1555 1822 1608 Abjiciamus
1843 1567 1906 1597 er-

1075 1626 1131 1665 go
1149 1615 1286 1667 opera
1302 1613 1598 1663 tenebrarum,
1615 1618 1659 1655 et
1671 1611 1907 1654 induamur

1076 1683 1197 1711 arma
1224 1670 1347 1712 lucis.
1392 1670 1514 1712 Sicut
1546 1670 1590 1711 in
1621 1669 1693 1711 die
1719 1668 1907 1710 honeste

1076 1727 1361 1769 ambulemus.

1386 1786 1597 1838 Hymnus.

1257 1846 1382 1886 terna
1401 1843 1504 1886 coeli
1522 1843 1674 1895 gloria,

1272 1901 1413 1943 Beata
1434 1913 1538 1954 spes
1557 1899 1820 1948 mortalium,

1178 1958 1346 1999 Summi
1367 1957 1583 1999 Tonantis
1601 1956 1752 2006 Unice,

1180 2015 1414 2067 Castaeque
1433 2014 1582 2068 proles
1601 2013 1812 2064 Virginis:

1128 2089 1196 2128 Da
1216 2085 1446 2127 dexteram
1464 2083 1770 2136 surgentibusf

1180 2143 1401 2194 Exsurgat
1422 2146 1470 2183 ut
1489 2153 1614 2183 mens
1636 2139 1797 2190 sobria,

1178 2199 1391 2251 Flagrans
1411 2203 1454 2240 et
1473 2198 1518 2238 in
1535 2196 1713 2239 laudem
1731 2196 1814 2238 Dei

1180 2255 1342 2297 Grates
1361 2254 1576 2308 rependat
1597 2253 1781 2296 debitas.

1130 2326 1264 2366 Ortus
1285 2324 1473 2375 refulget
1491 2323 1656 2374 lucifer,

1178 2382 1402 2434 Praeitque
1424 2381 1563 2423 solem
1581 2380 1772 2422 nuntius:

1181 2437 1353 2480 Cadunt
1370 2437 1568 2480 tenebrae
1587 2437 1798 2478 noctium:

1178 2495 1275 2536 Lux
1295 2499 1448 2537 sancta
1466 2507 1546 2536 nos
1566 2493 1792 2535 illuminet.

1131 2565 1398 2617 Manensque
1417 2564 1581 2606 nostris
1601 2562 1814 2612 sensibus,

1175 2621 1364 2663 Noctem
1384 2621 1570 2674 repellat
1589 2619 1751 2669 saeculi,

1179 2678 1398 2730 Omnique
1417 2678 1503 2719 fine
1522 2676 1737 2729 temporis

1176 2735 1370 2786 Purgata
1390 2738 1536 2776 servet
1556 2735 1748 2787 pectora.
