2040 2944
787 193 995 227 Dominiea
1020 193 1070 227 ad
1095 194 1259 229 Laudes.
1835 188 1877 223 17

214 281 414 323 Laudate
439 295 538 323 eum
562 281 629 323 sol
653 286 698 323 et
719 282 836 323 luna:
860 283 883 308 *
906 282 994 323 lau-

163 337 266 379 date
286 350 385 379 eum
407 351 559 379 omnes
579 338 730 388 stellae,
750 344 794 380 et
812 339 968 381 lumen.

213 393 412 436 Laudate
433 407 532 436 eum
552 394 654 436 coeli
669 395 898 436 coelorum:
912 396 935 422 *
952 401 995 437 et

163 463 290 502 aquae
327 463 496 500 omnes,
527 464 642 503 >quae
685 464 817 503 super
855 451 994 493 coelos

163 511 274 555 sunt,
294 507 472 548 laudent
490 520 650 549 nomen
668 508 856 548 Domini.

216 563 327 613 Quia
352 564 447 615 ipse
471 563 596 613 dixit,
626 568 669 605 et
693 564 809 605 facta
835 570 951 606 sunt:
971 565 994 590 *

162 619 258 671 ipse
276 619 512 670 mandavit,
532 625 576 662 et
595 622 743 662 creata
763 626 874 662 sunt.

214 676 375 717 Statuit
395 689 446 717 ea
464 677 508 717 in
527 678 755 725 aeternum,
779 682 823 718 et
846 677 889 717 in
914 679 991 718 sac-

163 731 309 772 culum
329 732 492 773 saeculi:
507 733 531 758 *
546 735 819 786 praeceptum
835 734 993 786 posuit,

163 792 207 829 et
226 800 315 829 non
332 788 588 840 praeteribit.

213 844 413 886 Laudate
444 845 683 886 Deminum
714 845 768 887 de
802 850 939 896 terra,
970 847 993 872 ’⁸¹

163 900 389 950 dracones,
410 906 453 943 et
473 914 624 942 omnes
642 901 799 953 abyssi.

214 957 348 1008 Ignis,
365 957 550 1008 grando,
568 958 657 1007 nix,
676 957 850 1008 glacies,
870 959 992 1010 spiri-

161 1018 232 1054 tus
251 1013 559 1066 procellarum:
570 1015 593 1040 *
606 1027 704 1066 quae
721 1014 885 1056 faciunt
900 1027 992 1056 ver-

161 1069 267 1111 bum
289 1071 396 1122 ejus:

213 1126 402 1176 Montes,
430 1132 473 1169 et
490 1139 642 1168 omnes
665 1126 814 1168 colles:
833 1127 857 1153 *
876 1127 993 1178 ligna

161 1183 394 1233 fructifera,
418 1188 462 1225 et
481 1196 634 1225 omnes
654 1183 784 1225 cedri.

213 1239 396 1289 Bestiae,
443 1245 487 1281 et
522 1240 726 1280 universa
757 1242 937 1292 pacora:
969 1242 992 1266 *

162 1297 400 1348 serpentes,
420 1301 464 1337 et
482 1296 685 1337 volucres
705 1298 923 1348 pennatae:

213 1352 359 1402 Reges
376 1357 524 1402 terrae,
546 1358 590 1394 et
610 1366 762 1394 omnes
782 1353 949 1406 populi:
969 1355 992 1379 *

161 1409 399 1461 principes,
425 1414 468 1450 et
492 1422 643 1450 omnes
666 1409 832 1461 judices
851 1414 992 1451 terrae.

212 1465 419 1515 Jiivenes,
448 1470 492 1507 et
513 1466 719 1516 virgines:
744 1479 871 1507 senes
892 1479 991 1507 cum

160 1521 399 1573 junioribus
419 1521 599 1563 laudent
618 1535 779 1563 nomen
800 1523 991 1563 Domini:

160 1578 184 1603 *
213 1578 315 1630 quia
348 1578 587 1620 exaltatum
619 1583 686 1620 est
712 1591 873 1620 nomen
901 1580 991 1631 ejus

161 1634 307 1675 solius.

214 1690 441 1732 Confessio
468 1691 558 1742 ejus
582 1704 715 1743 super
743 1691 919 1740 coelum,
949 1696 992 1733 et

160 1751 341 1788 terram:
373 1747 397 1772 *
428 1752 471 1788 et
509 1746 718 1788 exaltavit
747 1760 884 1788 cornu
915 1749 990 1800 po-

161 1803 252 1856 puli
271 1803 348 1844 sui.

213 1859 414 1910 Hymnus
435 1858 637 1901 omnibus
658 1859 820 1900 sanctis
841 1860 948 1911 ejus:
967 1862 991 1886 *

161 1915 260 1957 filiis
271 1915 419 1964 Isra'el,
436 1915 603 1968 populo
619 1916 991 1968 appropinquanti

161 1971 254 2013 sibi.
769 1974 773 1979 '

211 2039 286 2074 Hic
309 2050 387 2074 non
410 2040 551 2074 dicitur
580 2041 715 2076 Gloria
738 2041 854 2076 Patri.

424 2125 623 2166 Psalmus
642 2128 727 2167 149.

161 2194 388 2302 Cantate
418 2201 609 2242 Domino
657 2202 875 2242 canticum
901 2214 989 2242 no-

257 2271 376 2298 vum:
409 2258 432 2283 *
468 2257 562 2298 laus
600 2258 690 2309 ejus
726 2258 770 2298 in
806 2258 990 2299 ecclesia

161 2316 425 2356 sanctorum.

212 2370 408 2412 Laetetur
434 2369 572 2410 Israel
599 2369 643 2409 in
670 2381 742 2418 eo,
785 2370 858 2421 qui
887 2369 990 2410 fecit

161 2439 275 2468 eum:
306 2427 331 2453 *
363 2431 408 2468 et
442 2425 519 2466 filii
549 2425 653 2467 Sion
690 2425 910 2466 exsultent
947 2425 990 2465 in

160 2495 264 2533 rege
283 2495 375 2523 suo.

212 2538 413 2580 Laudent
444 2550 605 2579 nomen
637 2538 726 2589 ejus
758 2537 801 2577 in
834 2537 990 2578 choro:

160 2595 184 2620 *
215 2595 258 2635 in
291 2597 520 2647 tympano,
557 2599 600 2635 et
631 2593 840 2646 psalterio
877 2593 989 2644 psal-

161 2650 252 2692 lant
271 2651 320 2692 ei.

215 2707 326 2757 Quia
353 2706 677 2759 beneplacitum
705 2710 771 2747 est
799 2705 989 2746 Damino

1046 284 1091 323 in
1114 285 1280 336 pepulo
1301 297 1397 325 suo:
1416 285 1439 310 *
1460 290 1504 326 ct
1527 283 1738 326 exaltabit
1758 298 1875 325 man-

1047 341 1198 381 suetos
1217 341 1260 380 in
1281 341 1477 382 salutem.

1099 396 1394 438 Exsultabunt
1426 397 1565 438 sancti
1596 397 1640 437 in
1669 397 1821 445 gloria:
1853 398 1875 422 *

1046 451 1312 494 laetabantur
1331 454 1373 493 in
1394 453 1610 494 cubilibus
1630 454 1729 494 suis.

1098 509 1398 551 Exaltationes
1422 510 1505 551 Dei
1528 511 1571 550 in
1601 513 1776 559 gutture
1806 511 1875 550 co-

1047 578 1158 605 rum:
1179 566 1202 591 *
1226 570 1269 606 et
1288 565 1422 615 gladii
1443 567 1654 619 ancipites
1680 567 1723 607 in
1743 566 1875 606 mani-

1047 620 1129 662 bus
1150 624 1317 662 eorum:

1099 678 1171 719 Ad
1198 678 1441 719 faciendam
1467 678 1703 719 vindictam
1732 679 1774 718 in
1803 691 1874 719 na-

1045 733 1252 775 tiOnibus:
1262 735 1285 759 *
1295 734 1617 786 increpatis'mes
1632 735 1674 774 in
1688 734 1874 786 populis.

1097 790 1170 831 Ad
1203 790 1446 841 alligandos
1483 803 1609 840 reges
1645 792 1795 831 e6rum
1830 791 1873 831 in

1045 846 1348 899 compedibus:
1367 848 1390 872 *
1411 851 1455 888 et
1472 846 1642 888 nobiles
1662 848 1813 887 eorum
1831 847 1873 887 in

1045 903 1227 944 manicis
1246 903 1408 944 ferreis.

1097 959 1156 1000 Ut
1183 959 1345 1000 faciant
1370 960 1414 999 in
1447 959 1509 1001 eis
1541 958 1746 1010 judicium
1775 971 1872 999 con-

1046 1017 1272 1067 scriptum:
1287 1016 1310 1041 *
1325 1016 1464 1066 gloria
1478 1015 1573 1056 haec
1590 1020 1656 1057 est
1672 1015 1873 1056 omnibus

1045 1071 1209 1113 sanctis
1229 1072 1330 1123 ejus.

1096 1129 1171 1163 Hic
1193 1140 1269 1163 non
1295 1129 1435 1163 dicitur
1464 1127 1598 1163 Gloria
1621 1128 1737 1162 Patri.

1303 1186 1501 1225 Psalmus
1521 1186 1578 1224 15(
1591 1190 1610 1224 J.

1044 1240 1277 1346 Laudate
1327 1241 1566 1281 Dominum
1616 1241 1659 1280 in
1710 1240 1872 1281 sanctis

1149 1298 1254 1349 ejus:
1282 1298 1306 1323 *
1333 1296 1511 1338 laudate
1540 1309 1639 1337 eum
1666 1296 1710 1336 in
1731 1296 1871 1336 firma-

1045 1357 1195 1396 manto
1215 1354 1389 1394 virtutis
1410 1354 1511 1404 ejus.

1096 1410 1294 1451 Laudate
1322 1422 1421 1451 eum
1444 1410 1488 1449 in
1514 1408 1747 1450 virtutibus
1769 1409 1872 1459 ejus:

1043 1468 1068 1493 *
1092 1466 1268 1508 laudate
1293 1479 1393 1507 eum
1416 1465 1657 1507 secundum
1682 1464 1871 1505 multitu-

1045 1524 1191 1565 dinem
1210 1521 1520 1573 magnitudinis
1541 1522 1642 1573 ejus.

1095 1579 1294 1620 Laudate
1327 1591 1425 1619 eum
1462 1578 1505 1618 in
1542 1590 1651 1618 sono
1684 1577 1817 1618 tubae:
1849 1577 1871 1602 *

1043 1636 1220 1677 laudate
1237 1648 1336 1676 eum
1351 1635 1393 1674 in
1404 1634 1624 1686 psalterio,
1641 1639 1684 1675 et
1695 1633 1871 1674 cithara.

1095 1691 1294 1732 Laudate
1331 1703 1430 1731 eum
1470 1691 1513 1730 in
1554 1692 1781 1741 tympano,
1827 1694 1871 1729 et

1045 1748 1195 1790 choro:
1219 1748 1242 1773 *
1266 1746 1442 1788 laudate
1476 1759 1575 1787 eum
1607 1746 1650 1786 in
1683 1744 1870 1793 chordis,

1044 1809 1088 1846 et
1112 1806 1289 1854 organo.

1094 1859 1294 1901 Laudate
1322 1871 1421 1900 eum
1442 1858 1486 1898 in
1511 1858 1721 1910 cymbalis
1741 1857 1869 1898 bene-

1043 1915 1314 1957 sonantibus:
1346 1913 1522 1956 laudate
1552 1927 1651 1956 eum
1682 1914 1725 1953 in
1756 1915 1870 1964 cym-

1042 1973 1152 2015 balis
1177 1971 1456 2023 iubilationis:
1478 1971 1502 1996 *
1526 1970 1667 2011 omnis
1692 1969 1870 2021 spiritus

1042 2029 1191 2070 laudet
1209 2027 1458 2068 D6minum.

1095 2084 1247 2126 Gloria
1268 2083 1399 2124 Patri.

1098 2139 1178 2178 l'cr
1198 2139 1383 2177 Annum.
1414 2139 1512 2177 Ant.
1547 2137 1744 2188 Alleluja,
1768 2137 1866 2177 alle-

1042 2198 1138 2248 luja,
1157 2195 1338 2246 alleluja.

1094 2255 1267 2297 Sequens
1286 2253 1409 2296 Capit.
1428 2254 1569 2288 dieitur
1587 2254 1624 2287 in
1643 2255 1867 2293 Dominicis,

1043 2314 1064 2335 a
1081 2302 1190 2335 Dom.
1208 2301 1272 2335 III.
1291 2307 1380 2343 post
1397 2301 1649 2336 Pentecosten
1674 2314 1795 2345 usquc
1818 2304 1866 2337 ad

1042 2350 1273 2384 Adventum.

1147 2406 1404 2458 Capitulum.
1516 2407 1653 2458 Apoc.
1673 2407 1709 2447 7.
1728 2420 1762 2447 c.

1123 2481 1351 2529 enedictiO,
1372 2485 1416 2522 et
1431 2479 1617 2528 claritas,
1639 2483 1682 2520 et
1701 2478 1865 2530 sapien-

1149 2538 1223 2586 tia,
1244 2542 1287 2578 et
1305 2537 1544 2586 gratiarum
1565 2535 1695 2583 actio,
1715 2534 1863 2580 honor,

1042 2600 1086 2635 et
1110 2594 1264 2641 virtus,
1293 2598 1337 2634 et
1361 2591 1573 2633 fortitudo
1593 2591 1689 2631 Deo
1714 2594 1864 2630 nostro

1041 2650 1085 2690 in
1104 2649 1265 2690 sa'ecula
1284 2647 1556 2689 saeculorum.
1585 2647 1736 2687 Amen.

1094 2707 1143 2757 Rv.
1171 2706 1266 2747 Deo
1285 2703 1458 2753 gratias-
