2040 2944
230 234 274 267 24
843 221 1044 256 Dominica
1071 221 1120 254 ad
1143 220 1319 254 Primam.

234 327 407 373 vestris,
450 322 660 377 perdocat
701 332 780 360 vos
821 318 877 360 ad
919 319 1051 359 vitam

234 385 450 424 aeternam.
497 379 543 429 Ru
575 377 724 417 Amen.

231 459 586 565 Indulgentiam‚
630 456 966 506 absolutionem,
1010 461 1053 497 et

317 515 611 558 remissionem
656 515 937 564 peccatorum
978 525 1052 553 no-

234 576 421 615 strorum
445 570 605 611 tribuat
629 568 753 610 nobis
774 571 1052 621 omnipotens

234 636 276 671 et
299 627 544 669 misericors
568 625 792 666 Dominus.
823 628 871 678 Rg.
899 625 1052 666 Amen.

284 695 333 733 Iit
363 692 640 744 prosequitur
673 687 718 737 δ”.
746 690 937 740 Dignare
965 689 1052 730 Do-

231 749 343 790 mine
363 747 433 789 die
452 747 546 788 isto.
580 749 624 798 lx‘g.
649 746 748 787 Sine
767 747 950 798 peccato
971 757 1051 786 nos

233 803 462 846 custodire.

282 864 330 914 δ”.
344 869 549 910 Miserere
560 868 696 908 nostri
708 867 905 908 Domine.
915 870 963 920 Rg.
982 866 1052 907 Mi-

234 927 378 967 serere
398 924 544 965 nostri.

282 983 329 1034 Y.
354 990 448 1030 Fiat
465 988 762 1029 misericordia
777 994 851 1029 tua
867 987 1053 1028 Domine

235 1059 365 1099 super
380 1058 471 1086 nos.
488 1047 537 1097 Rg.
564 1044 942 1094 Quemadmodum
959 1056 1052 1096 spe-

233 1103 422 1143 ravimus
442 1103 483 1142 in
502 1107 556 1142 te.

283 1160 329 1211 Y·
376 1167 562 1208 Domine
608 1166 764 1209 exaudi
810 1165 1053 1206 orationem

232 1235 382 1263 meam.
421 1223 466 1273 Ιζι.
499 1224 554 1264 Et
583 1224 746 1264 clamor
774 1235 896 1263 meus
926 1220 981 1261 ad
1009 1226 1052 1261 te

232 1279 386 1320 veniat.

281 1339 328 1389 Y.
368 1344 581 1385 Dominus
618 1344 855 1386 vobiscum.
906 1346 953 1397 Rg.
996 1342 1052 1382 Et

232 1413 329 1440 cum
349 1400 502 1452 spiritu
521 1406 606 1441 tuo.

332 1478 528 1517 Oremus.
781 1478 944 1517 Oratio.

231 1536 460 1640 Domine
493 1542 612 1582 Deus
649 1543 940 1593 omnipotens,
978 1541 1051 1592 qui

337 1596 392 1637 ad
420 1597 678 1649 principium
706 1597 831 1648 hujus
859 1596 944 1637 diei
971 1609 1051 1637 nos

230 1655 457 1705 pervenire
494 1653 651 1694 fecisti:
693 1658 767 1694 tua
804 1665 885 1693 nos
920 1652 1050 1695 hodie

230 1708 349 1749 salva
369 1709 542 1758 virtute3
571 1715 617 1750 ut
635 1710 677 1749 in
697 1709 778 1750 hac
798 1708 866 1750 die
887 1708 942 1750 ad
962 1709 1050 1750 nul-

230 1764 317 1805 lum
329 1764 592 1806 declinemus
603 1767 841 1818 peccatum,
854 1765 932 1806 sed
943 1779 1051 1807 sem-

232 1833 309 1872 per
342 1819 398 1861 ad
429 1826 547 1861 tuam
577 1822 782 1872 justitiam
809 1821 1051 1863 faciendam

231 1881 379 1917 nostra
398 1876 637 1928 procedant
656 1878 843 1930 eloquia,
867 1877 1051 1928 dirigan-

233 1937 302 1972 tur
346 1933 630 1981 cogitationes
673 1938 715 1974 et
757 1935 902 1986 opera.
968 1935 1051 1976 Per

232 1987 466 2028 Dominum
485 1994 692 2030 nostrum.

282 2048 330 2099 lx'f.
361 2048 511 2089 Amen.

282 2107 330 2157 Y.
378 2113 591 2153 Dominus
628 2113 863 2155 vobiscum.
908 2117 957 2168 R.
995 2116 1052 2157 Et

234 2180 331 2208 cum
351 2169 504 2220 spiritu
523 2174 610 2210 tuo.

283 2227 330 2278 Y.
348 2233 662 2275 Benedicamus
673 2235 875 2277 Domino.
888 2237 937 2288 R.
954 2237 1051 2279 Deo

232 2288 405 2338 gratias.

283 2370 428 2405 Deinde
453 2372 488 2404 in
512 2372 639 2405 (thoro
663 2373 801 2414 legitur
822 2374 1046 2411 Martvrolo-

230 2415 342 2456 gium.
390 2417 433 2450 Et
464 2418 617 2460 quando
648 2418 809 2453 (licenda
840 2427 897 2454 cst
921 2415 1045 2456 l‘rima

230 2460 276 2538 {le
303 2460 340 2538 113.
360 2461 487 2513 Maria.
515 2465 750 2506 praeponitur
774 2466 928 2500 lectioni
952 2468 1047 2502 Mur—

247 2516 314 2539 V1⁴(›
334 2518 421 2543 0:411.

280 2560 418 2617 lsostczn
447 2562 777 2599 Ilcbdoniadarius
804 2567 895 2601 dicit

284 2613 330 2658 Y.
346 2615 543 2659 Pretiosa
556 2618 599 2659 in
615 2624 851 2674 conspectu
865 2622 1051 2664 Domini.

231 2672 279 2723 Rg.
299 2671 419 2714 Mors
439 2678 686 2717 sanctorum
707 2679 806 2729 ejus.

283 2736 324 2770 Et
350 2737 523 2771 absolute
550 2739 630 2772 sinc
660 2742 829 2778 Oremus.

1441 318 1605 359 Oratio.

1105 381 1301 488 Sancta
1334 389 1490 437 Maria,
1529 392 1572 429 et
1605 399 1758 428 omnes
1789 385 1937 427 Sancti

1205 444 1477 486 intercedant
1503 455 1585 496 pro
1611 442 1739 485 nobis
1766 441 1823 484 ad
1847 442 1936 483 Do-

1105 501 1287 550 minum,
1322 506 1369 542 ut
1401 513 1482 541 nos
1515 501 1762 541 mereamur
1794 498 1850 540 ab
1883 511 1936 540 eo

1106 557 1302 609 adjuvari
1321 563 1364 598 et
1385 557 1559 606 salvari,
1587 556 1662 608 qui
1680 555 1787 596 vivit
1811 559 1855 596 et
1873 567 1937 596 re-

1105 619 1209 663 gnat
1228 614 1271 654 in
1291 613 1453 655 saecula
1473 612 1747 654 saeculorum.

1159 670 1206 721 Rg.
1236 670 1389 711 Amen.

1156 729 1205 780 Y.
1253 735 1374 776 Deus
1410 735 1453 775 in
1491 732 1755 785 adjutorium
1791 744 1938 774 meum

1106 790 1293 832 intende.
1338 791 1387 831 R.
1421 790 1611 832 Domine
1644 789 1702 832 ad
1733 788 1938 840 adjuvan-

1107 846 1212 888 dum
1230 860 1300 889 me
1320 848 1488 889 festina.

1155 918 1201 951 Et
1228 917 1368 951 dicitur
1392 921 1463 950 tcr:
1488 916 1622 951 ultimo
1649 916 1805 951 additur

1157 969 1310 1010 Gloria
1328 970 1459 1011 Patri.
1483 968 1607 1011 Sicut
1626 974 1731 1010 erat.

1159 1044 1292 1094 Kyrie
1331 1043 1507 1085 eleison.
1549 1043 1725 1085 Christe
1763 1042 1939 1084 eleison.

1106 1100 1241 1151 Kyrie
1262 1100 1437 1141 eleison.

1157 1168 1289 1210 Pater
1309 1174 1470 1210 noster.
1488 1174 1670 1210 secreto.

1157 1229 1206 1280 V.
1228 1235 1285 1275 Et
1304 1247 1358 1276 ne
1377 1247 1459 1276 nos
1479 1233 1663 1275 inducas
1677 1233 1721 1274 in
1735 1231 1939 1274 tentatio-

1104 1303 1216 1332 nem.
1243 1292 1293 1343 Κ.
1313 1290 1400 1332 Sed
1420 1290 1558 1332 libera
1576 1303 1658 1332 nos
1678 1303 1704 1331 a
1721 1289 1851 1331 malo.

1158 1356 1208 1408 Y.
1238 1360 1429 1413 Respice
1461 1360 1505 1400 in
1538 1373 1692 1402 servos
1719 1364 1821 1401 tuos
1849 1358 1938 1399 Do-

1104 1416 1235 1465 mine,
1264 1417 1370 1458 etin
1389 1419 1526 1470 opera
1544 1421 1635 1466 tua,
1664 1421 1709 1458 et
1733 1415 1872 1466 dirige
1891 1414 1938 1455 fi-

1104 1472 1186 1513 lios
1208 1474 1370 1514 eorum.
1397 1475 1448 1527 Rg.
1468 1474 1526 1514 Et
1545 1473 1602 1514 sit
1621 1471 1831 1525 splendor
1847 1471 1938 1512 Do-

1104 1529 1207 1569 mini
1223 1529 1307 1570 Dei
1326 1530 1466 1571 nostri
1486 1542 1618 1582 super
1632 1541 1726 1578 nos⁷
1746 1533 1791 1570 et
1801 1529 1938 1580 opera

1103 1587 1312 1626 manuum
1343 1588 1596 1627 nostrarum
1633 1585 1773 1636 dirige
1805 1596 1938 1637 super

1103 1654 1205 1691 nos,
1238 1647 1282 1683 et
1309 1655 1422 1694 opus
1450 1644 1659 1683 manuum
1685 1643 1938 1683 nostrarum

1104 1697 1253 1748 dirige.

1155 1757 1205 1809 Y.
1235 1763 1387 1804 Gloria
1405 1764 1536 1805 Patri.
1562 1763 1613 1815 R.
1636 1763 1758 1805 Sicut
1777 1766 1881 1804 erat.

1207 1841 1407 1882 Oremus.
1667 1839 1831 1881 Oratio.

1102 1906 1351 2011 Dirigere
1384 1916 1428 1952 et
1456 1911 1752 1960 sanctificare,
1783 1911 1937 1961 regere

1217 1972 1261 2008 et
1278 1966 1525 2017 gubernare
1541 1966 1733 2018 dignere,
1747 1965 1937 2007 Domine

1103 2023 1225 2065 Deus
1262 2024 1360 2065 Rex
1396 2023 1499 2066 coeli
1535 2028 1579 2065 et
1614 2028 1762 2073 terrae,
1803 2022 1936 2064 hodie

1104 2079 1240 2121 corda
1268 2085 1312 2122 et
1341 2081 1531 2133 corpora
1557 2085 1728 2130 nostra,
1766 2091 1936 2130 sensus,

1105 2138 1330 2178 sermones
1355 2141 1400 2178 et
1424 2141 1548 2178 actus
1572 2141 1752 2178 nostros
1775 2136 1820 2177 in
1837 2135 1936 2187 lege

1103 2197 1195 2242 tua,
1234 2198 1277 2234 et
1308 2193 1351 2233 in
1385 2193 1595 2246 operibus
1626 2191 1936 2234 mandatorum

1103 2250 1294 2290 tuorum:
1322 2254 1370 2291 ut
1393 2248 1480 2299 hic,
1509 2254 1553 2291 et
1571 2250 1616 2291 in
1635 2251 1864 2299 aeternum,
1891 2253 1936 2290 te

1104 2305 1339 2347 auxiliante
1364 2305 1473 2346 salvi
1502 2311 1546 2348 et
1571 2305 1699 2348 liberi
1722 2318 1820 2347 esse
1848 2317 1935 2346 me-

1104 2363 1294 2411 reamur,
1314 2362 1517 2404 Salvator
1535 2361 1702 2404 mundi:
1721 2362 1806 2412 Qui
1824 2361 1936 2402 vivis

1105 2422 1148 2458 et
1167 2430 1324 2468 regnas
1343 2418 1386 2459 in
1406 2418 1567 2460 saecula
1587 2417 1861 2460 saeculorum.

1154 2478 1204 2529 R.
1228 2479 1381 2520 Amen.

1154 2543 1203 2594 Y·
1231 2553 1256 2593 J
1259 2553 1344 2594 ube
1364 2551 1524 2595 domne
1543 2552 1817 2596 benedicere.

1156 2623 1316 2665 Bened.
1344 2626 1453 2668 Dies
1479 2632 1523 2668 et
1547 2632 1671 2669 actus
1694 2630 1872 2668 nostros
1891 2624 1935 2666 in

1104 2695 1181 2723 sua
1199 2695 1309 2735 pace
1334 2682 1541 2735 disponat
1559 2683 1776 2725 Dominus
1800 2683 1934 2724 omni-

1102 2743 1271 2789 potens.
1302 2739 1353 2790 Rv.
1373 2739 1526 2781 Amen.
