2040 2944
186 157 259 192 460

188 258 271 295 est:
315 252 390 294 ubi
428 252 639 294 sacerdos
676 266 731 295 ex
769 253 1023 297 obedientia

188 309 345 358 factus,
373 309 606 350 severioris
630 308 875 363 disciplinae
896 316 939 353 et
958 325 1022 352 ar-

188 365 339 407 ctioris
358 365 463 406 vitae
484 365 813 418 cupidissimus,
839 368 1022 420 primiti-

186 435 287 463 vam
307 421 473 463 ordinis
492 422 688 473 regulam
708 436 763 465 ex
782 424 1022 477 superioris

187 478 363 520 licentia
396 478 457 520 ita
484 479 715 532 professus
745 485 831 530 est,
865 485 932 531 ut,
965 480 1023 523 ob

187 535 331 586 jugem
349 535 597 577 Dominicae
619 536 839 588 passionis
859 539 1023 579 memo-

187 591 313 640 riam,
340 590 460 632 bello
486 591 530 632 in
554 604 619 642 se,
651 597 878 644 tamquam
900 594 944 634 in
963 594 1023 634 in-

187 647 481 689 fensissimum
505 647 680 690 hostem
703 649 888 700 indicto,
917 650 1022 702 vigi,-

187 704 467 755 liis,jej1'1niis,
493 705 646 746 ferreis
667 705 863 757 flagelliS,
889 709 1023 748 omni-

188 773 274 812 que
285 763 519 813 poenarum
529 763 701 812 genere,
713 762 836 804 brevi
849 776 1024 805 carnem

188 829 288 858 cum
314 817 431 859 vitiis
460 822 505 859 et
533 819 904 871 concupiscentiis
933 820 1024 861 suis

189 873 469 915 crucifixerit:
508 874 666 925 dignus
699 875 849 928 plane,
891 877 966 928 qui
998 889 1023 918 a

188 934 341 972 sancta
360 931 544 972 Teresia
567 931 682 973 inter
705 933 908 984 puriores
928 946 1023 974 san·

188 986 440 1039 ctioresque
472 987 640 1029 animas
667 988 912 1031 Ecclesiam
939 990 1024 1031 Dei

187 1042 233 1084 id
267 1043 482 1096 temporis
518 1043 790 1087 illustrantes
824 1059 1023 1089 recense-

187 1101 318 1142 retur.

239 1163 290 1213 R„
323 1157 574 1199 Honestum
597 1158 701 1200 fecit
726 1158 848 1200 illum
873 1159 1023 1200 Domi-

187 1227 284 1264 nus,
310 1219 354 1256 et
373 1213 612 1257 custodivit
632 1228 732 1257 eum
751 1215 807 1257 ab
827 1216 1023 1267 inimicis,

188 1276 232 1313 et
259 1284 286 1312 a
314 1271 622 1313 seductoribus
650 1273 812 1315 tutavit
839 1273 977 1314 illum:
998 1278 1020 1301 *

187 1328 244 1370 Et
277 1328 399 1370 dedit
431 1328 494 1370 illi
527 1329 773 1371 claritatem
803 1331 1023 1372 aeternam.

188 1390 236 1437 V,
272 1385 446 1427 Justum
478 1385 662 1428 dedfixit
693 1386 911 1428 Dominus
943 1400 1024 1440 per

187 1442 282 1484 vias
302 1449 463 1493 rectas,
485 1448 529 1485 et
545 1443 740 1486 ostendit
758 1443 822 1485 illi
840 1457 1023 1496 regnum

188 1499 283 1542 Dei.
309 1499 368 1541 Et
387 1499 519 1542 dedit.

498 1561 649 1601 Lectio
671 1576 707 1601 v.

260 1613 449 1665 ingulari
473 1613 576 1655 vitae
602 1613 878 1663 austeritate,
911 1618 955 1656 et
980 1615 1023 1655 o-

270 1671 437 1712 mnium
460 1670 674 1712 virtutum
695 1669 907 1723 praesidio
933 1683 1023 1712 mu-

186 1730 322 1778 nitus,
350 1740 445 1781 prae
473 1725 654 1769 assidua
680 1739 829 1768 rerum
858 1725 1023 1769 divina-

188 1799 286 1827 rum
311 1783 703 1836 contemplatione,
729 1783 960 1826 diutflrnas
980 1789 1024 1826 et

187 1841 412 1884 mirabiles
451 1843 628 1882 extases
665 1841 918 1893 frequenter
949 1854 1023 1894 pa-

187 1898 392 1941 tiebatur:
412 1900 628 1950 tantoque
647 1898 691 1938 in
707 1898 852 1939 Deum
867 1900 1023 1940 aestua-

187 1955 266 1997 bat
293 1957 462 2005 amore,
490 1959 557 2004 ut,
585 1967 685 1996 cum
711 1954 886 1996 divinus
910 1955 1024 2006 ignis

189 2025 287 2054 sese
324 2012 441 2053 intro
478 2011 643 2053 diutius
675 2011 902 2053 continere
935 2023 1024 2052 non

187 2074 358 2122 posset,
395 2068 515 2110 foras
553 2071 805 2121 erumpere,
842 2068 1024 2120 ejasque

188 2126 358 2168 vultum
385 2123 599 2167 irradiare
623 2125 744 2166 visus
770 2124 836 2166 sit.
872 2124 1023 2166 Proxi-

189 2184 364 2224 morum
404 2182 536 2223 salsiti
573 2183 854 2234 summopere
887 2181 1023 2223 inten-

188 2244 270 2289 tuS,
289 2244 383 2281 tum
396 2239 441 2280 in
458 2239 582 2281 verbi
597 2239 680 2280 Dei
694 2238 1024 2291 praedicatione,

188 2301 281 2338 tum
299 2296 344 2337 in
359 2297 738 2338 sacramentorum
752 2294 1024 2337 administra-

188 2352 308 2394 tione
328 2353 408 2395 fuit
428 2352 642 2395 assiduus.
676 2352 792 2394 Hinc
814 2357 882 2394 tot
900 2352 1024 2394 meri-

189 2410 246 2452 tis
279 2415 446 2460 auctus,
479 2410 801 2462 strictiorisque
834 2409 1024 2461 discipli-

189 2478 259 2507 nae
278 2466 596 2519 promovendae
615 2465 775 2508 ardore
795 2465 1025 2507 vehemen-

190 2527 258 2564 ter
284 2524 512 2573 accensus,
540 2528 706 2564 sanctae
731 2523 928 2565 Teresiae
954 2535 1024 2564 co-

190 2592 285 2621 mes
312 2579 520 2620 divinitus
546 2578 676 2621 datus
701 2584 787 2630 est,
816 2584 864 2620 ut
894 2592 1025 2631 quam

191 2637 289 2689 ipsa
307 2636 421 2677 inter
447 2638 624 2677 sorores
644 2636 903 2689 primaevam
924 2636 1024 2677 Car-

191 2692 295 2735 meli
321 2691 488 2734 ordinis
512 2691 841 2735 observantiam
865 2693 1025 2734 instau-

671 163 741 196 Dic
766 164 817 197 24.
840 163 938 197 Nov.
988 164 1021 197 S.
1048 164 1213 197 Joannis
1240 174 1259 197 a
1286 163 1408 198 Cruec
1435 143 1542 199 Conf.

1074 256 1267 304 raverat,
1296 254 1499 296 eamdem
1527 259 1572 297 et
1598 255 1712 297 inter
1739 256 1909 308 fratres,

1074 311 1099 352 J
1102 313 1244 352 oanne
1263 310 1474 363 adjutore,
1494 312 1760 355 restitueret.
1781 314 1909 355 Inmi-

1074 380 1222 409 meros
1245 369 1396 420 itaque
1419 381 1506 409 una
1525 381 1625 410 cum
1643 369 1728 411 Dei
1747 370 1910 412 famula

1075 425 1119 465 in
1145 424 1293 467 divino
1321 426 1458 477 opere
1482 427 1790 478 promovendo
1813 440 1910 480 per-

1075 483 1232 534 pessus
1250 481 1438 530 laboreS,
1459 482 1663 525 coenobia
1681 496 1781 536 quae
1801 485 1910 536 ejas-

1077 536 1178 579 dem
1205 543 1370 580 sanctae
1389 538 1586 589 Virginis
1614 553 1719 582 cura
1742 553 1823 593 per
1845 545 1910 582 to-

1075 599 1166 636 tam
1180 594 1441 647 Hispaniam
1457 596 1604 637 erecta
1618 596 1802 646 fuerant,
1819 597 1911 638 nul·

1075 650 1128 692 lis
1161 651 1265 693 vitae
1301 651 1595 694 incommodis
1628 658 1673 695 et
1703 653 1912 706 periculis

1075 708 1271 758 territus,
1314 708 1487 760 singula
1522 709 1824 761 perlustravit:
1867 710 1912 751 in

1077 764 1237 816 quibus
1257 764 1442 817 aliisque
1467 765 1800 818 quamplurimis
1820 767 1912 818 ejus

1077 822 1216 873 opera
1241 821 1417 871 erectis,
1444 824 1739 864 restauratam
1763 822 1911 865 obser-

1077 877 1271 919 vantiam
1290 877 1601 930 propagando,
1621 879 1759 921 verbo
1778 884 1823 921 et
1841 892 1912 921 ex-

1077 933 1224 986 emplo
1249 933 1457 985 firmavit3
1489 939 1538 976 ut
1560 935 1717 977 merito
1743 936 1913 988 primus

1075 994 1180 1042 post
1199 994 1396 1032 sanctam
1415 990 1643 1033 Teresiam
1661 992 1912 1035 Carmelita-

1076 1059 1174 1087 rum
1205 1046 1574 1089 Excalceatorum
1613 1047 1782 1091 ordinis
1812 1062 1912 1102 pro·

1076 1103 1220 1145 sessor
1239 1108 1283 1145 et
1302 1116 1463 1156 parens
1481 1103 1708 1147 habeatur.

1131 1166 1181 1216 R*-
1198 1159 1379 1202 Amavit
1403 1173 1503 1202 eum
1520 1161 1750 1212 Dominus,
1775 1166 1820 1204 et
1845 1175 1912 1204 or-

1078 1217 1199 1258 navit
1232 1229 1348 1258 eum:
1388 1217 1550 1259 stolam
1586 1217 1739 1269 gloriae
1771 1218 1913 1261 induit

1078 1285 1190 1323 eum,
1210 1279 1231 1303 *
1251 1274 1309 1316 Et
1328 1273 1385 1316 ad
1401 1278 1556 1327 portas
1572 1274 1769 1327 paradisi
1787 1287 1911 1317 coro-

1077 1331 1199 1373 navit
1214 1343 1324 1373 eum.
1355 1328 1404 1379 V.
1418 1331 1567 1373 Induit
1582 1344 1683 1373 eum
1697 1332 1913 1374 Dominus

1077 1387 1262 1430 loricam
1280 1388 1397 1440 fidei,
1418 1393 1463 1431 et
1482 1388 1656 1431 ornavit
1676 1401 1787 1431 eum.
1813 1389 1882 1432 Et.

1374 1450 1527 1490 Lectio
1547 1450 1601 1490 vi.

1168 1500 1436 1552 irginitatem
1445 1502 1664 1555 perpetuo
1676 1501 1823 1552 coluit,
1836 1502 1912 1544 im-

1180 1557 1489 1611 pudentesque
1506 1557 1714 1600 mulieres
1729 1559 1821 1611 ejus
1835 1572 1913 1612 pu-

1078 1614 1241 1656 dicitiae
1259 1614 1458 1656 insidiari
1475 1617 1699 1665 conantes,
1718 1627 1807 1656 non
1821 1628 1913 1657 mo-

1077 1670 1136 1712 do
1152 1671 1324 1724 repulit,
1346 1670 1426 1713 sed
1445 1671 1578 1713 etiam
1594 1670 1769 1714 Christo
1787 1671 1912 1714 lucri-

1077 1728 1191 1770 fecit.
1229 1729 1281 1769 In
1306 1728 1466 1770 divinis
1493 1727 1767 1781 explicandis
1793 1731 1912 1771 arca-

1076 1785 1144 1826 nis
1172 1797 1300 1837 aeque
1329 1797 1381 1826 ac
1406 1790 1559 1827 sancta
1584 1785 1782 1835 Teresia,
1810 1797 1913 1838 apo-

1077 1841 1248 1883 stolicae
1298 1840 1416 1884 sedis
1467 1841 1648 1894 judicio,
1703 1840 1913 1884 divinitus

1076 1898 1331 1948 instructus,
1352 1898 1491 1940 libros
1511 1897 1567 1940 de
1585 1898 1772 1950 mystica
1789 1897 1912 1940 theo-

1077 1955 1195 2007 logia
1246 1955 1418 1997 eoelesti
1463 1955 1681 2008 sapientia
1725 1955 1913 1997 refertos
1939 1958 1944 1963 '

1078 2011 1355 2073 conscripssit.
1396 2011 1543 2054 Semel
1566 2011 1865 2063 interrogatus
1888 2025 1914 2053 a

1080 2068 1267 2119 Christo,
1288 2067 1395 2120 quid
1413 2068 1586 2121 praemii
1603 2080 1687 2121 pro
1707 2073 1776 2110 tot
1793 2067 1913 2111 labo-

1078 2125 1199 2167 ribus
1227 2127 1452 2178 posceret,
1484 2124 1731 2178 respondit:
1763 2124 1912 2166 Domi-

1077 2195 1147 2232 ne,
1176 2182 1286 2235 pati,
1312 2186 1357 2224 et
1383 2181 1605 2224 contemni
1626 2193 1710 2234 pro
1732 2185 1788 2223 te.
1828 2181 1912 2222 Im-

1078 2239 1202 2292 perio
1226 2239 1270 2280 in
1297 2238 1541 2289 daemones,
1570 2251 1682 2291 quos
1706 2250 1730 2279 e
1755 2240 1913 2291 corpo-

1078 2296 1199 2338 ribus
1241 2308 1363 2348 saepe
1403 2294 1600 2346 fugabat,
1647 2293 1914 2336 discretione

1078 2352 1330 2405 spirituum,
1355 2350 1606 2404 prophetiae
1626 2349 1763 2399 dono,
1787 2350 1913 2392 mira-

1079 2409 1280 2450 culorum
1297 2408 1441 2460 gloria
1459 2406 1842 2458 celebratissimus
1862 2420 1913 2449 ea

1079 2478 1255 2518 semper
1278 2464 1360 2507 fuit
1383 2463 1646 2513 humilitate,
1673 2468 1723 2505 ut
1750 2463 1914 2516 saepius

1079 2535 1104 2563 a
1119 2522 1311 2563 Domino
1327 2520 1591 2571 flagitaverit
1606 2532 1660 2561 eo
1675 2520 1776 2562 loco
1791 2520 1914 2570 mori,

1078 2579 1154 2620 ubi
1187 2577 1390 2620 omnibus
1422 2581 1541 2618 esset
1572 2577 1760 2628 ignotus.
1804 2577 1913 2619 Voti

1079 2647 1266 2688 compos
1294 2633 1452 2683 factuS,
1481 2633 1650 2675 Ubedae
1676 2632 1773 2675 diro
1799 2645 1912 2674 mor-

1079 2692 1157 2743 bo,
1185 2697 1230 2734 et
1254 2691 1298 2732 in
1325 2703 1452 2733 crure
1473 2690 1666 2743 quinque
1685 2690 1828 2743 plagis
1846 2691 1913 2731 sa-
