2040 2944
604 155 711 189 Dom.
736 153 799 188 111.
826 153 927 197 Sept.
976 153 1130 196 Septem
1155 153 1342 188 Dolorum
1366 154 1407 188 B.
1432 154 1478 188 M.
1502 154 1543 188 V.

215 268 270 297 ex
320 253 520 295 amnibus
571 253 682 294 caris
733 254 838 305 ejus:
890 263 1043 293 omnes

215 311 342 353 amici
361 311 450 362 ejus
471 311 732 362 spreverunt
751 322 858 359 eam,
878 313 922 350 et
940 307 1043 349 facti

215 374 314 410 sunt
334 368 373 409 ei
392 367 563 408 inimici.
593 366 708 408 Vide
728 366 917 408 Demine
938 366 1043 417 quo-

214 425 328 466 niam
343 423 539 473 tribulor,
557 423 846 465 conturbatus
862 427 929 464 est
944 434 1043 463 ven-

213 486 281 523 ter
294 493 432 522 meus:
447 480 707 522 subversum
723 485 791 522 est
806 492 883 521 cor
898 491 1044 519 meum

212 538 255 578 in
275 539 545 590 memetipsa,
567 537 774 589 queniam
794 534 1043 578 amaritadi-

212 607 266 637 ne
285 594 415 647 plena
434 607 542 635 sum.
576 594 703 635 Foris
727 592 932 635 interficit
954 590 1042 642 gla-

214 651 323 701 dius,
342 656 386 693 et
405 650 524 693 domi
544 663 664 693 mors
684 650 836 691 similis
853 653 930 690 est.
955 648 1042 688 Au-

214 708 388 750 dierunt
408 708 510 761 quia
526 708 766 759 ingemiseo
783 718 877 757 ego,
898 710 941 747 et
955 717 1044 746 non

213 771 280 808 est
301 765 375 818 qui
394 764 647 807 consoletur
666 776 748 805 me.

269 829 317 879 R:-
342 830 518 872 Simeon
544 829 610 870 vir
634 830 772 881 justus
799 833 843 870 et
866 827 1043 869 timora-

212 892 299 937 tus,
336 886 446 929 dixit
471 885 529 928 ad
553 886 751 927 Mariam:
775 883 796 905 *
817 884 959 925 Tuam
982 883 1044 936 ip-

213 946 303 986 sius
332 944 520 985 animam
545 941 832 996 pertransibit
860 940 1044 993 gladius.

215 991 265 1042 V.
290 999 358 1042 Ne
387 999 554 1042 vocetis
584 1011 654 1040 me
680 997 928 1051 pulchram,
965 997 1045 1039 sed

213 1059 425 1106 amaram,
465 1056 568 1108 quia
597 1054 886 1096 amaritudine
913 1053 1044 1096 valde

212 1114 398 1167 replevit
415 1126 486 1155 me
507 1112 808 1164 Omnipotens.
839 1111 992 1152 Tuam.

292 1179 442 1220 Lectio
463 1179 501 1218 ii.
701 1176 860 1218 Thren.
876 1177 911 1217 2.
929 1176 966 1217 d.

216 1238 332 1347 Cui
360 1249 627 1302 comparabo
652 1246 719 1290 te?
748 1246 819 1288 vel
844 1247 914 1288 cui
939 1247 1043 1288 assi-

300 1307 463 1349 milabo
491 1311 535 1348 te
563 1305 653 1346 filia
678 1302 946 1345 Jerusalem?
976 1304 1046 1345 cui

215 1363 459 1416 exaequabo
480 1368 535 1412 te,
555 1367 598 1404 et
618 1360 884 1403 consolabor
903 1365 948 1403 te
963 1361 1044 1402 vir-

213 1434 270 1473 go
291 1420 381 1462 filia
400 1418 527 1462 Sion?
552 1431 710 1469 magna
735 1422 802 1459 est
823 1417 940 1459 enim
958 1417 1044 1459 vel-

214 1484 262 1520 ut
285 1490 406 1519 mare
431 1475 636 1518 contritio
662 1479 755 1516 tua:
782 1474 880 1527 quis
899 1474 1044 1516 mede-

214 1534 332 1576 bitur
351 1531 438 1575 tui?
458 1532 721 1574 Plauserunt
741 1544 875 1584 super
894 1535 938 1572 te
957 1532 1044 1572 ma-

214 1591 342 1633 nibus
362 1602 514 1632 omnes
529 1591 807 1631 transeuntes
822 1600 902 1640 per
916 1587 1046 1629 viam:

215 1647 516 1695 sibilaverunt,
566 1650 610 1687 et
647 1646 877 1686 moverunt
914 1649 1046 1697 caput

215 1718 341 1746 suum
356 1717 487 1757 super
499 1703 635 1744 filiam
645 1701 903 1744 Jerusalem:
918 1702 1045 1743 Haec-

215 1762 310 1804 cine
326 1766 393 1803 est
408 1759 524 1810 urbs,
544 1759 751 1809 dicentes,
770 1758 955 1812 perfecti
974 1758 1045 1800 de-

216 1818 347 1868 ceris,
391 1816 599 1868 gaudium
639 1815 856 1857 universae
891 1812 1045 1857 terrae?

216 1875 497 1927 Aperuerunt
528 1885 660 1925 super
692 1877 735 1913 te
767 1885 817 1914 os
845 1885 973 1913 suum
1001 1884 1044 1913 o-

215 1944 339 1972 mnes
366 1930 528 1971 inimici
556 1929 635 1971 tui:
668 1928 969 1978 sibilaverunt,
1003 1933 1046 1970 et

215 1988 483 2029 fremuerunt
509 1985 728 2035 dentibus,
758 1990 802 2027 et
827 1985 1045 2027 dixerunt:

215 2043 550 2086 Devorabimus.

267 2106 316 2157 Ru
354 2109 507 2159 Surge,
537 2113 580 2150 et
608 2108 759 2160 accipe
787 2110 974 2159 paerum
1003 2110 1046 2147 et

215 2171 400 2207 matrem
420 2166 521 2217 ejus,
542 2169 585 2206 et
604 2164 705 2215 fuge
723 2164 767 2204 in
786 2164 1045 2215 AEgj‘thum:

215 2219 238 2243 ¹³
254 2222 311 2263 Et
330 2227 426 2263 esto
446 2221 506 2263 ibi
520 2233 660 2272 usque
676 2219 781 2262 dum
796 2218 940 2261 dicam
954 2218 1045 2260 tibi.

215 2268 264 2320 Ys-
294 2278 465 2320 Vocavi
491 2277 627 2319 filium
654 2290 800 2319 meum
829 2288 884 2318 ex
911 2276 1044 2328 AEgy-

216 2339 307 2387 pto,
325 2340 373 2376 ut
391 2334 537 2376 veniat
555 2334 674 2375 salus
692 2334 735 2375 in
754 2332 902 2374 Israel.
931 2332 998 2373 Et.

517 2396 667 2436 Lectio
690 2396 743 2435 iii.

215 2454 382 2560 Fecit
418 2464 632 2506 Deminus
677 2476 775 2516 quae
818 2462 1044 2514 cogitavit,

317 2520 554 2573 complevit
604 2523 853 2562 sermenem
899 2531 1044 2569 suum,

218 2590 349 2629 quem
381 2579 656 2630 praeceperat
693 2590 718 2618 a
752 2576 907 2618 diebus
937 2578 1044 2617 anti-

218 2633 330 2687 quis:
355 2632 582 2682 destruxit,
601 2638 645 2674 et
664 2646 751 2674 non
770 2631 981 2684 pepercit,
1001 2636 1044 2673 et

216 2690 455 2732 laetificavit
486 2701 619 2742 super
652 2694 695 2730 te
727 2689 964 2737 inimicum,
1002 2692 1045 2730 et

1097 249 1308 292 exaltavit
1343 263 1481 292 cornu
1516 249 1709 292 hostium
1739 253 1926 292 tuarum.

1096 305 1313 348 Clamavit
1336 319 1413 348 cor
1436 309 1589 348 eorum
1611 306 1668 348 ad
1688 307 1926 348 Deminum

1096 375 1228 415 super
1269 375 1419 404 muros
1461 363 1564 404 filiae
1605 363 1724 405 Sion:
1768 362 1927 405 Deduc

1098 419 1223 471 quasi
1237 421 1480 462 torrentem
1494 419 1697 461 lacrimas
1707 432 1788 472 per
1798 419 1930 469 diem,

1096 481 1140 517 et
1165 481 1358 518 noctem:
1387 489 1475 518 non
1503 474 1582 518 des
1611 475 1810 528 requiem
1835 475 1926 525 tibi,

1096 545 1239 585 neque
1258 534 1405 575 taceat
1422 532 1592 586 pupilla
1611 531 1727 574 oculi
1744 533 1819 575 tui.

1152 605 1201 655 Rz.
1226 606 1324 656 Fili,
1351 605 1459 659 quid
1481 607 1624 649 fecisti
1647 606 1774 649 nobis
1798 604 1884 648 sic?
1906 607 1929 631 *

1097 663 1191 714 Ego
1213 668 1256 705 et
1274 668 1401 716 pater
1420 667 1522 705 tuus
1540 662 1563 687 *
1576 663 1791 706 Dolentes
1811 676 1927 716 quae-

1096 719 1301 761 rebamus
1319 725 1375 762 te.
1408 712 1457 765 V.
1478 719 1594 770 Quid
1613 725 1694 771 est,
1719 719 1840 772 quod
1857 733 1928 762 me

1098 775 1388 828 quaerebatis?
1436 777 1487 817 In
1523 776 1609 826 his,
1648 789 1748 829 quae
1784 776 1929 818 Patris

1096 833 1183 875 mei
1214 835 1537 886 sunt,‘oportet
1568 846 1639 875 me
1673 846 1782 876 esse.
1821 833 1929 885 Ego.

1101 888 1254 931 Gloria
1270 890 1403 932 Patri.
1431 890 1656 933 Dolentes.

1327 985 1375 1024 In
1402 985 1453 1024 II.
1481 984 1515 1023 N
1518 985 1704 1024 octurno.

1154 1055 1253 1095 Ant.
1272 1054 1453 1096 Factum
1473 1059 1541 1097 est
1559 1068 1637 1098 cor
1655 1069 1802 1098 meum
1819 1061 1926 1098 tam-

1099 1124 1230 1164 quam
1272 1124 1373 1153 cera
1411 1111 1660 1164 liquescens
1701 1113 1745 1154 in
1781 1112 1927 1155 medio

1097 1169 1263 1211 ventris
1282 1168 1381 1209 mei.

1376 1253 1575 1294 Psalmus
1594 1253 1653 1293 21.

1108 1347 1113 1364 ··
1139 1344 1217 1378 x
1231 1339 1309 1368 eus
1322 1327 1444 1368 Deus
1458 1339 1583 1368 meus
1599 1326 1772 1378 respice
1786 1326 1830 1367 in
1845 1339 1931 1368 me:

1109 1370 1114 1453 ᾗ
1135 1375 1200 1433 ,J
1250 1396 1385 1436 quare
1402 1397 1472 1426 me
1489 1382 1785 1436 dereliquisti?
1799 1385 1823 1410 *
1838 1383 1930 1425 lon-

1111 1441 1176 1467 *51*
1209 1448 1216 1458 ·“
1246 1453 1301 1492 ge
1327 1454 1353 1482 a
1377 1440 1519 1482 salute
1543 1453 1642 1482 mea
1664 1439 1802 1482 verba
1827 1439 1931 1481 deli-

1099 1499 1271 1540 cterum
1289 1500 1500 1540 mearum.

1150 1555 1272 1597 Deus
1306 1567 1430 1596 meus
1464 1554 1665 1596 clamabo
1694 1565 1776 1606 per
1803 1552 1931 1603 diem,

1099 1617 1143 1654 et
1160 1624 1249 1653 non
1272 1610 1497 1654 exaudies:
1517 1612 1541 1638 *
1562 1617 1605 1654 et
1618 1615 1761 1660 nocte,
1781 1615 1825 1652 et
1842 1622 1932 1651 non

1099 1668 1156 1710 ad
1174 1668 1469 1721 insipientiam
1487 1668 1603 1710 mihi.

1150 1725 1220 1767 Tu
1252 1730 1399 1768 autem
1431 1726 1475 1766 in
1508 1730 1661 1768 sancto
1690 1724 1881 1774 habitas,
1907 1725 1931 1751 *

1098 1781 1194 1823 laus
1212 1782 1363 1824 Israel.

1150 1840 1201 1880 In
1225 1844 1270 1881 te
1294 1841 1583 1892 speraverunt
1605 1842 1757 1892 patres
1775 1837 1932 1880 nostri:

1098 1897 1122 1923 *
1142 1898 1443 1948 speraverunt,
1463 1900 1508 1937 et
1524 1894 1724 1936 liberasti
1742 1907 1831 1936 eos.

1150 1951 1223 1994 Ad
1241 1957 1286 1995 te
1306 1952 1615 2002 clamaverunt,
1635 1956 1680 1993 et
1699 1950 1810 1992 salvi
1827 1950 1931 1993 facti

1099 2014 1214 2051 sunt:
1238 2010 1262 2037 *
1287 2010 1331 2050 in
1356 2014 1402 2052 te
1428 2009 1734 2062 speraverunt,
1767 2011 1812 2050 et
1842 2020 1931 2049 non

1098 2070 1199 2107 sunt
1218 2066 1399 2108 confusi.

1149 2122 1246 2174 Ego
1271 2127 1418 2164 autem
1445 2134 1542 2162 sum
1565 2120 1743 2170 vermiS‚
1772 2124 1816 2162 et
1841 2133 1928 2162 non

1098 2179 1247 2220 homo:
1266 2179 1290 2204 *
1310 2177 1600 2232 opprebrium
1618 2176 1860 2228 hominum,
1886 2182 1931 2220 et

1098 2235 1287 2287 abjectio
1306 2235 1462 2288 plebis.

1150 2292 1315 2334 Omnes
1340 2290 1541 2334 videntes
1567 2302 1653 2341 me,
1683 2288 1930 2331 deriserunt

1098 2361 1182 2390 me:
1202 2349 1225 2374 *
1245 2348 1383 2390 locuti
1409 2352 1510 2390 sunt
1536 2346 1684 2397 labiiS,
1713 2351 1757 2388 et
1782 2348 1928 2388 move-

1097 2410 1198 2447 runt
1217 2410 1360 2458 caput.

1149 2461 1354 2514 Speravit
1367 2462 1412 2502 in
1421 2459 1624 2509 Demino,
1641 2458 1800 2511 eripiat
1814 2471 1929 2500 eum:

1098 2520 1121 2545 *
1141 2518 1311 2559 salvum
1329 2517 1463 2559 faciat
1482 2529 1592 2566 eum,
1613 2516 1819 2568 queniam
1835 2515 1929 2557 vult

1098 2587 1209 2616 eum.

1150 2630 1367 2681 Quoniam
1400 2635 1448 2671 tu
1483 2641 1546 2678 es,
1589 2628 1663 2681 qui
1698 2627 1942 2670 extraxisti

1097 2700 1166 2729 me
1187 2687 1242 2729 de
1261 2691 1428 2729 ventre:
1447 2686 1470 2711 *
1490 2698 1594 2738 spes
1618 2697 1717 2726 mea
1742 2684 1797 2726 ab
1822 2683 1925 2726 ube-
