2040 2944
672 235 771 267 Infra
801 234 1091 267 Ilcbdomadam
1119 234 1168 266 iii.
1197 233 1436 266 Novembris

430 329 577 366 Feria
602 328 792 375 Quinta.

344 385 410 423 De
437 381 619 423 Daniele
647 379 878 433 Propheta.

276 444 427 484 Lectio
448 443 470 481 i.
789 444 891 492 Cap.
910 442 948 479 ἴ).

197 499 461 602 .altassar
493 510 571 539 rex
601 498 703 539 fecit
731 497 897 548 grande
926 511 1024 539 con-

294 555 455 595 vivium
475 554 765 607 optimatibus
785 555 874 596 suis
894 554 1026 596 mille:

200 618 243 653 et
283 613 582 662 unusquisque
624 609 867 652 secundum
903 623 1026 652 suam

198 667 376 709 bibebat
412 669 601 708 aetatem.
662 667 880 719 Praecepit
921 679 1025 718 ergo

197 725 281 776 jam
299 723 566 765 temulentus
585 728 632 765 ut
648 722 907 765 afferrentur
921 736 1026 765 vasa

197 784 330 822 aurea
350 785 394 822 et
413 782 633 831 argentea,
655 792 754 832 quae
773 782 1025 832 asportave-

197 843 264 878 rat
280 836 696 878 Nabuchodonosor
715 842 841 888 pater
860 837 951 887 ejus
972 835 1026 878 de

197 893 377 946 templo,
405 892 524 945 quod
543 892 623 934 fuit
640 893 683 933 in
701 892 955 942 Jerusalem,
979 898 1027 934 ut

196 949 398 991 biberent
425 949 468 989 in
501 948 564 990 eis
597 961 690 998 rex,
723 953 766 990 et
794 948 1027 1001 optimates

198 1007 300 1058 ejus,
316 1007 566 1057 uxoresque
583 1006 684 1055 ejus,
700 1010 743 1046 et
759 1004 1027 1046 concubinae.

198 1062 324 1103 Tunc
344 1061 476 1103 allata
495 1066 595 1102 sunt
612 1074 718 1102 vasa
737 1064 881 1110 aurea,
901 1066 945 1103 et
964 1074 1027 1102 ar-

199 1120 372 1170 gentea,
402 1130 501 1170 quae
521 1120 828 1170 asportaverat
848 1117 903 1159 de
921 1123 1027 1159 tem-

199 1174 292 1227 plo,
322 1173 442 1226 quod
468 1174 610 1215 fuerat
633 1174 676 1214 in
700 1174 957 1215 Jerusalem:
986 1179 1029 1215 et

198 1230 402 1272 biberunt
429 1230 473 1271 in
502 1230 564 1271 eis
593 1243 687 1280 rex,
722 1236 765 1272 et
793 1231 1028 1284 optimates

200 1288 309 1338 ejus,
347 1289 508 1328 uxores
541 1293 583 1329 et
614 1287 871 1329 concubinae
903 1287 1028 1328 illius.

199 1343 417 1385 Bibebant
431 1344 590 1393 vinum,
610 1349 653 1386 et
668 1344 907 1385 laudabant
922 1343 1028 1385 deos

199 1413 303 1442 suos
327 1403 503 1449 aureos,
532 1406 575 1442 et
599 1403 847 1452 argenteos,
877 1403 1029 1451 aereOS,

199 1456 377 1506 ferreos,
397 1457 654 1510 ligneosque
675 1463 717 1499 et
736 1457 948 1510 lapideos.
979 1457 1029 1498 In

200 1512 355 1554 eadem
400 1513 510 1554 hora
554 1515 852 1566 apparuerunt
891 1512 1029 1564 digiti,

202 1570 327 1620 quasi
370 1582 524 1610 manus
567 1569 756 1610 hominis
798 1569 1029 1611 scribentis

200 1631 354 1666 contra
382 1625 696 1667 candelabrum
724 1627 767 1666 in
795 1626 1029 1678 superficie

199 1682 379 1734 parietis
396 1682 508 1723 aulae
523 1683 668 1734 regiae:
689 1688 733 1724 et
752 1695 829 1724 rex
849 1683 1029 1735 aspicie-

199 1738 275 1779 bat
324 1739 533 1780 articulos
582 1753 736 1780 manus
788 1739 1029 1781 scribentis.

199 1795 324 1836 Tunc
352 1795 487 1837 facies
514 1796 629 1847 regis
655 1798 926 1838 commutata
950 1801 1028 1845 est,

201 1857 243 1892 et
273 1851 563 1902 cogitationes
589 1853 680 1904 ejus
706 1852 1029 1894 conturbabant

200 1920 310 1948 eum.

255 1968 303 2019 Rg.
328 1963 432 2005 Vidi
451 1965 700 2006 Dominum.
718 1965 815 2006 207.

510 2022 660 2063 Lectio
682 2022 720 2061 ii.

248 2076 362 2126 gitur
386 2076 662 2119 introductus
687 2082 754 2119 est
777 2078 936 2119 Daniel
959 2091 1028 2119 co·

274 2145 368 2173 ram
395 2145 510 2184 rege.
564 2133 637 2175 Ad
667 2147 797 2186 quem
819 2134 1030 2187 praefatus

199 2201 277 2230 rex
303 2189 378 2230 ait:
405 2189 474 2230 Tu
501 2202 548 2230 es
573 2190 731 2232 Daniel
755 2190 810 2232 de
835 2191 935 2231 filiis
961 2204 1029 2232 ca-

201 2245 416 2297 ptivitatis
435 2246 459 2285 J
464 2245 578 2295 udae,
604 2259 734 2298 quem
752 2246 938 2289 adduxit
956 2261 1029 2300 pa-

198 2300 267 2342 ter
294 2313 418 2342 meus
446 2315 524 2343 rex
553 2302 608 2344 de
635 2301 815 2344 Judaea?
867 2304 1030 2346 Audivi

203 2356 258 2398 de
290 2362 333 2398 te
369 2359 576 2410 quoniam
610 2360 811 2412 spiritum
847 2359 1030 2401 deorum

200 2412 380 2454 habeas:
421 2420 464 2455 et
497 2416 694 2465 scientia,
726 2416 1029 2467 intelligentia-

202 2481 286 2521 que
309 2482 362 2510 ac
385 2471 598 2523 sapientia
621 2473 858 2525 ampliores
882 2474 1028 2515 inven-

201 2531 259 2567 tae
279 2531 381 2567 sunt
399 2527 442 2566 in
461 2532 516 2568 te.
551 2529 608 2569 Et
633 2542 748 2570 nunc
771 2530 1030 2581 introgressi
1093 2542 1158 2574 >itu

204 2587 304 2623 sunt
336 2583 378 2622 in
410 2586 650 2636 conspectu
681 2598 780 2627 meo
809 2587 1030 2639 sapientes

201 2639 326 2688 magi,
346 2644 394 2679 ut
413 2640 677 2691 scripturam
696 2641 809 2683 hanc
823 2642 1030 2693 legerent,

203 2700 246 2736 et
262 2695 667 2747 interpretationem
683 2699 773 2748 ejus
788 2697 1031 2740 indicarent

202 2750 321 2790 mihi:
342 2756 385 2792 et
403 2752 694 2803 nequiverunt
713 2766 891 2795 sensum
906 2754 1031 2806 hujus

1079 327 1292 368 sermonis
1325 326 1509 368 edicere.
1548 327 1688 368 Porro
1720 339 1802 377 ego
1836 339 1907 367 au—

1079 383 1168 424 divi
1203 382 1257 424 de
1289 388 1350 433 te,
1390 381 1511 435 quod
1541 383 1688 435 possis
1720 382 1908 424 obscura

1078 439 1376 492 interpretari,
1411 444 1454 480 et
1486 439 1620 490 ligata
1648 437 1909 480 dissolvere:

1080 496 1117 536 si
1135 508 1240 547 ergo
1259 495 1381 537 vales
1402 495 1667 548 scripturam
1685 495 1843 546 legere,
1866 500 1910 537 et

1079 552 1486 604 interpretationem
1509 552 1599 603 ejus
1618 551 1814 594 indicare
1832 551 1908 592 mi-

1079 608 1140 658 hi,
1168 612 1365 661 purpura
1389 608 1608 657 vestieris,
1637 613 1682 650 et
1705 613 1910 660 torquem

1080 668 1257 706 auream
1290 666 1406 706 circa
1440 665 1602 707 collum
1628 670 1751 707 tuum
1778 664 1909 706 habe-

1079 721 1162 771 bis,
1192 727 1235 763 et
1260 722 1416 763 tertius
1439 722 1483 762 in
1507 734 1644 772 regno
1669 734 1769 763 meo
1794 721 1909 774 prin-

1081 791 1186 831 ceps
1207 778 1302 820 eris.
1330 777 1403 820 Ad
1420 791 1519 830 quae
1534 777 1808 831 respondens
1822 778 1909 819 Da·

1079 834 1182 885 niel,
1210 835 1270 876 ait
1298 848 1448 877 coram
1475 848 1593 886 rege:
1625 836 1808 877 Munera
1834 839 1911 876 tua

1081 891 1168 932 sint
1186 891 1278 941 tibi,
1303 896 1346 933 et
1365 891 1482 933 dona
1501 891 1658 933 domus
1676 897 1765 933 tuae
1785 890 1911 933 alteri

1082 947 1154 989 da:
1183 948 1447 1000 scripturam
1475 953 1621 990 autem
1650 948 1794 999 legam
1819 947 1910 997 tibi,

1081 1016 1174 1053 rex,
1208 1009 1251 1046 et
1282 1004 1691 1057 interpretationem
1723 1005 1814 1056 ejus
1843 1016 1910 1046 os-

1081 1060 1260 1102 tendam
1276 1060 1366 1103 tibi.

1134 1120 1183 1171 R.
1203 1117 1367 1170 Aspice
1386 1118 1483 1160 Dne
1505 1117 1560 1160 de
1580 1117 1697 1160 sede.
1716 1118 1816 1159 208.

1386 1177 1537 1217 Lectio
1558 1177 1612 1216 iii.

1182 1243 1247 1271 aec
1275 1235 1342 1272 est
1369 1235 1516 1272 autem
1543 1231 1778 1283 scriptura,
1813 1243 1913 1283 quae

1196 1287 1367 1337 digesta
1379 1292 1459 1328 est:
1470 1287 1609 1337 Mane,
1618 1286 1912 1335 Thecel,Pha-

1083 1356 1166 1384 res.
1200 1343 1257 1384 Et
1282 1343 1379 1384 haec
1404 1349 1471 1385 est
1495 1343 1800 1396 interpretatio
1825 1356 1912 1386 ser-

1083 1400 1237 1441 monis.
1269 1400 1413 1442 Mane:
1437 1401 1683 1442 numeravit
1701 1401 1824 1442 Deus
1847 1413 1912 1442 re-

1082 1469 1215 1507 gnum
1249 1462 1390 1506 tuum,
1434 1462 1478 1498 et
1518 1457 1756 1510 complevit
1795 1456 1914 1499 illud.

1083 1512 1262 1555 Thecel:
1289 1515 1511 1566 appensus
1536 1526 1583 1555 es
1601 1514 1645 1554 in
1667 1515 1845 1564 statera,
1871 1518 1914 1555 et

1083 1570 1286 1611 inventus
1306 1582 1352 1611 es
1368 1570 1510 1611 minus
1526 1570 1705 1612 habens.
1733 1570 1914 1612 Phares:

1084 1625 1275 1668 divisum
1301 1631 1368 1668 est
1394 1639 1577 1678 regnum
1600 1632 1740 1678 tuum,
1769 1632 1814 1669 et
1839 1626 1913 1669 da-

1083 1689 1177 1724 tum
1197 1688 1265 1724 est
1283 1682 1442 1732 Medis,
1464 1688 1507 1725 et
1525 1683 1683 1725 Persis.
1710 1684 1837 1725 Tunc
1856 1684 1914 1735 ju-

1083 1739 1214 1781 bente
1234 1752 1337 1790 rege
1356 1739 1535 1782 indutus
1556 1745 1623 1782 est
1637 1740 1797 1782 Daniel
1814 1744 1914 1794 pur-

1083 1809 1210 1849 pura,
1249 1801 1294 1838 et
1325 1795 1596 1838 circumdata
1633 1802 1701 1839 est
1730 1799 1914 1850 torques

1085 1857 1218 1894 aurea
1250 1852 1367 1894 collo
1400 1853 1506 1905 ejus:
1547 1858 1591 1895 et
1623 1853 1914 1906 praedicatum

1085 1914 1152 1951 est
1184 1908 1239 1951 de
1272 1922 1325 1950 eo
1360 1908 1481 1962 quod
1510 1909 1694 1952 haberet
1719 1912 1913 1962 potesta-

1084 1971 1175 2007 tem
1197 1966 1354 2007 tertius
1379 1967 1423 2006 in
1448 1978 1584 2017 regno
1611 1979 1703 2008 suo.
1745 1965 1914 2008 Eadem

1084 2028 1214 2064 nocte
1233 2022 1488 2064 interfectus
1507 2027 1575 2064 est
1594 2022 1819 2064 Baltassar
1836 2035 1915 2064 rex

1085 2078 1331 2120 Chaldaeus.
1367 2078 1424 2120 Et
1450 2078 1612 2120 Darius
1636 2078 1793 2121 Medus
1819 2092 1912 2121 suc-

1085 2135 1217 2177 cessit
1243 2136 1288 2176 in
1316 2148 1499 2186 regnum
1527 2147 1665 2177 annos
1692 2140 1821 2178 natus
1849 2148 1913 2178 se-

1084 2194 1262 2243 xaginta
1282 2190 1407 2233 duos.

1137 2251 1187 2302 R.
1206 2248 1371 2300 Aspice
1391 2248 1590 2298 Domine,
1611 2249 1724 2300 quia.
1743 2249 1843 2289 208.

1292 2357 1325 2393 F
1345 2368 1368 2393 e
1387 2368 1406 2393 r
1421 2357 1434 2393 i
1452 2368 1477 2393 a
1505 2357 1533 2394 S
1553 2368 1576 2394 e
1594 2369 1621 2393 x
1637 2360 1654 2392 t
1671 2367 1707 2393 a.

1233 2411 1300 2450 De
1328 2409 1512 2451 Daniele
1536 2409 1771 2462 Propheta.

1164 2471 1314 2512 Lectio
1336 2472 1358 2510 i.
1626 2469 1731 2520 Cap.
1747 2470 1783 2508 6.
1800 2481 1834 2508 c.

1125 2573 1127 2577 ,
1174 2531 1251 2571 iri
1288 2543 1394 2582 ergo
1430 2530 1493 2571 illi
1529 2529 1743 2571 curiosius
1776 2529 1912 2582 inqui-

1094 2575 1186 2627 ²*·‹.-.‘,1r³'
1225 2588 1370 2628 rentes
1397 2587 1656 2627 invenerunt
1683 2585 1913 2627 Danielem

1085 2646 1301 2692 orantem,
1346 2647 1390 2684 et
1427 2641 1734 2683 obsecrantem
1768 2642 1914 2684 Deum

1085 2712 1222 2740 suum.
1263 2699 1320 2740 Et
1351 2698 1612 2739 accedentes
1644 2697 1782 2740 locuti
1813 2703 1914 2740 sunt

1084 2756 1177 2807 regi
1207 2767 1340 2807 super
1373 2754 1536 2796 edicto:
1570 2754 1669 2796 Rex
1701 2753 1915 2806 numquid
