2040 2944
191 222 257 257 182

694 219 794 253 Infra
820 218 1117 252 chdomadam
1142 218 1189 252 iv.
1214 217 1403 251 Octobris.

190 321 452 372 apparentes
468 318 511 357 in
521 316 668 358 media
677 316 901 358 irruebant
915 318 1022 369 peri-

193 376 305 426 cula,
331 375 410 417 sed
435 377 765 426 nonnamquam
790 378 834 414 et
858 373 1020 424 fugien-

190 438 274 482 tes,
302 437 345 473 et
370 431 556 472 latentes
581 429 860 471 secedebant.
896 430 1020 471 Post-

191 502 322 540 quam
358 493 504 529 autem
539 500 698 539 parum
732 487 1020 539 respirarunt,

189 551 412 596 tamquam
443 543 648 594 generosi
681 543 860 596 quidam
888 543 1021 585 catuli

190 614 244 642 ex
270 600 405 642 antris
430 600 696 650 exsilienteS,
725 605 767 642 et
791 613 814 642 e
838 599 1021 642 latebris

190 659 476 707 emergentes,
496 659 743 698 statuerunt
761 670 849 700 non
869 669 916 698 se
934 659 1021 698 am-

189 714 304 767 plius
324 713 445 755 solos
461 716 649 763 servare,
668 713 748 755 sed
764 714 895 755 etiam
910 713 1021 754 alios

191 774 494 823 quoscumque
514 775 715 824 possent:
735 775 778 812 et
797 770 1021 812 civitatem

190 833 234 869 et
254 840 429 869 omnem
447 827 672 879 regionem
687 829 915 877 obeuntes
935 827 1021 869 601-

190 885 390 935 legerunt
416 890 637 936 quotquot
664 885 924 926 invenerunt
950 883 1022 926 ad-

190 941 275 982 huc
303 954 435 983 sanos
466 946 509 982 et
536 944 749 993 integros:
783 947 827 983 et
858 941 1022 983 multos

191 998 322 1039 etiam
357 999 430 1050 qui
463 998 724 1039 laborabant
753 1003 796 1039 et
825 999 1023 1050 corrupti

191 1061 324 1105 erant,
346 1055 389 1095 in
409 1059 571 1096 statum
590 1055 824 1107 pristinum
843 1055 1022 1106 redege-

191 1117 308 1161 runt,
341 1113 403 1153 eis
436 1110 755 1164 persuadentes
789 1112 933 1154 redire
966 1112 1022 1154 ad

190 1169 332 1220 legem
354 1169 555 1221 patriam.

242 1237 293 1288 R.
330 1235 620 1285 Congregatae
653 1239 754 1275 sunt
782 1235 947 1276 Gentes
980 1235 1023 1275 in

189 1290 486 1341 multitudine,
533 1296 582 1333 ut
626 1290 834 1333 dimicent
870 1296 1023 1333 contra

191 1361 287 1398 nos,
317 1353 361 1389 et
385 1348 639 1399 ignoramus
664 1347 770 1400 quid
795 1351 925 1399 agere
951 1348 1023 1390 de-

190 1404 421 1446 beamusz*
433 1405 621 1446 Domine
635 1405 768 1455 Deus,
788 1405 845 1447 ad
863 1411 907 1447 te
923 1411 1024 1447 sunt

192 1462 307 1503 oculi
332 1462 487 1512 nostri,
516 1474 570 1503 ne
595 1464 840 1514 pereamus.
873 1461 924 1515 ΥΤ.
955 1462 1024 1503 Τ11

192 1519 277 1560 scis
298 1531 397 1570 quae
414 1519 609 1570 cogitant
625 1519 668 1559 in
682 1531 778 1560 nos:
799 1519 1023 1571 quomodo

191 1576 434 1627 poterimus
463 1575 704 1617 subsistere
738 1580 839 1617 ante
867 1576 1025 1617 faciem

191 1632 383 1682 illorum,
410 1633 494 1674 nisi
520 1638 568 1674 tu
595 1632 776 1685 adjuves
800 1631 906 1674 nos?
936 1633 1023 1674 Do-

192 1688 308 1730 mine
327 1689 461 1730 Deus.

485 1780 638 1821 Lectio
658 1780 711 1820 vi.

195 1845 382 1951 Deum
413 1850 527 1891 enim
556 1850 761 1892 dicebant
785 1863 883 1892 esse
907 1851 1026 1892 beni-

296 1920 429 1958 gnum
454 1912 498 1948 et
523 1907 798 1958 clementem,
830 1921 911 1950 nec
934 1921 1026 1949 um-

195 1977 325 2016 quam
352 1963 544 2005 adimere
571 1963 775 2014 salutem,
805 1978 905 2017 quae
924 1971 1025 2018 pro-

192 2020 403 2062 ficiscitur
429 2033 484 2062 ex
508 2021 779 2073 poenitentia.
816 2022 928 2063 Haec
954 2035 1024 2063 au-

192 2083 281 2119 tem
302 2076 514 2127 dicentes,
541 2077 787 2119 habuerunt
806 2077 1026 2120 delectum

193 2134 532 2176 fortissimorum
552 2134 756 2176 virorum.
784 2135 886 2177 Non
910 2136 1026 2177 enim

194 2203 274 2242 pro
307 2190 536 2240 uxoribus,
569 2191 736 2241 liberis,
770 2197 814 2233 et
845 2192 1026 2241 ancillis,

193 2248 437 2299 patriaeque
455 2248 684 2290 eversione
701 2254 744 2290 et
759 2249 1026 2302 captivitate,

195 2304 274 2345 sed
306 2317 387 2357 pro
420 2305 516 2355 lege
551 2310 594 2346 61
626 2305 769 2357 patria
802 2305 1026 2358 republica
1088 2310 1102 2341 ¹1

195 2361 458 2413 pugnabant.
522 2362 686 2403 Eorum
739 2368 885 2404 autem
937 2363 1026 2404 dux

196 2423 289 2459 erat
312 2418 444 2459 Deus.
487 2419 595 2460 Cum
623 2432 728 2470 ergo
759 2420 899 2461 aciem
928 2420 1027 2461 diri-

195 2480 357 2524 gerent,
374 2481 416 2516 et
433 2488 534 2516 suas
550 2476 716 2518 animas
731 2475 1027 2529 prodigerent,

195 2530 438 2572 fundebant
457 2532 753 2582 adversarios,
780 2546 868 2574 non
893 2533 1027 2574 armis

195 2586 395 2637 fidenteS,
415 2588 494 2629 sed
508 2588 608 2630 1060
625 2590 766 2630 omnis
782 2593 1028 2639 armatarae,

196 2657 357 2697 pugnae
377 2658 554 2686 causam
580 2646 782 2687 sufficere
805 2645 1028 2688 ducentes,

197 2702 269 2744 Ad
294 2701 459 2744 bellum
485 2707 630 2744 autem
656 2707 809 2745 eantes
836 2715 924 2745 non
943 2708 1028 2744 tra-

195 2758 366 2810 goedias
387 2758 651 2809 excitabant,
676 2773 763 2801 non
782 2762 942 2812 paeana
960 2773 1027 2802 ca-

1073 316 1251 366 nebant,
1272 317 1384 359 sicut
1402 317 1601 359 nonnalli
1619 317 1798 360 faciunt:
1814 330 1904 359 non

1075 373 1323 415 asciverunt
1346 373 1567 424 tibicines,
1595 379 1643 416 ut
1666 374 1716 416 fit
1739 374 1782 415 in
1806 374 1903 416 aliis

1075 430 1245 471 eastris:
1274 430 1353 472 sed
1372 431 1456 472 Dei
1480 433 1674 484 superne
1695 430 1905 472 auxilium

1075 486 1356 538 invocabant,
1384 492 1432 529 ut
1452 487 1645 538 adesset,
1673 499 1805 541 opem
1823 487 1904 529 fer-

1075 548 1158 593 ret,
1187 548 1231 585 et
1256 556 1433 585 manum
1456 544 1693 596 praeberet,
1721 548 1906 596 propter

1076 612 1207 652 quem
1232 599 1397 642 bellum
1424 600 1654 651 gerebant,
1681 612 1764 654 pro
1785 600 1907 653 cuius

1074 657 1215 708 gloria
1236 655 1535 699 decertabant.

1124 727 1175 778 R,
1213 718 1309 760 Tua
1342 724 1409 760 est
1435 719 1651 772 potentia,
1690 723 1814 761 tuum
1841 732 1905 762 re·

1075 787 1208 826 gnum
1227 775 1433 817 Domine:
1458 781 1506 817 tu
1530 788 1577 817 es
1601 788 1735 828 super
1755 788 1907 818 01111168

1075 836 1244 882 gentes:
1277 838 1300 863 *
1340 832 1409 873 Da
1444 844 1601 884 pacem
1637 831 1828 874 Domine
1864 832 1908 873 in

1077 887 1234 930 diebus
1252 889 1426 931 nostris.
1442 887 1494 940 V.
1513 889 1699 936 Creator
1715 889 1909 930 omnium

1076 945 1216 994 Deus,
1241 945 1448 987 terribilis
1469 951 1513 987 et
1535 945 1678 995 fortiS‚
1705 946 1845 998 justus
1865 950 1910 988 61

1076 1002 1337 1044 misericors.
1364 1003 1444 1044 Da.
1471 1002 1626 1046 Gloria
1646 1002 1778 1044 Patri.
1804 1003 1884 1044 Da.

1127 1073 1178 1125 R.
1211 1072 1280 1113 vii.
1328 1067 1519 1109 Refalsit
1551 1066 1618 1109 sol
1650 1067 1694 1108 in
1727 1066 1910 1120 clypeos

1077 1127 1251 1174 aureOS‚
1279 1129 1323 1166 et
1346 1122 1714 1177 resplenduerunt
1736 1128 1909 1165 montes

1077 1181 1131 1223 ab
1154 1181 1230 1222 eis:
1246 1185 1268 1209 *
1290 1181 1347 1223 Et
1366 1179 1580 1223 fortiti'ido
1596 1180 1806 1222 Gentium
1825 1179 1909 1223 dis-

1078 1239 1222 1291 sipata
1242 1243 1320 1280 est.
1353 1234 1404 1287 V.
1429 1238 1537 1280 Erat
1555 1237 1671 1279 enim
1690 1237 1909 1279 exercitus

1077 1308 1260 1347 magnus
1281 1295 1428 1344 valde,
1454 1300 1498 1337 et
1516 1295 1660 1336 fortis:
1686 1299 1731 1336 et
1750 1307 1908 1348 appro-

1077 1353 1215 1406 piavit
1243 1350 1406 1402 JudaS,
1426 1358 1469 1394 et
1498 1352 1718 1394 exercitus
1747 1352 1838 1403 ejus
1865 1351 1910 1392 in

1078 1409 1245 1462 praelio.
1272 1409 1341 1450 Et.

1129 1473 1181 1524 R.
1210 1471 1295 1513 viii.
1350 1470 1452 1512 Duo
1484 1468 1715 1522 Seraphim
1752 1469 1910 1511 clama-

1077 1527 1184 1569 bant
1210 1526 1321 1568 alter
1347 1526 1405 1568 ad
1431 1526 1636 1568 alterum:
1660 1525 1683 1549 *
1713 1526 1910 1576 Sanctus,

1079 1589 1275 1633 sanctus,
1321 1588 1498 1624 sanctus
1534 1582 1751 1624 Dominus
1787 1582 1910 1624 Deus

1078 1639 1291 1682 Sabaoth:
1314 1638 1337 1663 *
1364 1639 1500 1682 Plena
1532 1645 1600 1682 est
1624 1639 1766 1681 omnis
1791 1644 1911 1681 terra

1078 1697 1219 1748 gloria
1238 1698 1340 1749 ejus.
1371 1692 1422 1744 V.
1445 1696 1557 1739 Tres
1577 1702 1678 1738 sunt
1698 1695 1774 1749 qui
1790 1695 1910 1738 testi-

1078 1754 1274 1795 monium
1294 1752 1401 1795 dant
1418 1753 1463 1794 in
1483 1753 1615 1804 coelo,
1633 1753 1781 1802 Pater,
1801 1752 1910 1795 Ver-

1079 1810 1194 1860 bum,
1215 1815 1259 1852 et
1274 1810 1463 1863 Spiritus
1483 1816 1675 1852 sanctus:
1696 1815 1740 1852 et
1757 1809 1803 1851 hi
1821 1814 1911 1852 tres

1079 1880 1214 1908 unum
1233 1871 1345 1908 sunt.
1377 1867 1574 1909 Sanctus.
1603 1866 1761 1910 Gloria
1779 1866 1911 1908 Patri.

1078 1923 1224 1965 Plena.

1253 2047 1425 2083 Fet-ia
1457 2045 1738 2082 Secunda.

1080 2112 1148 2152 De
1176 2107 1289 2150 libro
1318 2106 1514 2150 secando
1541 2106 1910 2150 Machabaeorum.

1180 2179 1334 2220 Lectio
1358 2179 1381 2218 i.
1648 2178 1750 2230 Cap.
1770 2179 1805 2218 2.

1133 2263 1157 2291 ἐ
1171 2250 1373 2290 nvenitur
1404 2252 1552 2289 autem
1581 2247 1626 2288 in
1654 2245 1911 2299 descriptio-

1183 2304 1312 2346 nibus
1323 2305 1347 2346 J
1350 2306 1525 2347 eremiae
1534 2303 1778 2357 prophetae,
1791 2302 1911 2356 quod

1079 2361 1204 2414 jussit
1220 2374 1298 2403 eos
1312 2362 1459 2414 ignem
1473 2363 1675 2414 accipere
1689 2359 1911 2412 quitrans-

1079 2417 1340 2469 migrabant:
1368 2423 1417 2460 ut
1442 2417 1734 2469 significatum
1759 2421 1842 2466 est,
1869 2421 1912 2458 et

1080 2481 1127 2517 ut
1149 2475 1377 2518 mandavit
1395 2473 1724 2525 transmigratis.
1758 2473 1815 2514 Et
1839 2472 1912 2514 de-

1081 2531 1145 2574 dit
1172 2532 1258 2574 illis
1291 2533 1435 2584 legem
1464 2544 1518 2573 ne
1547 2530 1912 2573 obliviscerentur

1081 2591 1308 2642 praecepta
1326 2588 1518 2637 Domini,
1546 2592 1589 2629 61
1611 2591 1660 2628 111
1683 2599 1772 2628 11011
1792 2599 1911 2628 exer-

1081 2649 1230 2689 rarent
1257 2644 1475 2687 mentibus
1503 2643 1704 2686 videntes
1739 2643 1911 2685 simula-

1082 2716 1155 2745 cra
1188 2706 1336 2752 aurea,
1373 2706 1418 2743 et
1449 2702 1672 2752 argentea,
1711 2706 1755 2742 et
1787 2712 1911 2742 orna-

1080 2762 1227 2802 menta
1254 2761 1418 2801 eorum.
1462 2758 1519 2800 Et
1548 2757 1632 2798 alia
1660 2756 1912 2810 hujusmodi
