2040 2944
612 204 816 240 Dominica
840 206 987 242 XXIII.
1012 215 1102 251 post
1123 210 1387 246 Pentecosten.

1792 211 1858 246 239

147 298 239 335 stra
270 294 509 345 fragilitate
546 299 863 349 contraximus
903 305 981 342 tua

147 348 415 400 benignitate
434 352 682 395 liberemur.
709 355 795 396 Per
813 356 941 397 Dnm.

148 419 303 461 Lectio
329 422 469 463 sancti
488 423 716 474 Evangelii
739 425 980 467 secundum

424 478 696 521 Matthaeum.

223 539 375 581 Lectio
396 554 421 580 v
424 540 462 579 ii
691 540 793 593 Cap.
809 542 847 581 9.
864 556 897 582 c.

146 595 225 701 In
256 600 333 641 illo
364 601 580 653 tempore:
611 600 843 652 Loquente
875 603 979 644 Jesu

218 655 276 698 ad
300 655 471 706 turbas,
501 669 604 698 ecce
633 657 839 710 princeps
867 672 979 700 unus

146 713 349 762 accessit,
369 716 414 753 et
433 711 648 754 adorabat
667 725 783 763 eum,
811 714 979 756 dicens.

146 768 353 818 D6mine,
379 768 469 809 filia
492 781 591 810 mea
617 768 752 810 modo
773 769 979 813 defuncta

148 829 227 866 est.
255 825 313 865 Et
330 823 510 881 reliqua.

145 898 339 940 Homilia
364 898 404 940 S.
429 898 687 950 Hierenymi
712 899 974 952 Presbyteri.

180 966 264 1001 Lib.
280 966 307 1000 I.
325 966 536 1001 Comment.
554 968 593 1001 in
611 978 692 1011 cap.
711 970 741 1001 9.
759 968 941 1002 Matthaei.

153 1016 437 1070 1‘,a,{,5<:tavu1n
477 1014 649 1064 signum
689 1019 772 1064 est,
813 1015 857 1056 in
889 1029 977 1068 quo

150 1089 152 1093 ·
180 1068 255 1115 53²³.
277 1069 485 1123 princeps
531 1069 733 1111 suscitari
781 1072 978 1123 pestulat

165 1140 186 1148 ·-
215 1146 221 1148 -
239 1132 241 1134 ’
278 1125 412 1166 filiam
428 1139 564 1176 suam,
578 1126 733 1167 nolens
748 1126 803 1168 de
818 1130 977 1180 myste-

146 1181 212 1223 rio
248 1194 366 1223 verae
404 1182 748 1224 circumcisit'mis
787 1183 978 1225 excludi:

145 1237 226 1279 sed
249 1237 467 1281 subintrat
490 1238 647 1280 mulier
671 1240 882 1290 sanguine
901 1240 977 1282 flu-

145 1306 239 1344 ens,
277 1299 322 1336 et
357 1297 518 1337 octavo
557 1297 736 1336 sanatur
772 1295 887 1337 loco:
930 1302 979 1339 ut

145 1351 355 1404 principis
385 1351 476 1392 filia
502 1351 558 1392 de
586 1350 672 1393 hoc
697 1351 876 1393 exclusa
901 1356 977 1394 nu-

144 1419 278 1458 mero,
298 1407 443 1449 veniat
462 1407 520 1449 ad
539 1420 715 1458 nonum,
734 1408 853 1459 juxta
871 1409 979 1451 illud

146 1463 266 1515 quod
284 1463 328 1505 in
347 1464 534 1505 Psalmis
555 1463 731 1506 dicitur:
749 1465 979 1518 AEthiopia

143 1520 387 1571 praeveniet
429 1533 584 1562 manus
628 1521 719 1573 ejus
762 1521 875 1563 Deo:
919 1527 977 1573 et,

144 1575 254 1617 Cum
269 1576 498 1618 intraverit
511 1576 742 1630 plenitudo
760 1578 977 1626 Gentium,

143 1636 248 1674 tunc
267 1633 408 1674 omnis
427 1632 567 1674 Israel
586 1633 734 1675 salvus
754 1634 841 1676 fiet.

426 1698 579 1740 Lectio
600 1699 684 1739 viii.

222 1761 241 1798 t
273 1769 376 1798 ecce
406 1756 580 1807 mulier,
619 1770 719 1810 quae
754 1760 977 1810 sanguinis

240 1812 407 1854 fluxum
442 1813 695 1866 patiebatur
742 1814 977 1857 duodecim

145 1869 279 1919 annis,
298 1870 486 1912 accessit
503 1875 634 1921 retro,
659 1875 703 1913 et
720 1872 866 1923 tetigit
884 1873 976 1913 fim-

144 1924 286 1967 briam
306 1926 557 1969 vestimenti
576 1928 678 1979 eius.
709 1929 761 1969 In
778 1928 975 1979 Evange-

144 1980 204 2022 lio
254 1982 496 2024 secundum
540 1983 706 2026 Lucam
754 1984 975 2035 scribitur,

146 2036 266 2089 quod
292 2039 506 2092 principis
530 2039 622 2081 filia
645 2040 880 2082 duodecim
904 2053 975 2082 an-

144 2107 227 2135 nos
263 2094 447 2138 haberet
483 2096 638 2138 aetatis.
698 2096 817 2138 Nota
852 2109 975 2148 ergo,

147 2150 267 2202 quod
294 2164 348 2193 eo
377 2154 578 2205 tempore
605 2153 702 2194 haec
728 2153 901 2203 mulier,
929 2153 975 2195 id

145 2211 230 2257 est,
258 2207 467 2250 Gentium
490 2209 684 2262 pepulus
708 2210 895 2262 co'eperit
920 2223 975 2251 ae-

145 2259 334 2314 grotare,
355 2276 443 2316 quo
462 2278 600 2316 genus
615 2266 640 2306 J
641 2265 870 2307 udaeorum
885 2279 974 2307 cre-

146 2318 330 2363 diderat.
383 2321 480 2363 Nisi
513 2322 629 2363 enim
660 2334 715 2364 ex
747 2334 974 2375 compara—

95 2393 98 2395 ·
145 2376 265 2418 tione
288 2377 515 2428 virtutum,
543 2378 696 2420 vitium
720 2390 809 2419 non
833 2380 974 2420 osten-

146 2432 273 2475 ditur.

440 2487 590 2528 Lectio
611 2487 664 2526 ix.

241 2558 307 2587 aec
325 2550 473 2588 autem
490 2546 646 2587 mnlier
667 2545 878 2596 sanguine
897 2546 973 2586 flu-

249 2614 343 2652 ens,
366 2615 456 2644 non
481 2603 525 2643 in
551 2602 700 2652 domo,
725 2614 813 2642 non
839 2602 882 2641 in
905 2615 972 2642 ur-

144 2656 200 2699 be
215 2658 386 2700 accedit
401 2658 458 2700 ad
472 2659 721 2707 Deminum,
742 2657 842 2709 quia
855 2658 974 2709 juxta

145 2713 289 2765 legem
315 2714 498 2757 urbibus
527 2714 858 2756 excludebatur:
893 2712 973 2755 sed

1030 300 1073 340 in
1106 301 1259 345 itinere
1292 305 1540 347 ambulante
1571 305 1778 355 Demino;
1811 311 1858 347 ut

1031 356 1135 398 dum
1159 361 1302 411 pergit
1327 361 1383 402 ad
1409 361 1555 411 aliam,
1585 362 1669 402 alia
1689 364 1857 402 curare-

1029 418 1110 454 tur.
1143 415 1270 457 Unde
1290 417 1439 458 dicunt
1458 423 1501 459 et
1521 394 1742 471 Apostoli:
1768 419 1856 459 Vo-

1030 468 1098 510 bis
1136 471 1313 522 quidem
1351 474 1588 525 oportebat
1624 474 1857 539 praedicari

1030 526 1213 567 verbum
1231 528 1328 569 Dei:
1357 529 1435 570 sed
1462 530 1668 581 queniam
1691 543 1772 571 vos
1799 531 1857 582 ju—

1031 580 1210 624 dicastis
1234 583 1437 635 indignos
1461 585 1617 636 salute,
1642 588 1858 637 transgre-

1030 636 1173 679 dimur
1193 639 1250 680 ad
1270 639 1444 681 Gentes.

1082 702 1120 741 l
1124 712 1148 740 e
1167 700 1311 741 Deum
1330 700 1569 742 laudamus.
1589 703 1647 742 14.

1082 762 1153 803 Ad
1174 763 1335 804 Bened.
1366 764 1463 803 Ant.
1494 762 1681 803 Dicebat
1701 762 1813 802 enim
1834 763 1856 787 *

1028 817 1141 859 intra
1170 830 1232 858 se:
1260 817 1305 858 Si
1330 819 1519 868 tetigero
1547 818 1761 859 fimbriam
1787 831 1855 859 ve-

1029 873 1221 914 stimenti
1241 874 1331 924 ejus
1350 878 1534 923 tantum,
1554 874 1673 914 salva
1694 886 1780 914 ero.

1081 928 1131 979 V.
1166 934 1382 975 Deminus
1410 935 1622 984 regnavit,
1652 934 1857 975 decerem

1028 990 1179 1031 induit.
1230 990 1280 1042 Ru
1319 990 1466 1032 Induit
1492 991 1707 1032 Deminus
1739 990 1856 1031 forti-

1027 1046 1235 1096 tudinem,
1256 1051 1299 1088 et
1318 1047 1550 1099 praecinxit
1571 1060 1617 1087 se
1636 1047 1807 1087 virtate.

1080 1105 1152 1146 Ad
1171 1107 1344 1157 Magnif.
1382 1109 1481 1150 Ant.
1526 1110 1581 1149 At
1606 1107 1732 1147 Jesus
1759 1119 1856 1147 con—

1028 1163 1192 1210 versus,
1207 1163 1231 1188 *
1248 1167 1292 1203 et
1307 1162 1462 1203 videns
1478 1175 1584 1212 eam,
1604 1162 1726 1203 dixit:
1747 1163 1856 1203 Con-

1029 1217 1118 1259 fide
1137 1218 1241 1268 filia,
1271 1218 1381 1260 fides
1404 1224 1479 1260 tua
1497 1223 1541 1260 te
1561 1218 1725 1259 salvam
1745 1218 1857 1267 fecit,

1030 1274 1214 1325 alleluja.

1078 1331 1128 1383 V.
1147 1335 1373 1385 Dirigatur
1388 1334 1577 1375 Demine
1593 1334 1734 1375 oratio
1750 1347 1856 1375 mea.

1027 1393 1077 1444 Ην.
1115 1391 1236 1432 Sicut
1275 1392 1501 1432 incensum
1537 1391 1579 1430 in
1617 1392 1857 1442 conspectu

1029 1451 1118 1488 tuo.

1077 1513 1294 1548 Dominicae
1343 1520 1433 1558 post
1477 1515 1732 1550 Pentecosten
1776 1526 1853 1550 non

1025 1566 1191 1605 possunt
1223 1572 1308 1597 esse
1340 1563 1546 1606 pauciores
1577 1563 1693 1606 xxiii,
1729 1574 1852 1607 neque

1025 1610 1157 1653 plures
1172 1610 1309 1645 xxviii.
1344 1611 1440 1645 Cum
1462 1616 1587 1645 autem
1609 1611 1750 1645 fuerint
1771 1613 1852 1654 plu-

1024 1667 1086 1691 res
1117 1658 1258 1700 viginti
1290 1663 1472 1701 quatuor,
1503 1663 1593 1692 tunc
1624 1663 1714 1701 post
1743 1660 1851 1693 xxiii.

1024 1705 1269 1739 Dominicam
1294 1710 1552 1749 resumuntur,
1578 1716 1664 1749 quae
1686 1716 1731 1740 eo
1751 1717 1851 1741 anno

1026 1754 1297 1798 superfuerunt
1318 1758 1408 1797 post
1427 1754 1697 1797 Epiphaniam,
1722 1755 1851 1797 quoad

1026 1801 1263 1844 Orationem,
1287 1801 1514 1844 Homiliam,
1543 1806 1579 1835 et
1603 1802 1850 1844 Antiphonas

1027 1850 1075 1884 ad
1099 1850 1350 1891 Benedictus,
1376 1854 1412 1884 et
1434 1849 1669 1892 Magnificat,
1694 1850 1768 1883 hoc
1794 1860 1850 1884 or-

1024 1899 1123 1932 dine.

1077 1950 1118 1984 Si
1145 1949 1362 1983 Dominicae
1394 1953 1485 1992 post
1512 1948 1767 1982 Pentecosten
1796 1949 1849 1983 fu-

1024 1997 1122 2031 erint
1148 2008 1244 2039 xxv,
1272 1997 1477 2031 Dominica
1506 1996 1610 2030 xxiv.
1638 2001 1728 2039 post
1755 1997 1849 2030 Pen-

1022 2049 1197 2079 tecosten
1235 2045 1306 2079 crit
1342 2055 1429 2087 quae
1468 2048 1526 2078 est
1557 2044 1606 2078 vi.
1640 2048 1730 2086 post
1760 2044 1848 2087 Epi-

1022 2093 1216 2136 phaniam.

1074 2145 1115 2180 Si
1140 2145 1281 2179 fuerint
1300 2144 1410 2186 xxvi,
1435 2143 1637 2177 Dominica
1654 2143 1758 2178 xxix.
1777 2143 1847 2177 erit

1024 2205 1111 2238 quae
1137 2197 1194 2228 est
1217 2204 1252 2228 v.
1277 2196 1368 2235 post
1390 2171 1665 2234 Epiphaniam
1698 2195 1734 2225 et
1755 2201 1846 2225 xxv

1022 2253 1110 2286 quae
1134 2246 1192 2276 est
1215 2242 1264 2276 vi

1075 2294 1116 2328 Si
1156 2293 1298 2327 fueiint
1332 2292 1460 2334 xxvii,
1503 2290 1706 2325 Dominica
1741 2292 1845 2327 xxiv.

1023 2341 1094 2375 crit
1110 2351 1197 2384 quae
1215 2345 1272 2375 est
1288 2340 1336 2374 iv.
1357 2343 1445 2382 post
1460 2338 1731 2382 Epiphaniam,
1755 2350 1844 2374 xxv.

1022 2389 1094 2423 erit
1116 2400 1151 2423 v.
1178 2392 1214 2422 et
1237 2388 1342 2422 xxvi.
1368 2387 1438 2421 erit
1462 2387 1511 2421 vi.

1073 2440 1115 2475 Si
1148 2440 1290 2474 suerint
1327 2439 1467 2479 xxviii,
1502 2438 1706 2472 Dominica
1739 2439 1843 2473 xxiv.

1022 2490 1092 2523 erit
1132 2498 1218 2531 quae
1258 2491 1316 2521 est
1352 2487 1404 2520 iii.
1445 2490 1535 2530 post
1570 2487 1843 2530 Epiphaniam,

1020 2548 1109 2571 xxv.
1140 2537 1211 2570 crit
1239 2535 1288 2569 iv.
1313 2539 1350 2569 et
1375 2534 1479 2568 xxvi.
1511 2534 1581 2568 erit
1604 2545 1639 2568 v.
1664 2539 1701 2568 et
1723 2535 1841 2568 xxvii.

1021 2585 1092 2619 erit
1120 2584 1170 2619 vi.
1203 2587 1239 2617 et
1269 2583 1404 2617 ultimo
1435 2582 1522 2617 loco
1555 2592 1707 2626 semper
1733 2582 1842 2625 poni-

1019 2636 1095 2675 tur,
1121 2642 1206 2675 quae
1231 2630 1405 2674 sequitur
1428 2630 1491 2664 hic
1515 2630 1553 2663 in
1579 2630 1713 2664 ordine
1736 2629 1839 2663 xxiv.
