2040 2944
480 158 550 191 l)ie
575 159 634 191 30.
661 157 762 200 Sept.
810 157 844 191 S.
872 158 1099 202 Hieronymi
1125 158 1267 199 Presb„
1293 159 1401 193 Conf.
1428 164 1463 193 et
1486 159 1595 194 Doct.

231 259 273 292 ln
307 258 333 291 1.
370 257 567 290 Nocturno
607 255 813 291 Lectiones
850 258 1006 302 Sapien-

176 307 278 342 tiam.
307 307 353 339 de
380 304 523 338 (domm.
550 303 657 336 Doct.
676 305 745 349 [62]

401 365 450 403 In
478 365 527 403 ΙΙ.
557 364 782 404 Nocturno.

479 420 633 460 Lectio
655 421 707 460 iv.

186 498 190 516 v.
216 478 575 532 ieronymus,
638 477 817 519 Eusebii
872 478 1006 528 filius,

181 540 184 581 ζ
209 554 265 600 ὗς
291 555 294 600 5
323 534 542 575 Stridone‘
563 535 606 575 in
640 534 861 576 Dalmatia
894 535 1004 576 Con-

177 610 299 614 *2-
323 591 487 632 stantio
537 591 808 643 imperatore
858 595 1005 641 natus,

173 647 330 687 Romae
358 646 618 688 adolescens
647 652 714 689 est
740 647 1005 699 baptizatus,

174 708 217 744 et
242 703 285 743 in
310 702 567 744 liberalibus
594 703 839 755 disciplinis
866 716 891 744 a
917 704 1005 745 Do-

173 761 277 801 nato
302 764 347 800 et
373 759 469 800 aliis
489 759 594 800 viris
620 759 887 801 doctissimis
911 772 1016 814 eru-t

173 815 302 856 ditus.
354 815 469 856 Tum
497 815 695 857 discendi
724 815 872 857 studio
903 816 1004 857 Gal-

171 872 275 912 liam
298 871 566 924 peragravit:
600 871 676 913 ubi
700 872 799 924 pios
825 871 1005 924 aliquot,

173 933 217 970 et
241 929 285 968 in
308 927 467 970 divinis
491 927 648 969 litteris
669 928 867 970 eruditos
886 928 1005 970 viros

172 984 317 1034 coluit,
337 984 589 1035 multosque
609 997 761 1026 sacros
775 984 912 1026 libros
927 998 1005 1026 sua

171 1053 303 1082 manu
328 1039 576 1092 descripsit.
612 1041 719 1082 Mox
743 1054 791 1082 se
814 1042 858 1082 in
885 1042 1005 1083 Grae-

172 1097 283 1138 ciam
298 1097 540 1146 conferens,
560 1096 841 1150 philosophia
859 1103 903 1139 et
918 1098 1004 1139 elo-

172 1153 349 1205 quentia
368 1153 620 1202 instructus,
640 1156 865 1195 suffiorum
883 1154 1004 1196 theo-

170 1209 373 1259 logorum
406 1210 726 1251 consuetudine
759 1211 926 1253 floruit:
961 1212 1004 1252 in

170 1266 323 1318 primis
347 1278 453 1307 vero
481 1266 699 1317 Gregorio
723 1266 1004 1309 Nazianzeno

172 1322 556 1375 Constantinopoli
568 1325 751 1376 operam
763 1322 899 1366 dedit:
916 1337 1003 1376 quo

171 1378 355 1420 doctore
375 1391 422 1420 se
442 1391 590 1420 sacras
610 1379 778 1421 litteras
797 1379 1004 1422 didicisse

170 1434 416 1487 profitetur.
470 1435 585 1476 Tum
616 1436 839 1486 religionis
872 1449 1003 1478 causa

170 1491 272 1532 visit
310 1491 471 1533 Christi
507 1491 687 1533 Domini
723 1492 1002 1543 incunabula,

170 1549 399 1600 totamque
450 1547 656 1590 lustravit
704 1548 1002 1590 Palaestinam:

172 1616 302 1655 quam
341 1604 755 1656 peregrinationem,
792 1605 1002 1647 adhibitis

170 1659 464 1701 Hebraeorum
492 1660 817 1711 eruditissimis,
852 1661 909 1703 ad
937 1675 1001 1703 sa—

170 1729 258 1757 crae
286 1716 527 1769 Scripturae
556 1717 889 1769 intelligentiam
917 1718 1002 1760 sibi

168 1772 354 1814 multum
372 1773 593 1825 profuisse
611 1776 813 1816 testatur.

227 1833 277 1884 R.
303 1830 551 1872 Honestum
594 1831 697 1873 fecit
736 1831 859 1872 illum
896 1831 1001 1881 Dns,

169 1890 213 1926 et
232 1886 471 1928 custodivit
490 1899 591 1928 eum
610 1887 665 1929 ab
687 1887 891 1936 inimicis,
912 1892 955 1930 et
976 1901 1002 1929 a

169 1941 475 1984 seductoribus
490 1943 650 1985 tutavit
663 1943 801 1984 illum:
826 1944 915 1985 *Et
930 1943 1001 1985 de-

169 1998 233 2039 dit
251 1998 312 2038 illi
332 1998 576 2041 claritatem
595 2001 815 2042 aeternam.
862 1995 913 2046 V.
929 2000 953 2041 J
955 2014 1000 2041 u-

169 2059 285 2095 stum
321 2054 505 2097 deduxit
540 2056 635 2097 Dfis
676 2070 757 2109 per
799 2057 893 2098 vias
935 2070 999 2098 re-

169 2115 273 2160 etas,
289 2115 332 2152 et
343 2111 537 2154 ostendit
550 2112 612 2153 illi
628 2125 810 2164 regnum
821 2113 916 2155 Dei.
932 2113 1000 2155 Et.

485 2173 637 2213 Lectio
658 2188 695 2213 v.

173 2227 389 2332 Deinde
408 2230 591 2271 secessit
610 2230 654 2271 in
673 2235 844 2272 vastam
863 2231 1000 2283 Syriae

265 2284 561 2327 solitudinem:
576 2286 651 2328 ubi
667 2287 1000 2339 quadriennium

168 2341 210 2380 in
257 2340 446 2383 lectione
487 2341 736 2384 divinorum
775 2343 1000 2394 librorum,

169 2397 451 2449 coelestisque
487 2398 773 2441 beatitudinis
806 2405 999 2442 contem-

168 2453 362 2505 platione
400 2456 687 2508 consumpsit,
733 2456 910 2498 assidua
951 2469 999 2499 se

168 2509 441 2559 abstinentia,
468 2510 511 2551 vi
530 2510 817 2562 lacrimarum,
843 2518 887 2554 et
907 2515 998 2554 cor-

167 2565 289 2618 poris
298 2565 580 2608 afflictatione
593 2567 874 2610 discrucians.
884 2569 1000 2610 Pres-

167 2621 295 2674 byter
329 2635 354 2663 a
379 2622 563 2664 Paulino
597 2627 811 2678 episcopo
845 2625 997 2667 Antio-

169 2678 280 2719 chiae
301 2679 452 2729 factus,
472 2680 658 2721 Romam
676 2680 731 2722 de
747 2683 998 2723 controver-

1059 257 1134 298 siis
1155 257 1448 309 quorumdam
1467 256 1776 310 episcoporum
1792 269 1891 298 cum

1059 313 1244 355 Paulino
1277 319 1321 355 et
1351 313 1604 366 Epiphanio
1644 313 1701 355 ad
1732 313 1890 354 Dama·

1059 382 1155 411 sum
1200 370 1462 412 Pontificem
1502 370 1747 422 profectuS‚
1799 371 1891 422 ejus

1060 426 1374 467 ecclesiasticis
1414 425 1615 478 epistolis
1647 426 1891 468 scribendis

1059 482 1235 534 adjutor
1254 482 1344 524 fuit.
1378 483 1546 524 Verum
1570 494 1671 523 cum
1692 482 1890 535 pristinae

1060 538 1309 580 solitudinis
1336 537 1557 580 desiderio
1581 539 1822 588 teneretur,
1847 538 1889 578 in

1058 594 1341 636 Palaestinam
1372 596 1594 644 reversus,
1630 593 1891 636 Bethlehem

1060 650 1116 692 ad
1137 651 1299 692 Christi
1318 651 1496 693 Domini
1516 651 1720 703 praesepe
1738 650 1782 691 in
1801 663 1890 692 mo-

1059 708 1269 757 nasterio,
1310 707 1431 760 quod
1466 720 1492 748 a
1522 706 1659 748 Paula
1690 707 1892 748 Romana

1060 766 1334 805 exstructum
1355 769 1464 813 erat,
1493 763 1721 805 coelestem
1744 775 1892 815 quam-

1060 819 1163 861 dam
1202 820 1306 861 vitae
1347 820 1562 862 rationem
1602 819 1803 861 instituit:
1849 824 1893 862 et

1061 888 1328 928 quamquam
1364 876 1484 918 varie
1526 875 1694 918 morbis
1732 875 1891 917 dolori-

1059 931 1232 984 busque
1252 934 1507 982 tentaretur,
1526 937 1673 974 tamen
1692 932 1892 985 corporis

1058 989 1340 1030 incommoda
1364 989 1449 1042 piis
1475 988 1702 1031 laboribus
1728 994 1772 1030 et
1794 1001 1890 1042 per-

1059 1047 1193 1097 petua
1229 1045 1420 1088 lectione
1459 1059 1510 1087 ac
1547 1045 1786 1098 scriptione
1823 1058 1891 1086 su-

1059 1101 1256 1154 perabat.

1115 1162 1166 1212 R.
1188 1159 1367 1200 Amavit
1387 1171 1487 1200 eum
1506 1158 1737 1208 Dominus,
1760 1162 1804 1199 et
1823 1170 1890 1199 or-

1058 1214 1179 1256 navit
1216 1228 1329 1256 eum:
1370 1215 1530 1258 stolam
1565 1214 1718 1265 gloriae
1751 1213 1893 1256 induit

1059 1283 1174 1320 eum,
1203 1276 1225 1299 *
1244 1272 1301 1313 Et
1329 1271 1386 1313 ad
1415 1277 1568 1324 portas
1596 1270 1790 1324 paradisi
1818 1283 1889 1312 co-

1058 1327 1232 1369 ronavit
1260 1340 1370 1369 eum.
1418 1323 1468 1375 V.
1494 1326 1644 1369 Induit
1672 1339 1772 1368 eum
1796 1327 1890 1369 Dfis

1057 1383 1238 1426 loricam
1261 1384 1380 1435 fidei,
1409 1390 1452 1427 et
1476 1384 1648 1426 ornavit
1671 1395 1781 1425 eum.
1822 1383 1889 1425 Et.

1366 1443 1517 1484 Lectio
1539 1443 1591 1483 vi.

1144 1509 1349 1549 amquam
1364 1496 1422 1539 ad
1436 1497 1674 1547 oraculum,
1690 1509 1744 1538 ex
1756 1497 1890 1538 omni—

1153 1552 1236 1594 bus
1270 1552 1388 1595 orbis
1420 1558 1552 1595 terrae
1580 1552 1800 1606 partibus,
1832 1553 1889 1594 ad

1055 1609 1202 1662 ipsum
1229 1608 1390 1650 divinae
1413 1609 1654 1662 Scripturae
1681 1609 1887 1661 quaestio-

1055 1678 1133 1708 nes
1166 1665 1444 1718 explicandae
1476 1665 1790 1707 referebantur.
1834 1665 1888 1706 Il-

1055 1722 1146 1763 lum
1163 1722 1385 1763 Damasus
1403 1721 1625 1771 PontifeX‚
1652 1721 1775 1763 illum
1793 1734 1888 1763 san-

1055 1783 1153 1820 ctus
1167 1779 1440 1829 Augustinus
1457 1778 1512 1820 de
1526 1778 1635 1820 locis
1649 1778 1888 1831 Scripturae

1056 1834 1324 1877 difficillimis
1358 1847 1478 1888 saepe
1512 1835 1750 1885 consuluit,
1787 1847 1888 1887 pro-

1054 1896 1154 1943 pter
1173 1892 1265 1944 ejus
1285 1891 1552 1942 singularem
1567 1889 1824 1942 doctrinam,
1843 1896 1888 1933 et

1055 1948 1215 1999 linguae
1242 1960 1332 1989 non
1361 1948 1505 1990 solum
1532 1947 1680 1990 latinae
1710 1952 1755 1990 et
1777 1961 1886 1999 grae-

1054 2017 1137 2055 cae,
1169 2003 1249 2046 sed
1282 2004 1503 2046 hebraicae
1535 2004 1667 2046 etiam
1697 2009 1743 2046 et
1773 2004 1887 2047 chal-

1055 2061 1194 2102 daicae
1226 2061 1576 2112 intelligentiam:
1609 2066 1654 2103 et
1685 2060 1808 2114 quod
1842 2074 1885 2103 o-

1053 2130 1177 2159 mnes
1191 2130 1305 2170 pene
1321 2117 1574 2170 scriptores,
1589 2117 1785 2170 ejusdem
1799 2118 1886 2159 Au-

1052 2174 1214 2226 gustini
1232 2174 1503 2224 testimonio,
1521 2174 1700 2226 legerat.
1734 2174 1885 2215 Haere-

1051 2231 1166 2273 ticos
1186 2230 1411 2272 acerrimis
1435 2230 1611 2283 scriptis
1631 2230 1885 2281 exagitavit:

1052 2287 1226 2340 piorum
1263 2291 1308 2328 et
1344 2286 1662 2328 catholicorum
1697 2289 1884 2339 patroci-

1052 2344 1173 2385 nium
1199 2355 1375 2395 semper
1398 2343 1605 2396 suscepit.
1639 2343 1783 2384 Vetus
1802 2343 1884 2384 Te-

1053 2402 1317 2442 stamentum
1348 2412 1404 2441 ex
1435 2398 1616 2441 hebraeo
1652 2400 1885 2441 convertit:

1051 2469 1232 2507 novum,
1265 2457 1384 2508 jussu
1407 2455 1605 2505 Damasi,
1639 2455 1811 2497 Graecae
1837 2456 1884 2496 fi-

1054 2512 1126 2554 dei
1140 2511 1344 2561 reddidit,
1362 2523 1521 2562 magna
1540 2511 1671 2552 etiam
1687 2524 1742 2553 ex
1756 2517 1884 2565 parte

1055 2568 1302 2622 explicavit.
1341 2567 1480 2608 Multa
1505 2569 1723 2620 praeterea
1750 2569 1883 2611 latine

1051 2623 1244 2667 reddidit
1257 2623 1422 2676 scripta
1433 2623 1667 2665 doctorum
1678 2625 1882 2675 virorum,

1053 2687 1097 2723 et
1123 2681 1220 2733 ipse
1246 2679 1341 2721 aliis
1361 2679 1530 2732 proprii
1551 2680 1714 2731 ingenii
1730 2693 1881 2722 monu-
