2040 2944
501 206 676 239 Officium
704 205 874 239 votivum
900 204 945 237 dc
972 206 1027 237 ὃς.
1053 204 1305 237 Euclmristiae
1330 204 1588 242 Sacramento.

236 304 405 346 Memor
442 303 524 344 erit
560 302 604 343 in
637 301 846 343 saeculum
878 306 1009 343 testa-

184 361 318 402 menti
337 360 417 401 sui:
437 361 459 385 *
479 359 687 401 virtutem
708 361 892 411 operum
914 361 1010 400 suo-

185 431 280 459 rum
298 415 570 458 annuntiabit
587 415 754 468 populo
774 428 870 457 suo:

235 474 295 515 Ut
334 473 408 514 det
443 473 528 513 illis
560 471 865 514 haereditatem
898 472 1010 513 Gen-

184 531 307 571 tium:
335 532 358 557 *
387 532 522 582 opera
549 531 756 570 manuum
785 530 874 581 ejus
903 529 1009 569 veri-

184 592 262 636 tas
282 592 325 628 et
343 586 559 638 judicium.

235 643 402 685 Fidelia
415 643 561 684 omnia
571 642 778 684 mandata
789 643 893 694 ejus:
910 655 1009 683 con-

184 701 356 741 firmata
374 700 418 740 in
442 699 651 740 saeculum
671 699 834 748 saeculi,
853 702 877 725 *
896 699 1011 740 facta

184 758 226 798 in
246 757 430 798 veritate
451 761 494 798 et
514 756 732 808 aequitate.

236 813 604 866 Redemptionem
614 813 732 854 misit
739 812 906 866 populo
916 825 1011 854 suo:

184 872 208 898 *
226 870 449 912 mandavit
473 870 517 910 in
542 871 755 911 aeternum
779 871 1010 911 testamen-

184 933 277 969 tum
297 940 433 968 suum.

236 984 452 1034 Sanctum,
469 989 512 1026 et
526 983 720 1026 terribile
735 996 895 1025 nomen
907 983 1012 1035 ejus:

184 1042 394 1083 *initium
419 1042 646 1094 sapientiae
670 1041 802 1082 timor
822 1040 1012 1081 Domini.

235 1098 489 1140 Intellectus
529 1098 671 1140 bonus
714 1097 917 1139 omnibus
953 1097 1011 1138 fa-

185 1156 399 1198 cientibus
420 1169 533 1197 eum:
551 1156 575 1181 *
594 1155 789 1197 laudatio
815 1155 906 1207 ejus
925 1167 1012 1195 ma-

183 1218 258 1255 net
276 1214 320 1254 in
340 1212 550 1254 saeculum
569 1212 728 1253 saeculi.

243 1271 340 1311 Ant.
366 1269 597 1311 Miserator
624 1269 839 1310 Dominus
867 1281 1014 1310 escam

186 1326 308 1368 dedit
335 1326 589 1368 timentibus
616 1339 663 1367 se
688 1326 732 1366 in
757 1325 1014 1367 memoriam

187 1386 365 1425 suorum
383 1382 655 1424 mirabilium.

241 1443 339 1482 Ant.
365 1439 556 1483 Calicem
575 1439 788 1481 salutaris.

454 1500 650 1540 psalmus
671 1500 750 1539 115.

195 1549 432 1658 Credidi,
459 1557 642 1605 propter
681 1552 801 1604 quod
842 1552 1015 1593 locutus

283 1622 397 1650 sum:
429 1610 452 1634 *
481 1622 562 1661 ego
591 1614 736 1651 autem
763 1609 1015 1650 humiliatus

188 1679 284 1707 sum
307 1679 445 1707 nimis.

238 1723 333 1774 Ego
346 1722 437 1764 dixi
451 1723 494 1763 in
505 1724 690 1764 excessu
703 1723 849 1764 meo:*
861 1722 1015 1764 Omnis

188 1778 320 1820 homo
340 1779 539 1821 mendax.

240 1836 356 1886 Quid
383 1835 621 1878 retribuam
647 1836 855 1886 Domino,
881 1836 904 1862 *
932 1849 1015 1888 pro

189 1892 400 1942 omnibus,
430 1906 528 1945 quae
548 1892 748 1934 retribuit
766 1891 894 1934 mihi?

242 1949 433 1991 Calicem
453 1949 654 1991 salutaris
673 1950 900 2002 accipiam:
924 1950 947 1976 *
972 1955 1016 1991 et

189 2019 347 2048 nomen
365 2006 545 2047 Domini
563 2006 792 2048 invocabo.

240 2063 358 2104 Vota
388 2076 486 2104 mea
517 2064 617 2104 Dfio
651 2063 834 2105 reddam
867 2076 1015 2105 coram

190 2120 308 2160 omni
319 2120 486 2172 populo
502 2121 607 2172 ejus:
621 2121 644 2146 *
658 2121 853 2173 pretiosa
866 2121 910 2161 in
925 2133 1019 2162 con-

191 2178 343 2228 spectu
361 2177 449 2218 Dfii
466 2190 586 2218 mors
606 2179 856 2219 sanctorum
876 2178 982 2229 ejus:

243 2233 280 2274 Ο
291 2233 388 2275 Dfie
401 2234 501 2286 quia
512 2246 593 2284 ego
606 2247 758 2275 servus
768 2239 883 2276 tuus:
897 2235 921 2260 *
934 2247 1015 2285 ego

192 2302 343 2330 servus
362 2295 472 2340 tuus,
493 2296 536 2332 et
553 2290 669 2332 filius
689 2291 857 2332 ancillae
876 2296 975 2332 tuae.

243 2346 457 2398 Dirupisti
475 2347 646 2389 vincula
670 2361 782 2389 mea:
805 2349 828 2374 *
853 2348 932 2390 tibi
952 2361 1017 2389 sa-

194 2401 400 2444 crificabo
416 2403 604 2445 hostiam
622 2404 775 2454 laudis,
796 2410 840 2446 et
859 2418 1018 2447 nomen

195 2458 373 2499 Domini
391 2459 618 2501 invocabo.

244 2514 362 2556 Vota
389 2528 486 2556 mea
510 2516 610 2557 Dfio
642 2517 823 2558 reddam
849 2517 893 2558 in
919 2530 1018 2559 con-

194 2572 347 2623 spectu
362 2572 503 2611 omnis
517 2573 669 2624 populi
685 2575 789 2625 ejus:
804 2574 881 2614 *in
897 2574 1019 2615 atriis

194 2627 350 2669 domus
365 2627 462 2676 Dfii,
473 2627 516 2668 in
531 2629 675 2670 medio
688 2630 752 2671 tui
765 2630 1019 2672 Jerusalem.

249 2686 347 2725 Ant.
362 2683 555 2725 Calicem
576 2685 777 2727 salutaris
795 2687 1019 2739 accipiam,

194 2746 237 2782 et
257 2740 513 2782 sacrificabo
533 2740 720 2782 hostiam
739 2742 892 2784 laudis.

1122 303 1220 343 Ant.
1240 301 1359 343 Sicut
1377 301 1562 343 novellae
1581 302 1808 344 olivarum.

1340 361 1536 402 Psalmus
1556 362 1639 402 127.

1154 415 1241 457 eati
1261 427 1425 464 omnes,
1446 415 1520 467 qui
1542 414 1697 457 timent
1718 415 1846 466 Dfim‚
1870 417 1894 443 *

1172 472 1246 524 qui
1265 471 1490 513 ambulant
1507 471 1553 512 in
1570 471 1652 513 viis
1671 472 1773 524 ejus.

1114 529 1311 570 Labores
1345 530 1551 570 manuum
1585 530 1760 570 tuarum
1793 529 1895 581 quia

1063 585 1366 627 manducabis:
1392 587 1416 612 *
1440 585 1596 627 beatus
1622 597 1685 635 eS‚
1715 589 1759 627 et
1782 584 1894 627 bene

1062 643 1142 685 tibi
1162 643 1254 684 erit.

1114 700 1238 742 Uxor
1258 703 1335 740 tua
1354 699 1468 741 sicut
1487 698 1587 740 vitis
1607 698 1847 749 abundans,
1870 701 1894 726 *

1063 757 1105 798 in
1125 755 1334 798 lateribus
1355 755 1512 798 domus
1531 761 1631 797 tuae.

1115 813 1214 854 Filii
1236 813 1299 854 tui
1324 813 1437 854 sicut
1459 812 1647 854 novellae
1671 812 1895 862 olivarum,

1063 873 1087 897 *
1107 871 1149 911 in
1172 870 1358 911 circuitu
1375 883 1540 911 mensae
1559 874 1659 911 tuae.
1702 894 1710 903 -

1115 927 1231 968 Ecce
1269 927 1332 968 sic
1368 926 1655 977 benedicetur
1685 925 1840 975 homo,
1871 926 1896 952 ¹⁸¹

1066 984 1141 1036 qui
1163 984 1288 1025 timet
1310 984 1559 1025 Dominum.

1116 1040 1359 1082 Benedicat
1377 1040 1458 1082 tibi
1471 1040 1687 1082 Dominus
1708 1053 1762 1082 ex
1776 1040 1896 1082 Sion:

1065 1099 1088 1124 *
1114 1103 1158 1139 et
1181 1097 1333 1139 videas
1358 1098 1475 1140 bona
1493 1096 1737 1139 Jerusalem
1763 1096 1896 1138 omni-

1066 1155 1149 1196 bus
1169 1154 1324 1196 diebus
1342 1155 1446 1196 vitae
1465 1159 1564 1196 tuae.

1117 1211 1174 1253 Et
1194 1211 1345 1253 videas
1365 1211 1480 1253 filios
1499 1211 1690 1253 filiorum
1709 1212 1897 1260 tuorum,

1065 1269 1089 1294 *
1107 1281 1263 1321 pacem
1282 1281 1415 1322 super
1433 1268 1581 1309 Israel.

1129 1324 1229 1365 Ant.
1241 1325 1363 1367 Sicut
1377 1325 1563 1367 novellae
1580 1324 1804 1374 olivarum,
1817 1324 1897 1365 Ec-

1067 1382 1212 1423 clesiae
1237 1382 1316 1422 filii
1341 1382 1427 1423 sint
1451 1382 1496 1422 in
1524 1381 1898 1424 circuitumensae

1067 1438 1254 1480 Domini.

1128 1497 1228 1538 Ant.
1251 1495 1334 1546 Qui
1351 1508 1518 1548 pacem.

1335 1554 1535 1595 Psalmus
1558 1554 1644 1594 147.

1074 1608 1243 1714 Euda
1286 1607 1530 1650 Jerusalem
1575 1607 1831 1649 Dominum:
1875 1608 1899 1633 *

1163 1667 1187 1693 *
1213 1665 1345 1707 lauda
1372 1666 1517 1707 Deum
1542 1670 1669 1707 tuum
1695 1665 1810 1706 Sion.

1122 1723 1339 1773 Quoniam
1363 1722 1628 1764 confortavit
1656 1733 1777 1762 seras
1800 1733 1900 1774 por-

1069 1781 1212 1822 tarum
1247 1782 1441 1821 tuarum:
1478 1780 1502 1806 *
1536 1777 1764 1821 benedixit
1799 1777 1901 1818 filiis

1069 1836 1156 1878 tuis
1183 1837 1229 1877 in
1255 1841 1310 1878 te.

1122 1893 1207 1943 Qui
1232 1893 1382 1946 posuit
1409 1892 1518 1934 fines
1546 1897 1648 1934 tuos
1675 1905 1848 1946 pacem:
1876 1893 1900 1919 *

1071 1954 1115 1991 et
1143 1948 1275 2002 adipe
1302 1949 1508 1991 frumenti
1535 1949 1666 1991 satiat
1693 1952 1747 1991 te.

1123 2006 1208 2057 Qui
1232 2006 1390 2048 emittit
1418 2005 1642 2058 eloquium
1665 2019 1793 2047 suum
1816 2010 1900 2048 ter-

1071 2076 1148 2104 rae:
1176 2065 1199 2090 *
1226 2063 1436 2105 velociter
1465 2063 1599 2104 currit
1627 2075 1771 2104 sermo
1801 2063 1902 2115 ejus.

1124 2120 1207 2170 Qui
1242 2119 1317 2161 dat
1353 2120 1498 2161 nivem
1534 2119 1647 2162 sicut
1680 2119 1843 2161 lanam:
1878 2119 1902 2145 *

1071 2176 1275 2218 nebulam
1302 2177 1413 2218 sicut
1441 2179 1632 2218 cinerem
1661 2176 1838 2230 spargit.

1123 2234 1256 2275 Mittit
1271 2233 1526 2286 crystallum
1542 2246 1667 2275 suam
1681 2233 1794 2275 sicut
1808 2233 1904 2279 buc—

1073 2290 1220 2332 cellas:
1249 2290 1273 2316 *
1298 2295 1397 2331 ante
1426 2290 1582 2331 faciem
1608 2290 1782 2341 frigoris
1811 2290 1902 2341 ejus

1073 2347 1170 2400 quis
1200 2345 1454 2388 sustinebit?

1124 2405 1307 2446 Emittet
1329 2403 1512 2447 verbum
1537 2416 1674 2452 suum,
1701 2407 1744 2444 et
1767 2402 1902 2455 lique-

1073 2461 1205 2502 faciet
1229 2474 1297 2503 ea:
1324 2461 1348 2487 *
1373 2461 1496 2502 flabit
1521 2459 1699 2512 spiritus
1725 2460 1832 2511 ejus,
1861 2464 1904 2501 et

1074 2518 1210 2559 fiuent
1238 2531 1375 2571 aquae.

1126 2575 1210 2624 Qui
1233 2574 1459 2616 annuntiat
1482 2572 1666 2614 verbum
1691 2586 1817 2614 suum
1835 2573 1861 2614 J
1863 2586 1904 2614 a-

1074 2631 1172 2673 cob:
1185 2632 1209 2657 *
1224 2631 1420 2683 justitias,
1436 2634 1479 2671 et
1493 2629 1652 2682 judicia
1667 2643 1747 2671 sua
1756 2629 1904 2671 Israel.

1125 2688 1227 2729 Non
1245 2688 1349 2729 fecit
1369 2686 1515 2728 taliter
1535 2686 1653 2727 omni
1677 2686 1858 2728 nationi:
1881 2686 1904 2712 *

1075 2750 1118 2786 et
1138 2744 1296 2796 judicia
1315 2757 1394 2785 sua
1412 2756 1500 2785 non
1518 2743 1815 2785 manifestavit
1831 2742 1905 2784 eis.
