2040 2944
600 217 702 251 Infra
726 218 1020 252 Hebdomadam
1045 220 1081 253 ii.
1106 220 1347 254 Novembris

122 308 319 351 liberabo
342 322 521 360 gregem
538 323 684 352 meum
706 311 761 353 de
781 316 858 354 o're
878 314 948 353 eo-

121 377 232 407 rum:
251 370 295 407 et
311 378 401 406 non
421 366 502 408 erit
521 366 636 409 ultra
655 367 717 409 eis
732 368 776 408 in
792 381 949 409 escam.

123 421 236 471 Quia
275 420 372 462 haec
414 421 519 464 dicit
557 423 773 465 Deminus
813 424 949 465 Deus:

121 476 238 519 Ecce
289 489 371 529 ego
427 478 523 530 ipse
574 482 794 531 requiram
843 492 949 522 oves

121 545 259 583 meas,
288 538 331 575 et
355 534 544 576 visitabo
574 548 659 577 eas.
705 536 826 577 Sicut
849 537 947 577 visi-

121 593 186 631 tat
222 595 375 642 pastor
410 603 589 642 gregem
627 605 753 634 suum
788 592 833 632 in
869 592 950 643 die,

123 645 300 698 quando
344 647 476 689 fuerit
522 648 567 689 in
612 647 759 690 medio
802 649 949 690 ovium

121 704 299 743 suarum
324 701 652 756 dissipatarum:
679 705 742 746 sic
761 705 948 747 visitabo

121 770 227 799 oves
242 771 374 808 meas,
391 764 435 801 et
448 759 647 802 liberabo
660 773 734 802 eas
747 761 801 803 de
815 762 948 802 omni-

119 813 203 856 bus
227 814 352 864 locis,
390 815 435 856 in
467 816 626 868 quibus
652 816 864 869 dispersae
888 818 949 859 fu-

121 875 245 912 erant
262 870 307 911 in
326 870 398 913 die
416 872 556 922 nubis,
575 878 620 915 et
638 873 845 924 caliginis.

173 935 224 987 Rz.
254 931 386 974 Genti
405 934 652 986 peccatrici.
672 935 759 975 198.

318 1059 489 1095 Feria
525 1059 752 1106 Quarta.

242 1117 310 1156 De
337 1114 567 1157 Ezechiele
595 1115 828 1168 Propheta.

197 1181 347 1222 Lectio
367 1181 390 1221 i.
677 1181 779 1232 Cap.
799 1182 870 1221 40.

133 1259 146 1280 :³
213 1259 241 1286 n
266 1245 478 1297 vigesimo
506 1246 658 1298 quinto
679 1260 792 1288 anno
812 1251 949 1288 trans-

130 1308 143 1324 ‘1
176 1299 195 1336 ἶ·
238 1302 512 1353 migrati6nis
540 1307 723 1354 nostrae,
754 1303 797 1344 in
825 1306 949 1344 exor-

122 1357 195 1400 dio
220 1359 335 1409 anni,
368 1359 538 1400 decima
563 1360 740 1410 mensis,
774 1365 947 1412 quarto-

122 1415 294 1457 decimo
327 1428 441 1457 anno
472 1421 712 1469 postquam
740 1421 950 1469 percussa

121 1475 189 1513 est
208 1471 375 1513 civitas:
394 1472 438 1512 in
456 1472 554 1525 ipsa
568 1472 651 1514 hac
667 1471 737 1515 die
754 1473 869 1515 facta
883 1479 950 1515 est

122 1540 254 1580 super
272 1540 343 1569 me
361 1541 516 1570 manus
535 1529 728 1579 Demini‚
752 1535 796 1571 et
815 1529 949 1571 addu-

121 1584 187 1626 xit
204 1597 275 1626 me
293 1583 406 1626 illuc.
438 1585 489 1626 In
508 1586 750 1627 visionibus
768 1586 852 1627 Dei
876 1586 948 1628 ad-

121 1639 247 1682 duxit
264 1653 335 1682 me
354 1641 398 1682 in
416 1646 579 1683 terram
596 1642 743 1693 Israel,
765 1647 808 1684 et
828 1642 949 1684 dimi-

121 1696 178 1738 sit
217 1709 287 1738 me
327 1710 460 1750 super
495 1704 691 1740 montem
727 1699 949 1740 excelsum

121 1753 262 1803 nimis:
284 1766 417 1806 super
436 1767 567 1807 quem
587 1760 681 1796 erat
702 1755 827 1808 quasi
846 1755 948 1796 aedi-

121 1808 270 1850 ficium
303 1809 493 1852 civitatis
525 1812 744 1862 vergentis
777 1811 834 1853 ad
862 1812 947 1853 Au-

121 1870 271 1907 strum.
298 1865 356 1907 Et
373 1866 618 1909 introduxit
636 1881 706 1909 me
725 1868 837 1910 illuc.

171 1923 222 1976 Rz.
249 1921 462 1966 Indicabo
479 1923 559 1965 tibi
577 1923 722 1965 homo.
741 1925 830 1965 198.

426 1991 577 2033 Lectio
598 1991 637 2031 ii.

203 2060 221 2098 t
252 2069 355 2099 ecce
386 2057 467 2108 vir,
500 2059 621 2110 cujus
653 2063 746 2100 erat
777 2058 948 2111 species

225 2114 351 2165 quasi
374 2115 547 2167 species
571 2115 687 2164 aeris,
716 2120 759 2156 et
784 2114 947 2155 funicu-

121 2169 190 2210 lus
207 2169 348 2211 lineus
367 2170 411 2211 in
425 2183 556 2211 manu
571 2171 673 2223 ejus,
693 2176 737 2212 et
756 2170 948 2212 calamus

120 2229 337 2268 mensurae
362 2226 406 2267 in
429 2239 561 2267 manu
579 2227 685 2278 ejus:
711 2226 856 2269 stabat
876 2239 946 2267 au-

120 2285 210 2323 tem
241 2282 285 2323 in
315 2287 457 2335 porta.
509 2283 566 2324 Et
593 2282 767 2325 locutus
795 2287 863 2324 est
891 2282 948 2323 ad

119 2350 190 2378 me
225 2337 344 2380 idem
379 2338 461 2379 vir:
505 2338 588 2379 Fili
622 2339 811 2380 heminis
847 2337 947 2379 vide

121 2393 259 2435 oculis
292 2395 396 2444 tuis,
429 2399 473 2436 et
505 2394 683 2436 auribus
716 2395 802 2436 tuis
834 2393 947 2443 audi,

121 2453 166 2490 et
192 2462 309 2501 pone
337 2463 414 2492 cor
442 2456 565 2491 tuum
591 2450 635 2490 in
658 2450 818 2499 emnia,
847 2462 946 2500 quae

122 2517 204 2556 ego
233 2506 463 2548 ostendam
490 2506 586 2548 tibi:
615 2507 716 2557 quia
736 2510 784 2546 ut
803 2510 946 2546 osten-

121 2559 282 2602 dantur
308 2562 390 2603 tibi
417 2561 634 2604 adductus
667 2575 713 2603 es
744 2561 842 2602 huc:
875 2573 945 2600 an-

120 2617 274 2659 nuntia
301 2618 461 2668 omnia,
498 2631 597 2670 quae
624 2623 672 2659 tu
700 2616 842 2665 vides,
871 2615 946 2657 do-

120 2672 210 2713 mui
227 2674 375 2714 Israel.

170 2731 222 2782 R.
251 2729 482 2781 Angustiae
499 2729 606 2770 mihi
624 2734 735 2770 sunt.
754 2727 839 2768 197.

275 2868 340 2892 Pars
355 2867 525 2892 Autumnnlis.

1302 314 1453 355 Lectio
1474 316 1527 355 iii.

1088 374 1106 410 t
1129 382 1230 412 ecce
1253 386 1402 413 murus
1425 373 1666 414 forinsecus
1689 372 1732 413 in
1751 373 1827 414 cir—

1106 426 1224 468 cuitu
1261 428 1417 470 domus
1454 428 1663 481 undique,
1705 434 1748 470 et
1784 429 1827 470 in

1002 494 1133 523 manu
1166 483 1246 524 viri
1277 485 1469 525 calamus
1500 489 1718 526 mensurae
1751 498 1827 526 sex

1004 537 1266 589 cubitorum,
1298 547 1342 582 et
1373 541 1536 594 palmo:
1578 546 1620 582 et
1651 554 1827 583 mensus

1004 599 1071 636 est
1113 594 1389 638 latitudinem
1438 597 1613 639 aedificii
1658 598 1826 639 calamo

1002 663 1106 700 uno,
1139 651 1414 694 altitudinem
1448 666 1623 705 quoque
1658 654 1826 695 calamo

1002 720 1100 748 uno.
1158 708 1215 750 Et
1250 710 1369 751 venit
1405 709 1462 751 ad
1497 715 1685 762 portam,
1728 723 1826 762 quae

1002 764 1266 816 respiciebat
1306 766 1420 806 viam
1457 766 1738 815 Orientalem,
1783 772 1825 808 et

1003 819 1200 862 ascendit
1223 834 1302 873 per
1325 822 1486 872 gradus
1512 824 1617 874 ejus:
1645 828 1688 864 et
1711 835 1825 864 men-

1003 889 1077 917 sus
1111 882 1177 918 est
1208 877 1339 919 limen
1371 883 1514 931 portae
1543 879 1710 920 calamo
1739 892 1825 920 uno

1002 932 1293 984 latitudinem,
1332 935 1379 976 id
1411 940 1491 984 est,
1532 935 1662 976 limen
1694 948 1824 976 unum

1003 989 1172 1032 calamo
1191 1003 1278 1031 uno
1298 991 1341 1031 in
1360 991 1599 1033 latitudine.

1054 1050 1103 1100 R.
1132 1047 1251 1089 Misit
1267 1048 1492 1089 Dominus.
1512 1049 1597 1089 197.

1201 1155 1371 1191 Feria
1406 1155 1629 1202 Quinta.

1122 1211 1190 1250 De
1218 1208 1447 1249 Ezechiele
1475 1208 1706 1261 Propheta.

1078 1271 1228 1311 Lectio
1250 1272 1272 1310 i.
1567 1272 1668 1323 Cap.
1689 1274 1745 1311 41.

1015 1332 1109 1422 l'ffigt
1128 1328 1372 1370 introduxit
1391 1343 1460 1371 me
1479 1330 1522 1370 in
1541 1330 1763 1382 templum,
1783 1336 1826 1372 et

1012 1384 1086 1423 L]
1112 1397 1286 1425 mensus
1311 1391 1377 1427 est
1399 1386 1581 1435 frontes,
1609 1399 1687 1427 sex
1710 1386 1824 1428 cubi-

1002 1446 1071 1482 tos
1090 1441 1332 1483 latitudinis
1352 1442 1468 1491 hinc,
1495 1448 1537 1484 et
1557 1456 1634 1484 sex
1654 1443 1826 1484 cubitos

1002 1498 1243 1539 latitudinis
1262 1498 1374 1547 inde,
1392 1499 1667 1540 latitudinem
1685 1499 1825 1540 taber-

1002 1555 1157 1595 naculi.
1194 1555 1251 1595 Et
1276 1554 1462 1596 latitudo
1488 1561 1645 1607 portae,
1675 1555 1826 1596 decem

1003 1610 1249 1652 cubit6rum
1285 1616 1392 1652 erat:
1430 1617 1473 1653 et
1503 1611 1640 1652 latera
1672 1616 1824 1663 portae,

1003 1667 1194 1719 quinque
1222 1667 1380 1708 cubitis
1407 1667 1523 1716 hinc,
1562 1672 1605 1708 et
1632 1667 1823 1718 quinque

1002 1723 1161 1764 cubitis
1188 1723 1304 1764 inde:
1333 1728 1376 1764 et
1401 1736 1576 1764 mensus
1602 1729 1667 1764 est
1690 1723 1823 1773 longi-

1000 1777 1197 1820 tudinem
1227 1779 1317 1829 ejus
1346 1778 1635 1830 quadraginta
1660 1778 1823 1819 cubito-

1001 1847 1112 1884 rum,
1133 1840 1177 1876 et
1195 1833 1469 1876 latitudinem
1488 1835 1639 1885 viginti
1659 1834 1823 1875 cubito-

1001 1903 1106 1931 rum.
1151 1891 1208 1932 Et
1238 1891 1533 1942 introgressus
1564 1891 1823 1932 intrinsecus

1001 1959 1177 1988 mensus
1205 1952 1272 1988 est
1299 1947 1342 1987 in
1370 1947 1513 1989 fronte
1542 1952 1684 1999 portae
1714 1945 1824 1987 duos

1001 2002 1189 2044 cubitos:
1209 2007 1253 2044 et
1267 2008 1452 2056 portam,
1473 2015 1550 2044 sex
1565 2003 1824 2044 cubitorum:

1001 2064 1045 2100 et
1071 2058 1344 2100 latitudinem
1370 2064 1529 2110 portae,
1558 2064 1729 2111 septem
1753 2070 1822 2098 cu-

1000 2114 1201 2156 bitorum.

1052 2177 1102 2227 Ην.
1129 2171 1234 2212 Vidi
1252 2171 1499 2213 Dominum.
1517 2172 1610 2211 201.

1305 2229 1456 2269 Lectio
1476 2229 1514 2267 ii.

1081 2287 1100 2324 t
1117 2294 1293 2323 mensus
1313 2287 1379 2323 est
1396 2281 1712 2332 longitudinem
1733 2283 1822 2333 ejus

1100 2337 1251 2388 viginti
1271 2337 1534 2387 cubitorum,
1565 2342 1608 2379 et
1632 2337 1821 2379 latitudi-

998 2405 1098 2434 nem
1129 2394 1220 2444 ejus
1244 2393 1396 2443 viginti
1425 2393 1687 2442 cubiterum‚
1721 2398 1821 2434 ante

998 2449 1154 2490 faciem
1171 2448 1338 2500 templi:
1359 2453 1402 2490 et
1420 2448 1530 2490 dixit
1548 2448 1605 2489 ad
1619 2461 1704 2490 me:
1722 2449 1822 2490 Hoc

999 2509 1066 2546 est
1094 2509 1293 2545 sanctum
1321 2506 1582 2546 sanctorum.
1620 2504 1678 2545 Et
1704 2517 1819 2545 men-

999 2573 1073 2601 sus
1099 2565 1166 2601 est
1189 2561 1404 2611 parietem
1428 2559 1586 2601 domus
1610 2573 1686 2601 sex
1706 2558 1820 2600 cubi-

998 2618 1156 2657 torum:
1183 2620 1226 2656 et
1250 2614 1524 2657 latitudinem
1546 2615 1695 2657 lateris
1719 2615 1819 2666 qua-

998 2677 1099 2713 tuor
1132 2670 1378 2712 cubiterum
1409 2671 1603 2722 undique
1634 2682 1713 2722 per
1743 2669 1819 2710 eir-

1000 2728 1163 2768 cuitum
1189 2726 1355 2768 domus.
1390 2726 1551 2768 Latera
1575 2730 1736 2774 autem,
1760 2723 1818 2765 la-

1553 2851 1614 2884 14*
