2040 2944
428 170 501 205 Die
527 172 558 205 9.
583 171 682 205 Nov.
729 171 770 204 In
797 171 1053 205 Dedicatione
1078 171 1260 205 Basiliczc
1286 174 1341 206 ὃς.
1368 172 1594 206 salvatoris.

1804 171 1871 206 415

153 273 303 322 potest
322 281 420 310 esse
440 269 619 320 justitia:
648 268 750 320 quia
773 270 911 320 justus
932 282 986 311 ex

153 325 241 368 fide
268 326 388 367 vivit.
428 325 587 377 Neque
616 325 883 367 schismatici
911 326 985 367 ali-

155 382 261 435 quid
284 382 368 423 sibi
394 395 448 423 ex
472 383 557 423 ista
581 382 786 423 mercede
804 385 985 435 promit-

152 443 261 480 tant:
281 439 383 490 quia
401 438 611 488 similiter,
629 438 706 479 ubi
721 439 881 480 caritas
897 451 985 480 non

153 499 235 545 est,
260 507 350 536 non
372 500 523 548 potest
542 506 640 535 esse
659 494 832 546 justitia.
869 494 984 536 Dile-

153 551 241 593 ctio
263 552 377 593 enim
393 551 584 604 proximi
598 550 760 591 malum
776 563 865 592 non
882 563 984 603 ope-

152 610 288 649 ratur:
315 621 446 660 quam
466 607 503 648 si
522 606 751 656 haberent,
771 619 860 648 non
879 607 983 648 dila-

152 664 323 706 niarent
356 677 520 716 corpus
555 662 732 712 Christi,
764 664 885 715 quod
918 668 985 705 est

151 720 362 762 Ecclesia.

204 792 255 843 R.
294 789 442 831 Media
477 794 607 831 nocte
645 789 811 830 clamor
842 789 984 831 factus

153 851 234 888 est.
268 850 292 875 *
322 846 438 888 Ecce
472 859 661 899 sponsus
694 847 829 896 venit,
868 849 983 888 exite

152 902 328 944 obviam
353 903 404 944 ei.
435 896 495 949 V.
510 902 757 944 Prudentes
776 903 983 953 Virgines

152 961 301 1011 aptate
342 964 512 1001 vestras
553 959 794 1011 lampades.
855 960 983 1001 Ecce.

151 1014 303 1057 Gloria
321 1017 453 1057 Patri.
480 1017 607 1056 Ecce.

199 1101 274 1136 Pro
300 1099 356 1136 Ss.
383 1100 491 1134 Mart.
517 1098 690 1139 Quatuor
715 1098 931 1133 Coronatis.

451 1163 634 1203 Lectio
626 1176 678 1201 ix.

154 1240 176 1286 (r
198 1229 400 1278 severus,
424 1227 703 1277 Severianus,
724 1228 982 1294 Carpopho-

158 1299 190 1330 2222
251 1297 326 1325 rus
359 1290 403 1326 et
434 1284 691 1326 Victorinus
723 1285 899 1335 fratres,
939 1286 983 1326 in

147 1341 457 1394 persecutione
493 1341 761 1382 Diocletiani
797 1340 982 1383 deorum

148 1397 314 1439 cultum
346 1397 484 1439 libere
519 1397 808 1447 detestantes,
841 1398 981 1450 plum-

147 1454 262 1496 batis
278 1454 392 1503 caesi,
411 1454 457 1494 in
470 1453 728 1496 verberibus
743 1455 879 1496 vitam
898 1468 980 1507 pro

150 1510 310 1552 Christi
333 1510 509 1552 nomine
528 1510 830 1563 profuderunt.
866 1512 980 1561 Quo-

148 1579 245 1607 rum
265 1568 455 1618 corpora
474 1566 656 1608 canibus
677 1567 860 1618 objecta,
880 1581 981 1609 cum

147 1622 203 1665 ab
230 1622 317 1664 illis
344 1623 511 1664 intacta
544 1623 620 1665 diu
646 1623 849 1674 fuissent,
882 1624 980 1666 sub-

147 1679 238 1721 lata
269 1691 295 1720 a
327 1679 605 1730 Christianis,
644 1680 716 1721 via
748 1680 980 1732 Lavicana,

147 1735 279 1777 tertio
303 1735 358 1777 ab
378 1735 498 1778 Urbe
522 1736 686 1789 lapide,
712 1737 757 1777 in
781 1738 981 1779 arenaria

148 1791 423 1844 sepeliuntur
439 1805 581 1846 prope
597 1793 878 1845 sepulchrum
894 1807 982 1835 san-

149 1850 320 1890 ctorum
351 1849 597 1901 Martyrum
629 1849 816 1900 Claudii,
848 1850 979 1892 Nico-

148 1904 290 1954 strati,
335 1905 662 1970 Symphoriani,
708 1906 896 1948 Castorii
937 1912 981 1949 et

147 1961 376 2025 Simplicii,
410 1962 485 2014 qui
517 1962 677 2004 eodem
711 1962 980 2014 imperatore

147 2018 269 2069 passi
284 2022 422 2059 erant:
442 2018 575 2070 quod,
591 2031 690 2060 cum
705 2024 853 2060 essent
867 2033 979 2069 sum-

147 2074 208 2114 mi
227 2074 493 2126 sculptores,
517 2075 637 2116 nullo
660 2075 796 2117 modo
818 2075 980 2117 adduci

147 2132 385 2182 potuerant
409 2135 457 2172 ut
482 2131 704 2173 idolorum
727 2134 895 2174 statuas
919 2132 979 2173 fa-

149 2191 312 2237 cerent;
360 2191 404 2228 et
446 2186 503 2229 ad
544 2187 658 2229 Solis
698 2188 979 2230 simulacrum

149 2242 279 2292 ducti,
302 2248 352 2285 ut
374 2243 483 2285 illud
508 2246 833 2294 venerarentur,
858 2258 978 2286 num-

150 2312 281 2351 quam
300 2301 614 2342 commissuros
634 2313 682 2342 se
697 2300 912 2351 dixerunt,
932 2306 980 2343 ut

149 2355 387 2398 adorarent
423 2359 560 2410 opera
597 2359 806 2398 manuum
841 2357 979 2399 homi-

149 2425 264 2452 num.
324 2413 622 2463 Quamobrem
666 2415 711 2454 in
756 2416 979 2456 carcerem

149 2468 348 2520 conjecti,
388 2482 488 2511 cum
517 2470 579 2511 ibi
610 2470 773 2511 multos
807 2470 902 2512 dies
935 2471 980 2511 in

150 2523 308 2565 eodem
322 2527 555 2579 proposito
570 2528 879 2579 perstitissent,
894 2527 978 2580 pri-

149 2593 269 2621 mum
304 2583 614 2635 scorpionibus
651 2584 772 2633 eaesi,
819 2583 979 2625 deinde

149 2636 237 2678 vivi
254 2637 474 2689 plumbeis
491 2639 647 2681 loculis
667 2640 823 2682 inclusi
841 2641 885 2680 in
902 2640 978 2681 flu-

149 2705 250 2734 men
283 2692 552 2745 dejiciuntur.
596 2697 753 2739 Exstat
784 2697 829 2737 in
859 2696 979 2738 Urbe

1037 268 1224 310 ecclesia
1270 268 1352 310 sub
1397 268 1572 310 nomine
1614 270 1870 310 sanctorum

1037 325 1236 375 Quatuor
1246 325 1579 374 Coronat6rum,
1596 337 1783 377 quorum
1795 324 1870 366 diu

1035 381 1187 431 ignota
1223 381 1418 431 nomina,
1466 381 1673 422 divinitus
1709 383 1870 433 postea

1035 437 1259 489 patefacta
1279 442 1392 478 sunt:
1411 437 1486 478 ubi
1505 450 1594 478 non
1615 437 1758 478 solum
1776 436 1868 477 illo-

1036 506 1133 534 rum
1171 495 1376 545 quatuor,
1422 493 1502 534 sed
1544 494 1675 535 etiam
1712 493 1870 534 horum

1038 550 1230 602 quinque
1249 549 1493 602 Martyrum
1519 552 1708 602 corpora
1733 549 1869 590 hono-

1035 606 1159 647 rifice
1179 606 1355 658 sepulta
1375 611 1491 655 sunt,
1517 611 1560 647 et
1580 608 1733 647 eorum
1752 606 1868 647 festi-

1036 662 1148 703 vitas
1180 668 1307 704 sexto
1331 663 1438 703 Idus
1464 662 1732 703 Novembris
1759 662 1868 704 cele-

1035 719 1201 760 bratur.

1097 777 1154 817 Te
1173 776 1318 816 Deum
1336 775 1578 816 laudamus.
1597 777 1657 816 14.

1088 848 1132 882 In
1156 849 1275 882 Laud.
1300 848 1341 882 fit
1366 858 1563 882 commem.
1589 848 1644 882 Ss.
1670 850 1776 884 Mart.

1092 903 1192 943 Ant.
1212 903 1358 944 Vestri
1378 902 1526 954 capilli
1544 901 1700 954 capitis
1718 913 1869 942 omnes

1036 960 1254 1001 numerati
1273 964 1390 1000 sunt:
1413 959 1548 999 nolite
1568 959 1739 999 timere:
1763 957 1869 998 mul-

1036 1016 1092 1057 tis
1111 1015 1367 1068 passeribus
1386 1015 1590 1056 meliores
1611 1014 1716 1055 estis
1736 1027 1828 1055 vos.

1090 1069 1142 1121 V.
1166 1077 1400 1119 Laetamini
1423 1076 1467 1116 in
1491 1075 1700 1123 Domino,
1728 1079 1771 1116 et
1797 1087 1867 1116 ex-

1036 1133 1197 1175 sultate
1225 1134 1337 1186 justi.
1387 1133 1437 1172 R·
1465 1132 1522 1174 Et
1550 1131 1797 1182 gloriamini
1824 1143 1868 1171 o-

1035 1203 1158 1231 mnes
1179 1190 1289 1231 recti
1309 1189 1455 1231 corde.

1092 1249 1256 1289 Oratio.
1286 1250 1462 1298 Praesta,
1489 1252 1752 1302 quaesumus.
1782 1249 1868 1289 413.

1090 1314 1207 1357 Vesp.
1234 1324 1255 1347 a
1279 1313 1403 1356 Capit.
1430 1313 1477 1347 de
1501 1323 1606 1356 sequ.
1630 1324 1715 1347 cum
1737 1324 1870 1348 comm.
1919 1352 1922 1354 Α

1039 1361 1119 1396 Oct.
1145 1366 1182 1396 et
1205 1361 1240 1396 S.
1261 1362 1461 1395 Theodori
1486 1361 1592 1395 Mart.

1230 1451 1315 1492 Die
1334 1451 1372 1490 9.
1391 1448 1670 1490 Novembris.

1197 1567 1203 1571 Ι
1270 1519 1321 1558 In
1340 1512 1636 1559 Dedication'e

1125 1588 1355 1630 Basilicae
1381 1588 1450 1629 Ss.
1477 1587 1774 1629 salvatoris.

1372 1652 1535 1694 Duplex.

1090 1718 1228 1751 Omnia
1258 1718 1305 1751 de
1332 1718 1476 1752 Comm.
1502 1717 1771 1751 Dedicationis
1802 1718 1869 1752 Ec-

1038 1767 1169 1800 clesiae
1192 1767 1294 1810 [112],
1319 1772 1461 1809 practer
1486 1776 1591 1808 sequ.

1092 1827 1140 1860 Et
1160 1827 1201 1860 fit
1219 1837 1415 1860 commem.
1435 1826 1614 1860 Omnium
1630 1826 1868 1861 Sanctorum.

1090 1886 1189 1924 Ant.
1220 1884 1256 1924 O
1282 1896 1413 1935 quam
1439 1882 1683 1934 gloriosum
1708 1886 1775 1923 est
1800 1893 1864 1922 re-

1033 1955 1181 1994 gnum,
1220 1941 1265 1982 in
1298 1953 1387 1992 quo
1421 1952 1520 1980 cum
1553 1938 1728 1980 Christo
1762 1950 1863 1988 gau-

1035 1997 1140 2040 dent
1173 2010 1326 2039 omnes
1358 1996 1523 2046 Sancti,
1557 1995 1705 2036 amicti
1738 1994 1863 2036 stolis

1034 2054 1144 2096 albis
1178 2056 1422 2106 sequuntur
1451 2052 1627 2102 Agnum
1656 2053 1863 2103 quocum-

1034 2123 1120 2163 que
1139 2111 1249 2152 ierit.

1089 2173 1138 2224 V.
1160 2174 1456 2216 Exsultabunt
1479 2172 1621 2214 sancti
1646 2172 1690 2212 in
1714 2171 1864 2222 gloria.

1037 2236 1086 2286 R.
1102 2231 1391 2273 Laetabuntur
1409 2230 1454 2270 in
1473 2227 1691 2270 cubilibus
1711 2228 1812 2269 suis.

1374 2298 1537 2339 Oratio.

1115 2360 1366 2410 mnipotens
1414 2355 1678 2407 sempiterne
1723 2354 1862 2404 Deus,

1144 2415 1218 2466 qui
1253 2426 1334 2454 nos
1373 2412 1568 2454 omnium
1602 2411 1864 2452 Sanctorum

1031 2473 1208 2512 tuorum
1242 2470 1398 2511 merita
1434 2468 1515 2509 sub
1549 2481 1636 2509 una
1668 2466 1862 2508 tribuisti

1033 2527 1289 2569 celebritate
1331 2525 1546 2567 venerari:
1594 2527 1861 2577 quaesumus,

1032 2589 1080 2625 ut
1113 2583 1409 2625 desideratam
1441 2581 1570 2624 nobis
1597 2586 1687 2623 tuae
1713 2579 1860 2633 propi-

1031 2640 1226 2682 tiationis
1250 2638 1578 2688 abundantiam,
1603 2635 1859 2688 multiplica-

1031 2697 1088 2738 tis
1107 2695 1474 2738 intercessoribus
1493 2694 1704 2745 largiaris.
