2040 2944
182 169 248 204 372

179 266 418 315 egenorum
437 266 564 315 pater
582 261 749 314 passim
769 259 1009 308 dicebatur,

179 333 416 372 numquam
430 318 583 367 laetior,
605 330 736 370 quam
751 330 850 359 curn
864 316 1009 368 regios

179 376 410 418 thesauros
426 374 702 416 exhausisset
720 374 764 414 in
778 377 1009 427 pauperes.

234 438 283 487 Rg.
309 431 486 473 Amavit
505 444 605 472 eum
624 431 854 481 Dominus,
880 436 923 473 et
943 443 1008 472 or-

178 490 297 531 navit
329 502 442 530 eum:
489 488 649 530 stolam
687 487 838 540 gloriae
870 486 1011 529 induit

179 559 293 595 eum,
318 551 339 574 *
367 546 424 587 Et
451 545 509 587 ad
535 550 688 598 portas
716 544 911 598 paradisi
940 557 1009 586 co-

178 603 349 644 ronavit
378 615 488 643 eum.
534 601 582 652 Y.
613 601 762 644 Induit
789 615 889 643 eum
915 601 1010 643 Dfis

177 659 359 700 loricam
383 658 503 709 fidei,
532 664 576 700 et
600 659 773 700 ornavit
797 671 906 700 eum.
943 659 1010 700 Et.

482 720 634 761 Lectio
658 722 710 760 vi.

263 771 479 824 rophetiae
499 771 619 813 dono
638 771 833 822 illustris,
852 771 907 813 de
923 772 1009 813 An-

271 828 371 879 gliae
387 829 536 870 futuro
550 834 668 870 statu
682 828 821 870 multa
837 829 1010 871 co'elitus

178 885 404 939 praevidit:
423 890 467 927 et
485 885 593 927 illud
612 885 656 926 in
674 885 827 938 primis
846 899 1010 928 memo-

177 941 331 991 rabile,
356 941 476 994 quod
499 941 671 994 Sweyni
695 942 923 984 Danorum
946 956 1010 984 re-

177 999 244 1050 gis
268 999 311 1040 in
330 1011 450 1040 mare
470 998 659 1040 demersi
678 1004 879 1049 mortem,
905 999 1010 1041 dum

178 1056 383 1107 Angliam
401 1055 637 1097 invadendi
657 1056 802 1098 animo
824 1056 1010 1098 classem

179 1112 515 1162 conscenderet,
545 1111 703 1154 eodem
732 1126 820 1165 quo
850 1113 1010 1155 accidit

176 1171 413 1219 momento,
425 1169 635 1211 divinitus
645 1169 870 1211 intellexit.
889 1171 914 1211 J
917 1173 1011 1212 oan-

176 1239 277 1268 nem
300 1226 628 1277 Evangelistam
652 1227 836 1268 mirifice
863 1227 1009 1277 coluit,

176 1283 283 1324 nihil
311 1285 534 1335 cuiquam,
565 1282 685 1335 quod
715 1283 806 1336 ejus
833 1284 1009 1325 nomine

175 1342 412 1393 peteretur,
431 1342 592 1391 negare
612 1340 778 1381 solitus.
807 1340 887 1381 Cui
906 1340 1010 1382 olim

178 1397 260 1439 sub
286 1397 435 1438 lacera
459 1402 583 1439 veste
619 1410 700 1438 suo
732 1397 908 1438 nomine
937 1398 1008 1439 sti-

177 1467 279 1506 pem
296 1454 481 1505 roganti,
497 1467 598 1495 cum
611 1454 777 1495 nummi
792 1453 1009 1505 deessent,

177 1510 426 1552 detractum
447 1523 502 1552 ex
522 1511 662 1562 digito
683 1510 889 1552 annulum
908 1524 1008 1564 por-

177 1567 309 1616 rexit,
338 1580 468 1619 quem
494 1567 635 1609 Divus
663 1580 752 1609 non
781 1568 841 1609 ita
868 1568 1008 1610 multo

176 1629 280 1676 post
315 1623 528 1667 Eduardo
567 1625 751 1674 remisit,
788 1637 876 1665 una
910 1638 1009 1666 cum

176 1681 328 1722 nuntio
345 1684 565 1723 secuturae
579 1682 747 1723 mortis.
764 1681 908 1731 Quare
920 1695 1008 1732 rex,
1069 1674 1097 1699 '⁵'

175 1737 350 1779 indictis
377 1751 458 1790 pro
488 1751 535 1780 se
563 1737 786 1792 precibus,
820 1738 919 1790 ipso
953 1738 1008 1780 ab

176 1794 458 1844 Evangelista
472 1795 688 1847 praedicto
710 1794 792 1844 die,
811 1795 1008 1847 piissime

176 1850 285 1893 obiit
299 1851 440 1892 Nonis
455 1851 661 1894 videlicet
673 1852 698 1892 J
700 1852 877 1902 anuarii,
893 1865 1007 1894 anno

176 1907 330 1950 salutis
341 1908 573 1950 millesimo
583 1910 858 1960 sexagesimo
870 1914 1008 1951 sexto.

177 1965 328 2014 Quem,
348 1965 549 2017 sequenti
564 1966 739 2016 saeculo,
755 1965 1009 2007 Alexander

176 2021 299 2074 Papa
316 2021 471 2064 tertius
490 2022 712 2064 miraculis
732 2023 899 2064 clarum
913 2036 1008 2064 san-

178 2080 349 2119 ctorum
381 2078 505 2120 fastis
538 2078 783 2132 adscripsit.
824 2082 885 2122 At
916 2081 1008 2133 ejus

177 2136 432 2177 memoriam
450 2136 732 2178 Innocentius
751 2137 1009 2179 undecimus

179 2191 337 2234 Officio
357 2192 537 2245 publico
555 2206 636 2247 per
658 2194 910 2235 universam
927 2194 1008 2236 Ec-

179 2248 357 2290 clesiam
380 2262 433 2291 eo
458 2250 530 2292 die
550 2250 765 2292 celebrari
783 2251 1009 2303 praecepit,

179 2317 267 2356 quo
293 2305 416 2347 annis
443 2306 498 2348 ab
525 2307 647 2349 obitu
673 2320 751 2349 sex
770 2312 814 2348 et
831 2307 1010 2358 triginta

178 2360 436 2403 translatum
477 2364 569 2415 ejus
611 2376 774 2417 corpus
815 2364 1009 2406 incorru-

178 2422 320 2470 ptum,
346 2423 391 2459 et
415 2421 596 2461 suavem
620 2422 793 2473 spirans
813 2420 1009 2470 odorem,

179 2476 403 2527 repertum
422 2481 500 2517 est.

234 2533 285 2584 R·.
299 2531 390 2573 Iste
412 2531 556 2574 homo.
576 2532 658 2585 [72]

236 2590 277 2622 In
296 2589 359 2622 111.
383 2589 490 2623 Noct.
510 2590 679 2625 Homilia
698 2591 734 2625 in
754 2591 898 2633 Evang.
924 2589 1010 2624 Sint

179 2635 312 2670 lumbi.
334 2637 380 2670 dc
402 2638 534 2671 codem
559 2640 701 2673 (Iomm.
727 2640 751 2672 1.
770 2640 867 2673 loco.
895 2637 964 2681 [74]

235 2685 350 2728 Vesp.
370 2685 415 2719 dc
436 2696 542 2729 sequ.
561 2698 644 2720 cum
667 2690 824 2722 comem.
843 2687 1007 2731 praeced.

547 165 617 197 Dic
646 165 692 197 14.
721 163 909 197 Octobris.
956 164 990 197 S.
1018 162 1167 195 Callisti
1196 162 1219 195 I.
1247 162 1338 204 Pap.
1365 167 1400 195 ct
1426 162 1531 195 Mart.

1278 258 1363 300 Die
1383 259 1442 299 14.
1463 257 1681 300 Octobris.

1137 323 1180 364 S.
1201 322 1397 364 Callisti
1416 324 1451 364 1.
1480 325 1613 376 Papae
1633 330 1677 366 et
1698 325 1821 366 Mart.

1396 385 1561 428 Duplex,

1119 440 1255 473 Omnia
1287 441 1333 474 de
1364 440 1508 475 Comm.
1540 439 1655 473 unius
1684 439 1792 474 Mart.
1823 437 1893 482 [21]

1066 495 1206 531 prietes
1232 499 1337 532 sequ.

1403 536 1567 577 Oratio.

1066 593 1248 699 Deus,
1277 604 1351 656 qui
1379 616 1461 645 nos
1489 603 1710 656 conspicis
1738 615 1794 645 ex
1819 615 1894 645 no-

1177 666 1267 703 stra
1302 660 1556 702 infirmitate
1593 660 1802 702 deficere:
1837 659 1895 702 ad

1065 720 1262 759 amorem
1288 722 1412 759 tuum
1441 730 1522 759 nos
1550 715 1895 759 misericorditer

1063 787 1144 828 per
1181 776 1434 816 sanctorum
1475 776 1653 816 tuorum
1694 772 1896 826 exempla

1063 834 1275 873 restaura.
1302 831 1388 872 Per
1406 831 1655 873 Dominum.

1118 901 1163 935 Et
1186 900 1225 934 fit
1250 909 1446 934 commem.
1472 898 1636 941 praeced.

1119 955 1153 993 Α
1160 960 1216 996 nt.
1236 949 1327 992 'Hic
1340 951 1407 992 vir
1421 949 1669 1003 despiciens
1683 948 1895 991 mundum

1065 1013 1109 1050 et
1143 1010 1337 1058 terrena,
1378 1006 1674 1061 triumphans,
1719 1006 1895 1048 divitias

1063 1065 1178 1107 coelo
1201 1064 1400 1107 condidit
1419 1077 1508 1112 ore,
1526 1070 1669 1106 manu.

1116 1125 1166 1175 V.
1184 1127 1209 1168 J
1210 1131 1358 1169 ustum
1378 1126 1562 1168 dedaxit
1580 1125 1797 1167 Dominus
1813 1136 1896 1178 per

1063 1184 1157 1226 vias
1179 1189 1334 1226 rectas.
1370 1187 1421 1239 R.
1439 1183 1497 1226 Et
1527 1181 1722 1233 ostendit
1743 1181 1807 1222 illi
1830 1193 1895 1223 re-

1063 1255 1196 1293 gnum
1215 1241 1310 1283 Dei.

1116 1305 1278 1346 Oratio.
1309 1305 1442 1353 Deus,
1463 1303 1548 1354 qui.
1575 1302 1660 1343 371.

1115 1371 1154 1404 ln
1184 1371 1207 1404 I.
1234 1371 1343 1404 Noct.
1368 1370 1469 1403 Lect.
1497 1369 1542 1403 de
1568 1368 1705 1411 Script.
1732 1378 1876 1402 occurr.

1285 1438 1334 1475 In
1362 1437 1412 1475 Π.
1442 1435 1666 1474 Nocturno.

1364 1501 1517 1542 Lectio
1538 1500 1591 1541 iv.

1071 1582 1076 1592 '
1099 1560 1349 1659 ἃέἰὲίἓξ
1358 1560 1893 1668 fflffsszsffffigssibffss

1107 1674 1110 1676 ’
1154 1693 1160 1696 «
1195 1674 1476 1727 imperatore.
1521 1673 1758 1716 Constituit
1791 1676 1894 1727 qua-

1062 1734 1164 1771 tuor
1179 1731 1279 1772 anni
1294 1732 1508 1784 tempora,
1521 1730 1680 1782 quibus
1690 1731 1895 1783 jejunium

1063 1799 1117 1827 ex
1137 1787 1383 1840 apostolica
1405 1787 1643 1829 traditione
1663 1789 1895 1841 acceptum

1063 1842 1118 1884 ab
1134 1844 1338 1886 omnibus
1354 1846 1611 1886 servaretur.
1638 1843 1896 1886 AEdificavit

1062 1899 1288 1943 basilicam
1313 1906 1478 1943 sanctae
1499 1901 1652 1942 Mariae
1679 1906 1800 1942 trans
1823 1900 1894 1942 Ti-

1061 1955 1211 2008 berim,
1227 1963 1271 2000 et
1290 1958 1334 1999 in
1347 1958 1419 2000 via
1433 1957 1582 2010 Appia
1595 1961 1722 1999 vetus
1737 1970 1895 2000 coeme-

1061 2016 1222 2059 terium
1238 2014 1475 2068 ampliavit,
1495 2014 1539 2055 in
1555 2026 1642 2066 quo
1657 2014 1784 2056 multi
1799 2027 1895 2056 san-

1063 2073 1122 2115 cti
1141 2071 1406 2114 Sacerdotes
1431 2076 1475 2113 et
1492 2071 1712 2124 Martyres
1732 2071 1896 2125 sepulti

1062 2137 1182 2171 sunt:
1206 2129 1324 2171 unde
1349 2129 1404 2171 ab
1425 2141 1478 2170 eo
1501 2128 1671 2170 Callisti
1691 2130 1895 2171 coemete-

1062 2187 1175 2228 rium
1194 2185 1455 2240 appellatur.

1115 2249 1166 2299 R.
1192 2247 1442 2290 Honestum
1466 2247 1569 2289 fecit
1590 2246 1713 2288 illum
1731 2246 1825 2286 Dfis
1850 2250 1894 2288 et

1063 2303 1301 2346 custodivit
1321 2317 1419 2346 eum
1439 2304 1494 2346 ab
1509 2303 1704 2352 inimiciS,
1720 2306 1764 2343 et
1784 2315 1809 2343 a
1828 2315 1892 2344 se·

1063 2361 1320 2403 ductoribus
1337 2361 1496 2403 tutavit
1509 2359 1646 2402 illum:
1660 2359 1683 2384 *
1699 2359 1756 2401 Et
1771 2358 1893 2401 dedit

1061 2418 1123 2458 illi
1142 2417 1386 2460 claritatem
1401 2419 1621 2459 aeternam.
1642 2410 1693 2462 V.
1708 2418 1893 2458 Descen-

1063 2473 1215 2527 ditque
1247 2487 1348 2516 cum
1375 2473 1451 2515 illo
1478 2474 1523 2514 in
1550 2473 1742 2523 foveam,
1774 2478 1818 2515 et
1847 2473 1892 2514 in

1062 2531 1247 2572 vinculis
1266 2543 1354 2573 non
1372 2529 1609 2625 {lereliquit
1629 2542 1740 2571 eum.
1767 2530 1836 2572 Et.

1391 2585 1523 2627 *ectio
1544 2599 1580 2624 v.

1150 2647 1319 2700 jusdem
1329 2646 1507 2699 pietatis
1526 2645 1615 2695 fuit,
1635 2645 1759 2699 quod
1772 2645 1891 2688 beati

1165 2701 1395 2756 Calepodii
1420 2702 1675 2756 Presbyteri
1707 2708 1751 2744 et
1778 2702 1891 2744 Mar·
