2040 2944
552 165 624 199 Die
650 166 705 200 28.
732 165 810 200 Oct.
858 166 914 200 Ss.
940 165 1109 200 Simonis
1135 171 1171 200 et
1192 167 1306 200 Judae
1332 168 1468 210 Apost.

1806 167 1876 203 387

459 262 612 302 Lectio
632 262 687 302 iii.

238 338 313 366 um
339 323 529 366 Michael
552 324 856 376 Archangelus
889 338 988 367 cum

253 381 433 424 diabolo
452 380 682 434 disputans
702 381 988 423 altercaretur

157 439 212 482 de
237 438 382 491 Meysi
410 440 616 491 corpore,
648 450 737 479 non
762 443 829 480 est
855 451 987 480 ausus

155 495 363 549 judicium
388 495 548 536 inferre
575 494 880 547 blasphemiae:
908 494 988 537 sed

156 553 280 595 dixit:
311 552 507 605 Imperet
537 551 619 593 tibi
646 551 875 593 Deminus.
927 553 988 594 Hi

156 614 304 651 autem
338 611 629 661 quaecumque
660 607 839 660 quidem
866 609 986 660 igno-

155 670 263 715 rant,
278 664 601 718 blasphemant:
617 668 908 717 quaecumque
923 679 988 708 au-

154 727 245 764 tem
284 721 556 771 naturaliter,
597 725 824 774 tamquam
865 728 988 765 muta

156 778 373 828 animalia,
408 782 583 828 norunt,
619 778 663 819 in
694 778 762 820 his
795 792 986 821 corrum-

154 838 330 888 pantur.
363 835 446 876 Vae
466 834 567 885 illis,
594 835 696 887 quia
721 835 765 876 in
789 836 861 878 via
881 836 988 878 Cain

154 891 367 942 abierunt,
395 896 439 933 et
457 893 605 932 errare
623 891 806 934 Balaam
825 895 987 935 merce-

155 947 210 990 de
231 947 356 990 effusi
377 953 493 998 sunt,
514 952 558 990 et
576 948 620 989 in
640 949 987 992 contradictiene

156 1005 269 1046 Core
294 1004 527 1058 perierunt.
568 1005 628 1046 Hi
653 1011 754 1048 sunt
777 1006 821 1047 in
847 1007 987 1060 epulis

156 1061 245 1103 suis
271 1062 473 1112 maculae,
508 1062 793 1105 convivantes
819 1064 912 1106 sine
936 1065 986 1106 ti-

154 1120 293 1168 mere,
333 1121 595 1171 semetipsos
627 1121 880 1172 pascentes,
912 1134 987 1162 nu-

154 1175 235 1217 bes
263 1175 356 1216 sine
385 1188 514 1228 aqua,
549 1188 650 1228 quae
683 1190 709 1218 a
734 1178 877 1219 ventis
907 1179 986 1220 cir-

156 1232 471 1283 cumferantur,
498 1232 679 1275 arbores
700 1236 987 1286 autumnales,

154 1289 455 1340 infructuesae,
481 1289 549 1331 bis
567 1292 770 1341 menuae,
796 1291 987 1334 eradica-

154 1350 224 1397 tae,
243 1346 403 1388 fluctus
417 1346 498 1388 feri
511 1347 655 1397 maris,
673 1347 988 1402 despumantes

156 1416 258 1444 suas
285 1402 582 1454 confusienes,
611 1404 758 1446 sidera
783 1406 988 1448 errantia:

157 1458 316 1511 quibus
352 1459 549 1512 procella
586 1461 870 1504 tenebrarum
901 1475 988 1504 ser-

155 1517 260 1558 vata
279 1520 346 1558 est
362 1516 407 1557 in
427 1518 651 1558 aeternum.

203 1584 257 1636 R.
284 1582 403 1623 Dum
426 1582 637 1624 steteritis
662 1588 763 1626 ante
788 1597 915 1635 reges
944 1590 988 1627 et

155 1637 380 1690 praesides,
396 1639 534 1681 nolite
550 1640 745 1692 cogitare
761 1641 986 1694 quemodo

158 1699 232 1736 aut
249 1695 356 1747 quid
366 1694 654 1748 loquaminiz*
671 1697 861 1740 Dabitur
873 1699 989 1741 enim

157 1750 286 1792 vobis
305 1751 349 1792 in
367 1751 441 1794 illa
460 1751 587 1803 hora,
614 1752 720 1806 quid
737 1753 988 1807 loquamini.

153 1802 205 1855 V.
234 1808 336 1850 Non
364 1809 480 1850 enim
507 1822 586 1851 vos
614 1810 720 1851 estis
749 1811 824 1863 qui
849 1811 988 1864 loqui-

155 1864 276 1906 mini:
295 1865 375 1907 sed
389 1866 578 1919 Spiritus
593 1867 736 1909 Patris
751 1869 898 1918 vestri,
915 1869 990 1921 qui

155 1920 351 1974 lequitur
369 1922 414 1963 in
434 1922 574 1964 vobis.
601 1923 802 1966 Dabitur.
837 1924 990 1967 Glaria

154 1979 288 2020 Patri.
316 1979 515 2022 Dabitur.

379 2068 428 2107 In
455 2068 505 2108 II.
534 2068 758 2107 Nocturno.

457 2133 609 2174 Lectio
629 2133 682 2173 iv.

160 2198 236 2251 [(.ᾗῇ’
259 2192 380 2235 imon
396 2193 681 2244 Chananaeus,
702 2195 778 2247 qui
798 2200 841 2237 et
860 2196 986 2238 Zele-

163 2248 249 2332 θ
276 2249 986 2360 {123fsseffffissffffiffliffissi

155 2362 344 2412 angelio,
377 2366 505 2405 unius
538 2377 593 2406 ex
626 2364 853 2406 cathelicis
885 2365 986 2418 Epi-

155 2417 280 2459 stolis
301 2420 501 2472 scriptor,
520 2420 590 2462 hic
606 2421 986 2474 Mesopotamiam,

154 2473 227 2515 ille
259 2475 503 2529 AEg5⁷ptum
540 2477 793 2529 evangelica
827 2478 985 2531 praedi-

156 2530 328 2573 catione
347 2535 610 2585 peragravit.
638 2535 801 2576 Pestea
822 2534 866 2575 in
884 2534 985 2576 Per-

155 2585 296 2628 sidem
339 2591 666 2640 convenientes,
721 2604 820 2633 cum
863 2591 986 2633 innu-

154 2642 390 2685 merabiles
422 2645 539 2687 filios
566 2647 672 2688 Jesu
705 2647 879 2689 Christo
910 2659 984 2700 pe-

155 2701 390 2751 perissent,
415 2701 637 2755 fidemque
660 2703 705 2744 in
723 2704 984 2746 vastissimis

1003 294 1005 296 v
1039 262 1125 304 illis
1157 262 1412 314 regionibus
1446 268 1490 305 et
1518 263 1710 305 efferatis
1739 264 1874 314 genti-

1039 319 1123 361 bus
1165 319 1543 370 disseminassent,
1589 319 1789 362 doctrina
1832 325 1876 362 et

1039 376 1279 426 miraculis,
1332 390 1384 419 ac
1436 376 1626 430 denique
1678 377 1873 429 glorieso

1039 433 1260 485 martyrio,
1281 434 1409 475 simul
1428 434 1751 476 sanctissimum
1769 434 1794 475 J
1797 447 1875 475 esu

1042 489 1204 531 Christi
1221 502 1383 532 nomen
1402 490 1686 533 illustrarunt.

1093 563 1145 613 R.
1167 560 1271 602 Vidi
1287 562 1543 613 conjanctos
1563 561 1693 610 viros,
1711 560 1872 602 haben-

1039 621 1107 658 tes
1133 617 1387 670 splendidas
1415 622 1581 667 vestes,
1609 622 1652 659 et
1677 617 1873 669 Angelus

1039 673 1217 715 Demini
1240 674 1415 716 locatus
1441 679 1507 716 est
1527 673 1584 716 ad
1606 687 1687 725 me,
1708 674 1872 716 dicens:

1040 732 1063 757 *
1095 731 1175 772 Isti
1204 736 1304 773 sunt
1331 731 1415 773 viri
1444 732 1583 773 sancti
1616 731 1718 773 facti
1746 731 1874 772 amici

1039 788 1134 829 Dei.
1166 783 1217 835 V.
1241 788 1348 830 Vidi
1366 788 1586 839 Angelum
1600 789 1684 829 Dei
1703 788 1872 838 fortem,

1039 845 1262 886 volantem
1282 858 1361 898 per
1379 845 1575 887 medium
1594 845 1772 895 coelum,
1799 858 1872 886 vo-

1040 914 1090 943 ce
1109 915 1269 953 magna
1292 901 1556 944 clamantem
1580 907 1624 944 et
1646 901 1873 943 dicentem.

1039 959 1120 1001 Isti
1139 964 1240 1001 sunt
1259 959 1341 1001 viri
1360 960 1510 1002 sancti.

1166 1048 1318 1089 Sermo
1356 1047 1496 1089 sancti
1534 1046 1737 1098 Gregerii

1382 1105 1529 1158 Papae.

1186 1169 1357 1203 Homilia
1375 1169 1434 1202 30.
1453 1169 1491 1202 in
1508 1168 1723 1211 Evangelia

1308 1222 1399 1260 post
1416 1216 1594 1251 medium.

1350 1279 1503 1319 Lectio
1527 1293 1564 1319 v.

1042 1336 1303 1444 Scriptum
1343 1344 1424 1381 est:
1470 1339 1658 1392 Spiritus
1698 1340 1877 1381 Domini

1120 1397 1294 1437 ornavit
1309 1396 1458 1438 coelos.
1479 1396 1748 1438 Ornamenta
1761 1398 1874 1438 enim

1042 1453 1257 1495 coelerum
1287 1458 1388 1494 sunt
1418 1453 1604 1494 virtates
1632 1453 1874 1506 praedican-

1040 1510 1161 1552 tium.
1229 1511 1338 1561 Quae
1375 1510 1581 1552 videlicet
1619 1513 1876 1553 ornamenta

1041 1567 1203 1609 Paulus
1227 1570 1469 1617 enumerat,
1500 1567 1666 1609 dicens:
1692 1568 1780 1609 Alii
1802 1568 1875 1610 da-

1042 1629 1113 1665 tur
1136 1636 1217 1677 per
1236 1624 1446 1677 Spiritum
1470 1637 1615 1666 sermo
1637 1625 1875 1677 sapientiae,

1042 1680 1116 1721 alii
1131 1693 1275 1722 sermo
1291 1681 1486 1723 scientiae
1502 1681 1746 1723 secandum
1759 1685 1875 1723 eum-

1042 1737 1144 1778 dem
1172 1737 1401 1790 Spiritum,
1435 1737 1562 1779 alteri
1591 1738 1702 1780 fides
1730 1738 1775 1779 in
1804 1740 1874 1780 ee-

1043 1793 1144 1836 dem
1163 1794 1344 1847 Spiritu,
1374 1794 1447 1835 alii
1471 1795 1614 1846 gratia
1638 1795 1876 1836 sanitatum

1040 1851 1085 1892 in
1103 1864 1190 1893 uno
1211 1851 1394 1904 Spiritu,
1423 1851 1496 1892 alii
1522 1853 1723 1905 operatio
1743 1853 1875 1894 virta-

1040 1913 1152 1958 tum,
1185 1908 1258 1949 alii
1282 1908 1536 1961 prophetia,
1565 1909 1639 1950 alii
1665 1908 1874 1951 discretio

1041 1965 1290 2018 spirituum,
1325 1965 1399 2006 alii
1426 1967 1588 2016 genera
1614 1966 1876 2017 linguarum,

1041 2021 1115 2063 alii
1136 2021 1445 2075 interpretatio
1470 2024 1733 2064 sermenum.
1765 2024 1876 2064 Haec

1041 2083 1188 2121 autem
1213 2079 1359 2121 emnia
1383 2081 1593 2133 operatur
1611 2092 1722 2121 unus
1742 2085 1875 2132 atque

1039 2134 1159 2177 idem
1195 2135 1399 2188 Spiritus,
1446 2135 1648 2178 dividens
1693 2136 1874 2188 singulis

1039 2197 1172 2244 prout
1191 2192 1295 2235 vult.

1094 2257 1145 2308 R.
1162 2254 1291 2296 Beati
1311 2255 1428 2305 estiS,
1449 2268 1548 2296 cum
1566 2254 1875 2298 maledixerint

1039 2310 1166 2352 vobis
1200 2310 1417 2361 homines,
1460 2317 1504 2353 et
1536 2312 1761 2364 persecati
1793 2325 1873 2354 vos
1920 2312 1921 2317 ’

1039 2366 1215 2417 fuerint,
1250 2371 1293 2409 et
1328 2366 1518 2409 dixerint
1552 2380 1682 2410 omne
1710 2368 1873 2409 malum

1040 2422 1277 2464 adversum
1291 2436 1384 2474 VOS,
1400 2424 1673 2475 mentientes,
1688 2429 1873 2478 propter

1039 2492 1124 2520 me:
1149 2481 1172 2505 *
1199 2479 1402 2522 Gaudete
1431 2485 1474 2522 et
1502 2481 1736 2532 exsultate,
1767 2483 1871 2533 que-

1038 2536 1156 2577 niam
1178 2549 1348 2578 merces
1367 2542 1516 2579 vestra
1539 2538 1722 2591 copiesa
1741 2543 1809 2579 est
1826 2538 1871 2578 in

1040 2593 1173 2635 coelis.
1216 2587 1266 2639 V.
1285 2593 1395 2635 Cum
1422 2606 1504 2636 vos
1532 2593 1705 2636 ederint
1732 2594 1868 2635 hemi-

1038 2662 1132 2699 neS,
1166 2654 1210 2691 et
1238 2663 1337 2691 cum
1364 2651 1668 2703 separaverint
1697 2663 1792 2700 vos,
1826 2655 1870 2691 et

1039 2705 1412 2758 exprobraverint,
1432 2711 1476 2749 et
1491 2706 1695 2759 ejecerint
1709 2718 1870 2747 nomen
