2040 2944
181 178 257 222 [30]

489 278 700 327 Hymnus.

282 346 425 384 nvicte
447 343 624 395 Martyr‚
652 343 830 384 unicum

312 399 453 440 Patris
475 402 653 440 secutus
672 398 841 448 Filium,

284 455 425 496 Victis
444 454 690 507 triumphas
709 455 922 503 hostibus,

287 511 443 552 Victor
462 511 611 552 fruens
632 511 896 552 coelestibus.

235 575 316 615 Tui
336 577 542 627 precatus
560 578 742 616 munere

285 631 499 673 Nostrum
518 633 689 672 reatum
710 631 837 681 dilue,

287 687 457 729 Arcens
476 687 579 728 mali
599 687 861 737 contagium,

287 744 404 784 Vitae
424 743 642 796 repellens
661 743 853 784 taedium.

236 807 389 848 Soluta
408 812 509 848 sunt
527 809 611 859 jam
631 807 804 849 vincula

288 863 373 904 Tui
393 864 553 905 sacrati
573 863 789 915 corporis:

287 919 381 960 Nos
402 919 524 961 solve
543 919 698 960 vinclis
719 918 880 967 saeculi,

287 976 418 1016 Dono
438 975 616 1028 superni
634 975 847 1016 Numinis.

236 1042 332 1081 Deo
352 1040 474 1081 Patri
493 1041 548 1081 sit
566 1039 716 1091 gloria,

287 1096 480 1148 Eiusque
501 1096 583 1137 soli
602 1096 724 1145 Filio,

289 1151 399 1192 Cum
418 1152 583 1204 Spiritu
601 1151 832 1200 ParaclitQ

286 1207 427 1257 Nunc,
456 1213 500 1250 et
517 1221 597 1260 per
617 1220 747 1249 omne
767 1207 989 1249 saeculum.

496 1263 650 1305 Amen.

237 1326 286 1376 Y.
330 1328 479 1369 Justus
531 1333 579 1370 ut
632 1328 779 1381 palma
829 1327 1014 1369 florebit.

189 1388 235 1437 Ιζι.
260 1384 382 1425 Sicut
425 1384 583 1426 cedrus
619 1383 775 1425 Libani
810 1383 1014 1435 multipli-

184 1440 363 1481 cabitur.

241 1500 310 1540 Ad
341 1500 497 1540 liened.
526 1500 627 1540 Ant.
657 1499 740 1548 Qui
765 1498 859 1540 odit
882 1499 906 1525 *
928 1500 1014 1540 ani-

183 1568 300 1595 mam
320 1567 444 1596 suam
462 1555 506 1595 in
525 1555 611 1596 hoc
625 1554 802 1604 mundo,
822 1556 865 1595 in
880 1556 1014 1597 vitam

184 1613 395 1652 aeternam
417 1611 610 1652 custodit
630 1624 737 1652 eam.

301 1679 384 1718 I'ro
404 1678 597 1729 Martyre
618 1684 660 1718 et
682 1678 903 1718 Pontifice.

520 1743 683 1783 Oratio

187 1800 514 1902 Infirmitatem
541 1808 739 1844 nostram
767 1804 939 1856 respice
971 1816 1014 1844 0-

262 1862 513 1912 mnipotens
537 1860 674 1900 Deus:
707 1864 751 1901 et
780 1860 882 1912 quia
908 1873 1014 1912 pon-

185 1915 267 1956 dus
286 1916 479 1968 propriae
499 1915 685 1956 actionis
704 1920 869 1966 gravat,
896 1915 1015 1957 beati

187 1972 236 2011 N.
254 1972 460 2023 Martyris
479 1972 543 2012 tui
563 1976 696 2023 atque
710 1971 936 2013 Pontificis
955 1972 1015 2012 in-

183 2028 396 2068 tercessio
437 2027 631 2078 gloriosa
672 2040 754 2068 nos
798 2030 1015 2080 protegat.

184 2084 268 2124 Per
286 2083 525 2124 Dominum
545 2088 756 2124 nostrum.

460 2154 556 2192 Alia
578 2154 740 2192 Oratio.

275 2225 368 2262 eus,
398 2213 471 2265 qui
496 2225 579 2253 nos
602 2213 722 2254 beati
740 2213 790 2252 N.
808 2213 1016 2264 Martyris

291 2269 354 2309 tui
380 2273 512 2321 atque
531 2268 759 2310 Pontificis
785 2271 928 2310 annua
948 2281 1015 2310 so-

186 2324 409 2365 lemnitate
423 2325 636 2366 laetificas:
657 2325 851 2367 concede
870 2327 1015 2378 propi-

186 2379 286 2428 tius3
314 2385 362 2421 ut
381 2381 502 2431 cujus
521 2380 717 2422 natalitia
737 2381 932 2430 colimus,
961 2380 1016 2422 de

187 2435 380 2486 ejusdem
397 2436 529 2477 etiam
543 2437 820 2488 protectione
836 2437 1017 2487 gaudea-

187 2504 294 2531 mus.
327 2492 412 2532 Per
431 2492 669 2533 Dominum
687 2497 899 2534 nostrum.

242 2554 324 2593 Pro
345 2554 535 2604 Martyris
557 2561 735 2595 tantum.
798 2557 959 2596 Oratio.

270 2628 403 2665 raesta
445 2626 695 2675 quaesumus
738 2627 1016 2677 omnipotens

291 2680 427 2722 Deus:
447 2684 494 2720 ut
514 2680 587 2732 qui
606 2680 724 2722 beati
739 2681 791 2721 N.
810 2681 1016 2732 Martyris

755 184 965 217 Commune
992 185 1105 217 unius
1131 184 1321 227 Martyris.

1063 275 1127 316 tui
1146 274 1343 316 natalitia
1360 273 1556 322 colimus,
1579 271 1894 314 intercessione

1065 331 1155 381 ejus
1178 330 1222 370 in
1245 330 1309 370 tui
1333 329 1523 370 nominis
1547 330 1698 369 amore
1716 327 1894 369 robore-

1064 399 1171 427 mur.
1202 387 1288 427 Per
1305 385 1545 426 Dominum
1562 388 1774 425 nostrum.

1340 457 1437 496 Alia
1459 455 1622 496 Oratio.

1149 519 1281 556 raesta
1323 515 1576 565 quaesumus
1618 514 1896 564 omnipotens

1162 572 1298 612 Deus:
1317 575 1366 611 ut
1384 567 1684 611 intercedente
1698 567 1831 610 beato
1843 570 1895 610 N.

1066 628 1260 679 Martyre
1283 631 1376 675 tuo,
1407 630 1450 667 et
1474 638 1499 666 a
1518 625 1686 666 cunctis
1706 623 1896 665 adversi-

1066 683 1231 725 tatibus
1254 682 1490 724 liberemur
1514 681 1558 722 in
1578 682 1782 733 corpore,
1811 683 1855 720 et
1873 691 1899 719 a

1066 739 1214 791 pravis
1255 736 1597 788 cogitationibus
1637 735 1899 777 mundemur

1067 795 1110 836 in
1129 799 1285 837 mente.
1325 795 1411 835 Per
1429 793 1668 834 Dominum
1686 796 1898 833 nostrum.

1334 869 1402 906 Ad
1425 869 1628 906 Tertiam.

1120 928 1220 967 Ant.
1251 926 1334 975 Qui
1354 925 1551 977 sequitur
1570 937 1652 966 me.

1122 987 1260 1039 Capit.
1288 987 1453 1027 Beatus
1472 985 1551 1026 vir.
1574 992 1622 1027 ut
1642 1000 1785 1039 supra.
1815 982 1900 1035 [29]

1121 1049 1171 1100 R.
1191 1047 1252 1088 br.
1282 1046 1435 1088 Gloria
1459 1050 1503 1087 et
1525 1045 1695 1086 honore
1719 1047 1742 1071 *
1766 1043 1899 1084 Coro-

1067 1103 1182 1144 nasti
1197 1116 1296 1144 eum
1310 1102 1511 1143 Domine.
1531 1101 1685 1142 Gloria
1703 1104 1758 1141 et.
1776 1096 1828 1149 V.
1843 1099 1900 1141 Et

1069 1159 1333 1201 constituisti
1358 1171 1460 1199 eum
1485 1170 1619 1210 super
1649 1158 1786 1209 opera
1809 1157 1898 1196 ma-

1068 1229 1202 1256 nuum
1234 1217 1419 1256 tuarum.
1465 1212 1708 1255 Coronasti.
1747 1210 1899 1254 Gloria

1068 1271 1198 1313 Patri.
1235 1271 1389 1312 Gloria
1413 1275 1468 1311 et.

1124 1328 1173 1379 V.
1189 1331 1384 1373 Posuisti
1402 1330 1593 1371 Domine
1614 1342 1747 1382 super
1767 1333 1900 1381 caput

1069 1388 1170 1439 ejus.
1216 1390 1264 1441 Ru
1295 1387 1517 1429 Coronam
1545 1385 1600 1428 de
1627 1384 1776 1438 lapide
1802 1397 1899 1438 pre-

1067 1444 1194 1485 tioso.

1346 1494 1415 1530 Ad
1438 1493 1626 1530 Sextam.

1126 1556 1223 1594 Ant.
1253 1551 1335 1602 Qui
1353 1550 1459 1591 mihi
1477 1550 1705 1592 ministrat.

1176 1621 1433 1673 Capitulum.
1586 1621 1718 1662 Eccli.
1738 1622 1797 1662 15.

1069 1674 1282 1782 cibavit
1308 1679 1431 1720 illum
1454 1691 1569 1732 pane
1588 1679 1691 1720 vitae
1711 1683 1755 1721 et
1777 1679 1900 1722 intel-

1163 1736 1315 1786 lectus,
1344 1740 1388 1777 et
1406 1748 1522 1788 aqua
1541 1735 1770 1787 sapientiae
1789 1736 1900 1778 salu-

1067 1792 1176 1833 taris
1200 1792 1373 1845 potavit
1395 1791 1518 1833 illum
1535 1791 1753 1833 Dominus
1778 1792 1900 1834 Deus

1068 1853 1229 1890 noster.

1127 1910 1174 1948 R.
1194 1908 1256 1949 br.
1284 1908 1479 1950 Posuisti
1502 1908 1692 1949 Domine
1712 1910 1735 1934 *
1759 1908 1901 1961 Super

1069 1969 1203 2017 caput
1231 1965 1332 2016 ejus.
1365 1964 1569 2006 Posuisti.
1602 1959 1653 2011 V.
1681 1963 1900 2006 Coronam

1070 2020 1125 2062 de
1145 2020 1293 2073 lapide
1316 2021 1526 2073 pretioso.
1563 2020 1714 2072 Super.
1749 2020 1900 2063 Gloria

1068 2077 1200 2118 Patri.
1236 2077 1440 2121 Posuisti.

1123 2131 1172 2183 V.
1190 2137 1351 2188 Magna
1370 2142 1438 2178 est
1455 2136 1597 2187 gloria
1615 2137 1706 2188 ejus
1724 2136 1769 2176 in
1788 2137 1898 2178 salu-

1069 2193 1155 2235 tari
1182 2198 1271 2234 tuo.
1312 2194 1362 2244 R.
1397 2193 1595 2234 Gloriam
1623 2196 1667 2233 et
1693 2205 1898 2242 magnum

1071 2249 1279 2290 decorem
1298 2249 1500 2302 impones
1520 2261 1653 2300 super
1673 2260 1782 2289 eum.

1347 2325 1415 2362 Ad
1438 2325 1622 2361 Nonam.

1123 2382 1222 2420 Ant.
1258 2381 1367 2423 Volo
1386 2382 1528 2423 Pater.

1175 2453 1433 2504 Capitulum.
1582 2454 1711 2494 Eccli.
1727 2457 1792 2494 539.

1140 2517 1265 2554 ustus
1281 2524 1358 2553 cor
1376 2524 1503 2552 suum
1520 2509 1704 2551 tradidit
1723 2510 1780 2552 ad
1795 2511 1898 2562 vigi-

1161 2568 1341 2610 landum
1361 2566 1554 2608 diluculo
1573 2565 1630 2607 ad
1648 2567 1898 2617 Dominum,

1071 2625 1145 2677 qui
1182 2624 1285 2666 fecit
1321 2622 1461 2671 illum,
1504 2627 1548 2664 et
1580 2623 1624 2662 in
1657 2625 1897 2675 conspectu

1070 2679 1283 2723 Altissimi
1311 2678 1632 2731 deprecabitur.
