2040 2944
635 191 724 224 Infx
718 202 739 224 ι
764 190 845 224 Oct
838 201 884 223 [x
890 201 949 223 im
974 188 1243 223 Dedieationis
1268 188 1465 222 Ecclesiae.

181 344 259 385 bat
283 344 429 395 agnita
454 342 564 383 facie
587 341 722 382 beari.
762 340 1014 405 Suspiciens

181 399 292 441 vidit
309 399 446 448 illum,
475 398 576 450 quia
600 409 680 449 per
704 396 891 448 gratiam
910 395 1015 436 fidei

181 469 207 496 a
228 455 414 497 terrenis
441 452 758 506 cupiditatibus
782 453 1014 500 elevatum,

180 512 409 563 turbisque
445 509 696 552 infidelibus
729 509 1016 562 praeeminen-

180 573 270 609 tem
296 567 437 619 elegit.
477 566 644 608 Videre
669 566 784 607 enim
807 565 908 614 Dei,
942 564 1014 606 eli-

179 637 283 675 gere
302 624 372 665 vel
391 625 540 664 amare
559 627 637 664 est.
664 621 792 664 Unde
809 626 876 662 est
890 620 1014 662 illud:

181 680 310 721 Oculi
336 680 515 721 Demini
543 692 676 732 super
704 679 854 730 justos
898 677 1014 718 Nam

181 742 225 778 et
256 749 339 778 nos
375 749 474 789 quae
507 737 723 784 amamus,
756 734 921 783 videre3
958 733 1013 775 ab

180 793 264 842 his,
289 806 388 845 quae
409 794 704 841 exsecramur,
728 791 935 832 intuitum
955 789 1014 831 fe-

180 850 394 891 stinamus
414 851 624 891 avertere.

234 908 283 958 lx‘g.
311 907 482 948 Domus
501 918 610 947 mea.
639 904 749 957 [120]

473 962 625 1002 Lectio
648 961 729 1001 viii.

181 1014 356 1119 Vidit
392 1031 496 1070 ergo
529 1018 657 1059 Jesus
693 1016 917 1057 videntem
950 1028 1013 1065 se,

287 1075 390 1127 quia
427 1075 558 1126 elegit
594 1074 829 1125 eligentem
866 1085 930 1122 se,
971 1077 1016 1114 et

180 1133 343 1173 amavit
362 1133 595 1173 amantem.
623 1131 755 1185 Hunc
775 1142 879 1170 sane
900 1128 1014 1170 erdi-

180 1201 281 1230 nem
297 1187 569 1241 proficiendi,
588 1187 674 1228 hoc
690 1191 767 1236 est,
786 1198 866 1238 per
881 1185 1016 1227 fidem

181 1244 414 1286 dominicae
438 1243 759 1285 Incarnatienis
785 1242 843 1283 ad
869 1242 1014 1293 cogni-

180 1301 347 1342 tienem
358 1300 596 1343 divinitatis
607 1297 903 1352 perveniendi,
921 1311 1016 1351 qua·

181 1357 217 1397 si
236 1370 316 1409 per
331 1359 614 1409 sycemorum
628 1356 652 1396 J
655 1368 733 1397 esu
747 1355 905 1396 faeiem
919 1367 1015 1406 spe-

180 1413 357 1455 culandi
382 1414 552 1454 Doctor
582 1412 782 1462 egregius
812 1410 1014 1460 ostendit,

181 1482 281 1510 cum
306 1470 380 1510 ait:
408 1469 511 1511 Non
540 1468 657 1510 enim
684 1467 873 1519 judicavi
902 1467 1015 1508 scire

180 1539 251 1567 me
270 1525 437 1577 aliquid
454 1525 567 1566 inter
582 1537 674 1574 vos,
693 1523 778 1564 nisi
793 1522 1015 1564 Christum

180 1582 205 1622 J
208 1594 348 1631 esum,
372 1586 416 1623 et
438 1581 555 1622 hunc
579 1580 847 1622 crucifixum.
886 1580 1015 1620 Item-

115 1654 119 1657 ·
183 1651 267 1690 que
296 1638 391 1679 aliis
420 1637 710 1690 exprobrans:
741 1636 866 1677 Facti
899 1635 1015 1685 estis,

180 1694 337 1746 inquit,
367 1693 526 1746 quibus
551 1694 666 1734 lacte
690 1705 804 1745 opus
829 1692 900 1742 sit,
926 1705 1015 1733 non

181 1749 325 1791 selido
346 1750 457 1791 cibo.
492 1750 584 1791 Lac
602 1749 776 1790 infirma
794 1750 1015 1801 tempora—

181 1807 258 1847 riae
278 1806 635 1859 dispensatienis‚
660 1804 851 1846 selidum
871 1804 1016 1846 cibum

182 1862 320 1903 ardua
343 1864 573 1915 perpetuae
601 1861 842 1913 majestatis
867 1860 1015 1914 appel·

181 1918 287 1959 lans.
343 1921 395 1972 R.
418 1918 611 1970 Lapides
631 1917 825 1970 pretiesi.
854 1917 950 1969 [121]

485 1976 639 2017 Lectio
661 1976 715 2016 ix.

267 2036 286 2072 t
310 2031 420 2072 dixit
444 2030 501 2072 ad
526 2043 639 2072 eum:
667 2029 871 2079 Zachaee‚
899 2029 1015 2071 festi-

282 2100 392 2128 nans
419 2086 655 2135 descende,
686 2086 789 2138 quia
813 2085 945 2127 hedie
971 2086 1017 2126 in

184 2143 317 2184 domo
342 2148 418 2184 tua
443 2145 622 2195 opertet
644 2155 716 2183 me
738 2143 928 2183 manere.
959 2142 1017 2183 Et

183 2199 394 2240 festinans
422 2198 666 2248 descendit,
698 2202 742 2239 et
770 2197 946 2250 excepit
969 2197 1016 2238 il-

182 2254 272 2295 lum
299 2254 508 2305 gaudens.
544 2254 752 2295 Manebat
777 2253 1016 2305 aliquando

182 2310 399 2351 Deminus
422 2311 466 2351 in
486 2310 620 2352 domo
640 2310 855 2362 principis
873 2309 1016 2362 phari-

183 2368 390 2415 saeerum‚
431 2367 516 2408 hoc
553 2371 637 2416 est,
680 2367 724 2406 in
760 2365 1017 2408 Judaeerum

184 2424 407 2473 synagega
439 2422 643 2464 docebat:
680 2421 759 2463 sed
795 2422 897 2474 quia
927 2435 1016 2463 non

182 2477 454 2530 baptizatum
491 2483 591 2519 ante
627 2477 878 2530 prandium,
919 2477 1015 2519 sab-

182 2533 288 2574 bato
308 2535 549 2583 curantem,
573 2533 833 2586 publicanos
855 2539 900 2576 et
916 2546 1016 2586 pee-

183 2591 357 2630 cateres
376 2589 674 2641 recipientem,
703 2595 856 2632 contra
879 2592 1015 2631 avari-

181 2646 287 2686 tiam
307 2644 621 2697 disputantem,
651 2650 694 2687 et
718 2648 865 2687 cetera
885 2645 1016 2696 digna

181 2701 279 2743 Deo
326 2702 568 2751 gerentem,
612 2700 759 2751 lingua
800 2703 1015 2743 venenata

1068 281 1322 334 carpebant:
1358 283 1576 334 pertaesus
1612 283 1765 322 eerum
1801 279 1901 321 faci-

1067 351 1192 387 nora,
1221 337 1431 379 discessit-
1449 341 1493 378 et
1522 336 1705 387 aufugit,
1734 336 1902 378 dicens:

1067 394 1359 446 Relinquetur
1394 392 1522 435 vobis
1559 392 1718 434 domus
1753 397 1902 434 vestra

1069 450 1255 492 deserta.
1283 449 1430 491 Hedie
1448 454 1595 491 autem
1612 449 1657 489 in
1677 448 1810 490 domo
1823 460 1901 501 pu-

1068 507 1152 547 silli
1171 506 1349 548 Zachaei
1369 508 1547 558 opertet
1570 505 1692 546 illum
1710 506 1902 546 manere:

1068 562 1154 604 hoc
1185 568 1267 613 est,
1303 575 1431 604 novae
1465 561 1575 603 lucis
1605 561 1747 612 gratia
1777 573 1901 602 coru-

1068 621 1230 668 scante,
1248 619 1292 659 in
1311 617 1464 659 humili
1479 616 1752 659 credentium
1765 616 1901 658 natie-

1067 688 1171 716 num
1191 674 1326 717 corde
1347 674 1586 727 quiescere.

1121 731 1185 773 Te
1204 731 1349 773 Deum
1367 729 1609 771 laudamus.
1637 729 1697 769 14.

1327 806 1642 835 ψ

1217 863 1266 921 's
1286 889 1313 920 e
1332 891 1366 930 p
1387 880 1410 920 t
1428 879 1446 919 i
1464 890 1518 920 m
1536 889 1568 920 a
1611 878 1736 919 Die

1306 935 1416 976 infra
1437 935 1661 976 Octavam.

1122 1004 1162 1037 In
1196 1004 1222 1038 I.
1254 1004 1454 1038 Nocturno
1489 1004 1693 1039 Lectiones
1726 1003 1772 1037 dc
1805 1002 1902 1036 Scri-

1069 1057 1181 1095 ptura
1207 1058 1440 1087 occurrente.

1296 1123 1345 1161 In
1372 1123 1423 1161 II.
1451 1112 1676 1161 Nocturno.

1069 1184 1224 1226 Sermo
1251 1182 1391 1224 sancti
1413 1182 1437 1223 J
1439 1182 1563 1224 oanis
1587 1179 1903 1233 Chrysestomi.

1173 1244 1232 1277 Ex
1258 1243 1368 1277 Hom.
1393 1243 1445 1276 33.
1472 1242 1509 1276 in
1536 1253 1565 1276 c.
1592 1243 1639 1282 9.,
1666 1240 1799 1275 Matth.

1374 1299 1409 1338 L
1414 1299 1526 1339 ectio
1547 1299 1599 1337 ix.

1072 1359 1403 1413 VJ
1431 1355 1624 1396 emnium
1652 1354 1810 1396 domus
1836 1358 1904 1396 est

1072 1391 1180 1472 ww}
1200 1412 1437 1462 Ecclesia,
1425 1425 1469 1452 m
1482 1424 1624 1464 quam,
1638 1410 1766 1452 vobis
1780 1410 1903 1463 prius

1075 1458 1180 1496 ³13
1201 1469 1420 1520 ingressis,
1438 1481 1520 1510 nos
1534 1468 1758 1517 intramus,
1777 1466 1903 1508 disci-

1068 1525 1274 1577 pulerum
1298 1525 1484 1566 formam
1507 1524 1760 1565 retinentes:
1783 1521 1902 1564 idee-

1070 1593 1155 1633 que
1189 1580 1480 1622 communiter
1515 1578 1718 1621 Omnibus
1755 1578 1904 1620 statim

1069 1642 1202 1689 atque
1220 1636 1407 1689 ingressi
1420 1636 1641 1686 fuerimus,
1659 1639 1709 1677 ut
1726 1634 1813 1676 illis
1830 1634 1903 1676 da-

1068 1698 1159 1734 tam
1177 1693 1321 1744 legem
1341 1695 1595 1746 sequamur,
1619 1703 1778 1745 pacem
1801 1690 1904 1732 offe-

1069 1750 1217 1791 rimus.
1256 1749 1400 1791 Nemo
1428 1749 1561 1800 igitur
1585 1746 1792 1790 socerdia
1815 1748 1903 1789 ter-

1069 1811 1189 1858 peat:
1207 1818 1338 1847 nemo
1358 1804 1646 1847 saecularibus
1664 1803 1797 1846 rebus
1812 1815 1903 1844 sus-

1069 1863 1256 1914 pensum
1279 1861 1471 1903 animum
1490 1860 1668 1910 habeat,
1697 1872 1797 1902 cum
1819 1859 1905 1911 jam

1071 1917 1128 1959 ad
1146 1917 1481 1970 praedicandum
1500 1915 1755 1959 sacerdetes
1773 1915 1904 1958 intra-

1070 1975 1224 2016 verint.
1264 1974 1366 2015 Non
1397 1974 1683 2026 enim·parva
1711 1972 1814 2013 huic
1839 1970 1905 2013 rei

1069 2031 1268 2072 imminet
1303 2042 1446 2083 poena.
1491 2028 1710 2082 Equidem
1746 2026 1904 2068 millies

1069 2087 1218 2139 petius
1250 2086 1399 2128 malim
1432 2086 1476 2126 in
1514 2085 1694 2127 domum
1724 2083 1904 2134 alicujus

1070 2157 1097 2184 v
1100 2147 1265 2184 estrum
1293 2143 1515 2194 ingressus
1543 2140 1739 2190 destitui,
1773 2151 1904 2191 quam

1069 2197 1140 2240 hic
1178 2197 1427 2251 praedicans
1468 2210 1557 2239 non
1598 2196 1751 2238 audiri.
1803 2195 1905 2236 Hoc

1069 2254 1175 2295 mihi
1202 2254 1430 2296 molestius
1457 2258 1590 2303 esset,
1623 2265 1754 2305 quam
1785 2250 1904 2300 illud,

1071 2310 1431 2362 quandequidem
1450 2310 1589 2360 magis
1607 2307 1790 2361 prepria
1807 2307 1905 2348 haec

1070 2371 1147 2416 est,
1169 2379 1300 2418 quam
1319 2366 1405 2407 illa.
1451 2365 1503 2416 Rz.
1537 2363 1787 2406 Orantibus.
1806 2362 1904 2415 [118]

1382 2419 1535 2460 Lectio
1555 2433 1593 2458 v.

1070 2470 1237 2575 Nam
1261 2478 1332 2519 hic
1359 2489 1530 2527 magnae
1556 2475 1643 2516 illae
1668 2480 1834 2517 nostrae
1859 2488 1903 2517 o-

1173 2547 1253 2586 pes
1272 2533 1432 2586 pesitae
1457 2536 1575 2581 sunt,
1602 2532 1674 2573 hic
1700 2545 1803 2584 spes
1828 2544 1902 2573 no-

1070 2595 1161 2631 stra
1194 2589 1345 2631 omnis.
1391 2587 1507 2638 Quid
1540 2588 1654 2629 enim
1686 2587 1771 2629 hoc
1802 2587 1902 2629 loco

1069 2658 1157 2686 non
1181 2658 1386 2696 magnum
1411 2648 1478 2685 est
1505 2648 1548 2685 et
1574 2641 1901 2685 admirandum?

1068 2701 1183 2742 Nam
1208 2701 1305 2742 haec
1331 2713 1482 2741 mensa
1508 2699 1638 2751 longe
1664 2699 1902 2752 pretiesior
