2040 2944
621 210 726 244 Infra
748 210 1045 244 chdomadam
1070 210 1122 244 iii.
1148 210 1336 245 Octobris.

132 307 336 350 dimissus
362 309 500 360 fugiat
524 321 550 349 a
573 307 719 358 nobis,
747 313 791 350 et
816 308 960 350 remit-

129 366 272 406 temus
309 377 420 407 eum.
471 365 528 406 Et
567 365 776 415 cognovit
812 365 960 405 Simon

131 422 234 473 quia
259 434 358 463 cum
384 421 488 463 dolo
513 421 769 473 loqueretur
793 434 960 468 secum,

129 478 253 529 jussit
272 484 419 520 tamen
439 478 533 519 dari
552 479 795 529 argentum,
820 483 864 519 et
882 481 959 530 pu-

132 547 246 576 eros:
278 548 332 576 ne
364 534 634 576 inimicitiam
661 547 863 585 magnam
892 537 959 575 su-

130 596 269 632 meret
295 590 353 633 ad
381 591 598 644 pepulum
625 590 780 640 Israel,
816 589 959 632 dicen-

130 652 236 689 tem:
265 648 376 698 Quia
402 660 490 689 non
515 647 634 688 misit
659 647 698 688 ei
722 649 959 698 argentum,

132 709 175 745 et
193 707 369 756 pueros,
388 706 628 758 propterea
641 704 782 756 periit.
810 704 866 745 Et
884 705 959 745 mi-

131 761 187 802 sit
218 764 398 813 pueros,
431 766 475 803 et
503 767 678 803 centum
705 761 883 802 talenta:
917 766 960 802 et

133 819 342 859 mentitus
362 822 444 868 est,
471 823 515 859 et
538 830 628 859 non
652 816 815 859 dimisit
833 818 857 858 J
859 820 959 859 ona-

131 873 246 915 than.
500 885 502 887 ·

183 931 234 983 R.
263 930 529 982 Congregati
547 936 658 972 sunt.
678 933 764 973 162.

361 1040 524 1076 Feria
552 1041 731 1077 Sexta.

123 1137 125 1139 ,
173 1092 241 1133 De
260 1092 372 1134 libro
392 1094 534 1146 primo
555 1092 921 1135 Machabaeorum.

208 1151 359 1194 Lectio
380 1153 404 1192 i.
649 1151 751 1203 Cap.
766 1151 824 1190 14.
838 1149 879 1191 b.

142 1223 239 1264 ‘mut
265 1215 462 1257 auditum
487 1222 554 1257 est
578 1216 734 1257 Romae
760 1215 863 1267 quia
889 1214 959 1256 de-

142 1245 210 1309 i&
239 1272 414 1314 functus
440 1277 557 1314 esset
575 1272 600 1312 J
603 1271 804 1321 onathas,
831 1275 874 1312 et
893 1284 960 1312 us-

135 1341 220 1381 que
255 1328 300 1369 in
333 1328 594 1381 Spartiatas:
635 1333 678 1369 et
715 1328 962 1369 contristati

134 1390 234 1427 sunt
266 1383 406 1426 valde.
460 1384 519 1426 Ut
551 1384 783 1426 audierunt
815 1388 962 1425 autem

135 1440 256 1494 quod
279 1441 429 1482 Simon
454 1441 589 1483 frate-r
616 1442 706 1494 ejus
731 1441 872 1482 factus
898 1453 960 1482 es-

134 1503 201 1540 set
220 1511 414 1539 summus
438 1496 646 1539 sacerdos
666 1497 766 1539 loco
786 1498 892 1549 ejus,
919 1502 962 1538 et

133 1555 228 1608 ipse
261 1554 481 1596 obtineret
514 1567 690 1596 omnem
719 1554 961 1604 regienem‚

134 1609 179 1653 et
206 1611 408 1652 civitates
436 1610 480 1651 in
508 1623 575 1652 ea:
608 1611 880 1663 scripserunt
906 1608 963 1651 ad

135 1680 235 1709 eum
265 1667 311 1708 in
341 1666 503 1709 tabulis
532 1667 674 1718 aereis,
706 1673 755 1709 ut
782 1668 962 1708 renova-

134 1729 231 1766 rent
249 1724 473 1775 amicitias,
494 1729 538 1766 et
556 1724 812 1766 societatem
833 1736 963 1775 quam

133 1781 328 1822 fecerant
356 1793 455 1822 cum
480 1779 612 1831 Juda,
642 1785 685 1822 et
713 1794 812 1822 cum
836 1780 860 1821 J
863 1782 962 1821 ena-

134 1837 212 1879 tha
238 1836 446 1880 fratribus
476 1838 578 1889 ejus.
624 1837 680 1880 Et
706 1837 834 1879 lectae
863 1841 964 1878 sunt

133 1894 179 1935 in
210 1895 452 1946 conspectu
484 1894 683 1936 ecclesiae
714 1894 759 1934 in
790 1894 962 1935 Jerusa-

133 1950 231 1993 lem.
269 1951 327 1993 Et
358 1951 445 1995 hoc
477 1951 727 2004 exemplum
758 1949 963 2003 epistola-

133 2020 240 2058 rum,
261 2021 370 2061 quas
389 2007 624 2066 Spartiatae
643 2008 869 2048 miserunt.

184 2065 237 2116 Rz.
263 2065 483 2118 Impetum
501 2064 787 2106 inimicorum.
806 2065 894 2105 163.

441 2118 594 2159 Lectio
614 2118 654 2157 ii.
676 2143 681 2147 -

203 2177 506 2230 partian6rum
529 2177 768 2230 principes,
794 2181 837 2218 et
863 2177 962 2218 civi-

216 2235 346 2284 tates,
370 2233 535 2275 Simoni
555 2232 775 2274 sacerdOti
793 2246 964 2284 magno,

138 2295 181 2332 et
206 2289 469 2339 senioribus,
498 2294 542 2331 et
566 2288 888 2339 sacerdotibus,
921 2294 965 2331 et

136 2346 306 2398 reliquo
331 2346 498 2399 populo
524 2345 796 2395 Judaeorum,
825 2345 963 2386 fratri-

135 2401 237 2452 bus,
271 2402 469 2444 salutem.
522 2401 695 2452 Legati,
733 2401 808 2453 qui
842 2401 964 2441 missi

139 2464 239 2500 sunt
258 2457 316 2500 ad
333 2459 548 2512 papulum
565 2462 775 2506 nostrum,
798 2457 963 2498 nuntia-

138 2516 295 2556 verunt
322 2515 457 2556 nobis·
480 2515 534 2556 de
563 2518 710 2555 vestra
737 2513 893 2564 gloria,
922 2517 966 2553 et

139 2570 318 2620 honore,
339 2584 391 2612 ac
410 2571 577 2613 laetitia:
597 2575 641 2611 et
659 2569 797 2621 gavisi
816 2581 965 2609 sumus

140 2627 186 2667 in
212 2626 396 2669 introitu
424 2630 586 2669 eorum.
627 2626 684 2667 Et
711 2625 966 2678 scripsimus

142 2695 241 2734 quae
266 2682 321 2724 ab
344 2684 407 2725 eis
431 2689 554 2725 erant
574 2682 691 2724 dicta
709 2682 752 2722 in
772 2680 966 2723 conciliis

140 2738 305 2791 populi,
326 2739 402 2780 sic:
420 2739 662 2781 Numenius
681 2736 903 2786 Antiochi,
923 2741 967 2778 et

1014 307 1246 360 Antipater
1265 310 1290 350 J
1292 311 1440 351 asonis
1459 311 1590 361 filius,
1615 311 1748 363 legati
1766 313 1791 352 J
1792 326 1836 353 u-

1013 363 1225 415 daeorum,
1259 368 1471 409 venerunt
1498 368 1555 409 ad
1581 381 1680 417 nos,
1714 381 1835 410 reno-

1012 422 1166 462 vantes
1191 422 1419 464 nobiscum
1442 425 1676 466 amicitiam
1694 426 1836 478 pristi-

1012 490 1122 518 nam.
1163 478 1219 519 Et
1245 479 1411 531 placuit
1437 481 1604 534 populo
1634 484 1836 534 excipere

1012 533 1130 575 viros
1162 534 1371 586 gloriese,
1415 542 1458 578 et
1492 540 1657 589 ponere
1695 540 1836 579 exem-

1011 590 1134 642 plum
1163 594 1413 633 sermonum
1442 596 1592 635 eorum
1622 595 1665 635 in
1693 608 1836 646 segre-

1012 647 1124 697 gatis
1144 648 1298 700 populi
1317 648 1451 699 libris,
1470 655 1518 691 ut
1533 651 1590 692 sit
1604 651 1661 692 ad
1675 655 1836 693 memo-

1012 703 1119 744 riam
1138 705 1305 756 p6pulo
1326 705 1654 758 Spartiatarum.
1682 708 1836 749 Exem-

1011 760 1133 812 plum
1156 766 1302 803 autem
1326 761 1483 803 horum
1506 765 1757 816 scripsimus
1777 766 1837 807 Si-

1011 817 1131 857 meni
1149 831 1308 868 magno
1333 819 1563 861 sacerdoti.

1064 878 1114 929 R:-
1143 874 1432 926 Congregatae
1453 881 1562 917 sunt.
1581 878 1669 918 163.

1312 935 1464 975 Lectio
1487 935 1540 973 iii.

1097 993 1168 1029 ost
1209 987 1305 1030 haec
1347 994 1494 1030 autem
1535 990 1654 1031 misit
1689 990 1839 1032 Simon

1106 1045 1369 1087 Numenium
1387 1047 1587 1097 Romam,
1606 1046 1839 1089 habentem

1013 1101 1215 1153 clypeum
1240 1105 1420 1143 aureum
1440 1116 1660 1154 magnum,
1686 1104 1838 1156 pondo

1012 1171 1212 1199 mnarum
1231 1158 1360 1206 mille,
1380 1159 1436 1201 ad
1451 1159 1725 1201 statuendam
1741 1174 1839 1202 cum

1014 1214 1076 1255 eis
1096 1215 1365 1256 societatem.
1399 1215 1508 1256 Cum
1530 1221 1676 1257 autem
1697 1217 1837 1258 audis-

1014 1276 1080 1313 set
1120 1271 1312 1324 populus
1350 1273 1575 1313 Romanus
1615 1276 1838 1315 sermones

1013 1328 1140 1377 istos,
1173 1327 1393 1370 dixerunt:
1431 1331 1571 1380 Quam
1603 1331 1839 1380 gratiarum

1015 1385 1231 1426 actionem
1256 1385 1491 1426 reddemus
1513 1386 1694 1436 Simeni,
1723 1391 1767 1427 et
1793 1387 1838 1427 fi-

1014 1441 1083 1481 liis
1110 1440 1223 1493 ejus?
1256 1441 1466 1483 Restituit
1494 1443 1608 1483 enim
1635 1443 1730 1495 ipse
1759 1443 1838 1483 fra-

1015 1502 1105 1538 tres
1133 1510 1252 1547 suos,
1282 1503 1326 1539 et
1350 1499 1617 1550 expugnavit
1640 1499 1840 1540 inimicos

1015 1554 1151 1594 Israel
1171 1554 1225 1595 ab
1244 1555 1317 1604 eis,
1338 1560 1381 1596 et
1401 1557 1645 1597 statuerunt
1660 1556 1699 1596 ei
1714 1555 1839 1596 liber-

1015 1613 1167 1660 tatem,
1197 1616 1240 1652 et
1265 1610 1594 1663 descripserunt
1618 1612 1661 1652 in
1679 1611 1839 1653 tabulis

1016 1668 1160 1717 aereis,
1201 1673 1244 1709 et
1275 1669 1518 1720 posuerunt
1553 1669 1596 1709 in
1629 1669 1765 1710 titulis
1797 1668 1839 1708 in

1015 1729 1162 1765 monte
1182 1724 1297 1764 Sion.

1067 1783 1118 1833 R.
1144 1780 1240 1821 Tua
1260 1785 1326 1821 est
1344 1781 1551 1832 potentia.
1572 1782 1659 1822 163.

1300 1888 1328 1924 S
1340 1900 1364 1925 a
1379 1890 1405 1925 b
1417 1889 1442 1925 b
1456 1900 1481 1925 a
1491 1893 1508 1925 t
1520 1900 1557 1925 ο.

1052 1943 1122 1983 De
1141 1940 1253 1982 libro
1274 1942 1415 1994 primo
1435 1941 1800 1983 Machabaeorum.

1117 2002 1268 2043 Lectio
1290 2002 1314 2041 i.
1501 2000 1603 2052 Cap.
1622 2001 1679 2040 16.
1700 2013 1734 2039 c.

1018 2068 1077 2117 Q<
1088 2063 1207 2103 imon
1226 2067 1386 2112 autem,
1411 2062 1720 2116 perambulans
1740 2062 1838 2102 civi-

1021 2115 1083 2164 Q)
1104 2121 1230 2169 tates,
1251 2132 1350 2171 quae
1369 2125 1492 2161 erant
1511 2120 1554 2159 in
1573 2119 1750 2170 regiene
1769 2118 1840 2159 Ju-

1017 2175 1145 2225 daeae,
1173 2181 1216 2217 et
1240 2175 1578 2217 sollicitudinem
1596 2188 1752 2226 gerens
1772 2177 1839 2216 ea-

1017 2245 1129 2281 rum,
1157 2230 1384 2273 descendit
1401 2232 1445 2272 in
1464 2231 1488 2272 J
1492 2231 1639 2272 ericho
1660 2231 1771 2283 ipse,
1797 2235 1840 2272 et

1017 2287 1282 2329 Mathathias
1316 2287 1430 2328 filius
1463 2288 1568 2338 ejus,
1611 2292 1656 2328 et
1685 2285 1840 2336 Judas‚

1017 2356 1131 2385 anno
1157 2343 1396 2385 centesimo
1427 2343 1750 2395 septuagesimo
1778 2345 1840 2383 se-

1016 2400 1172 2452 ptimo,
1204 2412 1353 2440 mense
1386 2399 1635 2440 undecimo:
1671 2398 1742 2440 hic
1774 2404 1840 2440 est

1017 2455 1178 2497 mensis
1197 2454 1372 2496 Sabath.
1404 2455 1460 2496 Et
1485 2455 1678 2507 suscepit
1697 2467 1774 2496 eos
1793 2455 1839 2495 fi-

1017 2512 1101 2553 lius
1119 2511 1267 2552 Abobi
1286 2512 1329 2552 in
1348 2511 1718 2561 munitiunculam,
1741 2523 1839 2563 quae

1018 2570 1200 2610 vocatur
1218 2567 1356 2617 Doch,
1381 2580 1479 2608 cum
1500 2567 1615 2617 dolo,
1636 2580 1765 2619 quam
1785 2580 1838 2608 ae-

1019 2624 1225 2666 dificavit:
1242 2628 1285 2664 et
1299 2623 1401 2664 fecit
1415 2624 1478 2664 eis
1494 2623 1740 2664 convivium
1753 2634 1838 2663 ma-

1018 2693 1166 2731 gnum,
1193 2684 1235 2720 et
1258 2679 1492 2721 abscondit
1514 2679 1602 2720 illic
1620 2679 1746 2719 viros.
1783 2677 1839 2718 Et

1019 2749 1118 2777 cum
1135 2735 1375 2776 inebriatus
1394 2740 1510 2776 esset
1523 2735 1681 2782 Simon,
1701 2738 1745 2774 et
1762 2732 1839 2773 filii
