<?xml version="1.0" encoding="UTF-8"?>
<!DOCTYPE html PUBLIC "-//W3C//DTD XHTML 1.0 Transitional//EN"
    "http://www.w3.org/TR/xhtml1/DTD/xhtml1-transitional.dtd">
<html xmlns="http://www.w3.org/1999/xhtml" xml:lang="en" lang="en">
 <head>
  <title>
</title>
<meta http-equiv="Content-Type" content="text/html;charset=utf-8" />
  <meta name='ocr-system' content='tesseract 3.04.00' />
  <meta name='ocr-capabilities' content='ocr_page ocr_carea ocr_par ocr_line ocrx_word'/>
</head>
<body>
  <div class='ocr_page' id='page_1' title='image "./p4breviariumroma00cathuoft_0491.png"; bbox 0 0 2040 2944; ppageno 0'>
   <div class='ocr_carea' id='block_1_1' title="bbox 200 200 1887 249">
    <p class='ocr_par' dir='ltr' id='par_1_1' title="bbox 200 200 1887 249">
     <span class='ocr_line' id='line_1_1' title="bbox 200 200 1887 249; baseline -0.009 -2"><span class='ocrx_word' id='word_1_1' title='bbox 200 213 272 247; x_wconf 91' lang='lat' dir='ltr'><strong>Die</strong></span> <span class='ocrx_word' id='word_1_2' title='bbox 284 212 336 246; x_wconf 84' lang='lat'><strong>26.</strong></span> <span class='ocrx_word' id='word_1_3' title='bbox 350 210 449 245; x_wconf 84' lang='lat' dir='ltr'><strong>Nov.</strong></span> <span class='ocrx_word' id='word_1_4' title='bbox 475 208 510 243; x_wconf 90' lang='lat' dir='ltr'><strong>S.</strong></span> <span class='ocrx_word' id='word_1_5' title='bbox 520 208 625 242; x_wconf 87' lang='lat' dir='ltr'><strong>Petri</strong></span> <span class='ocrx_word' id='word_1_6' title='bbox 634 207 745 241; x_wconf 83' lang='lat' dir='ltr'><strong>Alex.</strong></span> <span class='ocrx_word' id='word_1_7' title='bbox 755 206 823 249; x_wconf 89' lang='lat' dir='ltr'><strong>Ep.</strong></span> <span class='ocrx_word' id='word_1_8' title='bbox 834 205 881 239; x_wconf 84' lang='lat' dir='ltr'><strong>M.</strong></span> <span class='ocrx_word' id='word_1_9' title='bbox 895 224 907 229; x_wconf 98' lang='lat'>-</span> <span class='ocrx_word' id='word_1_10' title='bbox 917 205 971 239; x_wconf 77' lang='lat'><strong>29.</strong></span> <span class='ocrx_word' id='word_1_11' title='bbox 986 204 1021 239; x_wconf 90' lang='lat' dir='ltr'><strong>S.</strong></span> <span class='ocrx_word' id='word_1_12' title='bbox 1033 202 1230 238; x_wconf 80' lang='lat' dir='ltr'><strong>Saturnini</strong></span> <span class='ocrx_word' id='word_1_13' title='bbox 1240 202 1287 235; x_wconf 79' lang='lat' dir='ltr'><strong>M.</strong></span> <span class='ocrx_word' id='word_1_14' title='bbox 1303 206 1339 236; x_wconf 86' lang='lat' dir='ltr'><strong>ct</strong></span> <span class='ocrx_word' id='word_1_15' title='bbox 1348 202 1463 245; x_wconf 73' lang='lat' dir='ltr'><strong>vigil.</strong></span> <span class='ocrx_word' id='word_1_16' title='bbox 1478 202 1513 236; x_wconf 93' lang='lat' dir='ltr'><strong>S.</strong></span> <span class='ocrx_word' id='word_1_17' title='bbox 1525 201 1695 235; x_wconf 58' lang='lat' dir='ltr'><strong>Andreae</strong></span> <span class='ocrx_word' id='word_1_18' title='bbox 1707 200 1779 243; x_wconf 77' lang='lat' dir='ltr'><strong>Ap.</strong></span> <span class='ocrx_word' id='word_1_19' title='bbox 1819 201 1887 237; x_wconf 83' lang='lat'><strong>463</strong></span> 
     </span>
    </p>
   </div>
   <div class='ocr_carea' id='block_1_2' title="bbox 345 302 813 345">
    <p class='ocr_par' dir='ltr' id='par_1_2' title="bbox 345 302 813 345">
     <span class='ocr_line' id='line_1_2' title="bbox 345 302 813 345; baseline -0.002 -1"><span class='ocrx_word' id='word_1_20' title='bbox 345 303 430 345; x_wconf 93' lang='lat' dir='ltr'><strong>Die</strong></span> <span class='ocrx_word' id='word_1_21' title='bbox 447 304 516 345; x_wconf 89' lang='lat'><strong>26.</strong></span> <span class='ocrx_word' id='word_1_22' title='bbox 533 302 813 345; x_wconf 87' lang='lat' dir='ltr'><strong>Novembris.</strong></span> 
     </span>
    </p>
   </div>
   <div class='ocr_carea' id='block_1_3' title="bbox 300 375 863 489">
    <p class='ocr_par' dir='ltr' id='par_1_3' title="bbox 300 375 863 489">
     <span class='ocr_line' id='line_1_3' title="bbox 300 375 863 419; baseline -0.005 0"><span class='ocrx_word' id='word_1_23' title='bbox 300 377 343 419; x_wconf 83' lang='lat' dir='ltr'><strong>S.</strong></span> <span class='ocrx_word' id='word_1_24' title='bbox 366 376 506 418; x_wconf 82' lang='lat' dir='ltr'><strong>Petri</strong></span> <span class='ocrx_word' id='word_1_25' title='bbox 528 375 863 417; x_wconf 84' lang='lat' dir='ltr'>Alexandrini</span> 
     </span>
     <span class='ocr_line' id='line_1_4' title="bbox 407 435 760 489; baseline -0.006 -12"><span class='ocrx_word' id='word_1_26' title='bbox 407 437 552 489; x_wconf 84' lang='lat' dir='ltr'><strong>Episc.</strong></span> <span class='ocrx_word' id='word_1_27' title='bbox 572 440 616 477; x_wconf 89' lang='lat' dir='ltr'><strong>et</strong></span> <span class='ocrx_word' id='word_1_28' title='bbox 634 435 760 476; x_wconf 86' lang='lat' dir='ltr'><strong>Mart.</strong></span> 
     </span>
    </p>
   </div>
   <div class='ocr_carea' id='block_1_4' title="bbox 166 509 1001 787">
    <p class='ocr_par' dir='ltr' id='par_1_4' title="bbox 166 509 1001 787">
     <span class='ocr_line' id='line_1_5' title="bbox 221 509 999 562; baseline -0.003 -10"><span class='ocrx_word' id='word_1_29' title='bbox 221 510 293 552; x_wconf 91' lang='lat' dir='ltr'><strong>Ad</strong></span> <span class='ocrx_word' id='word_1_30' title='bbox 314 511 447 562; x_wconf 89' lang='lat' dir='ltr'><strong>Vesp.</strong></span> <span class='ocrx_word' id='word_1_31' title='bbox 476 510 577 550; x_wconf 85' lang='lat' dir='ltr'><strong>Ant.</strong></span> <span class='ocrx_word' id='word_1_32' title='bbox 605 509 694 550; x_wconf 83' lang='lat' dir='ltr'><strong>Iste</strong></span> <span class='ocrx_word' id='word_1_33' title='bbox 719 512 896 550; x_wconf 91' lang='lat' dir='ltr'><strong>sanctus</strong></span> <span class='ocrx_word' id='word_1_34' title='bbox 915 521 999 561; x_wconf 93' lang='lat' dir='ltr'><strong>pro</strong></span> 
     </span>
     <span class='ocr_line' id='line_1_6' title="bbox 166 563 1000 616; baseline 0 -11"><span class='ocrx_word' id='word_1_35' title='bbox 166 564 264 615; x_wconf 85' lang='lat' dir='ltr'><strong>lege</strong></span> <span class='ocrx_word' id='word_1_36' title='bbox 284 564 385 607; x_wconf 87' lang='lat' dir='ltr'><strong>.Dei</strong></span> <span class='ocrx_word' id='word_1_37' title='bbox 427 564 494 605; x_wconf 90' lang='lat' dir='ltr'><strong>sui</strong></span> <span class='ocrx_word' id='word_1_38' title='bbox 534 563 721 605; x_wconf 87' lang='lat' dir='ltr'><strong>certavit</strong></span> <span class='ocrx_word' id='word_1_39' title='bbox 760 576 901 616; x_wconf 91' lang='lat' dir='ltr'><strong>usque</strong></span> <span class='ocrx_word' id='word_1_40' title='bbox 943 563 1000 605; x_wconf 90' lang='lat' dir='ltr'><strong>ad</strong></span> 
     </span>
     <span class='ocr_line' id='line_1_7' title="bbox 167 620 1001 673; baseline -0.001 -12"><span class='ocrx_word' id='word_1_41' title='bbox 167 625 369 670; x_wconf 85' lang='lat' dir='ltr'><strong>mortem,</strong></span> <span class='ocrx_word' id='word_1_42' title='bbox 389 625 433 662; x_wconf 92' lang='lat' dir='ltr'><strong>et</strong></span> <span class='ocrx_word' id='word_1_43' title='bbox 453 633 478 662; x_wconf 90' lang='lat' dir='ltr'><strong>a</strong></span> <span class='ocrx_word' id='word_1_44' title='bbox 495 620 642 662; x_wconf 91' lang='lat' dir='ltr'><strong>verbis</strong></span> <span class='ocrx_word' id='word_1_45' title='bbox 660 620 896 673; x_wconf 80' lang='lat' dir='ltr'><strong>impierum</strong></span> <span class='ocrx_word' id='word_1_46' title='bbox 911 633 1001 662; x_wconf 92' lang='lat' dir='ltr'><strong>non</strong></span> 
     </span>
     <span class='ocr_line' id='line_1_8' title="bbox 166 676 1000 730; baseline 0 -12"><span class='ocrx_word' id='word_1_47' title='bbox 166 676 325 718; x_wconf 84' lang='lat' dir='ltr'>timuit:</span> <span class='ocrx_word' id='word_1_48' title='bbox 355 677 564 719; x_wconf 85' lang='lat' dir='ltr'><strong>fundatus</strong></span> <span class='ocrx_word' id='word_1_49' title='bbox 597 676 713 718; x_wconf 90' lang='lat' dir='ltr'><strong>enim</strong></span> <span class='ocrx_word' id='word_1_50' title='bbox 742 681 837 718; x_wconf 91' lang='lat' dir='ltr'><strong>erat</strong></span> <span class='ocrx_word' id='word_1_51' title='bbox 867 690 1000 730; x_wconf 89' lang='lat' dir='ltr'><strong>supra</strong></span> 
     </span>
     <span class='ocr_line' id='line_1_9' title="bbox 169 733 543 787; baseline 0 -13"><span class='ocrx_word' id='word_1_52' title='bbox 169 733 340 774; x_wconf 88' lang='lat' dir='ltr'><strong>firmam</strong></span> <span class='ocrx_word' id='word_1_53' title='bbox 360 738 543 787; x_wconf 88' lang='lat' dir='ltr'><strong>petram.</strong></span> 
     </span>
    </p>
   </div>
   <div class='ocr_carea' id='block_1_5' title="bbox 170 803 1003 917">
    <p class='ocr_par' dir='ltr' id='par_1_5' title="bbox 170 803 1003 917">
     <span class='ocr_line' id='line_1_10' title="bbox 222 803 1002 856; baseline -0.001 -11"><span class='ocrx_word' id='word_1_54' title='bbox 222 803 274 856; x_wconf 62' lang='lat' dir='ltr'><strong>V.</strong></span> <span class='ocrx_word' id='word_1_55' title='bbox 305 803 460 845; x_wconf 77' lang='lat' dir='ltr'><strong>Gleria</strong></span> <span class='ocrx_word' id='word_1_56' title='bbox 495 807 541 845; x_wconf 88' lang='lat' dir='ltr'><strong>et</strong></span> <span class='ocrx_word' id='word_1_57' title='bbox 571 803 741 845; x_wconf 83' lang='lat' dir='ltr'><strong>honore</strong></span> <span class='ocrx_word' id='word_1_58' title='bbox 778 803 1002 845; x_wconf 88' lang='lat' dir='ltr'><strong>coronasti</strong></span> 
     </span>
     <span class='ocr_line' id='line_1_11' title="bbox 170 860 1003 917; baseline 0.001 -16"><span class='ocrx_word' id='word_1_59' title='bbox 170 872 270 901; x_wconf 90' lang='lat' dir='ltr'><strong>eum</strong></span> <span class='ocrx_word' id='word_1_60' title='bbox 305 860 505 901; x_wconf 76' lang='lat' dir='ltr'><strong>Demine.</strong></span> <span class='ocrx_word' id='word_1_61' title='bbox 559 865 609 917; x_wconf 64' lang='lat' dir='ltr'><strong>R».</strong></span> <span class='ocrx_word' id='word_1_62' title='bbox 642 860 700 902; x_wconf 88' lang='lat' dir='ltr'><strong>Et</strong></span> <span class='ocrx_word' id='word_1_63' title='bbox 736 860 1003 902; x_wconf 87' lang='lat' dir='ltr'><strong>constituisti</strong></span> 
     </span>
    </p>
   </div>
   <div class='ocr_carea' id='block_1_6' title="bbox 99 918 1003 970">
    <p class='ocr_par' dir='ltr' id='par_1_6' title="bbox 99 918 1003 970">
     <span class='ocr_line' id='line_1_12' title="bbox 99 918 1003 970; baseline 0 -13"><span class='ocrx_word' id='word_1_64' title='bbox 99 960 109 964; x_wconf 63' lang='grc'><strong>,</strong></span> <span class='ocrx_word' id='word_1_65' title='bbox 171 928 271 957; x_wconf 93' lang='lat' dir='ltr'><strong>eum</strong></span> <span class='ocrx_word' id='word_1_66' title='bbox 290 929 424 969; x_wconf 91' lang='lat' dir='ltr'><strong>super</strong></span> <span class='ocrx_word' id='word_1_67' title='bbox 443 918 580 970; x_wconf 71' lang='lat' dir='ltr'><strong>Opera</strong></span> <span class='ocrx_word' id='word_1_68' title='bbox 595 918 804 959; x_wconf 90' lang='lat' dir='ltr'><strong>manuum</strong></span> <span class='ocrx_word' id='word_1_69' title='bbox 817 919 1003 959; x_wconf 86' lang='lat' dir='ltr'><strong>tuarum.</strong></span> 
     </span>
    </p>
   </div>
   <div class='ocr_carea' id='block_1_7' title="bbox 508 999 671 1041">
    <p class='ocr_par' dir='ltr' id='par_1_7' title="bbox 508 999 671 1041">
     <span class='ocr_line' id='line_1_13' title="bbox 508 999 671 1041; baseline -0.012 0"><span class='ocrx_word' id='word_1_70' title='bbox 508 999 671 1041; x_wconf 82' lang='lat' dir='ltr'>Oratio.</span> 
     </span>
    </p>
   </div>
   <div class='ocr_carea' id='block_1_8' title="bbox 169 1060 1011 2788">
    <p class='ocr_par' dir='ltr' id='par_1_8' title="bbox 217 1060 1003 1113">
     <span class='ocr_line' id='line_1_14' title="bbox 217 1060 1003 1113; baseline 0.001 -12"><span class='ocrx_word' id='word_1_71' title='bbox 217 1060 501 1102; x_wconf 88' lang='lat' dir='ltr'><strong>nfirmitatem</strong></span> <span class='ocrx_word' id='word_1_72' title='bbox 528 1065 726 1102; x_wconf 90' lang='lat' dir='ltr'><strong>nostram</strong></span> <span class='ocrx_word' id='word_1_73' title='bbox 758 1060 930 1113; x_wconf 91' lang='lat' dir='ltr'><strong>respice</strong></span> <span class='ocrx_word' id='word_1_74' title='bbox 959 1073 1003 1101; x_wconf 96' lang='lat' dir='ltr'><strong>o-</strong></span> 
     </span>
    </p>

    <p class='ocr_par' dir='ltr' id='par_1_9' title="bbox 169 1117 1005 1386">
     <span class='ocr_line' id='line_1_15' title="bbox 234 1117 1003 1170; baseline -0.001 -11"><span class='ocrx_word' id='word_1_75' title='bbox 234 1119 486 1170; x_wconf 90' lang='lat' dir='ltr'><strong>mnipotens</strong></span> <span class='ocrx_word' id='word_1_76' title='bbox 514 1117 652 1159; x_wconf 91' lang='lat' dir='ltr'><strong>Deus:</strong></span> <span class='ocrx_word' id='word_1_77' title='bbox 686 1122 730 1159; x_wconf 93' lang='lat' dir='ltr'><strong>et</strong></span> <span class='ocrx_word' id='word_1_78' title='bbox 762 1117 865 1169; x_wconf 90' lang='lat' dir='ltr'><strong>quia</strong></span> <span class='ocrx_word' id='word_1_79' title='bbox 895 1129 1003 1170; x_wconf 93' lang='lat' dir='ltr'><strong>pon-</strong></span> 
     </span>
     <span class='ocr_line' id='line_1_16' title="bbox 170 1173 1005 1227; baseline -0.004 -9"><span class='ocrx_word' id='word_1_80' title='bbox 170 1176 253 1218; x_wconf 91' lang='lat' dir='ltr'><strong>dus</strong></span> <span class='ocrx_word' id='word_1_81' title='bbox 271 1174 468 1227; x_wconf 76' lang='lat' dir='ltr'><strong>prepriae</strong></span> <span class='ocrx_word' id='word_1_82' title='bbox 487 1173 674 1215; x_wconf 86' lang='lat' dir='ltr'><strong>actionis</strong></span> <span class='ocrx_word' id='word_1_83' title='bbox 695 1179 865 1224; x_wconf 88' lang='lat' dir='ltr'><strong>gravat,</strong></span> <span class='ocrx_word' id='word_1_84' title='bbox 883 1173 1005 1215; x_wconf 88' lang='lat' dir='ltr'><strong>beati</strong></span> 
     </span>
     <span class='ocr_line' id='line_1_17' title="bbox 169 1230 1004 1282; baseline -0.004 -8"><span class='ocrx_word' id='word_1_85' title='bbox 169 1231 291 1274; x_wconf 90' lang='lat' dir='ltr'><strong>Petri</strong></span> <span class='ocrx_word' id='word_1_86' title='bbox 308 1230 518 1282; x_wconf 89' lang='lat' dir='ltr'><strong>Martyris</strong></span> <span class='ocrx_word' id='word_1_87' title='bbox 537 1230 602 1272; x_wconf 94' lang='lat' dir='ltr'><strong>tui</strong></span> <span class='ocrx_word' id='word_1_88' title='bbox 622 1236 757 1282; x_wconf 91' lang='lat' dir='ltr'><strong>atque</strong></span> <span class='ocrx_word' id='word_1_89' title='bbox 775 1230 1004 1272; x_wconf 87' lang='lat' dir='ltr'><strong>Pontificis</strong></span> 
     </span>
     <span class='ocr_line' id='line_1_18' title="bbox 170 1287 1005 1339; baseline -0.001 -10"><span class='ocrx_word' id='word_1_90' title='bbox 170 1287 429 1330; x_wconf 88' lang='lat' dir='ltr'><strong>intercessio</strong></span> <span class='ocrx_word' id='word_1_91' title='bbox 457 1287 652 1338; x_wconf 78' lang='lat' dir='ltr'><strong>gloriesa</strong></span> <span class='ocrx_word' id='word_1_92' title='bbox 678 1300 760 1329; x_wconf 91' lang='lat' dir='ltr'><strong>nos</strong></span> <span class='ocrx_word' id='word_1_93' title='bbox 785 1289 1005 1339; x_wconf 78' lang='lat' dir='ltr'><strong>pretegat.</strong></span> 
     </span>
     <span class='ocr_line' id='line_1_19' title="bbox 170 1343 524 1386; baseline -0.006 0"><span class='ocrx_word' id='word_1_94' title='bbox 170 1345 256 1386; x_wconf 90' lang='lat' dir='ltr'><strong>Per</strong></span> <span class='ocrx_word' id='word_1_95' title='bbox 273 1343 524 1386; x_wconf 78' lang='lat' dir='ltr'><strong>Deminum.</strong></span> 
     </span>
    </p>

    <p class='ocr_par' dir='ltr' id='par_1_10' title="bbox 472 1423 702 1466">
     <span class='ocr_line' id='line_1_20' title="bbox 472 1423 702 1466; baseline -0.013 0"><span class='ocrx_word' id='word_1_96' title='bbox 472 1425 626 1466; x_wconf 83' lang='lat' dir='ltr'>Lectio</span> <span class='ocrx_word' id='word_1_97' title='bbox 646 1423 702 1464; x_wconf 90' lang='lat' dir='ltr'><strong>iii.</strong></span> 
     </span>
    </p>

    <p class='ocr_par' dir='ltr' id='par_1_11' title="bbox 173 1490 1011 2788">
     <span class='ocr_line' id='line_1_21' title="bbox 180 1490 1005 1550; baseline 0 -18"><span class='ocrx_word' id='word_1_98' title='bbox 180 1505 200 1550; x_wconf 52' lang='lat' dir='ltr'><strong>,f</strong></span> <span class='ocrx_word' id='word_1_99' title='bbox 231 1497 376 1535; x_wconf 91' lang='lat' dir='ltr'><strong>etrus</strong></span> <span class='ocrx_word' id='word_1_100' title='bbox 421 1494 660 1544; x_wconf 89' lang='lat' dir='ltr'><strong>episcopus</strong></span> <span class='ocrx_word' id='word_1_101' title='bbox 705 1490 1005 1543; x_wconf 75' lang='lat' dir='ltr'>Alexandriae,</span> 
     </span>
     <span class='ocr_line' id='line_1_22' title="bbox 181 1548 1004 1603; baseline -0.004 -11"><span class='ocrx_word' id='word_1_102' title='bbox 181 1556 182 1572; x_wconf 70' lang='lat'><em>³</em></span> <span class='ocrx_word' id='word_1_103' title='bbox 206 1558 232 1576; x_wconf 90' lang='lat'><em>⁹</em></span> <span class='ocrx_word' id='word_1_104' title='bbox 272 1554 377 1603; x_wconf 89' lang='lat' dir='ltr'><strong>post</strong></span> <span class='ocrx_word' id='word_1_105' title='bbox 400 1548 631 1590; x_wconf 78' lang='lat' dir='ltr'><strong>Theenam</strong></span> <span class='ocrx_word' id='word_1_106' title='bbox 656 1548 799 1590; x_wconf 93' lang='lat' dir='ltr'><strong>virum</strong></span> <span class='ocrx_word' id='word_1_107' title='bbox 824 1550 1004 1590; x_wconf 91' lang='lat' dir='ltr'><strong>sanctis-</strong></span> 
     </span>
     <span class='ocr_line' id='line_1_23' title="bbox 174 1600 1006 1656; baseline -0.004 -8"><span class='ocrx_word' id='word_1_108' title='bbox 174 1607 349 1656; x_wconf 90' lang='lat' dir='ltr'><strong>simum,</strong></span> <span class='ocrx_word' id='word_1_109' title='bbox 403 1605 649 1647; x_wconf 87' lang='lat' dir='ltr'><strong>sanctitatis</strong></span> <span class='ocrx_word' id='word_1_110' title='bbox 700 1600 770 1646; x_wconf 80' lang='lat' dir='ltr'><strong>et&#39;</strong></span> <span class='ocrx_word' id='word_1_111' title='bbox 790 1604 1006 1646; x_wconf 82' lang='lat' dir='ltr'><strong>doctrinae</strong></span> 
     </span>
     <span class='ocr_line' id='line_1_24' title="bbox 173 1661 1007 1716; baseline -0.004 -11"><span class='ocrx_word' id='word_1_112' title='bbox 173 1661 412 1716; x_wconf 78' lang='lat' dir='ltr'><strong>splendere</strong></span> <span class='ocrx_word' id='word_1_113' title='bbox 456 1674 544 1703; x_wconf 91' lang='lat' dir='ltr'><strong>non</strong></span> <span class='ocrx_word' id='word_1_114' title='bbox 589 1661 733 1703; x_wconf 93' lang='lat' dir='ltr'><strong>solum</strong></span> <span class='ocrx_word' id='word_1_115' title='bbox 770 1661 1007 1703; x_wconf 88' lang='lat' dir='ltr'><strong>illustravit</strong></span> 
     </span>
     <span class='ocr_line' id='line_1_25' title="bbox 173 1717 1007 1772; baseline -0.004 -11"><span class='ocrx_word' id='word_1_116' title='bbox 173 1719 432 1772; x_wconf 71' lang='lat' dir='ltr'><strong>AEgyptum‚</strong></span> <span class='ocrx_word' id='word_1_117' title='bbox 458 1717 539 1760; x_wconf 91' lang='lat' dir='ltr'><strong>sed</strong></span> <span class='ocrx_word' id='word_1_118' title='bbox 555 1717 641 1760; x_wconf 92' lang='lat' dir='ltr'><strong>toti</strong></span> <span class='ocrx_word' id='word_1_119' title='bbox 661 1717 773 1760; x_wconf 82' lang='lat' dir='ltr'><strong>luxit</strong></span> <span class='ocrx_word' id='word_1_120' title='bbox 791 1717 1007 1759; x_wconf 80' lang='lat' dir='ltr'><strong>Ecclesiae</strong></span> 
     </span>
     <span class='ocr_line' id='line_1_26' title="bbox 173 1774 1005 1827; baseline -0.002 -10"><span class='ocrx_word' id='word_1_121' title='bbox 173 1776 269 1818; x_wconf 71' lang='lat' dir='ltr'><strong>Dei.</strong></span> <span class='ocrx_word' id='word_1_122' title='bbox 323 1775 409 1825; x_wconf 89' lang='lat' dir='ltr'><strong>Qui</strong></span> <span class='ocrx_word' id='word_1_123' title='bbox 443 1775 488 1815; x_wconf 92' lang='lat' dir='ltr'><strong>in</strong></span> <span class='ocrx_word' id='word_1_124' title='bbox 522 1774 833 1827; x_wconf 78' lang='lat' dir='ltr'><strong>persecutiene</strong></span> <span class='ocrx_word' id='word_1_125' title='bbox 869 1774 1005 1815; x_wconf 88' lang='lat' dir='ltr'><strong>Maxi-</strong></span> 
     </span>
     <span class='ocr_line' id='line_1_27' title="bbox 173 1830 1008 1884; baseline -0.001 -11"><span class='ocrx_word' id='word_1_126' title='bbox 173 1832 308 1874; x_wconf 89' lang='lat' dir='ltr'><strong>miani</strong></span> <span class='ocrx_word' id='word_1_127' title='bbox 363 1830 530 1873; x_wconf 90' lang='lat' dir='ltr'><strong>Galerii</strong></span> <span class='ocrx_word' id='word_1_128' title='bbox 586 1830 706 1872; x_wconf 92' lang='lat' dir='ltr'><strong>illam</strong></span> <span class='ocrx_word' id='word_1_129' title='bbox 756 1832 1008 1884; x_wconf 87' lang='lat' dir='ltr'><strong>temporum</strong></span> 
     </span>
     <span class='ocr_line' id='line_1_28' title="bbox 175 1887 1009 1940; baseline -0.001 -10"><span class='ocrx_word' id='word_1_130' title='bbox 175 1888 463 1930; x_wconf 65' lang='lat' dir='ltr'><strong>acerbitatem</strong></span> <span class='ocrx_word' id='word_1_131' title='bbox 490 1888 551 1930; x_wconf 92' lang='lat' dir='ltr'><strong>ita</strong></span> <span class='ocrx_word' id='word_1_132' title='bbox 575 1887 773 1940; x_wconf 88' lang='lat' dir='ltr'><strong>pertulit,</strong></span> <span class='ocrx_word' id='word_1_133' title='bbox 806 1891 855 1929; x_wconf 94' lang='lat' dir='ltr'><strong>ut</strong></span> <span class='ocrx_word' id='word_1_134' title='bbox 881 1887 1009 1929; x_wconf 91' lang='lat' dir='ltr'><strong>multi</strong></span> 
     </span>
     <span class='ocr_line' id='line_1_29' title="bbox 175 1944 1007 1997; baseline -0.002 -10"><span class='ocrx_word' id='word_1_135' title='bbox 175 1944 479 1988; x_wconf 65' lang='lat' dir='ltr'><strong>admirabilem</strong></span> <span class='ocrx_word' id='word_1_136' title='bbox 522 1946 614 1996; x_wconf 89' lang='lat' dir='ltr'><strong>ejus</strong></span> <span class='ocrx_word' id='word_1_137' title='bbox 654 1944 913 1997; x_wconf 91' lang='lat' dir='ltr'><strong>patientiam</strong></span> <span class='ocrx_word' id='word_1_138' title='bbox 946 1944 1007 1985; x_wconf 92' lang='lat' dir='ltr'><strong>in-</strong></span> 
     </span>
     <span class='ocr_line' id='line_1_30' title="bbox 173 2000 1009 2055; baseline -0.001 -12"><span class='ocrx_word' id='word_1_139' title='bbox 173 2004 365 2052; x_wconf 90' lang='lat' dir='ltr'><strong>tuentes,</strong></span> <span class='ocrx_word' id='word_1_140' title='bbox 410 2001 648 2055; x_wconf 81' lang='lat' dir='ltr'><strong>plurimum</strong></span> <span class='ocrx_word' id='word_1_141' title='bbox 686 2001 732 2042; x_wconf 92' lang='lat' dir='ltr'><strong>in</strong></span> <span class='ocrx_word' id='word_1_142' title='bbox 771 2000 1009 2043; x_wconf 89' lang='lat' dir='ltr'><strong>christiana</strong></span> 
     </span>
     <span class='ocr_line' id='line_1_31' title="bbox 174 2057 1008 2111; baseline -0.002 -11"><span class='ocrx_word' id='word_1_143' title='bbox 174 2058 338 2101; x_wconf 80' lang='lat' dir='ltr'><strong>virtute</strong></span> <span class='ocrx_word' id='word_1_144' title='bbox 391 2058 673 2111; x_wconf 85' lang='lat' dir='ltr'><strong>proficerent.</strong></span> <span class='ocrx_word' id='word_1_145' title='bbox 741 2058 786 2099; x_wconf 91' lang='lat' dir='ltr'><strong>Is</strong></span> <span class='ocrx_word' id='word_1_146' title='bbox 839 2057 1008 2111; x_wconf 91' lang='lat' dir='ltr'><strong>primus</strong></span> 
     </span>
     <span class='ocr_line' id='line_1_32' title="bbox 176 2113 1008 2164; baseline -0.001 -9"><span class='ocrx_word' id='word_1_147' title='bbox 176 2114 332 2156; x_wconf 90' lang='lat' dir='ltr'><strong>Arium</strong></span> <span class='ocrx_word' id='word_1_148' title='bbox 370 2114 608 2156; x_wconf 92' lang='lat' dir='ltr'><strong>diaconum</strong></span> <span class='ocrx_word' id='word_1_149' title='bbox 643 2113 1008 2164; x_wconf 84' lang='lat' dir='ltr'><strong>Alexandrinum,</strong></span> 
     </span>
     <span class='ocr_line' id='line_1_33' title="bbox 175 2170 1010 2224; baseline 0 -12"><span class='ocrx_word' id='word_1_150' title='bbox 175 2176 359 2224; x_wconf 90' lang='lat' dir='ltr'><strong>propter</strong></span> <span class='ocrx_word' id='word_1_151' title='bbox 387 2171 579 2213; x_wconf 85' lang='lat' dir='ltr'><strong>schisma</strong></span> <span class='ocrx_word' id='word_1_152' title='bbox 605 2170 906 2220; x_wconf 90' lang='lat' dir='ltr'><strong>Meletianum,</strong></span> <span class='ocrx_word' id='word_1_153' title='bbox 939 2170 1010 2212; x_wconf 90' lang='lat' dir='ltr'><strong>cui</strong></span> 
     </span>
     <span class='ocr_line' id='line_1_34' title="bbox 175 2227 1009 2279; baseline -0.002 -9"><span class='ocrx_word' id='word_1_154' title='bbox 175 2228 370 2279; x_wconf 87' lang='lat' dir='ltr'><strong>favebat,</strong></span> <span class='ocrx_word' id='word_1_155' title='bbox 407 2241 432 2270; x_wconf 90' lang='lat' dir='ltr'><strong>a</strong></span> <span class='ocrx_word' id='word_1_156' title='bbox 467 2228 664 2270; x_wconf 86' lang='lat' dir='ltr'><strong>fidelium</strong></span> <span class='ocrx_word' id='word_1_157' title='bbox 700 2227 1009 2270; x_wconf 75' lang='lat' dir='ltr'><strong>communiene</strong></span> 
     </span>
     <span class='ocr_line' id='line_1_35' title="bbox 177 2283 1010 2338; baseline 0 -13"><span class='ocrx_word' id='word_1_158' title='bbox 177 2285 375 2337; x_wconf 81' lang='lat' dir='ltr'><strong>sejunxit.</strong></span> <span class='ocrx_word' id='word_1_159' title='bbox 397 2285 470 2327; x_wconf 93' lang='lat' dir='ltr'><strong>Ad</strong></span> <span class='ocrx_word' id='word_1_160' title='bbox 488 2298 588 2327; x_wconf 93' lang='lat' dir='ltr'><strong>eum</strong></span> <span class='ocrx_word' id='word_1_161' title='bbox 608 2284 765 2338; x_wconf 92' lang='lat' dir='ltr'><strong>capitis</strong></span> <span class='ocrx_word' id='word_1_162' title='bbox 779 2283 834 2326; x_wconf 92' lang='lat' dir='ltr'><strong>ab</strong></span> <span class='ocrx_word' id='word_1_163' title='bbox 851 2283 1010 2326; x_wconf 79' lang='lat' dir='ltr'><strong>eedem</strong></span> 
     </span>
     <span class='ocr_line' id='line_1_36' title="bbox 175 2340 1009 2383; baseline -0.001 -1"><span class='ocrx_word' id='word_1_164' title='bbox 175 2341 443 2383; x_wconf 83' lang='lat' dir='ltr'><strong>Maximiano</strong></span> <span class='ocrx_word' id='word_1_165' title='bbox 477 2341 732 2383; x_wconf 90' lang='lat' dir='ltr'><strong>damnatum</strong></span> <span class='ocrx_word' id='word_1_166' title='bbox 759 2340 804 2381; x_wconf 92' lang='lat' dir='ltr'><strong>in</strong></span> <span class='ocrx_word' id='word_1_167' title='bbox 831 2342 1009 2382; x_wconf 90' lang='lat' dir='ltr'><strong>carcere</strong></span> 
     </span>
     <span class='ocr_line' id='line_1_37' title="bbox 178 2395 1009 2449; baseline -0.001 -11"><span class='ocrx_word' id='word_1_168' title='bbox 178 2410 278 2438; x_wconf 95' lang='lat' dir='ltr'><strong>cum</strong></span> <span class='ocrx_word' id='word_1_169' title='bbox 305 2397 501 2439; x_wconf 79' lang='lat' dir='ltr'><strong>Achillas</strong></span> <span class='ocrx_word' id='word_1_170' title='bbox 532 2403 575 2440; x_wconf 92' lang='lat' dir='ltr'><strong>et</strong></span> <span class='ocrx_word' id='word_1_171' title='bbox 603 2395 857 2439; x_wconf 85' lang='lat' dir='ltr'><strong>Alexander</strong></span> <span class='ocrx_word' id='word_1_172' title='bbox 889 2409 1009 2449; x_wconf 90' lang='lat' dir='ltr'><strong>pres-</strong></span> 
     </span>
     <span class='ocr_line' id='line_1_38' title="bbox 177 2452 1010 2507; baseline -0.001 -12"><span class='ocrx_word' id='word_1_173' title='bbox 177 2452 320 2505; x_wconf 59' lang='lat' dir='ltr'><strong>bvteri</strong></span> <span class='ocrx_word' id='word_1_174' title='bbox 335 2454 650 2507; x_wconf 83' lang='lat' dir='ltr'><strong>deprecatores</strong></span> <span class='ocrx_word' id='word_1_175' title='bbox 664 2453 760 2494; x_wconf 91' lang='lat' dir='ltr'><strong>Arii</strong></span> <span class='ocrx_word' id='word_1_176' title='bbox 775 2455 1010 2506; x_wconf 88' lang='lat' dir='ltr'><strong>venissent,</strong></span> 
     </span>
     <span class='ocr_line' id='line_1_39' title="bbox 178 2509 1011 2563; baseline 0.002 -14"><span class='ocrx_word' id='word_1_177' title='bbox 178 2509 426 2562; x_wconf 66' lang='lat' dir='ltr'><strong>respondit,</strong></span> <span class='ocrx_word' id='word_1_178' title='bbox 466 2515 603 2552; x_wconf 93' lang='lat' dir='ltr'><strong>noctu</strong></span> <span class='ocrx_word' id='word_1_179' title='bbox 635 2511 895 2563; x_wconf 83' lang='lat' dir='ltr'><strong>apparuisse</strong></span> <span class='ocrx_word' id='word_1_180' title='bbox 927 2510 1011 2551; x_wconf 89' lang='lat' dir='ltr'><strong>sibi</strong></span> 
     </span>
     <span class='ocr_line' id='line_1_40' title="bbox 178 2565 1010 2619; baseline 0.001 -13"><span class='ocrx_word' id='word_1_181' title='bbox 178 2565 329 2607; x_wconf 90' lang='lat' dir='ltr'><strong>Jesum</strong></span> <span class='ocrx_word' id='word_1_182' title='bbox 356 2571 479 2610; x_wconf 91' lang='lat' dir='ltr'><strong>veste</strong></span> <span class='ocrx_word' id='word_1_183' title='bbox 507 2567 714 2618; x_wconf 89' lang='lat' dir='ltr'><strong>discissa,</strong></span> <span class='ocrx_word' id='word_1_184' title='bbox 742 2568 1010 2619; x_wconf 77' lang='lat' dir='ltr'><strong>causamque</strong></span> 
     </span>
     <span class='ocr_line' id='line_1_41' title="bbox 178 2621 1010 2665; baseline 0.002 -3"><span class='ocrx_word' id='word_1_185' title='bbox 178 2621 243 2663; x_wconf 91' lang='lat' dir='ltr'><strong>rei</strong></span> <span class='ocrx_word' id='word_1_186' title='bbox 274 2622 515 2665; x_wconf 78' lang='lat' dir='ltr'><strong>sciscitanti</strong></span> <span class='ocrx_word' id='word_1_187' title='bbox 553 2623 732 2665; x_wconf 84' lang='lat' dir='ltr'><strong>dixisse:</strong></span> <span class='ocrx_word' id='word_1_188' title='bbox 774 2623 906 2664; x_wconf 88' lang='lat' dir='ltr'><strong>Arius</strong></span> <span class='ocrx_word' id='word_1_189' title='bbox 939 2635 1010 2664; x_wconf 89' lang='lat' dir='ltr'><strong>ve-</strong></span> 
     </span>
     <span class='ocr_line' id='line_1_42' title="bbox 180 2678 1010 2732; baseline 0.001 -13"><span class='ocrx_word' id='word_1_190' title='bbox 180 2683 292 2719; x_wconf 92' lang='lat' dir='ltr'><strong>stem</strong></span> <span class='ocrx_word' id='word_1_191' title='bbox 310 2691 469 2730; x_wconf 91' lang='lat' dir='ltr'><strong>meam,</strong></span> <span class='ocrx_word' id='word_1_192' title='bbox 497 2692 595 2732; x_wconf 87' lang='lat' dir='ltr'><strong>quae</strong></span> <span class='ocrx_word' id='word_1_193' title='bbox 620 2684 688 2722; x_wconf 88' lang='lat' dir='ltr'><strong>est</strong></span> <span class='ocrx_word' id='word_1_194' title='bbox 705 2679 923 2729; x_wconf 81' lang='lat' dir='ltr'><strong>Ecclesia,</strong></span> <span class='ocrx_word' id='word_1_195' title='bbox 949 2678 1010 2721; x_wconf 93' lang='lat' dir='ltr'><strong>di-</strong></span> 
     </span>
     <span class='ocr_line' id='line_1_43' title="bbox 179 2734 1008 2788; baseline 0.001 -13"><span class='ocrx_word' id='word_1_196' title='bbox 179 2734 400 2776; x_wconf 88' lang='lat' dir='ltr'><strong>laceravit.</strong></span> <span class='ocrx_word' id='word_1_197' title='bbox 459 2736 627 2786; x_wconf 85' lang='lat' dir='ltr'><strong>Quibus</strong></span> <span class='ocrx_word' id='word_1_198' title='bbox 673 2736 805 2778; x_wconf 89' lang='lat' dir='ltr'><strong>etiam</strong></span> <span class='ocrx_word' id='word_1_199' title='bbox 849 2734 1008 2788; x_wconf 89' lang='lat' dir='ltr'><strong>praedi-</strong></span> 
     </span>
    </p>
   </div>
   <div class='ocr_carea' id='block_1_9' title="bbox 1051 300 1892 864">
    <p class='ocr_par' dir='ltr' id='par_1_12' title="bbox 1051 300 1892 864">
     <span class='ocr_line' id='line_1_44' title="bbox 1051 300 1887 353; baseline -0.004 -10"><span class='ocrx_word' id='word_1_200' title='bbox 1051 314 1155 343; x_wconf 90' lang='lat' dir='ltr'><strong>cens</strong></span> <span class='ocrx_word' id='word_1_201' title='bbox 1187 301 1297 351; x_wconf 91' lang='lat' dir='ltr'><strong>fore,</strong></span> <span class='ocrx_word' id='word_1_202' title='bbox 1338 306 1387 343; x_wconf 94' lang='lat' dir='ltr'><strong>ut</strong></span> <span class='ocrx_word' id='word_1_203' title='bbox 1423 301 1508 343; x_wconf 89' lang='lat' dir='ltr'><strong>sibi</strong></span> <span class='ocrx_word' id='word_1_204' title='bbox 1544 301 1590 342; x_wconf 91' lang='lat' dir='ltr'><strong>in</strong></span> <span class='ocrx_word' id='word_1_205' title='bbox 1622 300 1887 353; x_wconf 91' lang='lat' dir='ltr'><strong>episcopatu</strong></span> 
     </span>
     <span class='ocr_line' id='line_1_45' title="bbox 1051 357 1887 411; baseline -0.004 -12"><span class='ocrx_word' id='word_1_206' title='bbox 1051 357 1351 408; x_wconf 79' lang='lat' dir='ltr'><strong>succederent,</strong></span> <span class='ocrx_word' id='word_1_207' title='bbox 1370 358 1585 411; x_wconf 81' lang='lat' dir='ltr'><strong>praecepit</strong></span> <span class='ocrx_word' id='word_1_208' title='bbox 1603 370 1658 399; x_wconf 89' lang='lat' dir='ltr'><strong>ne</strong></span> <span class='ocrx_word' id='word_1_209' title='bbox 1677 368 1887 409; x_wconf 90' lang='lat' dir='ltr'><strong>umquam</strong></span> 
     </span>
     <span class='ocr_line' id='line_1_46' title="bbox 1052 413 1887 466; baseline -0.001 -11"><span class='ocrx_word' id='word_1_210' title='bbox 1052 413 1208 455; x_wconf 92' lang='lat' dir='ltr'><strong>Arium</strong></span> <span class='ocrx_word' id='word_1_211' title='bbox 1242 414 1287 456; x_wconf 91' lang='lat' dir='ltr'><strong>in</strong></span> <span class='ocrx_word' id='word_1_212' title='bbox 1330 415 1685 456; x_wconf 76' lang='lat' dir='ltr'><strong>communienem</strong></span> <span class='ocrx_word' id='word_1_213' title='bbox 1722 414 1887 466; x_wconf 90' lang='lat' dir='ltr'><strong>recipe-</strong></span> 
     </span>
     <span class='ocr_line' id='line_1_47' title="bbox 1052 472 1888 524; baseline -0.002 -12"><span class='ocrx_word' id='word_1_214' title='bbox 1052 475 1170 521; x_wconf 85' lang='lat' dir='ltr'><strong>rent,</strong></span> <span class='ocrx_word' id='word_1_215' title='bbox 1217 483 1349 524; x_wconf 89' lang='lat' dir='ltr'><strong>quem</strong></span> <span class='ocrx_word' id='word_1_216' title='bbox 1386 472 1485 513; x_wconf 92' lang='lat' dir='ltr'><strong>Deo</strong></span> <span class='ocrx_word' id='word_1_217' title='bbox 1525 473 1752 513; x_wconf 76' lang='lat' dir='ltr'><strong>mertuum</strong></span> <span class='ocrx_word' id='word_1_218' title='bbox 1790 481 1888 511; x_wconf 90' lang='lat' dir='ltr'><strong>esse</strong></span> 
     </span>
     <span class='ocr_line' id='line_1_48' title="bbox 1053 527 1888 579; baseline -0.002 -10"><span class='ocrx_word' id='word_1_219' title='bbox 1053 527 1197 570; x_wconf 92' lang='lat' dir='ltr'><strong>sciret.</strong></span> <span class='ocrx_word' id='word_1_220' title='bbox 1254 528 1313 570; x_wconf 90' lang='lat' dir='ltr'><strong>Et</strong></span> <span class='ocrx_word' id='word_1_221' title='bbox 1344 528 1458 570; x_wconf 88' lang='lat' dir='ltr'><strong>hanc</strong></span> <span class='ocrx_word' id='word_1_222' title='bbox 1491 528 1685 570; x_wconf 89' lang='lat' dir='ltr'><strong>divinam</strong></span> <span class='ocrx_word' id='word_1_223' title='bbox 1716 538 1888 579; x_wconf 87' lang='lat' dir='ltr'><strong>praeno-</strong></span> 
     </span>
     <span class='ocr_line' id='line_1_49' title="bbox 1053 584 1890 635; baseline -0.004 -9"><span class='ocrx_word' id='word_1_224' title='bbox 1053 585 1219 626; x_wconf 78' lang='lat' dir='ltr'><strong>tienem</strong></span> <span class='ocrx_word' id='word_1_225' title='bbox 1238 598 1390 627; x_wconf 89' lang='lat' dir='ltr'><strong>veram</strong></span> <span class='ocrx_word' id='word_1_226' title='bbox 1409 585 1555 635; x_wconf 88' lang='lat' dir='ltr'><strong>fuisse,</strong></span> <span class='ocrx_word' id='word_1_227' title='bbox 1581 597 1673 626; x_wconf 92' lang='lat' dir='ltr'><strong>non</strong></span> <span class='ocrx_word' id='word_1_228' title='bbox 1693 584 1768 625; x_wconf 93' lang='lat' dir='ltr'><strong>diu</strong></span> <span class='ocrx_word' id='word_1_229' title='bbox 1786 587 1890 635; x_wconf 90' lang='lat' dir='ltr'><strong>post</strong></span> 
     </span>
     <span class='ocr_line' id='line_1_50' title="bbox 1055 639 1892 694; baseline -0.002 -12"><span class='ocrx_word' id='word_1_230' title='bbox 1055 642 1119 683; x_wconf 92' lang='lat' dir='ltr'><strong>rei</strong></span> <span class='ocrx_word' id='word_1_231' title='bbox 1132 641 1341 694; x_wconf 89' lang='lat' dir='ltr'><strong>probavit</strong></span> <span class='ocrx_word' id='word_1_232' title='bbox 1357 643 1550 683; x_wconf 87' lang='lat' dir='ltr'><strong>eventus.</strong></span> <span class='ocrx_word' id='word_1_233' title='bbox 1573 641 1776 693; x_wconf 92' lang='lat' dir='ltr'><strong>Denique</strong></span> <span class='ocrx_word' id='word_1_234' title='bbox 1792 639 1892 681; x_wconf 92' lang='lat' dir='ltr'><strong>duo·</strong></span> 
     </span>
     <span class='ocr_line' id='line_1_51' title="bbox 1056 697 1889 751; baseline -0.002 -12"><span class='ocrx_word' id='word_1_235' title='bbox 1056 697 1231 740; x_wconf 86' lang='lat' dir='ltr'><strong>decimo</strong></span> <span class='ocrx_word' id='word_1_236' title='bbox 1252 697 1320 739; x_wconf 91' lang='lat' dir='ltr'><strong>sui</strong></span> <span class='ocrx_word' id='word_1_237' title='bbox 1340 698 1626 751; x_wconf 85' lang='lat' dir='ltr'><strong>episcopatus</strong></span> <span class='ocrx_word' id='word_1_238' title='bbox 1646 702 1741 747; x_wconf 70' lang='lat' dir='ltr'><strong>ano,</strong></span> <span class='ocrx_word' id='word_1_239' title='bbox 1762 701 1889 738; x_wconf 83' lang='lat' dir='ltr'><strong>sexto</strong></span> 
     </span>
     <span class='ocr_line' id='line_1_52' title="bbox 1053 753 1890 796; baseline -0.004 0"><span class='ocrx_word' id='word_1_240' title='bbox 1053 753 1281 796; x_wconf 82' lang='lat' dir='ltr'><strong>Kalendas</strong></span> <span class='ocrx_word' id='word_1_241' title='bbox 1305 754 1568 796; x_wconf 89' lang='lat' dir='ltr'><strong>Decembris</strong></span> <span class='ocrx_word' id='word_1_242' title='bbox 1593 753 1793 795; x_wconf 90' lang='lat' dir='ltr'><strong>abscisso</strong></span> <span class='ocrx_word' id='word_1_243' title='bbox 1821 754 1890 794; x_wconf 92' lang='lat' dir='ltr'><strong>ca-</strong></span> 
     </span>
     <span class='ocr_line' id='line_1_53' title="bbox 1054 809 1891 864; baseline -0.004 -11"><span class='ocrx_word' id='word_1_244' title='bbox 1054 811 1146 864; x_wconf 88' lang='lat' dir='ltr'><strong>pite</strong></span> <span class='ocrx_word' id='word_1_245' title='bbox 1166 810 1224 853; x_wconf 91' lang='lat' dir='ltr'><strong>ad</strong></span> <span class='ocrx_word' id='word_1_246' title='bbox 1242 812 1440 864; x_wconf 68' lang='lat' dir='ltr'><strong>martyrii</strong></span> <span class='ocrx_word' id='word_1_247' title='bbox 1458 814 1670 853; x_wconf 76' lang='lat' dir='ltr'><strong>corenam</strong></span> <span class='ocrx_word' id='word_1_248' title='bbox 1686 809 1891 852; x_wconf 87' lang='lat' dir='ltr'><strong>evolavit.</strong></span> 
     </span>
    </p>
   </div>
   <div class='ocr_carea' id='block_1_10' title="bbox 1110 872 1676 915">
    <p class='ocr_par' dir='ltr' id='par_1_13' title="bbox 1110 872 1676 915">
     <span class='ocr_line' id='line_1_54' title="bbox 1110 872 1676 915; baseline -0.005 0"><span class='ocrx_word' id='word_1_249' title='bbox 1110 875 1172 915; x_wconf 91' lang='lat' dir='ltr'><strong>Te</strong></span> <span class='ocrx_word' id='word_1_250' title='bbox 1191 873 1336 915; x_wconf 91' lang='lat' dir='ltr'><strong>Deum</strong></span> <span class='ocrx_word' id='word_1_251' title='bbox 1354 872 1596 915; x_wconf 89' lang='lat' dir='ltr'><strong>laudamus.</strong></span> <span class='ocrx_word' id='word_1_252' title='bbox 1615 873 1676 913; x_wconf 86' lang='lat'><strong>14.</strong></span> 
     </span>
    </p>
   </div>
   <div class='ocr_carea' id='block_1_11' title="bbox 1055 941 1893 1099">
    <p class='ocr_par' dir='ltr' id='par_1_14' title="bbox 1055 941 1893 1099">
     <span class='ocr_line' id='line_1_55' title="bbox 1110 941 1893 992; baseline -0.006 -7"><span class='ocrx_word' id='word_1_253' title='bbox 1110 943 1183 985; x_wconf 87' lang='lat' dir='ltr'><strong>Ad</strong></span> <span class='ocrx_word' id='word_1_254' title='bbox 1198 944 1334 985; x_wconf 84' lang='lat' dir='ltr'><strong>Laud.</strong></span> <span class='ocrx_word' id='word_1_255' title='bbox 1360 944 1460 984; x_wconf 86' lang='lat' dir='ltr'><strong>Ant.</strong></span> <span class='ocrx_word' id='word_1_256' title='bbox 1487 943 1570 992; x_wconf 87' lang='lat' dir='ltr'><strong>Qui</strong></span> <span class='ocrx_word' id='word_1_257' title='bbox 1590 941 1685 984; x_wconf 93' lang='lat' dir='ltr'><strong>odit</strong></span> <span class='ocrx_word' id='word_1_258' title='bbox 1704 941 1893 982; x_wconf 89' lang='lat' dir='ltr'><strong>animam</strong></span> 
     </span>
     <span class='ocr_line' id='line_1_56' title="bbox 1056 999 1891 1050; baseline -0.004 -9"><span class='ocrx_word' id='word_1_259' title='bbox 1056 1013 1182 1041; x_wconf 91' lang='lat' dir='ltr'><strong>suam</strong></span> <span class='ocrx_word' id='word_1_260' title='bbox 1208 1001 1253 1041; x_wconf 92' lang='lat' dir='ltr'><strong>in</strong></span> <span class='ocrx_word' id='word_1_261' title='bbox 1279 999 1365 1042; x_wconf 92' lang='lat' dir='ltr'><strong>hoc</strong></span> <span class='ocrx_word' id='word_1_262' title='bbox 1392 999 1574 1050; x_wconf 89' lang='lat' dir='ltr'><strong>mundo,</strong></span> <span class='ocrx_word' id='word_1_263' title='bbox 1602 999 1646 1040; x_wconf 93' lang='lat' dir='ltr'><strong>in</strong></span> <span class='ocrx_word' id='word_1_264' title='bbox 1673 999 1811 1040; x_wconf 91' lang='lat' dir='ltr'><strong>vitam</strong></span> <span class='ocrx_word' id='word_1_265' title='bbox 1837 1009 1891 1038; x_wconf 87' lang='lat' dir='ltr'><strong>ae-</strong></span> 
     </span>
     <span class='ocr_line' id='line_1_57' title="bbox 1055 1056 1570 1099; baseline -0.002 -1"><span class='ocrx_word' id='word_1_266' title='bbox 1055 1058 1226 1099; x_wconf 90' lang='lat' dir='ltr'><strong>ternam</strong></span> <span class='ocrx_word' id='word_1_267' title='bbox 1246 1056 1441 1099; x_wconf 81' lang='lat' dir='ltr'><strong>custodit</strong></span> <span class='ocrx_word' id='word_1_268' title='bbox 1463 1070 1570 1098; x_wconf 92' lang='lat' dir='ltr'><strong>eam.</strong></span> 
     </span>
    </p>
   </div>
   <div class='ocr_carea' id='block_1_12' title="bbox 1057 1119 1892 1279">
    <p class='ocr_par' dir='ltr' id='par_1_15' title="bbox 1057 1119 1892 1279">
     <span class='ocr_line' id='line_1_58' title="bbox 1113 1119 1892 1174; baseline -0.005 -10"><span class='ocrx_word' id='word_1_269' title='bbox 1113 1119 1164 1171; x_wconf 61' lang='lat' dir='ltr'><strong>V.</strong></span> <span class='ocrx_word' id='word_1_270' title='bbox 1209 1123 1362 1164; x_wconf 87' lang='lat' dir='ltr'><strong>Justus</strong></span> <span class='ocrx_word' id='word_1_271' title='bbox 1413 1127 1463 1164; x_wconf 94' lang='lat' dir='ltr'><strong>ut</strong></span> <span class='ocrx_word' id='word_1_272' title='bbox 1511 1122 1660 1174; x_wconf 90' lang='lat' dir='ltr'><strong>palma</strong></span> <span class='ocrx_word' id='word_1_273' title='bbox 1706 1119 1892 1162; x_wconf 90' lang='lat' dir='ltr'><strong>florebit.</strong></span> 
     </span>
     <span class='ocr_line' id='line_1_59' title="bbox 1057 1176 1892 1279; baseline -0.006 -58"><span class='ocrx_word' id='word_1_274' title='bbox 1057 1179 1266 1279; x_wconf 53' lang='lat' dir='ltr'><strong>{}biStifrut</strong></span> <span class='ocrx_word' id='word_1_275' title='bbox 1304 1179 1464 1221; x_wconf 91' lang='lat' dir='ltr'><strong>cedrus</strong></span> <span class='ocrx_word' id='word_1_276' title='bbox 1496 1177 1653 1221; x_wconf 88' lang='lat' dir='ltr'><strong>Libani</strong></span> <span class='ocrx_word' id='word_1_277' title='bbox 1684 1176 1892 1229; x_wconf 89' lang='lat' dir='ltr'><strong>multipli-</strong></span> 
     </span>
    </p>
   </div>
   <div class='ocr_carea' id='block_1_13' title="bbox 1238 1333 1708 1378">
    <p class='ocr_par' dir='ltr' id='par_1_16' title="bbox 1238 1333 1708 1378">
     <span class='ocr_line' id='line_1_60' title="bbox 1238 1333 1708 1378; baseline -0.004 -2"><span class='ocrx_word' id='word_1_278' title='bbox 1238 1336 1322 1378; x_wconf 94' lang='lat' dir='ltr'><strong>Die</strong></span> <span class='ocrx_word' id='word_1_279' title='bbox 1342 1336 1410 1377; x_wconf 84' lang='lat'><strong>29.</strong></span> <span class='ocrx_word' id='word_1_280' title='bbox 1428 1333 1708 1377; x_wconf 89' lang='lat' dir='ltr'><strong>Novembris.</strong></span> 
     </span>
    </p>
   </div>
   <div class='ocr_carea' id='block_1_14' title="bbox 1193 1403 1767 1510">
    <p class='ocr_par' dir='ltr' id='par_1_17' title="bbox 1193 1403 1767 1510">
     <span class='ocr_line' id='line_1_61' title="bbox 1294 1403 1668 1448; baseline -0.016 0"><span class='ocrx_word' id='word_1_281' title='bbox 1294 1403 1668 1448; x_wconf 86' lang='lat' dir='ltr'><strong>Commemoratio</strong></span> 
     </span>
     <span class='ocr_line' id='line_1_62' title="bbox 1193 1459 1767 1510; baseline -0.019 -2"><span class='ocrx_word' id='word_1_282' title='bbox 1193 1467 1236 1508; x_wconf 83' lang='lat' dir='ltr'><strong>S.</strong></span> <span class='ocrx_word' id='word_1_283' title='bbox 1261 1465 1524 1508; x_wconf 82' lang='lat' dir='ltr'><strong>Saturnini</strong></span> <span class='ocrx_word' id='word_1_284' title='bbox 1550 1459 1767 1510; x_wconf 79' lang='lat' dir='ltr'><strong>Martyris.</strong></span> 
     </span>
    </p>
   </div>
   <div class='ocr_carea' id='block_1_15' title="bbox 1057 1532 1896 1811">
    <p class='ocr_par' dir='ltr' id='par_1_18' title="bbox 1057 1532 1896 1811">
     <span class='ocr_line' id='line_1_63' title="bbox 1118 1532 1895 1585; baseline -0.008 -10"><span class='ocrx_word' id='word_1_285' title='bbox 1118 1535 1187 1575; x_wconf 85' lang='lat' dir='ltr'><strong>Ad</strong></span> <span class='ocrx_word' id='word_1_286' title='bbox 1205 1535 1342 1585; x_wconf 87' lang='lat' dir='ltr'><strong>Vesp.</strong></span> <span class='ocrx_word' id='word_1_287' title='bbox 1371 1532 1471 1572; x_wconf 89' lang='lat' dir='ltr'><strong>Ant.</strong></span> <span class='ocrx_word' id='word_1_288' title='bbox 1500 1532 1589 1572; x_wconf 86' lang='lat' dir='ltr'><strong>Iste</strong></span> <span class='ocrx_word' id='word_1_289' title='bbox 1613 1534 1790 1571; x_wconf 90' lang='lat' dir='ltr'><strong>sanctus</strong></span> <span class='ocrx_word' id='word_1_290' title='bbox 1812 1541 1895 1581; x_wconf 92' lang='lat' dir='ltr'><strong>pro</strong></span> 
     </span>
     <span class='ocr_line' id='line_1_64' title="bbox 1058 1585 1896 1642; baseline -0.008 -9"><span class='ocrx_word' id='word_1_291' title='bbox 1058 1591 1155 1642; x_wconf 88' lang='lat' dir='ltr'><strong>lege</strong></span> <span class='ocrx_word' id='word_1_292' title='bbox 1191 1589 1277 1631; x_wconf 91' lang='lat' dir='ltr'><strong>Dei</strong></span> <span class='ocrx_word' id='word_1_293' title='bbox 1317 1589 1385 1630; x_wconf 91' lang='lat' dir='ltr'><strong>sui</strong></span> <span class='ocrx_word' id='word_1_294' title='bbox 1426 1587 1613 1630; x_wconf 88' lang='lat' dir='ltr'><strong>certavit</strong></span> <span class='ocrx_word' id='word_1_295' title='bbox 1654 1598 1796 1638; x_wconf 91' lang='lat' dir='ltr'><strong>usque</strong></span> <span class='ocrx_word' id='word_1_296' title='bbox 1838 1585 1896 1627; x_wconf 90' lang='lat' dir='ltr'><strong>ad</strong></span> 
     </span>
     <span class='ocr_line' id='line_1_65' title="bbox 1057 1643 1896 1696; baseline -0.01 -7"><span class='ocrx_word' id='word_1_297' title='bbox 1057 1652 1256 1696; x_wconf 90' lang='lat' dir='ltr'><strong>mortem,</strong></span> <span class='ocrx_word' id='word_1_298' title='bbox 1276 1650 1320 1687; x_wconf 94' lang='lat' dir='ltr'><strong>et</strong></span> <span class='ocrx_word' id='word_1_299' title='bbox 1341 1658 1367 1686; x_wconf 90' lang='lat' dir='ltr'><strong>a</strong></span> <span class='ocrx_word' id='word_1_300' title='bbox 1384 1644 1533 1687; x_wconf 90' lang='lat' dir='ltr'><strong>verbis</strong></span> <span class='ocrx_word' id='word_1_301' title='bbox 1552 1643 1790 1696; x_wconf 76' lang='lat' dir='ltr'><strong>impierum</strong></span> <span class='ocrx_word' id='word_1_302' title='bbox 1806 1654 1896 1682; x_wconf 94' lang='lat' dir='ltr'><strong>non</strong></span> 
     </span>
     <span class='ocr_line' id='line_1_66' title="bbox 1057 1700 1896 1750; baseline -0.008 -5"><span class='ocrx_word' id='word_1_303' title='bbox 1057 1703 1217 1746; x_wconf 87' lang='lat' dir='ltr'><strong>timuit:</strong></span> <span class='ocrx_word' id='word_1_304' title='bbox 1252 1701 1463 1743; x_wconf 87' lang='lat' dir='ltr'><strong>fundatus</strong></span> <span class='ocrx_word' id='word_1_305' title='bbox 1493 1700 1608 1742; x_wconf 92' lang='lat' dir='ltr'><strong>enim</strong></span> <span class='ocrx_word' id='word_1_306' title='bbox 1638 1703 1732 1740; x_wconf 90' lang='lat' dir='ltr'><strong>erat</strong></span> <span class='ocrx_word' id='word_1_307' title='bbox 1761 1710 1896 1750; x_wconf 89' lang='lat' dir='ltr'><strong>supra</strong></span> 
     </span>
     <span class='ocr_line' id='line_1_67' title="bbox 1058 1760 1434 1811; baseline -0.008 -10"><span class='ocrx_word' id='word_1_308' title='bbox 1058 1760 1232 1801; x_wconf 90' lang='lat' dir='ltr'><strong>firmam</strong></span> <span class='ocrx_word' id='word_1_309' title='bbox 1251 1763 1434 1811; x_wconf 90' lang='lat' dir='ltr'><strong>petram.</strong></span> 
     </span>
    </p>
   </div>
   <div class='ocr_carea' id='block_1_16' title="bbox 1055 1819 1928 1991">
    <p class='ocr_par' dir='ltr' id='par_1_19' title="bbox 1055 1819 1928 1991">
     <span class='ocr_line' id='line_1_68' title="bbox 1116 1819 1897 1871; baseline -0.006 -7"><span class='ocrx_word' id='word_1_310' title='bbox 1116 1819 1166 1871; x_wconf 66' lang='lat' dir='ltr'><strong>V.</strong></span> <span class='ocrx_word' id='word_1_311' title='bbox 1196 1824 1349 1866; x_wconf 83' lang='lat' dir='ltr'><strong>Gloria</strong></span> <span class='ocrx_word' id='word_1_312' title='bbox 1385 1828 1430 1865; x_wconf 93' lang='lat' dir='ltr'><strong>et</strong></span> <span class='ocrx_word' id='word_1_313' title='bbox 1464 1822 1634 1864; x_wconf 76' lang='lat' dir='ltr'><strong>honere</strong></span> <span class='ocrx_word' id='word_1_314' title='bbox 1671 1819 1897 1862; x_wconf 87' lang='lat' dir='ltr'><strong>coronasti</strong></span> 
     </span>
     <span class='ocr_line' id='line_1_69' title="bbox 1061 1876 1928 1935; baseline -0.009 -11"><span class='ocrx_word' id='word_1_315' title='bbox 1061 1895 1162 1924; x_wconf 93' lang='lat' dir='ltr'><strong>eum</strong></span> <span class='ocrx_word' id='word_1_316' title='bbox 1196 1881 1397 1923; x_wconf 77' lang='lat' dir='ltr'><strong>Demine.</strong></span> <span class='ocrx_word' id='word_1_317' title='bbox 1445 1879 1498 1930; x_wconf 73' lang='lat' dir='ltr'><strong>Rz.</strong></span> <span class='ocrx_word' id='word_1_318' title='bbox 1533 1878 1592 1920; x_wconf 90' lang='lat' dir='ltr'><strong>Et</strong></span> <span class='ocrx_word' id='word_1_319' title='bbox 1628 1876 1897 1919; x_wconf 86' lang='lat' dir='ltr'><strong>constituisti</strong></span> <span class='ocrx_word' id='word_1_320' title='bbox 1919 1932 1928 1935; x_wconf 44' lang='grc'>-</span> 
     </span>
     <span class='ocr_line' id='line_1_70' title="bbox 1055 1934 1896 1991; baseline -0.012 -8"><span class='ocrx_word' id='word_1_321' title='bbox 1055 1952 1161 1985; x_wconf 69' lang='lat' dir='ltr'><strong>,eum</strong></span> <span class='ocrx_word' id='word_1_322' title='bbox 1180 1950 1314 1991; x_wconf 89' lang='lat' dir='ltr'><strong>super</strong></span> <span class='ocrx_word' id='word_1_323' title='bbox 1331 1939 1468 1990; x_wconf 79' lang='lat' dir='ltr'><strong>epera</strong></span> <span class='ocrx_word' id='word_1_324' title='bbox 1483 1937 1693 1977; x_wconf 81' lang='lat' dir='ltr'><strong>manuum</strong></span> <span class='ocrx_word' id='word_1_325' title='bbox 1710 1934 1896 1976; x_wconf 89' lang='lat' dir='ltr'><strong>tuarum.</strong></span> 
     </span>
    </p>
   </div>
   <div class='ocr_carea' id='block_1_17' title="bbox 1404 2000 1593 2042">
    <p class='ocr_par' dir='ltr' id='par_1_20' title="bbox 1404 2000 1593 2042">
     <span class='ocr_line' id='line_1_71' title="bbox 1404 2000 1593 2042; baseline -0.016 0"><span class='ocrx_word' id='word_1_326' title='bbox 1404 2000 1568 2042; x_wconf 90' lang='lat' dir='ltr'><strong>Oratio.</strong></span> <span class='ocrx_word' id='word_1_327' title='bbox 1588 2014 1593 2030; x_wconf 78' lang='lat'><strong><em>¹</em></strong></span> 
     </span>
    </p>
   </div>
   <div class='ocr_carea' id='block_1_18' title="bbox 1060 2058 1897 2289">
    <p class='ocr_par' dir='ltr' id='par_1_21' title="bbox 1154 2058 1897 2116">
     <span class='ocr_line' id='line_1_72' title="bbox 1154 2058 1897 2116; baseline -0.012 -9"><span class='ocrx_word' id='word_1_328' title='bbox 1154 2078 1248 2114; x_wconf 91' lang='lat' dir='ltr'><strong>eus,</strong></span> <span class='ocrx_word' id='word_1_329' title='bbox 1295 2063 1370 2116; x_wconf 90' lang='lat' dir='ltr'><strong>qui</strong></span> <span class='ocrx_word' id='word_1_330' title='bbox 1408 2074 1491 2104; x_wconf 92' lang='lat' dir='ltr'><strong>nos</strong></span> <span class='ocrx_word' id='word_1_331' title='bbox 1522 2060 1644 2103; x_wconf 89' lang='lat' dir='ltr'><strong>beati</strong></span> <span class='ocrx_word' id='word_1_332' title='bbox 1675 2058 1897 2102; x_wconf 90' lang='lat' dir='ltr'><strong>Saturnini</strong></span> 
     </span>
    </p>

    <p class='ocr_par' dir='ltr' id='par_1_22' title="bbox 1060 2115 1896 2289">
     <span class='ocr_line' id='line_1_73' title="bbox 1157 2115 1896 2174; baseline -0.012 -10"><span class='ocrx_word' id='word_1_333' title='bbox 1157 2121 1366 2174; x_wconf 86' lang='lat' dir='ltr'><strong>Martyris</strong></span> <span class='ocrx_word' id='word_1_334' title='bbox 1384 2119 1450 2161; x_wconf 92' lang='lat' dir='ltr'><strong>tui</strong></span> <span class='ocrx_word' id='word_1_335' title='bbox 1468 2116 1676 2160; x_wconf 87' lang='lat' dir='ltr'><strong>concedis</strong></span> <span class='ocrx_word' id='word_1_336' title='bbox 1695 2115 1896 2157; x_wconf 89' lang='lat' dir='ltr'><strong>natalitio</strong></span> 
     </span>
     <span class='ocr_line' id='line_1_74' title="bbox 1060 2171 1896 2233; baseline -0.011 -12"><span class='ocrx_word' id='word_1_337' title='bbox 1060 2179 1242 2233; x_wconf 88' lang='lat' dir='ltr'><strong>perfrui:</strong></span> <span class='ocrx_word' id='word_1_338' title='bbox 1262 2178 1354 2230; x_wconf 90' lang='lat' dir='ltr'><strong>ejus</strong></span> <span class='ocrx_word' id='word_1_339' title='bbox 1372 2188 1455 2217; x_wconf 93' lang='lat' dir='ltr'><strong>nos</strong></span> <span class='ocrx_word' id='word_1_340' title='bbox 1474 2173 1620 2216; x_wconf 92' lang='lat' dir='ltr'><strong>tribue</strong></span> <span class='ocrx_word' id='word_1_341' title='bbox 1639 2172 1806 2215; x_wconf 87' lang='lat' dir='ltr'><strong>meritis</strong></span> <span class='ocrx_word' id='word_1_342' title='bbox 1823 2171 1896 2213; x_wconf 91' lang='lat' dir='ltr'><strong>ad-</strong></span> 
     </span>
     <span class='ocr_line' id='line_1_75' title="bbox 1062 2231 1595 2289; baseline -0.013 -11"><span class='ocrx_word' id='word_1_343' title='bbox 1062 2236 1212 2289; x_wconf 85' lang='lat' dir='ltr'><strong>juvari.</strong></span> <span class='ocrx_word' id='word_1_344' title='bbox 1238 2235 1325 2275; x_wconf 91' lang='lat' dir='ltr'><strong>Per</strong></span> <span class='ocrx_word' id='word_1_345' title='bbox 1344 2231 1595 2274; x_wconf 78' lang='lat' dir='ltr'><strong>Deminum.</strong></span> 
     </span>
    </p>
   </div>
   <div class='ocr_carea' id='block_1_19' title="bbox 1065 2326 1900 2782">
    <p class='ocr_par' dir='ltr' id='par_1_23' title="bbox 1216 2326 1749 2434">
     <span class='ocr_line' id='line_1_76' title="bbox 1367 2326 1601 2377; baseline -0.009 -9"><span class='ocrx_word' id='word_1_346' title='bbox 1367 2330 1418 2368; x_wconf 86' lang='lat' dir='ltr'><strong>In</strong></span> <span class='ocrx_word' id='word_1_347' title='bbox 1437 2326 1601 2377; x_wconf 76' lang='lat' dir='ltr'><strong>vigilia</strong></span> 
     </span>
     <span class='ocr_line' id='line_1_77' title="bbox 1216 2382 1749 2434; baseline -0.009 -7"><span class='ocrx_word' id='word_1_348' title='bbox 1216 2386 1260 2427; x_wconf 82' lang='lat' dir='ltr'><strong>S.</strong></span> <span class='ocrx_word' id='word_1_349' title='bbox 1283 2384 1502 2426; x_wconf 81' lang='lat' dir='ltr'><strong>Andreae</strong></span> <span class='ocrx_word' id='word_1_350' title='bbox 1531 2382 1749 2434; x_wconf 84' lang='lat' dir='ltr'><strong>Apostoli.</strong></span> 
     </span>
    </p>

    <p class='ocr_par' dir='ltr' id='par_1_24' title="bbox 1066 2443 1900 2625">
     <span class='ocr_line' id='line_1_78' title="bbox 1119 2443 1900 2481; baseline -0.004 -1"><span class='ocrx_word' id='word_1_351' title='bbox 1119 2446 1159 2481; x_wconf 89' lang='lat' dir='ltr'><strong>Si</strong></span> <span class='ocrx_word' id='word_1_352' title='bbox 1191 2446 1348 2479; x_wconf 88' lang='lat' dir='ltr'><strong>Festum</strong></span> <span class='ocrx_word' id='word_1_353' title='bbox 1381 2444 1416 2479; x_wconf 89' lang='lat' dir='ltr'><strong>S.</strong></span> <span class='ocrx_word' id='word_1_354' title='bbox 1448 2444 1618 2478; x_wconf 86' lang='lat' dir='ltr'><strong>Andreae</strong></span> <span class='ocrx_word' id='word_1_355' title='bbox 1649 2444 1800 2478; x_wconf 77' lang='lat' dir='ltr'><strong>venerit</strong></span> <span class='ocrx_word' id='word_1_356' title='bbox 1832 2443 1900 2477; x_wconf 82' lang='lat' dir='ltr'><strong>Fe-</strong></span> 
     </span>
     <span class='ocr_line' id='line_1_79' title="bbox 1067 2491 1899 2536; baseline -0.005 -8"><span class='ocrx_word' id='word_1_357' title='bbox 1067 2494 1122 2528; x_wconf 84' lang='lat' dir='ltr'><strong>ria</strong></span> <span class='ocrx_word' id='word_1_358' title='bbox 1147 2494 1205 2531; x_wconf 85' lang='lat'><strong>11..</strong></span> <span class='ocrx_word' id='word_1_359' title='bbox 1230 2494 1277 2527; x_wconf 91' lang='lat' dir='ltr'><strong>de</strong></span> <span class='ocrx_word' id='word_1_360' title='bbox 1301 2493 1449 2536; x_wconf 81' lang='lat' dir='ltr'><strong>Vigilia</strong></span> <span class='ocrx_word' id='word_1_361' title='bbox 1472 2492 1514 2526; x_wconf 91' lang='lat' dir='ltr'><strong>fit</strong></span> <span class='ocrx_word' id='word_1_362' title='bbox 1539 2491 1717 2526; x_wconf 87' lang='lat' dir='ltr'><strong>Officium</strong></span> <span class='ocrx_word' id='word_1_363' title='bbox 1742 2492 1782 2525; x_wconf 91' lang='lat' dir='ltr'><strong>in</strong></span> <span class='ocrx_word' id='word_1_364' title='bbox 1807 2491 1899 2525; x_wconf 83' lang='lat' dir='ltr'><strong>Sab-</strong></span> 
     </span>
     <span class='ocr_line' id='line_1_80' title="bbox 1066 2539 1900 2585; baseline -0.005 -8"><span class='ocrx_word' id='word_1_365' title='bbox 1066 2544 1157 2577; x_wconf 84' lang='lat' dir='ltr'><strong>bato</strong></span> <span class='ocrx_word' id='word_1_366' title='bbox 1184 2542 1349 2585; x_wconf 84' lang='lat' dir='ltr'><strong>praeced.</strong></span> <span class='ocrx_word' id='word_1_367' title='bbox 1372 2546 1409 2575; x_wconf 88' lang='lat' dir='ltr'><strong>et</strong></span> <span class='ocrx_word' id='word_1_368' title='bbox 1431 2551 1627 2575; x_wconf 89' lang='lat' dir='ltr'><strong>commem.</strong></span> <span class='ocrx_word' id='word_1_369' title='bbox 1649 2540 1684 2575; x_wconf 90' lang='lat' dir='ltr'><strong>S.</strong></span> <span class='ocrx_word' id='word_1_370' title='bbox 1702 2539 1900 2575; x_wconf 84' lang='lat' dir='ltr'><strong>Saturnini</strong></span> 
     </span>
     <span class='ocr_line' id='line_1_81' title="bbox 1067 2590 1343 2625; baseline -0.007 0"><span class='ocrx_word' id='word_1_371' title='bbox 1067 2592 1105 2625; x_wconf 94' lang='lat' dir='ltr'><strong>in</strong></span> <span class='ocrx_word' id='word_1_372' title='bbox 1128 2590 1343 2625; x_wconf 86' lang='lat' dir='ltr'><strong>Dommica.</strong></span> 
     </span>
    </p>

    <p class='ocr_par' dir='ltr' id='par_1_25' title="bbox 1065 2638 1899 2782">
     <span class='ocr_line' id='line_1_82' title="bbox 1122 2638 1899 2683; baseline -0.008 -6"><span class='ocrx_word' id='word_1_373' title='bbox 1122 2643 1228 2678; x_wconf 86' lang='lat' dir='ltr'><strong>Offic.</strong></span> <span class='ocrx_word' id='word_1_374' title='bbox 1254 2643 1295 2677; x_wconf 81' lang='lat' dir='ltr'><strong>fit</strong></span> <span class='ocrx_word' id='word_1_375' title='bbox 1319 2643 1366 2677; x_wconf 85' lang='lat' dir='ltr'><strong>dc</strong></span> <span class='ocrx_word' id='word_1_376' title='bbox 1390 2642 1518 2683; x_wconf 83' lang='lat' dir='ltr'><strong>Feria‚</strong></span> <span class='ocrx_word' id='word_1_377' title='bbox 1543 2646 1584 2676; x_wconf 90' lang='lat' dir='ltr'><strong>ut</strong></span> <span class='ocrx_word' id='word_1_378' title='bbox 1609 2641 1753 2675; x_wconf 87' lang='lat' dir='ltr'><strong>dictum</strong></span> <span class='ocrx_word' id='word_1_379' title='bbox 1778 2644 1835 2673; x_wconf 87' lang='lat' dir='ltr'><strong>est</strong></span> <span class='ocrx_word' id='word_1_380' title='bbox 1859 2638 1899 2671; x_wconf 91' lang='lat' dir='ltr'><strong>in</strong></span> 
     </span>
     <span class='ocr_line' id='line_1_83' title="bbox 1065 2688 1899 2734; baseline -0.007 -8"><span class='ocrx_word' id='word_1_381' title='bbox 1065 2689 1246 2726; x_wconf 82' lang='lat' dir='ltr'><strong>Rubricis</strong></span> <span class='ocrx_word' id='word_1_382' title='bbox 1272 2691 1530 2734; x_wconf 76' lang='lat' dir='ltr'><strong>generalibus,</strong></span> <span class='ocrx_word' id='word_1_383' title='bbox 1556 2700 1642 2724; x_wconf 91' lang='lat' dir='ltr'><strong>cum</strong></span> <span class='ocrx_word' id='word_1_384' title='bbox 1666 2688 1837 2723; x_wconf 88' lang='lat' dir='ltr'><strong>Homilia</strong></span> <span class='ocrx_word' id='word_1_385' title='bbox 1862 2691 1899 2721; x_wconf 91' lang='lat' dir='ltr'><strong>et</strong></span> 
     </span>
     <span class='ocr_line' id='line_1_84' title="bbox 1067 2738 1689 2782; baseline -0.005 -8"><span class='ocrx_word' id='word_1_386' title='bbox 1067 2740 1250 2774; x_wconf 84' lang='lat' dir='ltr'><strong>Oratione</strong></span> <span class='ocrx_word' id='word_1_387' title='bbox 1276 2740 1323 2773; x_wconf 89' lang='lat' dir='ltr'><strong>de</strong></span> <span class='ocrx_word' id='word_1_388' title='bbox 1345 2739 1492 2782; x_wconf 80' lang='lat' dir='ltr'><strong>Vigilia</strong></span> <span class='ocrx_word' id='word_1_389' title='bbox 1515 2743 1556 2773; x_wconf 88' lang='lat' dir='ltr'><strong>ut</strong></span> <span class='ocrx_word' id='word_1_390' title='bbox 1579 2738 1689 2772; x_wconf 83' lang='lat' dir='ltr'><strong>infra.</strong></span> 
     </span>
    </p>
   </div>
   <div class='ocr_carea' id='block_1_20' title="bbox 97 141 1970 2832">
    <p class='ocr_par' dir='ltr' id='par_1_26' title="bbox 97 141 1970 2832">
     <span class='ocr_line' id='line_1_85' title="bbox 97 141 1970 2832; baseline 0 0"><span class='ocrx_word' id='word_1_391' title='bbox 97 141 1970 2832; x_wconf 95' lang='lat' dir='ltr'><strong> </strong></span> 
     </span>
    </p>
   </div>
  </div>
 </body>
</html>
