2040 2944
618 201 722 236 Infra
745 202 1041 236 Hebdomadam
1065 203 1116 237 iii.
1143 203 1388 246 Septembris.

147 294 250 336 tatis
281 293 447 336 unitate
480 295 719 336 constituit:
763 300 811 337 ut
845 309 975 338 nemo

148 349 407 401 ambigeret,
443 351 540 392 Deo
569 363 616 392 se
645 350 820 402 offerre,
856 352 976 405 quod

147 405 313 448 homini
358 407 629 456 contulisset,
675 407 847 450 dicente
887 410 974 451 Do-

147 462 265 504 mino
297 462 543 512 Salvatore‚
584 476 683 505 cum
719 464 774 506 de
807 465 976 507 alendis

147 519 435 572 juvandisque
473 520 742 572 pauperibus
779 521 976 573 loquere-

147 580 232 616 tur:
256 575 386 626 Quod
405 576 479 617 uni
498 578 651 617 eorum
670 577 849 627 fecistis,
872 578 977 618 mihi

149 631 323 674 fecistis.
365 632 531 682 Quarta
552 633 683 684 igitur
707 638 750 674 et
773 639 897 675 sexta
919 634 976 675 fe-

148 689 213 730 ria
237 689 487 741 jejunemus3
516 688 702 731 sabbato
726 703 833 731 vero
858 690 978 744 apud

149 744 327 786 beatum
358 745 538 787 Petrum
569 745 837 798 Apostolum
873 747 977 798 vigi-

149 800 230 842 lias
250 800 535 843 celebremus:
564 802 684 853 cujus
707 815 789 844 nos
812 803 978 845 meritis

151 862 195 899 et
222 857 506 899 orationibus·
528 857 746 900 credimus
775 858 977 912 adjuvan-

151 913 248 964 dos,
288 918 337 955 ut
375 913 652 956 misericordi
687 915 784 957 Deo
823 916 978 967 jejunio

149 974 303 1012 nostro
324 974 367 1012 et
387 969 623 1012 devotione
642 971 906 1024 placeamus.

204 1039 255 1091 R.
287 1036 484 1088 Tempus
517 1041 584 1078 est
615 1042 664 1078 ut
696 1039 891 1079 revertar
922 1037 979 1079 ad

151 1104 266 1142 eum,
299 1092 374 1143 qui
404 1091 523 1133 misit
553 1105 639 1134 me:
663 1095 685 1119 *
710 1093 804 1134 Vos
833 1098 979 1135 autem

150 1147 398 1190 benedicite
430 1148 592 1199 Deum,
625 1154 669 1191 et
701 1152 901 1191 enarrate
935 1152 978 1191 o-

150 1204 268 1245 mnia
299 1203 514 1246 mirabilia
546 1205 647 1256 ejus.
707 1202 757 1254 V.
793 1206 978 1248 Confite-

150 1260 255 1301 mini
274 1260 314 1302 ei
333 1273 484 1302 coram
503 1261 706 1303 omnibus
722 1262 978 1313 viventibus,

152 1316 254 1368 quia
271 1316 375 1358 fecit
389 1317 617 1359 vobiscum
634 1318 979 1360 misericerdiam

151 1385 285 1415 suam.
313 1373 419 1415 Vos.
450 1373 600 1416 Gloria
618 1374 750 1416 Patri.
778 1375 884 1417 Vos.

203 1442 254 1536 {h
285 1441 354 1483 vii.
394 1439 720 1481 Tribulationes
753 1440 979 1482 civitatum

151 1507 206 1535 au
239 1494 407 1544 ivimus,
429 1508 537 1548 quas
557 1508 703 1548 passae
719 1501 828 1546 sunt,
849 1501 893 1538 et
908 1497 978 1538 de-

149 1550 345 1592 fecimus:
364 1551 498 1595 timor
517 1558 560 1594 et
577 1551 801 1594 hebetudo
822 1554 979 1595 mentis

151 1607 310 1649 cecidit
329 1621 462 1660 super
480 1621 576 1658 nos,
601 1614 644 1651 et
663 1621 795 1661 super
814 1609 979 1651 liberos

150 1668 343 1706 nostros:
380 1665 465 1717 ipsi
491 1670 664 1707 montes
691 1665 846 1707 nolunt
872 1668 978 1707 reci-

149 1732 256 1773 pere
275 1720 422 1772 fugam
436 1726 646 1763 nostram:
662 1724 685 1749 *
695 1722 885 1764 Domine
904 1723 979 1763 mi-

150 1778 308 1818 serere.
344 1776 395 1828 V.
416 1778 701 1819 Peccavimus
728 1791 826 1820 cum
845 1779 977 1831 patri-

150 1831 233 1875 bus
252 1834 430 1883 nostris,
449 1834 605 1886 injuste
625 1835 806 1886 egimus,
825 1835 977 1887 iniqui-

150 1891 290 1931 tatem
306 1889 500 1931 fecimus.
528 1891 726 1933 Domine.

205 1959 256 2010 R.
290 1956 374 1998 viii.
418 1955 520 1997 Duo
557 1956 785 2008 Seraphim
822 1956 977 1998 clame-

151 2009 258 2053 bant
286 2010 395 2053 alter
422 2011 480 2053 ad
506 2012 707 2054 alterum:
741 2013 764 2037 *
782 2013 977 2063 Sanctus,

152 2071 344 2118 sanctuS,
385 2073 562 2110 sanctus
602 2069 816 2110 Dominus
857 2069 978 2111 Deus

151 2123 363 2165 Sabaoth:
387 2127 411 2152 *
435 2125 571 2166 Plena
599 2130 667 2167 est
695 2126 836 2167 omnis
863 2131 980 2167 terra

153 2179 292 2231 gloria
311 2181 413 2232 ejus.
447 2176 500 2228 V.
515 2181 626 2222 Tres
650 2186 750 2223 sunt
769 2182 842 2234 qui
860 2183 978 2224 testi-

152 2236 345 2277 monium
367 2236 474 2278 dant
491 2237 536 2278 in
555 2237 686 2288 coelo,
707 2238 853 2288 Pater,
873 2239 980 2279 Ver-

152 2291 269 2343 bum,
289 2298 332 2335 et
349 2293 535 2346 Spiritus
555 2299 745 2336 sanctus:
766 2299 809 2336 et
827 2294 872 2335 hi
890 2299 980 2335 tres

153 2362 288 2390 unum
309 2354 420 2391 sunt.
450 2349 645 2391 Sanctus.
681 2350 833 2392 Gloria
850 2351 980 2392 Patri.

153 2405 298 2447 Plena.

207 2477 310 2510 Infra
328 2475 633 2517 chdomadam,
655 2475 738 2508 Fer.
755 2474 818 2508 IV.
837 2478 872 2508 et
889 2474 980 2507 Sab-

155 2525 247 2559 bato
278 2530 368 2569 post
392 2524 429 2558 ii.
456 2529 491 2558 et
514 2524 566 2558 iii.
591 2523 813 2557 Lectionem
842 2522 982 2555 dicitur

157 2573 194 2606 ii.
229 2577 266 2607 et
298 2572 350 2606 iii.
390 2571 696 2616 Responsorium
733 2570 759 2603 Ι.
793 2569 980 2603 Nocturni

156 2620 380 2655 Dominicae.

1795 204 1857 238 143

1203 300 1372 336 Feria
1407 299 1682 337 Secunda.

1244 356 1309 395 De
1333 352 1446 393 libro
1471 352 1638 394 Tobiae.

1136 412 1286 454 Lectio
1310 414 1333 453 i.
1598 414 1699 465 Cap.
1719 414 1754 453 2.

1058 479 1097 519 Γ)
1120 474 1189 510 ost
1212 468 1308 510 haec
1333 482 1455 519 vero,
1489 483 1587 511 cum
1617 474 1734 511 esset
1763 469 1855 511 dies

1058 522 1113 568 [ἒξ-’ᾗ
1135 524 1272 566 festus
1289 525 1476 574 Domini,
1496 531 1539 567 et
1558 527 1720 567 factum
1741 531 1857 567 esset

1030 580 1263 633 prandium
1286 580 1450 622 bonum
1472 582 1515 622 in
1539 582 1671 623 domo
1691 581 1856 632 Tobiae,

1031 636 1140 678 dixit
1160 637 1251 678 filio
1272 650 1367 678 suo:
1391 638 1532 688 Vade,
1557 644 1600 680 et
1619 638 1764 680 adduc
1784 638 1855 679 ali-

1032 706 1143 745 quos
1189 693 1244 735 de
1286 694 1404 735 tribu
1445 700 1609 744 nostra,
1653 695 1856 736 timentes

1031 750 1190 799 Deum,
1243 755 1290 791 ut
1339 751 1570 802 epulentur
1617 751 1856 792 nobiscum.

1033 806 1228 858 Cumque
1248 806 1444 856 abiisset,
1470 809 1670 848 reversus
1690 808 1856 848 nuntia-

1031 863 1094 908 vit
1113 863 1166 911 ei,
1193 876 1326 903 unum
1350 875 1404 904 ex
1423 863 1523 904 filiis
1542 864 1678 904 Israel
1698 863 1856 914 jugula-

1031 924 1124 959 tum
1157 919 1297 970 jacere
1330 919 1373 959 in
1404 919 1562 971 platea.
1616 920 1856 971 Statimque

1033 975 1235 1016 exsiliens
1269 974 1323 1016 de
1356 975 1560 1016 accubitu
1594 988 1690 1023 suo,
1731 975 1856 1016 relin-

1033 1044 1169 1083 quens
1193 1031 1443 1083 prandium,
1471 1032 1636 1083 jejunus
1659 1032 1858 1084 pervenit

1031 1087 1088 1129 ad
1112 1100 1288 1140 corpus:
1310 1087 1558 1139 tollensque
1581 1087 1688 1129 illud
1712 1090 1857 1140 porta-

1030 1144 1094 1185 vit
1125 1143 1182 1185 ad
1215 1143 1394 1185 domum
1425 1157 1549 1184 suam
1581 1145 1770 1193 occulte,
1809 1150 1858 1185 ut

1032 1199 1135 1242 dum
1161 1200 1229 1241 sol
1256 1200 1549 1250 occubuisset,
1579 1206 1705 1242 caute
1734 1213 1854 1253 sepe-

1031 1257 1130 1299 liret
1149 1270 1260 1298 eum.

1087 1318 1137 1369 R'·
1159 1314 1269 1355 Peto
1290 1313 1488 1354 Domine.
1507 1315 1587 1354 141.

1343 1370 1495 1411 Lectio
1516 1371 1554 1410 ii.

1036 1424 1323 1530 A‘guebant
1369 1430 1515 1467 autem
1563 1438 1661 1466 eum
1706 1436 1857 1465 omnes

1140 1482 1330 1534 proximi
1367 1483 1473 1534 ejus,
1513 1482 1720 1522 dicentes:
1763 1480 1859 1520 Jam

1031 1538 1156 1590 hujus
1181 1539 1244 1579 rei
1270 1551 1402 1579 causa
1426 1538 1610 1579 interfici
1634 1539 1773 1588 jussus
1802 1549 1858 1585 es,

1032 1599 1076 1636 et
1104 1595 1177 1635 vix
1206 1594 1395 1645 effugisti
1428 1595 1581 1636 mortis
1612 1593 1858 1646 imperium,

1032 1656 1075 1692 et
1110 1653 1268 1692 iterum
1305 1651 1466 1704 sepelis
1502 1648 1725 1696 mortuos?
1771 1648 1858 1690 Sed

1031 1707 1196 1748 Tobias
1224 1707 1323 1759 plus
1351 1707 1508 1748 timens
1537 1707 1696 1755 Deum,
1728 1718 1858 1758 quam

1031 1776 1196 1814 regem,
1239 1763 1439 1815 rapiebat
1472 1765 1660 1815 corpora
1692 1762 1856 1803 occiso-

1030 1833 1137 1869 rum,
1157 1824 1201 1861 et
1220 1819 1471 1861 occultabat
1489 1820 1532 1860 in
1553 1819 1685 1860 domo
1707 1831 1794 1868 sua,
1815 1822 1858 1858 et

1031 1875 1186 1917 mediis
1201 1875 1405 1918 noctibus
1421 1875 1662 1929 sepeliebat
1675 1888 1735 1916 ea.
1757 1875 1859 1915 Con-

1031 1933 1130 1983 tigit
1154 1938 1300 1974 autem
1325 1938 1373 1974 ut
1399 1931 1590 1984 quadam
1613 1931 1683 1973 die
1708 1931 1857 1981 fatiga-

1030 1994 1100 2031 tus
1121 2002 1146 2030 a
1165 1989 1401 2041 sepultura,
1421 1989 1598 2030 veniens
1616 1988 1660 2028 in
1680 1987 1857 2029 domum

1031 2059 1172 2095 suam,
1200 2046 1405 2096 jactasset
1428 2058 1475 2086 se
1498 2046 1616 2097 juxta
1634 2046 1857 2097 parietem,

1033 2107 1076 2143 et
1101 2101 1414 2151 obdormisset,
1442 2106 1485 2142 et
1508 2114 1562 2142 ex
1585 2100 1688 2141 nido
1713 2099 1856 2140 hirun-

1033 2157 1182 2199 dinum
1219 2157 1452 2199 dormienti
1487 2157 1548 2197 illi
1581 2156 1722 2198 calida
1754 2157 1857 2196 ster-

1033 2227 1136 2255 cora
1160 2212 1402 2255 inciderent
1428 2225 1560 2265 super
1584 2212 1736 2254 oculos
1757 2212 1858 2263 ejus,

1032 2270 1244 2322 fieretque
1265 2282 1419 2311 caecus.
1453 2270 1579 2310 Hanc
1603 2273 1749 2310 autem
1769 2273 1857 2309 ten-

1031 2327 1243 2368 tationem
1278 2325 1379 2367 ideo
1415 2325 1614 2378 permisit
1644 2324 1858 2365 Dominus

1034 2385 1207 2424 evenire
1226 2381 1298 2431 illi,
1318 2386 1366 2423 ut
1383 2382 1573 2434 posteris
1593 2381 1769 2423 daretur
1789 2393 1857 2422 ex-

1034 2438 1226 2490 emplum
1261 2437 1484 2490 patientiae
1521 2439 1628 2490 ejus,
1666 2437 1778 2478 sicut
1814 2440 1857 2477 et

1034 2494 1173 2535 sancti
1190 2494 1214 2534 J
1217 2493 1285 2535 ob.

1088 2550 1139 2600 R.
1164 2550 1292 2591 Omni
1310 2551 1521 2602 tempore.
1542 2550 1621 2589 141.

1335 2602 1488 2643 Lectio
1507 2602 1563 2642 iii.

1036 2654 1199 2760 Nam
1227 2675 1325 2704 cum
1353 2662 1408 2704 ab
1436 2663 1616 2703 infantia
1644 2673 1721 2702 sua
1749 2671 1855 2700 sem-

1145 2732 1225 2771 per
1252 2719 1396 2760 Deum
1422 2718 1629 2768 timuerit,
1670 2721 1713 2758 et
1739 2727 1855 2756 man·
