2040 2944
694 191 804 226 Feria
828 192 938 226 tertia
963 193 1012 226 ad
1036 193 1270 228 Matutinum.
1789 195 1833 231 55

137 283 429 334 magnificavit
458 295 589 336 super
615 297 684 326 me
712 285 958 338 supplanta-

136 339 310 381 tionem.
937 380 941 385 ¹

190 396 259 438 Tu
278 402 422 439 autem
440 397 626 439 Demine
644 398 850 440 miserere
863 399 958 448 mei,

139 457 183 495 et
200 454 412 496 resuscita
427 467 512 496 me:
530 455 553 480 *
567 458 611 496 et
629 454 865 497 retribuam
887 456 959 496 eis.

189 510 241 550 In
259 510 344 552 hoc
364 511 550 562 cognovi
567 511 771 564 quoniam
785 511 960 553 voluisti

137 579 222 608 me:
249 567 273 592 *
308 567 511 620 queniam
537 580 625 609 non
652 567 859 618 gaudebit
885 568 958 608 ini-

137 625 275 665 micus
302 636 424 666 meus
451 636 583 677 super
608 637 689 666 me.

189 679 261 722 Me
289 685 434 723 autem
460 685 643 734 propter
670 681 960 723 innocentiam

138 737 382 790 suscepisti:
408 737 432 764 *
456 742 499 779 et
527 737 794 779 confirmasti
820 751 891 779 me
917 738 961 778 in

138 796 377 846 conspectu
403 799 479 836 tuo
507 794 551 835 in
579 796 800 836 aeternum.

189 850 453 892 Benedictus
464 850 677 892 Dominus
692 851 812 892 Deus
826 851 961 892 Israel

138 919 164 947 a
190 907 351 949 saeculo
380 913 424 949 et
450 920 590 960 usque
617 907 660 948 in
688 907 909 949 saeculum:
937 908 960 934 *

137 963 224 1013 fiat,
249 964 336 1006 fiat.

403 1024 599 1065 Psalmus
627 1026 685 1065 41.

136 1073 561 1199 Quemadmodum
573 1090 792 1132 desiderat
806 1103 960 1131 cervus

241 1146 298 1189 ad
319 1147 461 1189 fontes
480 1149 705 1200 aquarum:
722 1148 745 1173 *
768 1148 829 1189 ita
851 1146 959 1188 desi-

138 1203 263 1246 derat
291 1204 433 1245 anima
459 1217 557 1246 mea
584 1203 640 1245 ad
667 1209 711 1246 te
738 1204 868 1246 Deus.

187 1265 330 1307 Sitivit
354 1265 496 1306 anima
514 1277 612 1306 mea
635 1264 692 1306 ad
709 1265 851 1307 Deum
876 1265 959 1307 for—

137 1326 226 1364 tem
253 1321 414 1363 vivum:
441 1322 464 1347 *
493 1321 668 1374 quando
696 1322 881 1372 veniam,
917 1327 961 1364 et

137 1378 361 1432 apparebo
390 1383 489 1420 ante
516 1378 672 1420 faciem
699 1377 805 1420 Dei?

188 1439 380 1482 Fuerunt
400 1438 505 1480 mihi
531 1439 723 1480 lacrimae
748 1452 858 1481 meae
886 1451 958 1492 pa-

136 1507 213 1537 nes
246 1495 316 1538 die
350 1508 401 1538 ac
432 1500 577 1538 nocte:
609 1495 633 1522 *
667 1495 771 1538 dum
804 1495 960 1538 (11011111

135 1551 240 1594 1111111
260 1552 468 1606 quotidie:
495 1552 583 1595 Ubi
607 1557 673 1595 est
696 1553 816 1594 Deus
836 1550 959 1594 tuus?

187 1614 298 1656 Haec
324 1613 581 1656 recordatus
609 1627 720 1663 sum,
756 1619 799 1656 et
828 1613 961 1671 effudi

136 1669 180 1711 in
206 1684 276 1712 me
305 1670 491 1712 animam
518 1683 676 1712 meam:
704 1671 727 1696 *
757 1671 961 1723 quoniam

136 1726 331 1769 transibo
358 1727 402 1768 in
422 1726 567 1769 10011111
594 1726 863 1769 tabernaculi
887 1726 958 1768 ad-

136 1783 356 1834 mirabilis,
385 1796 523 1836 usque
551 1782 607 1825 ad
635 1783 813 1825 domum
839 1783 933 1825 Dei.

188 1845 239 1886 In
258 1858 368 1887 voce
393 1844 702 1894 exsultationis,
726 1849 770 1886 et
795 1844 959 1886 confes-

136 1901 285 1943 sionis:
312 1902 336 1928 *
364 1914 496 1944 sonus
523 1901 749 1954 epulantis.

189 1962 334 2014 Quare
365 1962 501 2005 tristis
534 1975 581 2004 es
615 1962 758 2004 anima
789 1960 910 2004 mea?
937 1962 960 1987 *

138 2023 182 2061 et
209 2032 343 2072 quare
371 2018 607 2061 conturbas
634 2017 727 2060 me?
900 2074 902 2076 v

188 2080 327 2134 Spera
359 2081 403 2122 in
433 2080 548 2130 Deo,
582 2080 786 2133 quoniam
818 2079 961 2122 adhuc

138 2136 381 2179 confitebor
390 2136 466 2178 illi:
475 2137 499 2163 *
511 2136 700 2179 salutare
711 2135 855 2178 vultus
865 2137 960 2187 mei,

138 2198 182 2235 et
207 2193 334 2236 Deus
355 2206 488 2235 meus.

189 2254 261 2297 Ad
281 2257 495 2308 meipsum
513 2254 655 2296 anima
673 2266 771 2296 mea
789 2258 959 2295 contur-

137 2309 241 2353 bata
268 2316 348 2354 est:
375 2312 399 2337 *
426 2312 662 2364 propterea
688 2323 855 2352 memor
883 2322 959 2351 ero

137 2367 199 2409 tui
228 2367 283 2410 de
309 2373 427 2410 terra
453 2367 672 2417 Jordanis‚
706 2372 749 2409 et
776 2367 958 2408 Hermo-

136 2423 241 2465 niim
267 2437 294 2465 a
319 2429 467 2467 monte
494 2423 680 2466 medico.

188 2484 386 2537 Abyssus
415 2485 619 2538 abyssum
647 2487 837 2533 invocat,
865 2483 888 2509 *
915 2483 958 2523 in

137 2553 246 2583 voce
274 2544 591 2594 cataractarum
622 2543 804 2583 tuarum.

189 2602 345 2644 Omnia
363 2602 535 2644 excelsa
552 2607 638 2651 tua,
657 2606 701 2643 et
721 2601 876 2642 fluetus
896 2598 958 2640 tui

137 2657 161 2683 *
187 2670 318 2711 super
344 2672 415 2700 me
442 2659 715 2701 transierunt.

187 2719 239 2759 In
264 2718 335 2761 die
357 2719 580 2761 mandavit
596 2718 809 2760 Deminus
833 2716 957 2757 mise-

1011 284 1243 327 ricordiam
1270 300 1406 328 suam:
1431 288 1455 314 *
1474 293 1518 330 et
1544 294 1673 331 nocte
1701 292 1830 333 canti-

1012 354 1110 382 cum
1137 343 1237 394 ejus.

1063 398 1195 450 Apud
1214 412 1283 441 me
1309 401 1448 442 oratio
1468 401 1564 443 Deo
1590 402 1691 444 vitae
1710 416 1830 452 meae,

1011 454 1034 479 *
1063 453 1204 496 dicam
1231 456 1342 497 Deo:
1369 457 1604 510 Susceptor
1626 472 1748 500 meus
1774 473 1830 501 es.

1064 512 1206 561 Quare
1226 511 1385 554 oblitus
1405 526 1451 554 es
1469 513 1576 555 mei?
1594 516 1617 540 *
1635 521 1678 557 01
1698 529 1831 568 quare

1013 568 1292 610 contristatus
1304 569 1470 619 incedo,
1485 570 1588 611 dum
1597 571 1750 623 affligit
1762 586 1831 614 me

1012 623 1230 666 inimicus?

1062 680 1179 721 Dum
1207 682 1532 734 confringuntur
1561 696 1660 725 ossa
1686 686 1831 735 mea,*

1013 737 1387 788 exprobraverunt
1406 739 1510 780 mihi
1531 741 1603 792 qui
1625 740 1831 783 tribulant

1011 806 1082 834 me
1109 807 1269 835 mimici
1294 808 1390 837 mel.

1063 850 1179 891 Dum
1214 850 1362 893 dicunt
1397 853 1501 893 mihi
1534 865 1612 905 per
1640 854 1830 904 singulos

1013 905 1120 947 dies:
1148 907 1234 949 Ubi
1261 914 1327 950 est
1353 909 1473 951 Deus
1500 908 1623 951 tuus?
1645 910 1667 935 *
1698 923 1830 962 quare

1012 963 1147 1004 tristis
1170 976 1215 1005 es
1236 965 1378 1007 anima
1392 979 1500 1016 mea,
1520 971 1563 1008 et
1579 979 1712 1019 quare
1732 980 1829 1009 con—

1011 1019 1162 1061 turbas
1190 1020 1282 1062 me?

1063 1076 1201 1129 Spera
1232 1078 1275 1118 in
1309 1078 1421 1128 Deo,
1456 1079 1659 1131 queniam
1691 1079 1832 1121 adhuc

1013 1133 1255 1175 confitebor
1294 1135 1369 1175 illi:
1405 1136 1428 1161 *
1464 1136 1651 1178 salutare
1688 1136 1830 1178 vultus

1012 1190 1107 1239 mei,
1136 1195 1180 1231 01
1205 1191 1325 1232 Deus
1352 1204 1485 1233 meus.

1063 1248 1162 1290 Ant.
1173 1248 1286 1288 Sana
1295 1247 1481 1290 Domine
1489 1249 1674 1290 animam
1680 1261 1831 1299 11103111,

1014 1303 1114 1355 quia
1142 1305 1321 1356 peccavi
1348 1304 1438 1346 tibi.

1064 1362 1162 1403 Ant.
1186 1361 1426 1403 Eructavit.

1276 1419 1471 1461 Psalmus
1500 1420 1563 1459 43.

1012 1470 1180 1577 Deus
1199 1474 1374 1516 auribus
1395 1475 1555 1516 nostris
1576 1474 1832 1516 audivimus:

1123 1531 1147 1556 *
1161 1536 1309 1583 patres
1324 1532 1462 1573 nostri
1475 1532 1832 1573 annuntiaverunt

1011 1586 1148 1629 nobis.
1553 1602 1558 1607 ·

1064 1643 1198 1696 opus,
1227 1643 1346 1696 quod
1373 1645 1579 1696 operatus
1608 1656 1653 1685 08
1681 1644 1724 1684 111
1745 1643 1830 1685 die-

1012 1699 1093 1741 bus
1114 1702 1274 1749 eorum,
1293 1701 1316 1726 *
1336 1705 1379 1742 01
1399 1701 1442 1740 111
1464 1699 1615 1741 diebus
1634 1700 1830 1752 antiquis.

1063 1756 1216 1798 Manus
1231 1762 1305 1798 tua
1321 1756 1485 1798 Gentes
1504 1755 1770 1809 disperdidit,
1788 1761 1830 1797 et

1012 1813 1218 1866 plantasti
1246 1826 1337 1854 eos:
1365 1814 1388 1838 *
1416 1813 1606 1854 afflixisti
1632 1812 1829 1865 pepulos‚

1013 1875 1056 1911 et
1084 1869 1287 1922 expulisti
1314 1882 1400 1911 eos.

1060 1926 1155 1967 Nec
1183 1926 1296 1967 enim
1330 1926 1372 1967 in
1400 1924 1546 1976 gladio
1574 1938 1653 1967 8110
1682 1937 1827 1977 posse-

1013 1981 1169 2024 derunt
1178 1987 1350 2032 terram,
1357 1983 1380 2008 *
1388 1987 1431 2024 et
1444 1981 1668 2023 brachium
1682 1983 1830 2022 eorum

1008 2051 1099 2080 non
1126 2039 1309 2080 salvavit
1337 2051 1427 2080 eos:

1062 2095 1150 2137 Sed
1186 2094 1365 2137 dextera
1400 2099 1490 2145 tua,
1527 2099 1571 2135 et
1606 2092 1829 2134 brachium

1011 2156 1148 2201 tuum,
1181 2157 1225 2194 et
1251 2151 1504 2193 illuminatio
1532 2149 1674 2191 vultus
1702 2149 1779 2190 tui:
1806 2150 1828 2175 *

1013 2208 1215 2260 quoniam
1244 2206 1542 2260 complacuisti
1569 2206 1612 2247 in
1639 2205 1712 2246 eis.

1063 2265 1131 2306 Tu
1159 2277 1204 2306 08
1236 2264 1330 2317 ipse
1358 2264 1454 2304 Rex
1480 2275 1601 2304 meus
1634 2266 1677 2303 01
1709 2262 1828 2303 Deus

1010 2334 1146 2363 meus:
1165 2322 1188 2346 *
1209 2321 1282 2373 qui
1300 2319 1479 2361 mandas
1499 2318 1660 2360 salutes
1680 2317 1827 2359 Jacob.

1062 2378 1112 2417 In
1145 2382 1189 2418 te
1221 2377 1417 2417 inimicos
1444 2380 1619 2417 nostros
1652 2373 1826 2415 ventila-

1010 2433 1150 2475 bimus
1178 2445 1327 2481 cornu,
1361 2432 1384 2458 *
1413 2437 1457 2473 01
1483 2432 1526 2472 111
1552 2430 1725 2472 1101111110
1752 2434 1827 2471 1110

1010 2491 1262 2542 spernemus
1288 2489 1559 2539 insurgentes
1586 2487 1629 2527 in
1655 2485 1792 2527 nobis.

1062 2546 1162 2587 Non
1184 2545 1296 2587 enim
1314 2545 1358 2585 in
1381 2557 1485 2586 arcu
1506 2556 1605 2584 meo
1624 2541 1826 2595 sperabo:

1010 2603 1033 2628 *
1053 2608 1096 2644 et
1111 2601 1279 2652 gladius
1297 2613 1419 2642 meus
1438 2613 1525 2642 non
1545 2597 1730 2640 salvabit
1746 2609 1824 2637 me.

1061 2658 1245 2700 Salvasti
1255 2657 1369 2699 enim
1378 2669 1458 2698 nos
1471 2656 1526 2697 de
1539 2652 1824 2715 affligentibus

1008 2727 1105 2757 nos:
1119 2715 1198 2756 *et
1224 2713 1420 2755 odientes
1447 2725 1527 2754 nos
1555 2707 1794 2752 confudistl.
