2040 2944
678 178 888 211 Commune
915 175 1161 209 Confussoris
1187 173 1395 207 Pontificis.

178 272 383 314 decorem
423 269 673 322 imposuisti
715 281 847 321 super
890 281 1004 309 eum:

178 328 365 381 posuisti
384 327 427 367 in
447 326 592 379 capite
609 327 699 378 ejus
721 327 930 366 coronam
950 324 1004 366 de

176 384 324 438 lapide
342 383 551 436 pretioso.

234 444 330 482 Ant.
360 440 442 481 Hic
470 438 658 492 accipiet
685 440 708 465 *
737 437 1003 479 benedictio-

175 511 275 539 nem
302 510 327 538 a
349 496 557 545 Domino,
586 500 629 536 et
656 494 1003 536 misericordiam

175 567 200 596 a
226 554 323 595 Deo
352 552 532 594 salutari
558 564 653 594 suo:
682 552 785 603 quia
811 551 908 592 haec
936 555 1002 592 est

174 610 398 663 generatio
422 608 710 662 quaerentium
728 608 977 649 Dominum.

449 671 643 711 Psalmus
672 672 734 710 23.

180 723 398 829 Domini
431 727 497 763 est
525 728 661 772 terra,
699 727 742 764 et
773 720 1002 774 plenitudo

279 781 386 832 ejus:
404 781 427 806 *
453 778 572 820 orbis
592 781 822 828 terrarum,
852 782 895 819 et
912 778 1002 818 uni—

174 836 289 878 versi
310 836 383 888 qui
403 835 602 877 habitant
621 836 664 876 in
686 848 750 876 eo.

227 893 337 943 Quia
360 893 455 945 ipse
484 905 616 944 super
640 892 778 932 maria
804 891 1003 934 fundavit

175 963 288 992 eum:
313 950 337 974 *
362 954 405 990 et
431 961 564 1001 super
583 949 761 989 flumina
781 951 1001 1001 praepara-

174 1006 237 1047 vit
257 1019 367 1047 eum.

227 1062 334 1112 Quis
355 1061 563 1103 ascendet
582 1061 626 1102 in
643 1067 839 1103 montem
854 1060 962 1103 Dfii?
978 1063 1001 1088 *

174 1124 248 1160 aut
265 1119 361 1170 quis
382 1118 514 1160 stabit
532 1118 575 1158 in
595 1118 695 1160 1000
714 1124 867 1160 sancto
888 1117 1002 1170 ejus?

226 1176 443 1217 Innocens
493 1174 694 1216 manibus
745 1180 789 1216 et
838 1175 1002 1217 mundo

175 1232 324 1282 corde,
349 1233 372 1258 *
402 1232 476 1284 qui
502 1244 591 1273 non
619 1232 790 1284 accepit
817 1232 860 1273 in
889 1245 1002 1274 vano

175 1289 363 1330 animam
386 1302 524 1338 suam,
551 1300 633 1329 nec
657 1289 814 1340 iuravit
833 1289 877 1329 in
896 1288 1001 1330 dolo

174 1347 376 1399 proximo
398 1358 490 1386 suo.

227 1403 311 1444 Hic
353 1402 539 1454 accipiet
581 1401 935 1443 benedictionem
979 1415 1004 1443 a

175 1459 381 1500 Domino:
395 1461 418 1486 *
434 1463 477 1500 et
495 1457 842 1500 misericordiam
862 1471 887 1499 a
905 1458 1002 1500 Deo

176 1516 357 1557 salutari
377 1528 468 1556 suo.

227 1573 338 1613 Haec
366 1576 433 1613 est
460 1571 685 1623 generatio
717 1571 1004 1623 quaerentium

177 1641 295 1677 eum,
331 1629 355 1654 *
399 1628 686 1680 quaerentium
729 1628 884 1669 faciem
921 1628 1005 1670 Dei

176 1684 326 1727 Jacob.

228 1741 431 1783 Attollite
476 1746 630 1794 portas
670 1741 894 1794 principes
935 1753 1005 1782 ve-

176 1803 304 1848 stras,
337 1803 380 1840 et
405 1798 636 1839 elevamini
660 1803 801 1850 portae
824 1799 1004 1839 aeterna-

175 1855 257 1896 les:
275 1855 299 1880 *
320 1859 363 1896 et
381 1853 577 1896 introibit
596 1855 694 1896 Rex
713 1854 876 1905 gloriae.

229 1911 336 1961 Quis
364 1916 430 1952 est
450 1911 533 1952 iste
553 1911 650 1953 Rex
674 1909 849 1962 gloriae?
870 1912 894 1939 *
917 1910 1005 1952 Do-

176 1968 318 2009 minus
347 1967 471 2009 fortis
502 1973 546 2009 et
580 1973 755 2020 potens:
791 1967 1005 2009 Dominus

178 2029 338 2077 potens
357 2025 400 2065 in
416 2024 583 2077 praelio.

229 2081 432 2123 Attollite
473 2086 625 2134 portas
667 2081 890 2133 principes
934 2093 1004 2122 ve-

179 2143 310 2188 stras,
351 2143 395 2180 et
432 2138 661 2180 elevamini
701 2142 844 2190 portae
881 2142 1003 2179 aeter-

178 2195 316 2236 nales:
343 2195 367 2221 *
395 2200 439 2237 et
466 2193 663 2236 introibit
689 2194 788 2236 Rex
814 2194 976 2245 gloriae.

231 2252 337 2302 Quis
361 2256 428 2293 est
454 2252 538 2293 iste
557 2251 655 2293 Rex
677 2249 852 2302 gloriae?
872 2252 896 2278 *
918 2251 1006 2292 Do-

179 2308 322 2349 minus
332 2308 541 2350 virtutum
550 2308 646 2360 ipse
657 2312 723 2349 est
733 2307 830 2349 Rex
842 2307 1006 2358 gloriae.

233 2364 332 2403 Ant.
355 2364 436 2406 Hic
455 2364 642 2416 accipiet
654 2363 1007 2405 benedictionem

181 2433 207 2461 a
221 2420 423 2470 Domino,
443 2426 486 2462 et
504 2420 851 2462 misericordiam
868 2433 893 2461 a
908 2421 1006 2462 Deo

182 2476 361 2517 salutari
393 2490 488 2518 suo:
525 2478 626 2529 quia
658 2477 754 2519 haec
785 2482 852 2519 est
881 2490 1007 2529 gene-

181 2533 294 2574 ratio
316 2534 601 2584 quaerentium
619 2534 867 2575 Dominum.

235 2587 283 2637 Y.
311 2589 381 2630 Tu
409 2602 455 2630 es
484 2590 691 2631 sacerdos
715 2591 758 2631 in
785 2591 1009 2632 aeternum.

183 2647 232 2744 ἓ.
268 2645 518 2743 ξο01111ᾰ11111
552 2638 751 2688 ordinem
783 2646 1009 2689 Melchise-

215 2715 265 2744 ec
299 2733 307 2743 .

1115 271 1240 309 Pater
1259 272 1420 310 noster.

1115 328 1356 368 Absolutio.
1386 331 1425 369 A
1443 325 1638 367 vinculis.

1114 380 1162 430 Y.
1185 380 1297 422 Jube
1322 380 1495 423 domne.

1117 439 1273 481 Bened.
1305 437 1566 489 Evangelica
1583 438 1726 482 lectio.

1063 507 1212 548 Lectio
1241 507 1379 549 sancti
1397 507 1623 558 Evangelii
1645 509 1884 552 secundum

1337 563 1604 606 Matthaeum.

1166 625 1314 666 Lectio
1339 627 1402 665 vii.
1548 626 1649 677 Cap.
1665 628 1729 667 25.
1747 627 1783 667 b.

1054 681 1131 787 In
1150 685 1224 727 illo
1243 687 1457 738 tempore:
1479 686 1602 728 Dixit
1614 686 1639 727 J
1641 699 1741 728 esus
1761 687 1885 730 disci-

1120 742 1233 795 pulis
1255 742 1343 783 suis
1363 742 1620 797 parabolam
1638 743 1766 786 hanc:
1796 745 1885 786 Ηο-

1054 811 1127 840 mo
1155 800 1339 851 peregre
1371 799 1675 851 proficiscens‚
1712 801 1887 843 vocavit

1055 868 1207 897 servos
1235 868 1350 905 suos,
1379 860 1423 897 et
1449 855 1631 898 tradidit
1658 856 1742 898 illis
1770 857 1886 899 bona

1056 925 1145 953 sua.
1181 912 1238 953 Et
1255 911 1433 963 reliqua.

1109 981 1293 1023 Homilia
1311 981 1450 1023 sancti
1470 982 1673 1034 Gregorii
1691 983 1838 1036 Papae.

1228 1044 1397 1078 Homilia
1423 1046 1453 1078 9.
1479 1044 1516 1078 in
1543 1044 1723 1088 Evangel.

1059 1098 1064 1154 i
1092 1098 1286 1150 ι’11ῖςί100110
1310 1095 1449 1136 sancti
1467 1095 1702 1146 Evangelii,
1729 1097 1887 1140 fratres

1059 1155 1061 1180 ἐ
1092 1138 1167 1195 ἒέ.·’”ἒξῖἰ
1194 1151 1425 1202 carissimi,
1471 1152 1655 1195 sollicite
1692 1153 1887 1196 conside-

1059 1187 1167 1233 &3³
1194 1210 1292 1250 rare
1324 1221 1406 1250 nos
1439 1208 1665 1260 admonet,
1705 1223 1760 1252 ne
1795 1223 1888 1260 1108,

1058 1264 1131 1315 qui
1154 1264 1252 1316 plus
1277 1265 1434 1306 ceteris
1456 1266 1500 1306 in
1523 1265 1609 1307 1100
1632 1266 1797 1309 1111111ᾱο
1821 1280 1887 1309 ae-

1057 1323 1227 1372 cepisse
1262 1321 1427 1374 aliquid
1459 1323 1696 1373 cernimur,
1733 1323 1788 1366 ab
1817 1337 1888 1366 au-

1057 1379 1179 1419 ctore
1208 1378 1359 1419 mundi
1390 1379 1565 1430 gravius
1598 1379 1700 1422 inde
1731 1380 1888 1432 judice-

1056 1447 1164 1475 mur.
1218 1434 1327 1475 Cum
1364 1435 1478 1476 enim
1514 1437 1726 1487 augentur
1763 1436 1889 1487 dona,

1057 1490 1249 1532 rationes
1274 1491 1404 1532 etiam
1433 1498 1635 1534 crescunt
1662 1492 1890 1535 donorum.

1057 1547 1201 1589 Tanto
1230 1560 1336 1599 ergo
1369 1561 1467 1590 esse
1494 1547 1715 1599 humilior,
1757 1554 1890 1602 atque

1057 1603 1114 1645 ad
1166 1604 1443 1646 serviendum
1495 1605 1593 1647 Deo
1643 1606 1890 1659 promptior

1059 1660 1243 1713 quisque
1264 1660 1396 1703 debet
1424 1674 1478 1703 ex
1505 1664 1697 1712 munere,
1727 1667 1890 1714 quanto

1058 1730 1105 1758 se
1135 1716 1441 1768 obligatiorem
1469 1731 1566 1760 esse
1599 1719 1815 1772 conspicit
1846 1719 1890 1760 in

1058 1773 1284 1815 reddenda
1303 1775 1483 1817 ratione.
1528 1775 1644 1817 Ecce
1662 1775 1795 1821 homo
1816 1775 1890 1829 qui

1058 1832 1242 1883 peregre
1269 1831 1578 1883 proficiscitur,
1607 1844 1758 1874 servos
1786 1845 1890 1874 suos

1059 1892 1203 1938 vocat,
1238 1890 1388 1940 eisque
1408 1888 1465 1930 ad
1482 1888 1706 1940 negotium
1724 1888 1888 1930 talenta

1058 1947 1254 1997 partitur.
1279 1945 1387 1986 Post
1403 1945 1588 1987 multum
1602 1958 1708 1987 vero
1724 1947 1890 1998 tempo-

1060 2001 1119 2042 ris
1146 2001 1370 2054 positurus
1402 2002 1616 2044 rationem
1649 2002 1891 2044 revertitur.

1059 2058 1203 2100 Bene*
1231 2061 1466 2111 operantes
1514 2071 1597 2111 pro
1651 2060 1887 2112 apportato

1060 2114 1183 2156 lucro
1212 2119 1482 2165 remunerat,
1523 2128 1697 2157 servum
1726 2127 1833 2156 vero
1865 2127 1891 2156 a

1061 2171 1179 2213 bono
1208 2174 1343 2224 opere
1370 2174 1619 2225 torpentem
1647 2171 1834 2214 damnat.

1114 2236 1165 2287 R.
1191 2233 1369 2275 Amavit
1387 2246 1488 2275 eum
1506 2233 1731 2282 Dominus,
1760 2237 1804 2274 et
1825 2245 1890 2274 or-

1061 2289 1182 2331 navit
1217 2302 1333 2331 eum:
1373 2290 1530 2332 stolam
1565 2289 1717 2341 gloriae
1752 2288 1892 2331 induit

1063 2358 1172 2395 eum,
1192 2349 1213 2372 *
1237 2347 1293 2388 Et
1312 2346 1368 2388 ad
1386 2351 1538 2400 portas
1556 2345 1750 2399 paradisi
1768 2358 1890 2387 coro-

1062 2403 1182 2444 navit
1201 2415 1311 2444 eum.
1326 2398 1375 2448 V.
1398 2402 1546 2444 Induit
1560 2415 1659 2443 eum
1674 2401 1890 2444 Dominus

1062 2459 1244 2501 loricam
1263 2459 1381 2510 fidei,
1411 2464 1455 2501 et
1473 2458 1642 2500 ornavit
1662 2471 1771 2499 eum.
1800 2459 1866 2500 Et.

1114 2523 1274 2566 Bened.
1304 2521 1433 2571 Cujus
1452 2520 1609 2562 festum
1629 2518 1824 2561 colimus.

1349 2585 1500 2625 Lectio
1520 2584 1601 2624 viii.

1148 2646 1215 2688 uis
1242 2648 1390 2697 itaque
1417 2644 1499 2686 iste
1530 2644 1664 2686 homo
1695 2650 1780 2695 est,
1818 2646 1891 2697 qui

1164 2704 1349 2755 peregre
1367 2701 1670 2754 proficiscitur,
1689 2702 1771 2743 nisi
1785 2701 1892 2744 Red-
