2040 2944
623 158 694 191 Die
716 158 768 191 23.
795 158 897 201 Sept.
944 158 979 193 S.
1004 159 1091 192 Lini
1116 159 1235 202 Papae
1260 164 1296 194 et
1320 160 1427 195 Mart.

170 266 269 294 cum
298 253 518 300 horreum,
552 252 771 294 frumento
800 253 1002 305 pauperi-

170 309 253 350 bus
291 307 544 357 distributo,
590 308 766 360 penitus
802 310 1002 358 vacuum,

169 366 350 416 repente
380 364 559 416 plenum
587 364 812 405 inventum
841 369 924 414 est,
959 370 1002 406 et

169 434 267 462 cum
288 419 346 461 ad
360 421 451 471 ejus
466 420 750 472 sepulchrum
764 433 875 473 puer
889 423 1001 462 mor-

168 482 269 517 tuus
294 476 463 518 revixit.
507 476 677 526 Quibus
703 476 890 529 aliisque
914 490 1001 518 non

168 532 320 584 paucis
358 532 599 583 fulgentem
638 532 772 583 signis
811 533 999 574 Alexan-

168 587 247 629 der
288 588 502 640 septimus
538 588 745 630 Pontifex
783 589 1001 630 Maximus

168 646 421 685 sanctorum
443 647 627 686 numero
653 644 911 697 adscripsit,
939 650 1000 686 at-

169 713 252 752 que
269 701 360 751 ejus
375 701 635 742 memoriam
651 706 809 752 quarto
828 701 1001 742 decimo

167 756 394 798 Kalendas
414 757 622 799 Octobris
646 756 859 798 celebrari
884 770 1000 798 man-

167 812 299 854 davit.
348 815 399 866 Ιζι.
432 814 525 855 Iste
545 818 622 855 est.
642 813 726 865 [54]

218 874 260 908 In
278 874 343 909 III.
360 875 471 909 Noct.
489 874 631 908 Homil.
648 874 687 907 in
701 874 847 917 Evang.
874 875 1000 909 Homo

167 923 338 966 peregre.
355 919 402 956 de
420 922 556 956 eodem
576 922 740 956 Comuni
762 924 787 957 1.
806 924 904 958 loeo.
931 922 1001 966 [56]

251 979 325 1013 Pro
350 979 407 1013 Ss.
431 978 613 1012 Mauritio
639 983 675 1012 et
699 978 783 1014 Soc.
809 979 917 1013 Mart.

474 1030 627 1071 Lectio
647 1031 701 1070 ix.

206 1116 216 1128 .»
233 1126 236 1130 ,
255 1101 328 1128 um
344 1086 635 1127 Maximianus
651 1086 905 1138 imperator,
926 1085 1001 1128 du-

273 1149 344 1185 cto
370 1143 413 1183 in
434 1142 625 1184 Galliam
650 1142 863 1192 exercitu,
891 1143 935 1183 in
955 1143 1001 1183 fi-

166 1200 295 1241 nibus
322 1199 602 1242 Sedunorum
637 1198 841 1240 sacrificii
869 1211 1001 1240 causa

167 1257 450 1303 constitisset,
477 1254 776 1296 Thebaeorum
794 1255 922 1307 legio,
946 1268 1002 1297 ne

167 1325 214 1354 se
251 1313 488 1365 impiorum
524 1313 752 1353 sacrorum
786 1312 1002 1353 societate

167 1369 497 1418 contaminaret,
514 1381 539 1409 a
557 1367 739 1420 reliquis
755 1369 896 1421 copiis
917 1367 1000 1409 dis-

168 1425 311 1466 cessit.
350 1425 496 1474 Quare
527 1424 770 1477 imperator
798 1425 918 1466 misit
945 1425 1003 1467 ad

168 1494 246 1523 eos
273 1481 449 1530 milites,
479 1481 554 1532 qui
583 1493 663 1522 suo
691 1481 868 1522 nomine
897 1495 1001 1522 nun-

167 1538 344 1587 tiarent,
370 1543 434 1587 ut,
459 1538 496 1578 si
516 1537 626 1578 salvi
645 1549 744 1579 esse
764 1537 939 1587 vellent,
958 1538 1001 1578 in

167 1599 313 1635 castra
340 1593 397 1635 ad
426 1593 644 1635 sacrificia
670 1593 876 1635 redirent.
917 1594 1002 1644 Qui

167 1663 214 1691 se
261 1650 499 1691 christiana
542 1650 756 1700 religione
797 1650 1001 1702 impediri

166 1705 502 1758 responderunt.
523 1706 722 1755 Quorum
737 1708 1001 1758 responsum

167 1762 240 1803 ille
255 1761 555 1812 indignissime
571 1762 728 1811 ferens,
746 1762 901 1814 majori
919 1762 999 1804 ira-

167 1818 341 1867 cundia,
372 1831 504 1870 quam
526 1819 670 1868 antea,
699 1818 874 1860 exarsit.
915 1819 998 1860 Ita-

167 1887 252 1925 que
288 1875 483 1915 immissa
525 1879 651 1926 parte
692 1875 914 1916 exercitus
955 1875 1000 1915 in

164 1929 401 1979 ThebanS,
432 1929 651 1971 decimum
679 1943 900 1983 quemque
929 1933 1000 1972 eo-

164 1999 261 2027 rum
294 1986 485 2038 primum
522 1986 666 2028 occidi
698 1987 838 2039 jussit:
878 1988 1000 2039 quod

166 2043 422 2094 martyrium
459 2055 539 2084 sua
575 2048 752 2095 sponte,
793 2044 999 2085 maxime-

166 2111 250 2150 que
270 2098 498 2140 hortatore
519 2099 743 2149 Mauritio,
771 2099 885 2141 ferre
910 2113 998 2141 ma-

164 2154 339 2196 luerunt
364 2168 495 2207 quam
517 2155 734 2208 imperata
758 2155 904 2198 facere
927 2169 997 2198 ne-

165 2211 263 2251 farii
296 2211 592 2263 imperatoris:
625 2224 677 2253 ae
710 2211 870 2254 deinde
902 2212 998 2253 reli-

166 2279 278 2317 quos
300 2279 468 2317 omnes,
497 2268 853 2313 constantissime
878 2268 997 2310 Chri-

165 2327 281 2363 stum
304 2323 616 2375 praedicantes,
642 2324 814 2366 decimo
837 2325 998 2366 Kalen-

166 2378 246 2420 das
265 2379 472 2420 Octobris
495 2380 550 2422 ab
575 2380 781 2422 universo
801 2381 998 2423 exercitu

164 2434 374 2475 trucidari
394 2437 593 2487 imperat.
658 2439 717 2479 Te
737 2437 892 2478 Deum.
912 2439 971 2478 14.

434 2500 483 2539 In
506 2500 728 2541 Laudibus.

218 2551 289 2593 Ad
320 2552 482 2595 Bened.
531 2556 630 2597 Ant.
679 2557 997 2609 Eleemosynas

166 2610 281 2651 illius
301 2610 522 2652 enarrabit
542 2613 683 2653 omnis
699 2613 888 2654 ecclesia
902 2626 996 2654 san-

165 2668 350 2707 ctorum.

1108 254 1257 287 Deinde
1284 255 1323 288 fit
1348 264 1546 288 commem.
1570 254 1628 289 Ss.
1653 255 1759 290 Mart.

1106 306 1205 346 Ant.
1235 305 1379 346 Vestri
1397 304 1546 357 capilli
1561 305 1719 358 capitis
1735 318 1889 347 omnes

1055 361 1273 403 numerati
1293 366 1409 402 sunt:
1432 360 1569 402 nolite
1587 361 1757 403 timere:
1780 361 1887 403 mul-

1055 418 1110 459 tis
1163 417 1384 458 asseribus
1402 416 1608 458 meliores
1628 417 1734 459 estis
1753 430 1845 460 vos.

1115 506 1122 521 .
1151 507 1158 515 .
1182 472 1479 515 Exsultabunt
1506 473 1646 515 sancti
1670 473 1714 514 in
1737 473 1888 524 gloria.

1055 531 1105 582 Ri.
1123 530 1413 572 Laetabuntur
1431 530 1476 570 in
1495 529 1714 572 cubilibus
1733 531 1834 572 suis.

1110 587 1275 628 Oratio.
1304 589 1471 628 Annue.
1496 587 1588 627 322.

1107 652 1155 692 In
1176 653 1230 692 II.
1247 652 1383 704 Vesp.
1403 652 1458 693 ad
1480 653 1654 703 Magnis.
1683 653 1783 694 Ant.
1811 652 1887 693 Di-

1055 708 1234 759 spersit,
1260 707 1383 750 dedit
1409 707 1696 761 pauperibus:
1724 708 1889 760 justitia

1055 765 1147 816 ejus
1166 769 1314 806 manet
1332 765 1376 805 in
1398 764 1609 806 saeculum
1629 764 1790 806 saeculi.

1107 816 1158 867 V.
1175 821 1200 861 J
1202 826 1350 863 ustum
1369 820 1554 862 deduxit
1574 821 1790 862 Dominus
1808 833 1889 873 per

1054 877 1148 918 vias
1167 883 1324 919 rectas.
1360 879 1409 930 R.
1433 878 1491 919 Et
1514 877 1710 919 ostendit
1735 877 1798 918 illi
1822 890 1886 919 re-

1053 946 1188 984 gnum
1207 934 1301 976 Dei.

1106 993 1154 1027 Et
1182 994 1223 1027 fit
1251 1004 1448 1029 commem.
1474 1004 1580 1038 sequ.
1607 998 1644 1029 et
1667 994 1702 1029 S.
1728 995 1886 1030 Theclae

1054 1042 1159 1085 Virg.
1185 1047 1222 1076 et
1245 1042 1353 1077 Mart.

1237 1136 1321 1177 Die
1340 1136 1404 1176 23.
1422 1135 1708 1188 Septembris,

1194 1204 1237 1244 S.
1260 1203 1374 1244 Lini
1398 1205 1532 1255 Papae
1557 1209 1602 1245 et
1626 1204 1751 1246 Mart.

1340 1268 1603 1312 Semiduplex.

1107 1322 1244 1358 Omnia
1267 1324 1313 1358 de
1332 1324 1537 1359 Communi
1553 1325 1669 1359 unius
1686 1323 1795 1358 Mart.
1818 1323 1887 1367 [21]

1054 1376 1195 1414 praetcr
1218 1383 1324 1416 sequ.

1108 1422 1209 1464 Ant.
1246 1424 1336 1463 Iste
1364 1426 1541 1463 sanctus
1569 1434 1652 1474 pro
1679 1422 1778 1473 lege
1805 1422 1889 1464 Dei

1056 1479 1123 1520 sui
1146 1478 1334 1520 certavit
1360 1491 1501 1530 usque
1529 1477 1587 1520 ad
1611 1484 1817 1528 mortem,
1845 1484 1890 1520 et

1055 1548 1080 1576 a
1099 1535 1246 1577 verbis
1265 1535 1500 1587 impiorum
1516 1547 1605 1576 non
1619 1534 1777 1576 timuit:
1796 1534 1887 1576 fun-

1056 1591 1186 1633 datus
1212 1591 1328 1632 enim
1352 1595 1447 1632 erat
1470 1603 1604 1643 supra
1623 1590 1796 1632 firmam
1814 1604 1888 1644 pe-

1054 1653 1178 1690 tram.

1106 1701 1156 1753 Ys'.
1191 1704 1347 1746 Gloria
1382 1708 1427 1746 et
1458 1703 1628 1746 honore
1665 1704 1889 1747 coronasti

1055 1774 1155 1803 eum
1190 1761 1391 1802 Domine.
1442 1764 1493 1815 R.
1529 1760 1587 1802 Et
1622 1761 1890 1803 constituisti

1055 1830 1155 1859 eum
1175 1830 1309 1870 super
1328 1819 1467 1869 opera
1481 1818 1690 1858 manuum
1703 1819 1889 1859 tuarum.

1392 1884 1556 1926 Oratio.

1053 1938 1236 2044 Deus,
1263 1943 1338 1995 qui
1361 1955 1443 1984 nos
1466 1942 1588 1984 beati
1608 1941 1886 1995 LiniMarty-

1163 2000 1223 2041 ris
1248 2000 1313 2042 tui
1338 2004 1471 2052 atque
1490 1999 1718 2041 Pontificis
1743 2001 1888 2040 annua

1053 2057 1332 2098 solemnitate
1346 2055 1560 2097 laetificas:
1577 2054 1773 2097 concede
1787 2067 1887 2107 pro-

1052 2113 1202 2166 pitius3
1235 2118 1284 2154 ut
1312 2113 1434 2164 cujus
1460 2112 1659 2154 natalitia
1687 2111 1887 2160 colimus,

1053 2168 1109 2211 de
1129 2169 1325 2220 ejusdem
1345 2169 1477 2210 etiam
1492 2167 1770 2220 protectione
1784 2179 1886 2218 gau-

1053 2225 1247 2267 deamus.
1276 2226 1360 2267 Per
1379 2225 1628 2266 Dominum.

1077 2288 1255 2370 tIgdeinde
1278 2289 1319 2324 fit
1339 2299 1536 2324 commem.
1553 2289 1590 2324 S.
1603 2289 1763 2324 Theclae
1779 2288 1884 2332 Virg.

1054 2346 1073 2370 e
1155 2342 1222 2372 art.

1107 2387 1208 2429 Ant.
1234 2388 1342 2431 Veni
1358 2401 1523 2442 sponsa
1538 2387 1712 2437 Christi,
1731 2387 1886 2440 accipe

1053 2447 1275 2495 coronam,
1297 2458 1428 2497 quam
1446 2444 1526 2486 tibi
1541 2444 1757 2485 Dominus
1776 2457 1885 2496 prae-

1052 2502 1225 2554 paravit
1242 2502 1287 2542 in
1306 2503 1529 2543 aeternum.

1106 2554 1158 2605 V.
1187 2557 1344 2610 Specie
1375 2561 1453 2599 tua
1486 2562 1531 2598 et
1558 2557 1885 2609 pulchritudine

1053 2619 1140 2655 tua.
1166 2615 1217 2667 R.
1232 2612 1428 2662 Intende,
1447 2615 1663 2666 prospere
1678 2614 1885 2666 procede,

1052 2675 1095 2711 et
1115 2682 1262 2720 regna.
