2040 2944
162 166 230 200 432

423 274 425 277 ·
473 264 626 304 Lectio
647 265 699 303 vi.

172 319 441 426 Constanti
469 326 615 362 autem
650 321 908 373 imperatori
945 333 999 361 ex

257 391 311 420 eo
331 380 533 430 tempore
552 376 704 418 multae
724 377 998 418 calamitates

163 433 428 476 inciderunt:
475 433 635 485 quibus
671 433 807 475 nihilo
844 433 1000 475 melior

164 491 322 539 factus,
352 489 641 532 Theodorum
669 489 914 542 Calliopam
943 489 1000 531 ad

163 547 329 589 Urbem
353 547 544 596 mittens,
570 548 758 599 imperat
781 552 830 588 ut
852 547 999 588 Ponti-

163 603 237 645 fici
255 616 411 644 manus
426 603 600 655 injiciat.
629 603 670 644 A
686 616 775 655 quo
792 616 873 656 per
888 603 1000 643 frau-

165 660 267 701 dem
291 665 449 712 captus
473 659 699 710 Martinus,
724 665 768 701 et
788 660 1000 701 Constan-

163 717 397 769 tinopolim
443 715 707 769 perductus,
754 715 913 758 deinde
957 717 1001 757 in

165 773 492 815 Chersonesum
514 773 748 825 relegatus,
771 773 832 814 ibi
854 773 912 815 ob
933 786 1001 814 ca-

164 829 375 871 tholicam
391 829 525 871 fidem
541 830 748 871 aerumnis
764 830 1002 879 confectus,

164 885 309 939 pridie
355 886 462 928 Idus
498 886 765 928 Novembris
809 887 942 928 cessit
979 899 1002 928 e

165 943 255 984 vita
270 943 414 984 clarus
428 943 661 984 miraculis.
692 943 824 995 Cujus
839 956 1002 996 corpus

167 1000 357 1041 Romam
381 1003 540 1053 postea
563 1000 840 1050 translatum,
865 1000 910 1041 in
936 1013 1002 1042 ec·
1068 1025 1070 1032 ι

167 1056 301 1098 clesia
328 1057 555 1099 conditum
584 1062 667 1107 est,
702 1070 801 1109 quae
830 1059 1001 1099 sancto-

167 1126 263 1154 rum
295 1113 495 1156 Silvestri
533 1119 577 1156 et
613 1114 790 1156 Martini
825 1114 1003 1155 nomine

168 1170 373 1212 dedicata
413 1176 517 1213 erat.
569 1171 752 1224 Praefuit
790 1171 1003 1212 Ecclesiae

168 1240 306 1268 annos
327 1240 417 1277 sex,
441 1240 639 1270 mensem
658 1242 804 1277 unum,
828 1228 922 1269 dies
943 1228 1002 1269 vi-

167 1284 276 1335 ginti
287 1297 377 1325 sex.
396 1284 565 1326 Habuit
581 1284 882 1326 ordinationes
894 1284 1004 1326 duas

167 1353 319 1382 mense
351 1341 605 1391 Decembri,
645 1341 803 1394 quibus
841 1341 1005 1383 creavit

168 1397 456 1450 presbyteros
511 1397 734 1448 undecim,
789 1397 1004 1439 diaconos

171 1454 384 1506 quinque,
431 1457 671 1507 episcopos
712 1467 792 1507 per
830 1455 1005 1496 diversa

168 1511 268 1552 loca
296 1511 474 1561 triginta
502 1516 605 1552 tres.

224 1574 275 1624 R.
292 1571 414 1613 Stola
433 1572 725 1624 jucunditatis.
745 1571 827 1624 [27]

221 1643 265 1677 In
296 1642 360 1676 ΙΙΙ.
388 1642 498 1675 Noct.
524 1641 695 1674 Homilia
724 1642 762 1674 in
787 1642 933 1685 Evang.
964 1642 1005 1678 Si

171 1690 259 1735 quis
271 1690 389 1726 venit.
408 1690 453 1724 dc
468 1691 603 1724 codem
618 1690 762 1724 Comm.
781 1691 807 1724 1.
823 1691 920 1725 loco.
932 1689 1004 1733 [28]

224 1743 268 1786 R.
287 1743 368 1776 viii.
387 1741 553 1778 Domine
569 1742 807 1786 praevenisti.
823 1742 896 1786 [29]

225 1800 342 1842 Vesp.
382 1811 401 1833 a
435 1800 559 1842 Capit.
597 1800 642 1833 de
682 1799 878 1843 sequenti,
921 1810 1006 1834 cum

172 1859 369 1882 commem.
395 1848 560 1891 praeced.

361 1942 446 1983 Die
466 1943 524 1983 13.
543 1942 823 1985 Novembris.

300 2011 343 2052 S.
371 2010 549 2053 Didaci
582 2013 871 2054 Confessoris.

458 2074 720 2118 Serniduplcx.

228 2127 365 2162 Omnia
397 2127 443 2161 dc
475 2127 619 2161 Comm.
650 2126 759 2162 Conf.
789 2136 867 2161 non
895 2126 1004 2161 Pont.

173 2175 242 2219 [67]
270 2180 411 2219 praeter
433 2185 539 2218 sequ.

512 2235 675 2275 Oratio.

258 2301 509 2351 mnipotens
560 2300 826 2352 sempiterne
875 2299 1007 2350 Deus,

278 2355 352 2406 qui
371 2355 663 2407 dispositione
682 2355 872 2398 mirabili
891 2356 1007 2397 infir-

173 2424 245 2453 ma
262 2410 415 2453 mundi
437 2411 571 2463 eligis,
595 2417 644 2454 ut
668 2412 798 2454 fortia
819 2425 1007 2465 quaeque

174 2466 437 2509 confundas:
465 2468 659 2510 concede
683 2469 903 2522 propitius
930 2468 1006 2509 hu-

174 2523 349 2566 militati
381 2529 562 2575 nostrae3
594 2530 642 2566 ut
671 2526 757 2578 piis
787 2525 907 2567 beati
933 2525 1007 2565 Di-

176 2579 274 2622 daci
300 2579 578 2622 Confessoris
606 2582 670 2623 tui
697 2581 922 2635 precibus,
951 2580 1008 2623 ad

174 2638 414 2690 perennem
441 2637 483 2677 in
511 2637 635 2678 coelis
663 2639 849 2689 gloriam
877 2637 1007 2679 subli-

175 2692 285 2735 mari
303 2695 560 2735 mereamur.
588 2694 673 2735 Per
693 2695 943 2736 Dominum.

703 166 774 199 Dic
800 166 848 199 125.
874 166 972 199 Nov.
1020 166 1054 199 S.
1080 166 1219 200 Didaci
1246 167 1356 201 Conf.

1111 263 1157 296 Et
1183 263 1223 296 fit
1248 272 1444 296 commem.
1471 264 1636 306 praeced.

1110 314 1210 354 Ant.
1247 312 1331 363 Qui
1364 312 1458 354 vult
1489 315 1638 356 venire
1670 320 1774 367 post
1805 327 1887 365 me,

1054 367 1244 418 abneget
1263 371 1560 422 semetipsum,
1586 375 1630 412 et
1648 371 1776 414 tollat
1794 384 1887 413 cru-

1054 437 1150 466 cem
1171 437 1305 475 snam,
1326 430 1370 467 et
1389 428 1600 478 sequatur
1618 439 1700 469 me.

1107 483 1156 535 V.
1167 486 1192 526 J
1194 491 1319 527 ustus
1330 491 1378 528 ut
1387 486 1534 538 palma
1544 487 1730 530 florebit.
1748 491 1799 542 R.
1807 488 1889 529 Sic·

1054 547 1102 584 ut
1121 542 1280 584 cedrus
1299 542 1455 584 Libani
1472 543 1846 596 multiplicabitur.

1111 605 1276 646 Oratio.
1306 606 1438 654 Deus,
1459 604 1542 655 qui.
1567 605 1655 645 431.

1111 671 1153 705 In
1183 672 1209 706 I.
1240 672 1440 706 Nocturno
1475 672 1679 707 Lectiones
1716 673 1763 707 de
1795 672 1892 708 Scri-

1059 724 1173 763 ptura
1200 724 1434 754 occurrente.

1290 790 1339 828 In
1364 790 1414 829 II.
1441 790 1666 829 Nocturno.
1701 798 1704 800 ·

1364 854 1516 895 Lectio
1537 855 1589 895 iv.

1093 923 1177 957 κ
1191 911 1341 952 idaeus
1367 912 1611 964 Hispanus,
1641 925 1695 953 ex
1721 911 1889 964 oppido

1094 987 1155 1015 s
1178 974 1182 1008 l
1208 968 1348 1010 sancti
1362 968 1536 1009 Nicolai
1556 967 1611 1010 de
1626 969 1764 1010 Portu
1784 968 1889 1010 dioe-

1147 1023 1175 1045 4
1207 1025 1320 1067 cesis
1335 1025 1624 1077 Hispalensis,
1644 1025 1699 1066 ab
1713 1024 1891 1066 ineunte

1058 1084 1190 1123 aetate
1209 1082 1272 1134 pii
1290 1081 1370 1123 sub
1387 1080 1632 1123 sacerdotis
1647 1080 1890 1133 disciplina,

1058 1139 1290 1180 sanctioris
1322 1139 1426 1180 vitae
1459 1137 1655 1179 solitaria
1682 1137 1727 1178 in
1754 1137 1890 1179 eccle-

1058 1196 1133 1245 sia,
1147 1195 1413 1247 tyrocinium
1428 1195 1633 1236 exercuit.
1658 1193 1830 1236 Deinde
1845 1198 1894 1236 ut

1058 1252 1225 1293 firmius
1240 1252 1337 1293 Deo
1356 1265 1403 1293 se
1419 1252 1713 1303 conjungeret,
1731 1251 1776 1292 in
1791 1263 1892 1293 con-

1058 1311 1191 1350 ventu
1225 1309 1281 1350 de
1309 1309 1515 1350 Arizzafa
1546 1308 1727 1350 fratrum
1754 1307 1892 1349 Mino-

1058 1379 1155 1406 rum
1202 1367 1330 1418 (quos
1368 1365 1670 1406 Observantes
1715 1366 1893 1416 vocant)

1059 1422 1197 1463 sancti
1224 1422 1448 1463 Francisci
1478 1421 1675 1472 regulam
1702 1421 1746 1461 in
1774 1426 1893 1463 statu

1057 1478 1202 1519 laicali
1238 1479 1467 1530 professus
1505 1483 1582 1520 est.
1636 1478 1797 1529 Magna
1832 1476 1894 1519 ibi

1058 1534 1285 1576 alacritate
1330 1534 1507 1576 humilis
1545 1534 1813 1576 obedientiae
1850 1540 1895 1576 et

1058 1591 1272 1642 regularis
1297 1591 1594 1633 observantiae
1618 1592 1764 1642 iugum
1794 1590 1893 1632 sub-

1058 1648 1163 1697 iens,
1189 1647 1551 1700 contemplationi
1574 1648 1618 1688 in
1642 1647 1796 1701 primis
1822 1646 1894 1689 de-

1060 1704 1194 1754 ditus,
1227 1705 1337 1746 mira
1364 1705 1449 1746 Dei
1475 1705 1574 1746 luce
1602 1703 1893 1757 perfundeba-

1059 1766 1142 1810 tur,
1171 1760 1284 1803 adeo
1309 1766 1357 1803 ut
1383 1760 1439 1803 de
1464 1761 1597 1803 rebus
1626 1760 1894 1811 coelestibus,

1058 1817 1306 1860 litterarum
1343 1831 1524 1871 expers,
1567 1816 1814 1859 mirandum
1850 1817 1894 1858 in

999 1907 1002 1909 ,
1058 1874 1242 1916 modum
1273 1880 1317 1916 et
1345 1874 1476 1927 plane
1505 1874 1715 1916 divinitus
1741 1874 1892 1926 loque-

1059 1933 1439 2047 Γόῒὲῗᾘοηέεῒιιω
1463 1992 1568 2034 fecit
1594 1991 1718 2033 illum
1743 1991 1893 2032 Domi-

1049 2061 1152 2098 nus,
1176 2055 1219 2091 et
1243 2049 1485 2091 custodivit
1504 2062 1604 2091 eum
1623 2049 1678 2091 ab
1698 2047 1894 2098 inimicis,

1060 2110 1104 2146 et
1130 2118 1155 2146 a
1181 2105 1491 2148 seductoribus
1516 2106 1678 2148 tutavit
1703 2105 1841 2147 illum:
1872 2107 1895 2132 *

1059 2161 1117 2203 Et
1149 2161 1272 2204 dedit
1304 2162 1366 2203 illi
1397 2162 1644 2204 claritatem
1673 2163 1894 2204 aeternam.

1065 2216 1115 2268 V.
1143 2219 1317 2260 Justum
1350 2218 1535 2261 deduxit
1566 2218 1783 2260 Dominus
1813 2231 1894 2271 per

1059 2276 1153 2318 vias
1172 2280 1329 2324 rectas,
1354 2281 1398 2317 et
1417 2275 1612 2317 ostendit
1630 2274 1692 2316 illi
1711 2287 1892 2326 regnum

1060 2333 1156 2374 Dei.
1183 2332 1240 2374 Et
1260 2330 1393 2373 dedit.

1377 2402 1531 2443 Lectio
1552 2415 1589 2441 v.

1067 2462 1302 2569 Canariis
1326 2469 1369 2509 in
1395 2467 1562 2516 insulis,
1590 2466 1665 2508 ubi
1685 2466 1893 2508 fratribus

1166 2526 1234 2567 sui
1253 2524 1420 2566 ordinis
1435 2523 1622 2577 praefuit,
1641 2523 1779 2564 multa
1796 2535 1894 2575 per-

1060 2583 1234 2635 pessus,
1269 2580 1468 2632 martyrii
1500 2581 1691 2621 aestuans
1725 2578 1893 2621 deside-

1060 2639 1138 2688 rio,
1157 2638 1308 2691 plures
1323 2636 1524 2678 infideles
1540 2635 1676 2677 verbo
1693 2642 1736 2678 et
1752 2637 1893 2678 exem-

1061 2695 1137 2748 plo
1153 2694 1211 2736 ad
1227 2693 1388 2736 Christi
1403 2693 1536 2735 fidem
1551 2693 1778 2735 convertit.
1806 2692 1894 2734 Ro-
