2040 2944
711 211 911 245 Dominica
937 212 981 246 ΙΙ.
1007 213 1036 246 N
1045 216 1247 250 membris.

133 316 275 353 suum,
298 304 343 344 in
362 304 614 347 vulneribus
635 308 784 347 earum
803 312 957 360 captus

133 365 210 401 est.
246 360 304 402 Et
329 360 542 403 miserunt
570 374 668 403 eum
694 362 738 403 in
766 366 956 415 caveam,

131 416 175 456 in
199 417 364 458 catenis
390 416 665 460 adduxerunt
689 431 788 460 eum
812 419 869 462 ad
891 434 956 463 re-

131 484 230 523 gem
253 473 510 525 Babylenis:
533 475 831 527 miserantque
857 489 956 518 eum

130 528 175 569 in
193 531 425 582 carcerem,
445 544 500 572 ne
519 531 740 574 audiretur
759 546 847 575 vox
866 534 956 584 ejus

131 585 246 627 ultra
273 599 406 639 super
431 592 603 629 montes
630 589 778 630 Israel.
815 589 956 631 Mater

129 646 205 683 tua
243 644 368 695 quasi
400 646 528 686 vinea
558 644 602 685 in
636 645 845 696 sanguine
877 650 953 688 tuo

130 711 262 751 super
281 712 440 752 aquam
462 700 661 754 plantata
681 707 763 743 est:
787 702 954 744 fructus

131 755 238 807 ejus,
268 761 312 798 et
334 756 513 798 frondes
537 758 627 809 ejus
652 760 882 800 creverunt
901 772 955 801 ex

130 812 254 864 aquis
273 812 431 855 multis.
463 814 520 855 Et
542 814 670 856 factae
694 820 795 857 sunt
815 816 854 857 ei
872 816 953 857 vir-

128 881 197 919 gae
212 868 365 910 solidae
380 869 424 910 in
439 876 613 924 sceptra
628 871 954 923 dominantium,

130 929 173 966 et
204 925 396 967 exaltata
428 931 496 968 est
527 931 696 969 statura
724 929 814 980 ejus
841 929 954 970 inter

129 980 324 1023 frondes:
348 987 391 1024 et
409 983 519 1025 vidit
537 984 811 1026 altitudinem
831 998 954 1026 suam

128 1037 172 1078 in
185 1038 466 1081 multitudine
486 1040 715 1092 palmitum
734 1043 923 1082 suerum.

181 1096 232 1147 Rz.
256 1095 485 1146 Angastiae
503 1097 609 1138 mihi
629 1103 739 1140 sunt.
758 1099 844 1139 197.

427 1166 578 1207 Lectio
601 1168 653 1206 iii.

209 1233 227 1270 t
255 1230 405 1272 evulsa
433 1237 500 1273 est
525 1232 569 1273 in
595 1233 675 1283 ira,
702 1233 746 1273 in
773 1236 950 1275 terram-

225 1299 309 1339 que
336 1289 545 1341 projecta,
574 1294 618 1331 et
643 1295 798 1331 ventus
823 1303 951 1332 urens

127 1342 308 1386 siccavit
326 1345 514 1387 fructum
538 1346 642 1398 ejus:
664 1348 951 1398 marcuerunt,

128 1403 172 1440 et
215 1400 421 1442 arefactae
466 1407 567 1443 sunt
606 1402 740 1454 virgae
777 1403 951 1444 roboris

127 1456 233 1507 ejus:
259 1456 370 1508 ignis
396 1458 587 1501 comedit
612 1472 718 1501 eam.
755 1460 811 1501 Et
836 1473 951 1501 nunc

125 1513 443 1566 transplantata
472 1520 539 1557 est
566 1517 610 1556 in
638 1515 875 1565 desertum,
907 1517 950 1557 in

125 1573 243 1610 terra
261 1571 389 1620 invia,
409 1576 453 1613 et
474 1572 648 1614 sitienti.
675 1573 732 1614 Et
748 1575 949 1624 egressus

126 1629 193 1666 est
218 1626 331 1677 ignis
360 1627 415 1669 de
443 1629 566 1680 virga
592 1631 813 1676 ramerum
843 1631 949 1681 ejus,

127 1681 202 1733 qui
226 1683 414 1725 fructum
442 1685 533 1738 ejus
558 1685 766 1727 eomedit:
795 1690 839 1726 et
861 1699 949 1727 non

126 1737 206 1780 fuit
236 1739 280 1780 in
313 1753 365 1782 ea
395 1741 518 1793 virga
549 1742 690 1792 fortis,
727 1746 949 1794 sceptrum

128 1791 457 1850 dominantium.
483 1798 690 1840 Planctus
709 1803 787 1847 est,
807 1803 850 1839 et
868 1799 950 1841 erit

124 1850 168 1890 in
186 1851 422 1904 planctum.

178 1911 228 1963 R.
252 1909 372 1952 Misit
389 1911 615 1954 Deminus.
634 1913 720 1954 197.

400 2028 427 2065 S
447 2039 472 2065 a
489 2029 515 2066 b
532 2030 558 2065 b
576 2041 602 2066 a
618 2034 634 2065 t
651 2041 675 2066 0

189 2082 275 2112 ante
298 2079 540 2113 Dominicam
564 2079 609 2113 ΙΙ.
637 2079 880 2113 Novembris.

174 2134 245 2174 Ad
261 2134 432 2184 Magnis.
452 2135 550 2175 Ant.
572 2135 734 2187 Aspice
748 2133 946 2182 Demine‚

123 2187 146 2213 *
179 2189 282 2240 quia
313 2190 430 2231 faeta
460 2195 527 2231 est
563 2189 762 2232 desolata
793 2190 946 2231 civitas

123 2244 253 2297 plena
272 2244 451 2288 divitiis:
471 2246 596 2288 sedet
615 2247 659 2287 in
677 2246 853 2288 tristitia
872 2245 946 2287 do-

122 2301 238 2342 mina
258 2302 478 2344 Gentium:
500 2315 586 2344 non
610 2307 676 2344 est
700 2303 945 2355 quiconso-

122 2356 234 2399 letur
253 2371 360 2408 eam,
381 2359 463 2400 nisi
481 2363 529 2400 tu
545 2359 666 2400 Deus
685 2363 845 2399 noster.

173 2414 224 2466 V.
263 2419 530 2472 Vespertina
562 2419 705 2460 oratio
738 2417 946 2459 ascendat

123 2472 180 2515 ad
209 2479 253 2515 te
285 2475 484 2517 Demine.
528 2477 578 2528 Rz.
621 2476 678 2516 Et
709 2472 946 2516 descendat

123 2542 254 2582 super
271 2544 352 2573 nos
369 2531 667 2573 misericordia
686 2536 770 2572 tua.

175 2594 216 2629 Si
244 2595 464 2631 November
496 2598 636 2631 habeat
668 2597 835 2640 quinque
868 2597 943 2631 Do-

122 2643 302 2686 minicas,
334 2648 423 2678 tune
456 2645 501 2678 ΙΙ.
533 2645 735 2679 Dominiea
766 2646 944 2685 leguntur

124 2695 326 2733 sequentes
355 2692 557 2727 Lectiones
587 2693 633 2726 de
663 2693 877 2726 Ezechiele:
910 2693 942 2726 si

122 2747 215 2771 vero
240 2738 416 2774 habuerit
439 2745 586 2774 tantum
610 2745 788 2783 quatuor.
813 2740 941 2774 Domi-

274 2872 338 2896 Pars
355 2873 523 2897 Autumnalis.

1759 221 1830 256 201

1014 310 1100 344 nica
1127 311 1169 344 ll.
1193 312 1339 353 legetur
1364 315 1461 348 liber
1485 316 1657 349 Danielis
1683 319 1834 359 positus

1016 358 1359 404 in111.1)0minica‚
1379 368 1414 396 et
1428 365 1597 398 Sabbato
1616 366 1665 398 ad
1681 366 1833 407 Magnis.

1015 406 1162 440 dicetur
1185 409 1271 442 Ant.
1295 410 1399 445 Muro
1416 414 1493 446 tuo.
1516 411 1597 447 207.
1627 420 1662 446 et
1685 414 1834 447 duabus

1015 455 1263 497 sequentibus
1299 458 1508 493 Dominicis
1542 461 1715 503 legentur
1747 462 1834 495 Pro-

1014 502 1141 544 pheta:
1164 505 1340 539 minores.
1482 507 1484 510 ’

1066 656 1338 708 Dominiea
1364 659 1427 708 II.
1450 659 1772 713 Novembris.

1252 735 1299 771 In
1322 735 1349 772 I.
1373 734 1593 772 Noeturno.

1134 795 1195 835 De
1221 794 1450 836 Ezechiele
1477 795 1709 848 Propheta.

1093 855 1238 895 Lectio
1261 855 1283 893 i.
1580 858 1679 907 Cup.
1700 857 1754 895 21.

1012 918 1142 980 ἢῆ
1163 915 1303 957 factus
1329 922 1395 958 est
1415 930 1557 959 sermo
1576 919 1752 960 Demini
1771 920 1827 962 ad

1011 981 1024 1041 ἦ
1047 969 1117 1030 ω
1137 984 1217 1021 me,
1235 971 1398 1013 dicens:
1413 973 1495 1014 Fili
1508 973 1696 1016 heminis
1711 989 1827 1028 pone

1053 1028 1082 1050 Τ
1109 1027 1293 1069 faciem
1327 1034 1446 1070 tuam
1482 1030 1538 1072 ad
1570 1031 1827 1083 Jerusalem,

1006 1087 1048 1123 et
1067 1083 1181 1124 stilla
1199 1084 1255 1125 ad
1274 1087 1531 1136 sanctuaria,
1551 1092 1593 1128 et
1609 1088 1828 1140 propheta

1006 1144 1157 1181 contra
1198 1139 1377 1182 humum
1416 1143 1567 1184 Israel:
1611 1144 1668 1185 Et
1707 1143 1826 1187 dices

1003 1201 1133 1237 terrae
1161 1197 1313 1238 Israel:
1344 1199 1454 1240 Haee
1483 1199 1588 1241 dicit
1612 1200 1826 1242 Deminus

1003 1252 1138 1294 Deus:
1168 1253 1283 1295 Ecce
1310 1267 1392 1305 ego
1419 1255 1476 1297 ad
1500 1260 1561 1304 te,
1594 1260 1637 1297 et
1662 1257 1826 1308 ejiciam

1003 1308 1196 1359 gladium
1222 1323 1367 1352 meum
1395 1311 1450 1352 de
1478 1314 1632 1362 vagina
1660 1326 1753 1363 sua,
1783 1318 1826 1355 et

1004 1365 1203 1407 occidam
1233 1366 1276 1407 in
1307 1371 1351 1408 te
1378 1368 1537 1419 justum
1565 1373 1607 1410 et
1634 1369 1826 1421 impium.

1002 1421 1088 1463 Pro
1121 1435 1174 1464 eo
1208 1428 1354 1464 autem
1386 1423 1506 1475 quod
1539 1425 1680 1466 occidi
1713 1426 1756 1466 in
1782 1430 1825 1467 te

1003 1479 1160 1529 justum
1181 1485 1224 1521 et
1242 1480 1433 1531 impium,
1453 1480 1617 1522 idcirco
1635 1481 1824 1532 egredie-

1001 1541 1072 1577 tur
1090 1536 1261 1586 gladius
1280 1549 1402 1577 meus
1423 1536 1478 1578 de
1498 1540 1653 1587 vagina
1672 1551 1750 1579 sua
1770 1538 1826 1580 ad

1003 1604 1174 1633 omnem
1206 1605 1380 1633 carnem
1411 1591 1465 1634 ab
1495 1595 1658 1635 Austro
1686 1607 1825 1646 usque

1002 1647 1062 1697 ad
1074 1648 1352 1700 Aqui16nem:
1371 1653 1419 1690 ut
1437 1649 1547 1690 sciat
1563 1649 1702 1690 omnis
1722 1663 1824 1691 caro

1003 1704 1104 1755 quia
1130 1717 1211 1755 ego
1235 1705 1449 1746 Dominus
1474 1705 1605 1746 edaxi
1630 1705 1824 1756 gladium

1001 1773 1146 1802 meum
1180 1760 1234 1802 de
1262 1763 1421 1812 vagina
1453 1774 1531 1802 sua
1564 1761 1823 1803 irrevocabi-

1001 1816 1098 1858 lem.

1058 1877 1106 1927 R.
1129 1873 1235 1915 Vidi
1252 1874 1488 1915 Deminum
1508 1872 1732 1914 sedentem
1756 1887 1822 1915 su-

1001 1942 1079 1981 per
1103 1929 1261 1970 salium
1286 1930 1506 1971 excelsum
1529 1934 1574 1970 et
1593 1929 1824 1971 elevatum:

1002 1990 1045 2027 et
1067 1986 1198 2038 plena
1222 1992 1314 2028 erat
1334 1986 1473 2028 omnis
1491 1991 1608 2027 terra
1626 1986 1822 2038 majesta-

1001 2045 1044 2082 te
1060 2042 1165 2092 ejus:
1185 2044 1206 2067 *
1217 2042 1274 2083 Et
1289 2055 1340 2084 ea
1356 2055 1454 2094 quae
1474 2041 1553 2083 sub
1573 2041 1671 2093 ipso
1691 2047 1822 2092 erant,

1001 2098 1228 2150 replebant
1254 2098 1475 2151 templum.
1519 2094 1567 2144 V.
1594 2097 1821 2150 Seraphim

1000 2154 1174 2195 stabant
1207 2167 1338 2207 super
1371 2153 1493 2194 illud:
1527 2165 1604 2194 sex
1632 2153 1713 2194 alae
1737 2153 1821 2204 uni,

1001 2215 1044 2251 et
1063 2223 1140 2251 sex
1158 2210 1238 2251 alae
1259 2210 1394 2252 alteri.
1422 2209 1478 2250 Et
1498 2221 1560 2250 ea.

1308 2278 1457 2317 Lectio
1478 2277 1517 2316 ii.

1080 2344 1098 2380 t
1129 2344 1177 2380 tu
1207 2340 1268 2380 fili
1298 2339 1483 2380 hominis
1515 2338 1748 2389 ingemisce
1777 2338 1821 2378 in

1099 2395 1358 2436 contriti6ne
1393 2393 1656 2443 lumb6rum,
1697 2398 1741 2434 et
1775 2394 1819 2434 in

999 2450 1359 2492 amaritudinibus
1400 2450 1635 2500 ingemisce
1672 2461 1819 2490 coram

998 2507 1072 2547 eis.
1101 2506 1296 2558 Cumque
1315 2506 1503 2548 dixerint
1514 2505 1578 2547 ‘ad
1596 2510 1655 2547 te:
1674 2505 1818 2555 Quare

997 2567 1045 2604 tu
1066 2560 1225 2613 gemis?
1255 2561 1390 2604 dices:
1417 2562 1504 2603 Pro
1525 2560 1689 2603 auditu:
1718 2560 1818 2612 quia

997 2619 1126 2668 venit,
1146 2623 1188 2660 et
1206 2617 1405 2659 tabescet
1424 2630 1552 2659 omne
1569 2630 1655 2667 cor,
1674 2621 1718 2658 et
1734 2615 1816 2678 dis-

998 2675 1219 2716 solventur
1246 2674 1461 2714 universae
1489 2686 1659 2721 manus,
1688 2676 1730 2712 et
1755 2683 1815 2711 1n-

996 2730 1240 2771 firmabitur
1268 2729 1407 2770 omnis
1435 2729 1631 2781 spiritus,
1667 2731 1711 2767 et
1736 2737 1816 2778 per

1571 2858 1611 2889 14
