2040 2944
586 210 688 245 Infra
713 211 1006 246 Hebdomadam
1032 214 1082 247 iii.
1110 215 1349 250 Nox-munris.

126 321 215 350 non
243 309 523 358 constituisti,
555 314 604 351 ut
632 310 772 351 omnis
800 311 951 361 homo,

129 364 202 416 qui
225 367 402 416 rogaret
427 378 689 418 quemquam
709 366 763 408 de
783 367 882 417 diis,
909 373 952 410 et

126 420 374 462 hominibus
399 434 537 474 usque
564 420 620 463 ad
645 421 738 463 dies
762 424 951 475 triginta,

126 477 210 518 nisi
236 482 298 524 te,
330 490 426 527 rex,
458 478 704 519 mitteretur
736 479 779 519 in
809 479 951 521 lacum

126 533 325 575 leonum?
345 533 418 576 Ad
438 547 550 586 quos
568 535 844 587 respondens
863 549 951 585 rex,

127 590 202 631 ait:
230 591 374 632 Verus
401 596 469 632 est
494 603 637 632 sermo
661 591 780 642 juxta
804 592 950 634 decre-

126 650 218 687 tum
254 646 502 697 Medorum,
539 651 671 699 atque
705 647 951 699 Persarum,

128 701 249 754 quod
271 703 550 756 praevaricari
572 715 661 744 non
679 703 792 746 licet.
828 704 952 746 Tunc

126 759 444 811 respondentes
476 759 680 801 dixerunt
711 773 859 802 coram
887 774 950 803 re-

125 827 194 865 ge:
217 815 374 857 Daniel
399 815 454 857 de
473 815 574 857 filiis
594 817 862 869 captivitatis
881 818 905 858 J
907 832 950 859 u-

127 871 199 921 da,
227 884 315 913 non
335 873 506 914 curavit·
522 872 576 914 de
600 872 696 924 lege
716 878 805 923 tua,
835 879 878 916 et
897 874 951 916 de

127 927 290 978 edicto,
318 928 438 980 quod
466 929 745 971 constituisti:
776 929 855 972 sed
879 932 950 972 tri-

124 983 207 1026 bus
225 985 498 1038 temporibus
517 998 597 1038 per
624 984 740 1028 diem
761 993 858 1029 orat
877 987 950 1029 ob-

126 1041 372 1083 secratione
388 1054 476 1083 sua.
501 1042 631 1092 Quod
650 1043 832 1084 verbum
852 1057 950 1085 cum

125 1096 320 1139 audisset
338 1110 426 1147 rex,
446 1098 553 1140 satis
570 1099 853 1141 contristatus
870 1106 950 1142 est:

125 1157 169 1194 et
190 1166 272 1206 pro
295 1154 477 1196 Daniele
501 1155 650 1208 posuit
674 1168 750 1197 cor
774 1161 822 1198 ut
845 1156 949 1198 libe-

124 1211 242 1252 raret
270 1223 386 1260 eum,
422 1215 465 1252 et
491 1224 630 1264 usque
660 1211 717 1253 ad
745 1215 950 1254 occasum

124 1265 230 1307 solis
266 1266 496 1309 laborabat
531 1273 579 1309 ut
612 1272 785 1310 erneret
818 1269 949 1311 illum.

123 1322 220 1363 Viri
243 1327 388 1364 autem
411 1323 472 1364 illi
491 1324 782 1376 intelligentes
802 1339 950 1378 regem

125 1377 326 1420 dixerunt
362 1379 417 1421 ei:
454 1380 573 1422 Scito
607 1394 700 1430 rex,
740 1383 841 1434 quia
878 1382 949 1424 lex

122 1434 369 1486 Medorum,
397 1442 528 1489 atque
552 1437 786 1479 Persarum
811 1444 878 1480 est
902 1444 949 1481 ut

124 1503 252 1533 omne
271 1491 512 1543 decretum,
533 1494 654 1545 quod
673 1495 949 1538 constituerit

122 1560 210 1598 rex,
230 1562 318 1591 non
335 1549 465 1592 liceat
483 1551 715 1593 immutari.

170 1608 221 1659 R.
249 1605 389 1659 Super
406 1620 556 1649 muros
575 1612 688 1649 tuos.
706 1609 805 1649 208.

426 1666 577 1707 Lectio
598 1667 636 1706 ii.

198 1731 283 1759 unc
313 1731 391 1760 rex
422 1721 648 1773 praecepit:
680 1727 724 1763 et
755 1721 946 1764 adduxe-

221 1780 323 1817 runt
361 1775 606 1828 Danielem,
652 1783 696 1820 et
736 1779 947 1821 miserunt

121 1842 221 1871 eum
251 1831 295 1871 in
326 1831 470 1874 lacum
496 1833 682 1876 leonum.
736 1835 945 1887 Dixitque

119 1898 198 1928 rex
215 1887 401 1929 Danieli:
427 1889 548 1931 Deus
571 1895 690 1940 tuus,
721 1904 851 1943 quem
875 1904 943 1933 co-

119 1942 172 1984 lis
191 1955 380 1997 semper,
403 1946 498 1998 ipse
515 1946 720 1990 liberabit
738 1954 793 1990 te.
828 1948 943 1990 Alla-
1048 1959 1072 1991 1:1ss

119 2002 280 2052 tasque
307 2006 374 2043 est
399 2001 511 2055 lapis
539 2017 667 2054 unus,
704 2009 748 2046 et
774 2005 944 2056 positus

119 2061 186 2098 est
205 2069 336 2110 super
355 2071 406 2100 os
424 2058 522 2100 laci:
548 2073 678 2112 quem
697 2060 944 2111 obsignavit

118 2125 196 2155 rex
215 2114 375 2156 annulo
396 2128 492 2165 suo,
517 2122 561 2158 et
580 2117 740 2158 annulo
760 2118 942 2169 optima-

117 2174 210 2211 tum
229 2173 422 2222 suorum,
447 2185 502 2214 ne
522 2172 629 2224 quid
647 2174 773 2215 fieret
792 2179 944 2216 contra

117 2226 355 2269 Danielem.
389 2229 446 2271 Et
469 2229 576 2271 abiit
599 2242 677 2271 rex
700 2230 743 2271 in
763 2229 943 2271 domum

117 2295 252 2334 suam,
275 2289 319 2326 et
337 2284 544 2328 dormivit
562 2287 817 2336 incoenatuS,
842 2286 942 2328 cibi-

119 2351 203 2391 que
227 2353 316 2382 non
342 2347 442 2384 sunt
467 2342 588 2385 allati
612 2355 761 2384 coram
785 2355 855 2392 eo,
883 2345 942 2383 in-

117 2408 249 2448 super
281 2402 326 2439 et
357 2411 536 2440 somnus
572 2399 756 2440 recessit
789 2398 844 2440 ab
878 2411 942 2440 eo.

117 2451 241 2494 Tunc
268 2466 346 2496 rex
372 2455 515 2507 primo
544 2455 736 2497 dilaculo
766 2458 941 2495 consar-

116 2521 240 2559 gens,
280 2510 464 2552 festinus
503 2511 560 2553 ad
591 2511 734 2552 lacum
766 2511 942 2552 leonum

115 2566 323 2619 perrexit:
347 2568 797 2620 appropinquansque
816 2566 940 2616 lacui,

115 2621 343 2664 Danielem
372 2636 482 2665 voce
522 2622 779 2665 lacrimabili
811 2622 940 2663 incla-

115 2678 266 2729 mavit,
295 2685 338 2721 et
362 2679 521 2721 affatus
550 2685 616 2722 est
643 2693 757 2721 eum:
784 2678 941 2720 Daniel

115 2746 240 2776 serve
258 2734 341 2776 Dei
360 2735 560 2786 viventis,
584 2736 705 2777 Deus
723 2739 838 2785 tuuS‚
867 2734 937 2775 cui

1765 222 1831 256 213

1003 316 1052 353 tu
1082 314 1218 354 servis
1252 327 1443 367 semper,
1474 317 1662 367 putasne
1694 317 1829 358 valuit

1003 373 1048 410 te
1067 369 1252 411 liberare
1272 383 1296 411 a
1315 370 1539 413 leonibus?

1056 430 1106 479 R.
1132 426 1258 468 Muro
1278 432 1365 468 tuo.
1384 428 1484 468 209.

1303 485 1452 526 Lectio
1475 487 1527 525 iii.

1086 543 1104 578 t
1135 538 1292 580 Daniel
1325 539 1417 590 regi
1448 541 1720 592 respondens
1753 542 1828 583 ait:

1107 595 1203 635 Rex
1235 595 1278 635 in
1310 597 1521 636 aeternum
1553 597 1666 638 vive:
1705 598 1827 639 Deus

1003 663 1126 692 meus
1145 651 1261 692 misit
1275 651 1493 701 Angelum
1508 665 1644 703 suum,
1664 660 1707 695 et
1727 667 1826 695 con-

1005 707 1132 748 clusit
1178 720 1254 748 ora
1298 707 1492 756 leonum,
1542 714 1584 750 et
1626 722 1713 750 non
1752 723 1825 751 no-

1005 765 1184 804 cuerunt
1202 763 1322 804 mihi:
1349 764 1449 816 quia
1469 778 1615 806 coram
1638 779 1690 807 eo
1710 767 1825 817 justi-

1003 820 1063 862 tia
1082 820 1257 861 inventa
1277 825 1343 861 est
1361 820 1405 861 in
1421 834 1506 862 me:
1527 821 1605 863 sed
1620 827 1663 863 et
1677 835 1826 864 coram

1003 882 1061 926 te,
1090 889 1181 925 reX,
1211 876 1416 918 delictum
1445 890 1531 919 non
1561 878 1653 919 feci.
1702 879 1826 921 Tunc

1003 932 1282 974 vehementer
1307 946 1383 974 rex
1407 936 1584 983 gavisus
1610 939 1676 975 est
1696 948 1826 987 super

1004 1002 1069 1039 eo,
1090 994 1132 1030 et
1148 989 1374 1030 Danielem
1394 991 1605 1043 praecepit
1625 991 1751 1032 edaci
1771 992 1825 1033 de

1002 1045 1115 1087 lacu:
1160 1045 1431 1098 eductusque
1475 1052 1542 1087 est
1578 1047 1734 1089 Daniel
1771 1047 1825 1089 de

1002 1101 1114 1151 lacu,
1143 1107 1186 1143 et
1209 1102 1327 1143 nulla
1350 1102 1472 1143 laesio
1499 1103 1674 1144 inventa
1698 1104 1827 1145 estin

1003 1170 1068 1208 eo,
1089 1159 1190 1210 quia
1210 1158 1395 1200 credidit
1408 1159 1504 1199 Deo
1522 1172 1612 1199 suo.
1640 1160 1664 1199 J
1667 1160 1825 1202 ubente

1002 1220 1148 1256 autem
1173 1228 1292 1266 rege,
1322 1215 1500 1257 adducti
1524 1221 1622 1257 sunt
1648 1216 1727 1257 viri
1752 1216 1824 1266 illi,

1003 1271 1077 1323 qui
1102 1274 1415 1313 accusaverant
1441 1272 1683 1312 Danielem:
1712 1278 1755 1313 et
1782 1273 1823 1313 in

1001 1327 1144 1368 lacum
1167 1327 1342 1369 leonum
1366 1328 1487 1368 missi
1513 1333 1627 1376 sunt,
1654 1328 1752 1380 ipsi,
1781 1334 1824 1370 et

1000 1384 1093 1433 filii,
1122 1389 1165 1426 et
1184 1387 1343 1425 uxores
1364 1387 1529 1425 eorum:
1558 1389 1601 1425 et
1623 1397 1710 1425 non
1729 1398 1823 1436 per-

1001 1442 1211 1482 venerunt
1252 1453 1391 1492 usque
1430 1440 1486 1481 ad
1528 1440 1823 1492 pavimentum

999 1496 1099 1547 laci,
1128 1497 1269 1538 donec
1295 1499 1536 1549 arriperent
1562 1509 1639 1537 eos
1663 1496 1822 1547 leones,

1000 1558 1045 1594 et
1081 1554 1225 1594 omnia
1263 1566 1365 1594 ossa
1401 1555 1551 1594 eorum
1589 1554 1820 1594 comminu-

1000 1611 1136 1651 erunt.

1049 1668 1098 1718 R».
1126 1666 1416 1708 Sustinuimus
1436 1679 1601 1718 pacem.
1619 1667 1718 1707 209.

1244 1774 1272 1811 S
1298 1786 1323 1810 a
1345 1775 1370 1810 b
1396 1775 1421 1810 b
1448 1786 1473 1810 a
1495 1778 1512 1810 t
1537 1785 1573 1810 ο.

1146 1829 1212 1868 De
1240 1826 1421 1868 Daniele
1444 1826 1677 1879 Propheta.

1072 1889 1221 1929 Lectio
1249 1889 1270 1927 i.
1582 1890 1683 1941 Cap.
1703 1892 1738 1929 9.

1067 1959 1112 1988 :tn
1127 1960 1240 1989 anno
1256 1948 1399 2000 primo
1415 1947 1537 1988 Darii
1551 1947 1627 1988 filii
1640 1947 1818 1989 Assueri

1003 2006 1030 2026 ³⁵
1102 2003 1157 2046 de
1182 2005 1345 2045 semine
1371 2003 1617 2052 Medorum,
1646 2004 1719 2055 qui
1744 2004 1818 2044 im-

995 2061 1168 2113 peravit
1203 2073 1335 2113 super
1375 2073 1556 2110 regnum
1593 2059 1817 2101 Chaldaeo-

996 2130 1108 2159 rum:
1128 2130 1239 2158 anno
1257 2129 1344 2158 uno
1364 2117 1485 2167 regni
1504 2117 1611 2168 ejus,
1631 2128 1712 2166 ego
1731 2116 1815 2156 Da-

996 2174 1083 2215 niel
1119 2173 1312 2215 intellexi
1349 2173 1393 2213 in
1430 2172 1552 2213 libris
1589 2175 1816 2213 nnmerum

996 2233 1221 2279 annorum,
1246 2228 1300 2271 de
1321 2242 1407 2280 quo
1427 2229 1567 2270 factus
1588 2233 1654 2270 est
1672 2241 1816 2269 sermo

995 2286 1172 2327 Domini
1201 2285 1256 2327 ad
1284 2286 1308 2325 J
1311 2287 1516 2326 eremiam
1543 2284 1816 2337 prophetam,

994 2347 1043 2383 ut
1073 2341 1397 2394 complerentur
1431 2340 1716 2382 desolationis
1747 2340 1814 2382 Je-

994 2398 1183 2439 rusalem
1207 2399 1484 2449 septuaginta
1510 2397 1618 2438 anni.
1654 2397 1711 2438 Et
1739 2398 1814 2449 po·

994 2454 1061 2495 sui
1103 2453 1260 2495 faeiem
1304 2465 1446 2494 meam
1487 2452 1543 2494 ad
1579 2453 1842 2512 Dominum·

993 2510 1136 2551 Deum
1163 2521 1307 2550 meum
1333 2510 1489 2558 rogare
1517 2513 1562 2550 et
1589 2508 1815 2560 deprecari

992 2566 1036 2606 in
1068 2565 1250 2617 jeji'miis,
1283 2577 1428 2614 sacco,
1465 2570 1508 2606 et
1541 2567 1696 2606 cinere.
1758 2563 1814 2604 Et

994 2621 1117 2664 oravi
1143 2620 1379 2661 Dominum
1409 2621 1552 2662 Deum
1578 2633 1737 2668 meum,
1770 2623 1814 2660 et

994 2678 1219 2719 confessus
1252 2689 1362 2725 sum,
1402 2682 1445 2718 et
1477 2676 1579 2718 dixi:
1617 2675 1811 2717 Obsecro

991 2733 1178 2775 Domine
1199 2733 1318 2773 Deus
1345 2744 1500 2783 magne
1529 2737 1572 2774 et
1597 2729 1812 2779 terribilis,
