2040 2944
196 181 265 225 [16]

786 177 995 211 Commune
1020 175 1309 220 Apostolorum.

277 277 501 328 Praecepta
522 288 707 327 quorum
725 274 927 327 pretinus

324 333 528 383 Languor
548 332 754 384 salesque
775 331 980 380 sentiunt3

324 389 482 430 Sanate
501 393 669 430 mentes
687 387 931 439 languidas:

324 446 496 497 Augete
515 458 597 487 nos
616 445 868 486 virtntibus:

280 511 342 560 Ut,
371 524 469 552 cum
488 510 648 552 redibit
668 510 830 552 arbiter

324 568 375 608 In
394 567 480 609 fine
502 567 699 609 Christus
719 567 879 617 saeculi,

323 624 418 665 Nos
439 624 693 677 sempiterni
711 623 859 675 gandii

324 680 550 722 Concedat
568 693 665 722 esse
686 683 925 733 cempoteS.

281 744 404 795 Patri,
433 744 649 797 simulque
668 745 791 795 Filio,

327 801 516 854 Tibique
536 806 685 843 sancte
705 802 902 854 Spiritus,

325 859 445 901 Sicut
463 858 555 908 fuit,
583 858 639 900 sit
659 858 816 910 jugiter

327 915 515 958 Saeclum
533 927 613 967 per
633 927 761 957 omne
779 914 929 966 gleria.

560 972 713 1013 Amen.

250 1031 301 1083 V.
341 1033 723 1075 Annuntiaverunt
760 1033 896 1085 epera
931 1031 1025 1073 Dei.

198 1094 249 1145 Rv.
275 1090 333 1132 Et
352 1090 467 1132 facta
486 1091 576 1142 eius
595 1089 913 1132 intellexerunt.

250 1154 322 1195 Ad
338 1154 509 1205 Magnis.
540 1156 640 1195 Ant.
669 1153 827 1192 Estete
846 1151 983 1192 fortes
1002 1150 1026 1175 *

198 1209 241 1249 in
269 1208 397 1258 bello,
430 1214 474 1250 et
499 1210 692 1262 pugnate
721 1221 819 1249 cum
847 1209 1026 1259 antiquo

200 1268 416 1319 serpente:
446 1270 490 1307 et
513 1265 739 1318 accipietis
762 1277 945 1316 regnum
971 1277 1026 1305 ae-

198 1324 380 1373 ternum,
408 1321 589 1374 alleluja.

458 1391 770 1419 -ο-ᾢ-ο-ῳ..

361 1457 424 1498 11.
452 1456 580 1499 Aliae
598 1455 861 1497 Lectiones

462 1518 533 1552 pro
550 1507 764 1552 Apostolis.

424 1571 474 1610 In
501 1570 552 1609 ΙΙ.
579 1569 802 1609 Nocturno.

202 1633 268 1673 De
296 1630 582 1683 Expositiene
609 1629 649 1671 S.
675 1628 909 1680 Augustini
927 1630 1027 1681 Epi-

241 1688 365 1741 scopi
385 1700 516 1740 super
534 1686 757 1728 Psalmum
777 1686 989 1738 octogesi-

450 1757 570 1786 mum
590 1748 772 1786 sextum.

279 1804 430 1845 Lectio
450 1803 503 1843 iv.
649 1807 750 1840 Ante
771 1806 949 1841 medium.

165 1867 169 1869 '
278 1861 587 1915 undamenta
615 1861 705 1912 ejus
736 1860 780 1900 in
806 1858 1028 1901 mentibus

212 1961 215 1964 ,
238 1930 261 1981 'q
273 1917 313 1969 ,ἓξ
340 1918 518 1959 sanctis:
538 1916 679 1968 diligit
695 1916 911 1958 Deminus
929 1928 1028 1969 per-

213 1968 313 2003 ⁷292*
339 1980 408 2016 tas
432 1975 547 2016 Sion.
585 1975 730 2024 Quare
756 1977 857 2014 sunt
880 1971 1029 2014 funda-

202 2034 349 2074 menta
359 2030 573 2084 Apestoli,
589 2035 633 2072 et
641 2028 900 2082 Prophetae?
917 2029 1029 2080 Quia

204 2091 357 2131 eerum
379 2087 618 2129 aucteritas
641 2091 792 2139 portat
809 2087 1029 2128 infirmita-

204 2151 293 2187 tem
319 2149 526 2186 nostram.
564 2145 709 2194 Quare
737 2148 838 2184 sunt
864 2141 1029 2196 portae?

206 2202 316 2252 Quia
329 2214 409 2254 per
423 2201 544 2254 ipsos
558 2201 771 2242 intramus
782 2199 838 2242 ad
850 2212 1031 2251 regnum

204 2259 298 2300 Dei.
325 2258 574 2299 Praedicant
588 2257 703 2299 enim
716 2256 859 2298 nobis:
874 2261 918 2298 et
933 2269 1032 2298 cum

205 2327 284 2366 per
307 2315 430 2367 ipsos
454 2315 680 2363 intramus,
712 2326 792 2367 per
812 2313 1033 2354 Christum

206 2371 427 2412 intramus.
460 2371 562 2423 Ipse
582 2375 650 2412 est
669 2370 785 2413 enim
802 2370 939 2422 janua.
975 2370 1032 2411 Et

207 2440 306 2468 cum
326 2426 530 2468 dicantur
549 2426 782 2469 duedecim
805 2431 947 2479 portae
965 2426 989 2467 J
993 2439 1032 2468 e-

207 2482 407 2533 rusalem,
434 2488 478 2524 et
496 2496 581 2524 una
602 2488 733 2536 porta
752 2483 961 2532 Christus,
990 2487 1033 2524 et

208 2539 443 2582 duedecim
461 2545 603 2592 portae
623 2540 837 2590 Christus,
866 2539 967 2592 quia
990 2539 1033 2579 in

209 2595 442 2638 duedecim
465 2597 605 2648 portis
626 2597 838 2638 Christus:
866 2601 910 2638 et
932 2595 1032 2637 ideo

209 2652 504 2694 duodenarius
549 2656 755 2694 numerus
796 2651 1032 2705 Apostole-

209 2722 316 2751 rum.
339 2709 668 2750 Sacramentum
684 2722 890 2760 magnum
909 2708 1034 2760 hujus

1076 271 1334 313 duodenarii
1359 271 1617 322 significatio
1638 277 1704 314 est
1723 272 1900 313 nnmeri.

1075 327 1307 378 Sedebitis,
1334 328 1489 380 inquit,
1517 341 1648 381 super
1668 328 1901 370 duedecim

1076 384 1219 482 sedesl,
1251 384 1491 436 judicantes
1511 384 1745 426 duedecim
1762 384 1901 426 tribus

1076 442 1222 482 Istae.

1128 500 1179 551 R.
1197 497 1301 539 Vidi
1323 498 1578 549 conjnnctos
1594 497 1725 547 viros,
1742 496 1901 538 haben-

1076 559 1143 596 tes
1167 554 1419 607 splendidas
1443 558 1604 603 vestes
1639 558 1683 595 et
1707 553 1902 604 Angelus

1077 611 1255 652 Demini
1272 610 1446 652 locatus
1466 615 1532 652 est
1550 609 1607 651 ad
1625 622 1711 660 me,
1739 609 1903 651 dicens:

1077 668 1100 694 *
1128 667 1207 709 Isti
1235 672 1336 708 sunt
1361 667 1442 708 viri
1472 667 1612 708 sancti
1642 666 1747 708 facti
1777 666 1904 707 amici

1076 724 1169 766 Dei.
1205 721 1256 771 V.
1274 723 1378 765 Vidi
1397 723 1615 774 Angelum
1633 723 1718 764 Dei
1735 723 1904 772 fortem,

1077 780 1298 822 volantem
1311 793 1391 833 per
1405 779 1599 822 medium
1614 779 1784 829 coelum,
1794 791 1905 820 voce

1076 849 1234 889 magna
1246 836 1519 886 clamantem,
1528 841 1572 879 et
1582 835 1906 878 dicentem.1sti.

1385 894 1536 935 Lectio
1556 908 1592 934 v.

1080 944 1168 1051 Si
1187 951 1420 994 duedecim
1445 951 1565 993 sellae
1592 950 1653 993 ibi
1676 954 1791 999 sunt,
1818 961 1906 990 non

1174 1014 1241 1050 est
1267 1009 1343 1051 ubi
1370 1007 1522 1050 sedeat
1552 1006 1906 1050 tertiusdecimus

1077 1065 1238 1107 Paulus
1254 1065 1518 1118 Apestolus,
1529 1069 1573 1106 et
1591 1076 1680 1105 non
1699 1063 1782 1105 erit
1802 1063 1906 1115 que-

1077 1122 1211 1164 modo
1235 1122 1410 1175 judicet:
1443 1126 1486 1164 et
1507 1121 1603 1174 ipse
1628 1133 1675 1162 se
1699 1119 1907 1172 judicata·

1078 1193 1175 1220 rum
1207 1179 1335 1229 dixit,
1375 1191 1463 1220 non
1496 1178 1696 1219 hemines
1727 1181 1907 1225 tantum,

1079 1236 1158 1278 sed
1177 1241 1221 1278 et
1241 1236 1430 1287 angelos.
1467 1236 1589 1286 Quos
1609 1233 1798 1285 angelos,
1824 1232 1908 1273 nisi

1079 1295 1306 1346 apestatas
1322 1290 1523 1343 angelos?
1538 1290 1741 1340 Nescitis,
1755 1289 1907 1342 inquit,

1081 1350 1183 1402 quia
1193 1349 1372 1400 angelos
1386 1345 1697 1401 judicabimus?
1709 1347 1907 1399 Respon-

1080 1406 1204 1448 deret
1231 1419 1336 1458 ergo
1364 1405 1509 1447 turba:
1559 1403 1675 1455 Quid
1701 1408 1745 1445 te
1772 1404 1908 1454 jactas

1079 1460 1392 1515 judicaturum?
1434 1461 1520 1504 Ubi
1550 1458 1748 1502 sedebis?
1789 1459 1908 1500 Due-

1080 1519 1224 1561 decim
1255 1518 1384 1561 sedes
1416 1518 1527 1560 dixit
1553 1517 1770 1559 Deminus
1803 1514 1907 1557 due-

1081 1575 1223 1618 decim
1246 1574 1489 1628 Apestolis:
1521 1586 1633 1615 unus
1657 1571 1815 1615 cecidit
1837 1571 1908 1612 Ju-

1081 1633 1176 1682 das,
1212 1633 1256 1673 in
1283 1632 1429 1673 locum
1455 1631 1593 1684 ipsius
1621 1633 1797 1671 sanctus
1820 1627 1908 1668 Ma-

1080 1689 1194 1731 thias
1222 1688 1448 1730 ordinatus
1477 1692 1563 1729 est:
1607 1685 1813 1739 impletus
1841 1687 1909 1725 est

1081 1745 1376 1788 duodenarius
1390 1747 1598 1786 numerus
1618 1742 1797 1784 sedium.
1817 1740 1908 1782 Pri-

1081 1815 1153 1844 mo
1172 1802 1319 1844 locum
1337 1801 1492 1851 inveni,
1510 1800 1586 1843 ubi
1601 1799 1767 1848 sedeaS,
1787 1802 1831 1840 et
1845 1797 1908 1839 sic

1080 1864 1124 1901 te
1145 1859 1310 1900 minare
1329 1857 1629 1910 judicaturum.
1660 1854 1908 1897 Duedecim

1081 1928 1186 1967 ergo
1212 1915 1341 1957 sedes
1361 1914 1466 1968 quid
1486 1913 1568 1956 sibi
1586 1912 1735 1962 velint,
1763 1910 1907 1952 videa-

1081 1986 1188 2014 mus.
1233 1973 1562 2014 Sacramentum
1589 1974 1656 2012 est
1683 1966 1909 2021 cujusdam

1081 2028 1386 2078 universitatis,
1399 2028 1499 2080 quia
1512 2039 1593 2080 per
1603 2030 1745 2068 totum
1755 2023 1835 2066 orb
1840 2036 1909 2066 em

1082 2088 1298 2128 terrarum
1309 2085 1455 2126 futura
1466 2088 1561 2126 erat
1569 2081 1781 2124 Ecclesia:
1793 2079 1908 2121 unde

1082 2144 1266 2184 vocatur
1290 2141 1376 2183 hoc
1403 2140 1639 2182 aedificium
1666 2137 1723 2180 ad
1747 2135 1908 2178 Christi

1083 2200 1353 2252 compagem.

1135 2253 1187 2305 Rz.
1203 2255 1332 2296 Beati
1350 2254 1467 2304 estis,
1487 2266 1586 2295 cum
1603 2248 1909 2293 maledixerint

1083 2311 1211 2354 vobis
1242 2311 1459 2360 hemines,
1505 2314 1549 2351 et
1578 2306 1798 2361 persecuti
1829 2317 1909 2346 vos

1083 2369 1261 2418 fuerint,
1303 2372 1346 2409 et
1373 2366 1561 2408 dixerint
1588 2376 1717 2406 omne
1747 2362 1910 2403 malurn

1084 2425 1317 2467 adversum
1331 2436 1423 2474 VOS,
1440 2421 1708 2470 mentientes,
1727 2423 1910 2472 propter

1084 2495 1168 2524 me:
1193 2478 1217 2502 *
1246 2479 1446 2523 Gaudete
1474 2483 1517 2521 et
1546 2476 1776 2525 exsultate,
1805 2477 1909 2528 que-

1084 2539 1202 2580 niam
1225 2549 1393 2580 merces
1412 2539 1559 2577 vestra
1578 2533 1758 2586 copiesa
1778 2536 1844 2574 est
1866 2531 1911 2572 in

1086 2595 1220 2637 coelis.
1259 2585 1311 2637 V·
1338 2593 1448 2634 Cum
1471 2603 1553 2632 vos
1578 2589 1750 2632 ederint
1774 2587 1909 2629 hemi-

1085 2665 1178 2701 nes,
1212 2655 1256 2692 et
1284 2662 1383 2691 cum
1410 2647 1710 2701 separaverint
1737 2658 1834 2695 vos,
1867 2648 1911 2686 et

1086 2705 1456 2760 exprobraverint,
1476 2709 1519 2746 et
1535 2703 1739 2756 ejecerint
1752 2713 1911 2744 nomen
