2040 2944
767 203 978 238 Commune
1004 203 1223 238 Doctorum.

141 301 350 343 saeculum
377 313 466 342 non
494 300 721 342 delebitur.
771 300 874 341 Non
903 312 966 341 re-

141 358 267 400 cedet
286 358 499 399 memoria
520 358 621 410 ejus,
641 361 686 398 et
699 369 860 398 nomen
876 357 966 409 ejus

139 415 387 467 requiretur
411 428 437 456 a
459 413 744 466 generatione
771 413 816 454 in
840 426 967 465 gene-

139 471 366 513 rationem.
397 470 668 524 Sapientiam
686 471 776 522 ejus
797 471 966 511 enarra-

139 527 249 569 bunt
270 533 437 579 gentes,
462 532 506 569 et
525 526 702 568 laudem
726 527 816 579 ejus
838 538 967 567 enun-

140 583 270 626 tiabit
288 584 498 626 Ecclesia.

272 655 357 695 Pro
386 656 579 697 Doctore
608 655 833 696 Pontifiee.

194 717 244 768 R.
270 715 440 757 Juravit
462 714 689 756 Dominus.
717 713 799 766 [52]

214 786 298 827 Pro
327 787 523 828 Doctore
552 799 639 828 non
668 786 893 827 Pontifice.

193 847 244 899 R.
270 845 362 888 Iste
391 845 610 897 cognovit.
638 844 725 897 [70]

365 930 414 969 In
442 930 492 970 11.
521 930 744 970 Nocturno.

141 999 209 1039 Ex
227 996 341 1039 libro
356 997 590 1040 Moralium
610 997 751 1039 sancti
766 995 971 1046 Gregorii

481 1056 626 1108 Papae.

244 1122 398 1163 Lectio
418 1122 471 1161 iv.
562 1121 653 1161 Lib.
665 1122 702 1161 9.
714 1121 816 1173 Cap.
829 1122 866 1161 6.

149 1189 163 1218 Tr
177 1192 258 1268 ζῇ
272 1184 317 1226 ui
334 1189 438 1249 post
458 1185 645 1283 Qriossas
663 1184 871 1253 flyadum
894 1186 969 1226 no-

147 1293 265 1321 s
297 1246 970 1350 aaa&affine&

141 1354 369 1396 subductis
388 1354 667 1407 Martyribus‚
687 1367 740 1397 eo
758 1355 844 1407 jam
864 1356 969 1397 tem-

139 1423 251 1464 pore
274 1411 332 1453 ad
354 1411 507 1453 mundi
527 1412 726 1454 notitiam
744 1413 969 1462 venerunt,

141 1481 229 1520 quo
248 1467 360 1510 fides
380 1468 539 1510 clarius
557 1468 714 1519 elucet,
742 1473 785 1510 et
801 1470 969 1522 repres-

141 1537 190 1566 sa
216 1524 487 1567 infidelitatis
518 1524 682 1576 hieme,
725 1525 855 1567 altius
889 1539 970 1578 per

141 1580 278 1623 corda
304 1581 501 1624 fidelium
529 1581 596 1623 sol
621 1582 819 1624 veritatis
845 1582 969 1624 calet.

141 1638 226 1688 Qui
260 1640 432 1680 remota
464 1641 731 1692 tempestate
767 1651 969 1692 persecu-

139 1695 286 1746 tionis,
315 1695 502 1748 expletis
525 1695 667 1747 longis
686 1695 891 1738 noctibus
909 1696 968 1736 in-

140 1750 387 1802 fidelitatis,
424 1756 530 1794 tunc
562 1757 726 1794 sanctae
757 1752 969 1794 Ecclesiae

142 1808 229 1850 orti
255 1813 367 1858 sunt,
403 1822 502 1851 cum
531 1809 571 1850 ei
598 1810 682 1862 jam
709 1822 790 1862 per
817 1809 969 1851 credu-

139 1864 275 1907 litatis
302 1879 485 1908 vernum
504 1865 692 1908 lucidior
711 1879 850 1908 annus
870 1879 969 1920 ape·

140 1924 261 1964 ritur.

278 1983 365 2023 Pro
394 1982 589 2023 Doctore
614 1982 836 2024 Pontifice.

195 2048 247 2100 R.
270 2044 424 2085 Inveni
441 2043 597 2094 David,
622 2057 797 2086 servum
813 2058 969 2095 meum,

144 2099 242 2142 oleo
267 2105 420 2142 sancto
445 2113 545 2142 meo
568 2101 673 2142 unxi
699 2114 813 2143 eum:
835 2105 858 2129 *
881 2102 969 2143 Ma-

141 2170 223 2198 nus
238 2157 354 2199 enim
368 2170 466 2198 mea
481 2157 762 2199 auxiliabitur
779 2158 829 2200 ei.
844 2155 971 2207 V.Ni-

141 2212 202 2254 hil
219 2213 423 2266 proficiet
436 2214 637 2255 inimicus
651 2214 695 2255 in
711 2226 776 2264 eo,
797 2219 840 2256 et
854 2214 970 2256 filius

142 2270 383 2322 iniquitatis
402 2283 491 2312 non
509 2270 687 2313 nocebit
706 2271 757 2313 ei.
784 2271 951 2313 Manus.

222 2332 308 2373 Pro
333 2332 528 2374 Doctore
557 2345 643 2373 non
673 2333 895 2375 Pontifice.

198 2388 247 2440 Rz.
271 2387 521 2429 Honestum
548 2387 652 2429 fecit
679 2387 801 2429 illum
820 2388 968 2429 Domi-

142 2455 235 2493 nus,
260 2448 303 2485 et
322 2444 560 2487 custodivit
580 2457 680 2486 eum
699 2444 755 2486 ab
774 2445 970 2496 inimicis,

145 2503 188 2540 et
215 2512 242 2540 a
267 2500 573 2543 seductoribus
600 2501 759 2544 tutavit
784 2501 923 2554 illum:
949 2504 972 2529 *

144 2556 200 2597 Et
228 2555 352 2599 dedit
380 2558 443 2599 illi
471 2558 718 2600 claritatem
750 2560 971 2600 aeternam.

147 2607 198 2659 V.
226 2613 398 2656 Justum
430 2614 612 2657 deduxit
644 2615 860 2656 Dominus
891 2628 971 2668 per

144 2669 237 2766 {ias
257 2675 411 2768 Ἐξῒεῑε,
435 2676 479 2714 et
497 2672 690 2714 ostendit
708 2672 770 2713 illi
788 2685 971 2724 regnum

189 2738 238 2767 ει.
323 2758 332 2767 .

1332 299 1482 339 Lectio
1506 313 1539 337 v.

1115 369 1166 398 ec
1201 357 1418 398 immerito
1455 357 1675 399 Doctores
1703 358 1849 409 {sancti

1123 413 1330 465 Hyadum
1344 414 1670 466 nuncupatione
1687 415 1850 465 signan-

1019 475 1100 512 tur.
1129 470 1287 511 Graeco
1309 470 1472 523 quippe
1492 470 1669 523 eloquio
1691 470 1849 523 hyetos

1019 526 1169 579 pluvia
1188 528 1387 568 vocatur:
1415 532 1460 568 et
1481 527 1663 579 Hyades
1689 540 1850 569 nomen

1020 597 1046 624 a
1079 583 1239 636 pluviis
1276 585 1561 636 acceperunt,
1604 584 1707 637 quia
1740 589 1850 626 ortae

1021 639 1176 693 procul
1197 639 1333 681 dubio
1353 639 1517 682 imbres
1535 640 1690 682 ferunt.
1727 640 1850 683 Bene

1022 709 1126 748 ergo
1141 696 1347 748 HYadum
1366 696 1662 750 appellatione
1685 699 1852 750 expres-

1022 753 1059 794 si
1082 757 1198 803 sunt,
1228 753 1302 805 qui
1325 753 1382 795 ad
1407 758 1569 795 statum
1591 754 1850 796 universalis

1021 810 1244 860 Ecclesiae,
1271 810 1396 861 quasi
1416 810 1461 850 in
1481 810 1583 851 coeli
1602 810 1759 852 faciem
1779 810 1850 852 de-

1023 865 1160 916 ducti,
1197 879 1330 919 super
1358 867 1554 908 arentem
1584 871 1748 908 terram
1775 867 1849 908 hu-

1021 923 1139 963 mani
1163 922 1357 975 pectoris
1382 928 1548 965 sanctae
1571 923 1850 976 praedicatio-

1020 979 1088 1020 nis
1108 979 1272 1020 imbres
1293 978 1509 1021 fuderunt.
1536 979 1583 1020 Si
1605 980 1720 1022 enim
1740 993 1850 1033 prae-

1023 1035 1256 1077 dicationis
1278 1048 1423 1077 sermo
1445 1036 1596 1089 plavia
1612 1049 1702 1078 non
1723 1042 1850 1087 esset,

1021 1092 1199 1144 Moyses
1227 1092 1406 1134 minime
1437 1092 1640 1135 dixisset:
1685 1093 1850 1146 Exspe-

1023 1150 1166 1190 ctetur
1197 1149 1310 1190 sicut
1336 1149 1487 1202 plavia
1515 1149 1739 1202 eloquium
1765 1163 1851 1192 me-

1022 1219 1111 1247 um:
1140 1210 1184 1248 et
1202 1207 1482 1259 nequaquam
1501 1220 1581 1260 per
1594 1207 1756 1248 Isaiam
1766 1207 1851 1248 Ve-

1021 1262 1129 1303 ritas
1168 1261 1352 1304 diceret:
1398 1263 1620 1306 Mandabo
1660 1264 1851 1306 nubibus

1022 1319 1151 1369 meis,
1191 1332 1246 1360 ne
1280 1319 1436 1371 pluant
1473 1333 1607 1373 super
1641 1333 1738 1362 eam
1774 1321 1849 1362 im·
1913 1363 1917 1368 ,

1021 1374 1163 1417 brem:
1187 1380 1321 1427 atque
1341 1375 1434 1427 hoc,
1460 1376 1582 1428 quod
1598 1376 1731 1430 paulo
1750 1382 1851 1419 ante

1021 1431 1304 1485 protolimus:
1358 1433 1658 1483 Quamobrem
1707 1434 1851 1486 prohi-

1021 1488 1128 1530 bitae
1156 1494 1259 1530 sunt
1286 1489 1426 1531 stellae
1454 1490 1714 1543 pluviarum.

1163 1551 1246 1589 Pro
1276 1551 1470 1590 Doctore
1498 1550 1721 1589 Pontificc.

1077 1607 1127 1658 lit·
1157 1602 1292 1643 Posui
1321 1602 1587 1655 adjutorium
1615 1617 1748 1657 super
1775 1617 1850 1657 po-

1022 1659 1208 1707 tentem,
1254 1663 1298 1700 et
1337 1659 1527 1700 exaltavi
1567 1660 1755 1702 electum
1795 1661 1850 1702 de

1020 1713 1152 1766 plebe
1188 1727 1304 1755 mea:
1346 1721 1368 1744 *
1400 1716 1557 1757 Manus
1596 1717 1711 1758 enim
1751 1730 1850 1758 mea

1021 1770 1304 1812 auxiliabitur
1336 1772 1387 1813 ei.
1440 1769 1490 1821 V.
1518 1773 1671 1814 Inveni
1702 1773 1849 1815 David

1022 1839 1198 1868 servum
1228 1840 1392 1879 meum,
1429 1829 1528 1871 oleo
1562 1834 1716 1871 sancto
1748 1842 1848 1871 meo

1021 1883 1127 1924 unxi
1155 1896 1265 1925 eum.
1305 1885 1473 1926 Manus.

1096 1944 1181 1983 Pro
1210 1944 1404 1983 Doctore
1434 1956 1521 1982 non
1550 1943 1775 1984 Pontifice.

1079 2001 1129 2052 R,
1172 1995 1352 2037 Amavit
1395 2010 1495 2038 eum
1530 1998 1766 2048 Dominus,
1808 2003 1851 2040 et

1023 2052 1195 2094 ornavit
1215 2065 1329 2094 eum:
1358 2053 1517 2094 stolam
1535 2054 1688 2106 gloriae
1708 2054 1851 2096 induit

1003 2122 1138 2159 eum,
1166 2115 1188 2139 *
1210 2108 1267 2150 Et
1294 2108 1352 2151 ad
1377 2115 1530 2162 portas
1558 2110 1752 2164 paradisi
1781 2124 1850 2152 co-

1022 2164 1198 2207 ronavit
1226 2178 1336 2207 eum.
1379 2166 1428 2218 V.
1452 2166 1602 2209 Induit
1630 2180 1730 2209 eum
1756 2167 1851 2208 Dfis

1022 2221 1207 2263 lon‘cam
1225 2221 1349 2272 fidei,
1378 2227 1422 2264 et
1446 2224 1620 2266 ornavit
1645 2237 1756 2266 eum.
1783 2224 1851 2266 Et.

1326 2284 1479 2325 Lectio
1504 2284 1557 2324 vi.

1027 2337 1187 2443 Dum
1215 2347 1320 2387 ergo
1346 2335 1529 2388 Hyades
1558 2349 1659 2378 cum
1688 2337 1850 2390 pluviis

1126 2391 1318 2442 veniunt,
1339 2391 1397 2433 ad
1412 2392 1514 2434 coeli
1530 2393 1675 2446 spatia
1693 2393 1851 2436 altiora

1024 2447 1092 2488 sol
1126 2447 1315 2489 decitur:
1354 2449 1456 2501 quia
1489 2451 1731 2502 apparente
1763 2451 1850 2492 Do-

1024 2506 1197 2545 ctorum
1216 2504 1410 2555 scientia,
1431 2505 1536 2547 dum
1557 2519 1680 2548 mens
1699 2512 1852 2549 nostra

1023 2560 1165 2602 imbre
1214 2560 1546 2613 praedicationis
1596 2563 1850 2612 infunditur,

1023 2616 1128 2658 fidei
1170 2617 1290 2658 calor
1331 2619 1525 2669 augetur.
1577 2619 1635 2661 Et
1674 2619 1851 2672 perfusa

1023 2677 1142 2714 terra
1182 2673 1239 2715 ad
1279 2673 1470 2716 fructum
1509 2676 1707 2728 proficit,
1751 2687 1851 2716 cum

962 2778 965 2781 ἱ
1023 2729 1170 2771 lumen
1198 2729 1375 2772 aetheris
1398 2731 1598 2783 ignescit:
1627 2731 1728 2784 quia
1746 2730 1848 2772 ube-
