2040 2944
509 168 581 202 Die
605 168 639 201 8.
664 168 763 201 Nov.
809 168 852 201 In
879 167 1027 201 Octava
1054 168 1232 201 Omnium
1258 170 1494 201 Sanctorum.

1794 166 1860 200 413

141 263 260 304 tiene
279 263 384 304 novi
403 263 593 304 hominis
613 263 902 314 celebramus3
929 268 974 304 et

141 321 324 360 numero
344 319 443 372 ipso
463 320 765 361 Pentecestes:
786 332 888 360 nam
908 332 972 360 se-

140 375 342 427 ptenario
369 379 552 418 numero
580 376 745 428 septies
769 375 974 429 multipli-

142 434 260 483 cato,
301 445 389 484 quo
425 432 535 474 fiunt
573 432 863 485 quadraginta
897 445 974 473 no-

141 502 257 539 vem,
304 490 431 541 quasi
466 491 650 531 octavus
688 489 882 538 additur,
926 493 975 530 ut

143 546 459 597 quinquaginta
474 546 789 598 compleantur.
804 546 862 587 Et
875 550 976 587 tam-

143 615 275 654 quam
302 601 508 644 redeatur
535 602 592 644 ad
616 607 765 654 caput,
796 614 883 654 quo
904 601 975 643 die

141 659 302 699 missus
329 664 397 700 est
419 658 607 711 Spiritus
634 663 829 707 sanctus,
859 671 912 699 eo
932 658 976 698 in

142 728 326 766 regnum
346 715 560 757 coelorum
580 715 796 765 ducimur,
826 719 870 756 et
888 715 975 755 1130-

143 771 378 813 reditatem
409 772 665 824 accipimus,
701 776 744 813 et
777 771 975 812 consola-

145 841 259 878 mur,
301 833 346 869 et
376 829 614 881 pascimur,
656 833 700 869 et
730 828 975 869 misericor-

144 884 261 926 diam
281 885 607 936 consequimur,
636 889 680 926 et
702 884 976 933 mundamur,

143 946 188 982 et
206 940 501 993 pacificamur.
535 942 684 993 Atque
707 941 768 982 ita
792 940 978 993 perfecti

144 1010 296 1039 omnes
339 1000 612 1039 extrinsecus
653 997 799 1038 illatas
843 997 976 1038 mole-

144 1054 251 1096 stias
275 1067 359 1107 pro
384 1054 573 1095 veritate
601 1059 644 1096 et
668 1054 831 1106 justitia
851 1053 977 1095 susti-

145 1124 310 1152 nemus.

200 1173 264 1214 Te
283 1172 428 1213 Deum
446 1171 689 1214 laudamus.
709 1173 770 1212 14.

371 1253 451 1295 Ad
477 1255 749 1305 vesperas.

478 1322 645 1367 Duplex.

200 1379 339 1415 O'mnia
362 1382 404 1413 ut
428 1378 467 1412 in
491 1379 518 1414 Ι.
541 1380 659 1424 Vesp.
685 1381 801 1417 Festi.
827 1378 912 1412 390.

195 1437 243 1471 Et
273 1436 314 1470 fit
346 1445 543 1471 commem.
575 1437 633 1472 Ss,
662 1438 772 1473 Mart.
804 1439 977 1479 Quatuor

144 1485 437 1520 Coronatorum.

198 1541 300 1581 Ant.
335 1539 529 1580 Istorum
558 1542 624 1579 est
653 1539 769 1579 enim
797 1551 979 1589 regnum

147 1594 379 1644 coelorum,
418 1594 492 1647 qui
525 1596 888 1646 contempserunt
917 1595 977 1636 vi-

145 1655 237 1692 tam
250 1649 413 1700 mundi,
434 1655 478 1692 et
491 1652 791 1703 pervenerunt
806 1650 862 1692 ad.
876 1653 981 1703 prae-

146 1706 235 1748 mia
253 1707 391 1757 regni,
421 1711 465 1748 et
488 1707 690 1748 laverunt
714 1707 852 1748 stolas
877 1720 979 1748 suas

146 1762 190 1803 in
210 1763 422 1813 sanguine
441 1762 567 1814 Agni.

196 1825 249 1876 V.
273 1826 571 1869 Exsultabunt
597 1828 736 1870 sancti
760 1828 804 1868 in
829 1828 980 1879 gloria.

145 1886 197 1938 R.
214 1883 504 1926 Laetabuntur
522 1884 566 1924 in
585 1884 802 1926 cubilibus
823 1884 923 1925 suis.

484 1952 646 1994 Oratio.

229 2019 378 2064 raesta,
413 2017 665 2066 quaesumus
698 2018 979 2068 omnipotens

151 2077 154 2079 ’
247 2071 384 2112 1)0118;
402 2076 467 2122 ut,
489 2072 563 2124 qui
579 2072 798 2123 gloriesos
817 2073 978 2125 Marty-

147 2140 218 2168 res
246 2127 383 2169 fortes
407 2127 451 2168 in
477 2141 556 2169 sua
581 2129 859 2171 confessione
879 2143 979 2181 cog-

147 2184 366 2234 nevimus,
398 2184 497 2237 pios
532 2183 652 2236 apud
681 2190 726 2227 te
754 2186 799 2226 in
826 2192 980 2228 nostra

148 2240 463 2282 intercessione
493 2241 745 2282 sentiamus.
781 2242 866 2284 Per
891 2243 980 2284 De-

147 2295 313 2337 minum
330 2301 542 2338 nostrum.

346 2401 431 2443 Die
451 2402 488 2442 8.
507 2401 784 2443 Novembris.

445 2467 495 2507 In
516 2466 685 2507 Octava

280 2529 514 2571 Omnium
538 2529 849 2571 Sanctorum.

383 2602 385 2604 ’
480 2587 646 2631 Duplex.

200 2642 244 2677 In
274 2643 302 2677 Ι.
330 2643 531 2679 Nocturno
567 2645 772 2679 Lectiones
803 2644 850 2678 de
879 2644 977 2679 Scri-

148 2694 261 2734 ptura
286 2696 518 2727 occurrente.

308 2831 372 2855 Pars
388 2831 558 2856 Autumnalis.

1265 267 1313 305 In
1336 266 1387 304 11.
1410 265 1633 304 Nocturno.

1034 325 1101 365 Ex
1124 324 1238 365 libro
1263 323 1403 365 sancti
1423 323 1632 379 Cypriani
1650 325 1864 378 Episcopi

1125 386 1168 422 et
1186 380 1394 432 Martyris
1416 380 1471 421 de
1490 381 1769 424 mortalitate.

1084 441 1237 482 Lectio
1258 441 1311 481 iv.
1660 445 1703 478 In
1730 445 1812 478 fine.

1032 496 1491 560 *monsiderandum
1517 502 1600 547 est,
1626 497 1781 539 fratres
1803 498 1864 539 di-

1032 545 1141 613 1(ψῖ
1162 553 1399 602 lectissimi,
1423 558 1467 594 et
1485 553 1728 595 identidem
1748 554 1864 605 cogi-

1035 604 1141 635 a&
1162 609 1358 659 tandum,
1372 610 1647 651 renuntiasse
1658 623 1740 652 nos
1751 624 1866 651 mun-

1031 669 1105 718 do,
1139 672 1182 708 et
1214 672 1440 718 tamquam
1469 666 1670 719 hospites
1700 671 1743 708 et
1768 680 1865 719 per-

1031 726 1207 775 egrinos
1239 723 1311 764 hic
1338 723 1512 764 interim
1542 722 1714 774 degere.
1762 723 1864 764 Am-

1030 781 1276 834 plectamur
1302 778 1435 828 diem,
1462 778 1536 830 qui
1562 781 1758 830 assignat
1783 782 1865 820 sin-

1030 838 1158 889 gulos
1182 835 1405 878 domicilio
1427 848 1524 886 suo,
1545 835 1619 887 qui
1638 848 1719 877 nos
1739 836 1868 877 istinc

1032 895 1229 946 ereptos,
1276 897 1319 933 et
1361 891 1533 944 laqueis
1579 891 1867 934 saecularibus

1032 950 1277 999 exsolutos,
1322 947 1530 1001 paradiso
1568 948 1777 998 restituit,
1825 953 1869 989 et

1031 1019 1168 1057 regno
1197 1005 1379 1048 coelesti.
1421 1005 1529 1055 Quis
1561 1018 1650 1046 non
1682 1007 1867 1057 peregre

1033 1063 1298 1106 constitutus
1323 1063 1587 1114 properaret
1610 1061 1654 1101 in
1678 1061 1869 1114 patriam

1032 1118 1232 1171 regredi?
1276 1119 1383 1169 Quis
1412 1131 1502 1159 non
1530 1118 1588 1159 ad
1616 1131 1720 1159 suos
1749 1118 1868 1158 navi-

1031 1179 1137 1229 gare
1158 1176 1384 1224 festinans,
1404 1179 1584 1216 ventum
1604 1176 1866 1226 prosperum

1032 1233 1237 1286 cupidius
1264 1234 1457 1284 optaret,
1485 1236 1534 1272 ut
1558 1231 1772 1272 velociter
1799 1243 1866 1272 ca-

1032 1303 1106 1332 ros
1125 1290 1280 1331 liceret
1300 1286 1532 1342 amplecti?

1085 1347 1136 1398 R.
1165 1347 1423 1387 Praecursor
1447 1344 1627 1385 Domini
1650 1344 1785 1394 venit,
1813 1343 1868 1385 de

1034 1416 1122 1456 quo
1147 1403 1242 1455 ipse
1267 1404 1471 1444 testatur:
1495 1403 1517 1426 *
1549 1400 1708 1442 Nullus
1731 1401 1869 1451 major

1032 1460 1145 1501 inter
1173 1464 1302 1500 natos
1330 1458 1563 1500 mulierum
1587 1458 1611 1498 J
1615 1460 1757 1499 oanne
1785 1458 1867 1498 Ba-

1031 1519 1177 1569 ptista.
1200 1511 1249 1563 Y.
1269 1515 1355 1557 Hic
1374 1520 1442 1557 est
1459 1514 1690 1568 propheta,
1711 1519 1755 1555 et
1769 1513 1868 1566 plus

1034 1585 1166 1624 quam
1192 1572 1429 1625 propheta,
1465 1570 1520 1613 de
1550 1584 1638 1623 quo
1664 1570 1870 1611 Salvator

1033 1629 1103 1670 ait.
1131 1629 1302 1670 Nullus.

1343 1677 1497 1717 Lectio
1518 1691 1554 1716 v.

1034 1724 1112 1830 P
1119 1733 1276 1774 atriam
1286 1737 1484 1773 nostram
1493 1730 1750 1783 paradisum
1761 1742 1870 1771 com-

1127 1791 1347 1841 putamus,
1367 1789 1573 1840 parentes
1589 1786 1869 1828 Patriarchas

1032 1845 1196 1886 habere
1233 1846 1319 1897 jam
1357 1845 1587 1897 coepimus:
1634 1843 1743 1896 quid
1780 1856 1868 1885 non

1033 1904 1327 1955 properamus
1362 1906 1406 1943 et
1440 1900 1672 1950 currimus,
1712 1905 1761 1941 ut
1793 1902 1868 1952 pa-

1032 1959 1163 2000 triam
1182 1963 1380 2000 nostram
1399 1957 1566 2007 videre,
1594 1962 1642 1998 ut
1660 1958 1869 2009 parentes

1034 2015 1226 2057 salutare
1262 2012 1509 2067 possimus?
1555 2014 1742 2064 Magnus
1778 2012 1868 2054 illic

1033 2084 1115 2113 nos
1148 2073 1353 2113 carorum
1383 2074 1591 2111 numerus
1624 2070 1869 2121 exspectat,

1033 2130 1282 2181 parentum,
1320 2128 1520 2176 fratrum,
1560 2126 1751 2167 filiarum
1788 2125 1868 2166 fre-

1034 2198 1173 2237 quens
1201 2197 1282 2226 nos
1311 2188 1355 2225 et
1384 2183 1569 2236 copiosa
1596 2181 1727 2223 turba
1757 2180 1869 2222 desi-

1034 2241 1174 2290 derat,
1207 2241 1292 2292 J'am
1330 2239 1386 2281 de
1423 2252 1503 2279 sua
1537 2237 1869 2279 immortalitate

1034 2300 1205 2346 secura,
1235 2300 1279 2337 et
1303 2295 1448 2337 adhuc
1474 2295 1530 2336 de
1553 2299 1707 2336 nostra
1726 2293 1869 2334 salute

1034 2352 1233 2394 sollicita.
1287 2351 1360 2392 Ad
1393 2351 1550 2392 horum
1580 2351 1869 2402 conspectum

1034 2413 1078 2450 et
1111 2407 1391 2460 complexum
1423 2409 1589 2456 venire,
1627 2410 1792 2458 quanta
1826 2410 1870 2446 et

1032 2464 1117 2505 illis
1147 2469 1191 2506 et
1218 2464 1347 2505 nobis
1378 2463 1423 2503 in
1456 2465 1689 2504 commune
1716 2461 1870 2503 laetitia

1035 2520 1117 2562 est!
1152 2519 1304 2570 Qualis
1330 2519 1418 2560 illic
1443 2519 1692 2561 coelestium
1715 2518 1867 2567 regno-

1033 2590 1130 2617 rum
1147 2576 1355 2628 voluptas
1380 2575 1474 2617 sine
1498 2575 1657 2616 timore
1681 2573 1867 2614 morien-

1034 2632 1091 2683 di,
1099 2638 1143 2674 et
1155 2645 1253 2674 cum
1265 2632 1514 2673 aeternitate
1524 2629 1716 2672 vivendi!
1728 2629 1868 2678 Quam

1034 2702 1205 2730 summa
1224 2693 1269 2730 et
1286 2689 1504 2741 perpetua
1522 2685 1723 2729 felicitas!

1593 2817 1659 2850 27*
