<?xml version="1.0" encoding="UTF-8"?>
<!DOCTYPE html PUBLIC "-//W3C//DTD XHTML 1.0 Transitional//EN"
    "http://www.w3.org/TR/xhtml1/DTD/xhtml1-transitional.dtd">
<html xmlns="http://www.w3.org/1999/xhtml" xml:lang="en" lang="en">
 <head>
  <title>
</title>
<meta http-equiv="Content-Type" content="text/html;charset=utf-8" />
  <meta name='ocr-system' content='tesseract 3.04.00' />
  <meta name='ocr-capabilities' content='ocr_page ocr_carea ocr_par ocr_line ocrx_word'/>
</head>
<body>
  <div class='ocr_page' id='page_1' title='image "./p4breviariumroma00cathuoft_0661.png"; bbox 0 0 2040 2944; ppageno 0'>
   <div class='ocr_carea' id='block_1_1' title="bbox 755 206 1241 243">
    <p class='ocr_par' dir='ltr' id='par_1_1' title="bbox 755 206 1241 243">
     <span class='ocr_line' id='line_1_1' title="bbox 755 206 1241 243; baseline 0.006 -3"><span class='ocrx_word' id='word_1_1' title='bbox 755 206 931 241; x_wconf 87' lang='lat' dir='ltr'>Officium</span> <span class='ocrx_word' id='word_1_2' title='bbox 955 207 1241 243; x_wconf 86' lang='lat' dir='ltr'>Defunctorum.</span> 
     </span>
    </p>
   </div>
   <div class='ocr_carea' id='block_1_2' title="bbox 1756 210 1846 255">
    <p class='ocr_par' dir='ltr' id='par_1_2' title="bbox 1756 210 1846 255">
     <span class='ocr_line' id='line_1_2' title="bbox 1756 210 1846 255; baseline 0 -9"><span class='ocrx_word' id='word_1_3' title='bbox 1756 210 1846 255; x_wconf 84' lang='lat'>[161]</span> 
     </span>
    </p>
   </div>
   <div class='ocr_carea' id='block_1_3' title="bbox 234 266 1851 389">
    <p class='ocr_par' dir='ltr' id='par_1_3' title="bbox 234 266 1851 389">
     <span class='ocr_line' id='line_1_3' title="bbox 234 266 1851 389; baseline 0 -112"><span class='ocrx_word' id='word_1_4' title='bbox 234 266 1851 389; x_wconf 95' lang='lat' dir='ltr'>  </span> 
     </span>
    </p>
   </div>
   <div class='ocr_carea' id='block_1_4' title="bbox 146 302 973 757">
    <p class='ocr_par' dir='ltr' id='par_1_4' title="bbox 146 302 973 757">
     <span class='ocr_line' id='line_1_4' title="bbox 148 302 973 409; baseline 0.002 -60"><span class='ocrx_word' id='word_1_5' title='bbox 148 302 330 409; x_wconf 89' lang='lat' dir='ltr'>Deus,</span> <span class='ocrx_word' id='word_1_6' title='bbox 352 308 492 350; x_wconf 85' lang='lat' dir='ltr'>veniae</span> <span class='ocrx_word' id='word_1_7' title='bbox 510 309 691 361; x_wconf 88' lang='lat' dir='ltr'>largitor</span> <span class='ocrx_word' id='word_1_8' title='bbox 710 314 753 350; x_wconf 89' lang='lat' dir='ltr'>et</span> <span class='ocrx_word' id='word_1_9' title='bbox 771 309 973 351; x_wconf 83' lang='lat' dir='ltr'>humanae</span> 
     </span>
     <span class='ocr_line' id='line_1_5' title="bbox 253 364 973 418; baseline 0.003 -12"><span class='ocrx_word' id='word_1_10' title='bbox 253 364 404 406; x_wconf 81' lang='lat' dir='ltr'>salutis</span> <span class='ocrx_word' id='word_1_11' title='bbox 421 367 605 407; x_wconf 90' lang='lat' dir='ltr'>amator:</span> <span class='ocrx_word' id='word_1_12' title='bbox 625 367 874 418; x_wconf 77' lang='lat' dir='ltr'>quaesumus</span> <span class='ocrx_word' id='word_1_13' title='bbox 890 366 973 408; x_wconf 90' lang='lat' dir='ltr'>cle-</span> 
     </span>
     <span class='ocr_line' id='line_1_6' title="bbox 147 421 972 473; baseline 0.005 -13"><span class='ocrx_word' id='word_1_14' title='bbox 147 421 355 462; x_wconf 85' lang='lat' dir='ltr'>mentiam</span> <span class='ocrx_word' id='word_1_15' title='bbox 380 426 514 472; x_wconf 82' lang='lat' dir='ltr'>tuam;</span> <span class='ocrx_word' id='word_1_16' title='bbox 538 426 587 464; x_wconf 90' lang='lat' dir='ltr'>ut</span> <span class='ocrx_word' id='word_1_17' title='bbox 607 426 770 463; x_wconf 74' lang='lat' dir='ltr'>nostrae</span> <span class='ocrx_word' id='word_1_18' title='bbox 794 434 972 473; x_wconf 91' lang='lat' dir='ltr'>congre-</span> 
     </span>
     <span class='ocr_line' id='line_1_7' title="bbox 147 477 972 532; baseline 0.004 -14"><span class='ocrx_word' id='word_1_19' title='bbox 147 477 335 532; x_wconf 80' lang='lat' dir='ltr'>gationis</span> <span class='ocrx_word' id='word_1_20' title='bbox 356 477 522 528; x_wconf 88' lang='lat' dir='ltr'>fratres,</span> <span class='ocrx_word' id='word_1_21' title='bbox 545 480 819 532; x_wconf 90' lang='lat' dir='ltr'>propinquos</span> <span class='ocrx_word' id='word_1_22' title='bbox 839 484 883 521; x_wconf 91' lang='lat' dir='ltr'>et</span> <span class='ocrx_word' id='word_1_23' title='bbox 900 479 972 521; x_wconf 83' lang='lat' dir='ltr'>be&#39;-</span> 
     </span>
     <span class='ocr_line' id='line_1_8' title="bbox 147 526 971 588; baseline 0.005 -15"><span class='ocrx_word' id='word_1_24' title='bbox 147 526 414 586; x_wconf 88' lang='lat' dir='ltr'>nefactores,</span> <span class='ocrx_word' id='word_1_25' title='bbox 454 535 535 588; x_wconf 89' lang='lat' dir='ltr'>qui</span> <span class='ocrx_word' id='word_1_26' title='bbox 580 547 635 577; x_wconf 83' lang='lat' dir='ltr'>ex</span> <span class='ocrx_word' id='word_1_27' title='bbox 679 534 765 577; x_wconf 91' lang='lat' dir='ltr'>hoc</span> <span class='ocrx_word' id='word_1_28' title='bbox 809 536 971 577; x_wconf 83' lang='lat' dir='ltr'>saeculo</span> 
     </span>
     <span class='ocr_line' id='line_1_9' title="bbox 147 567 973 645; baseline 0.004 -15"><span class='ocrx_word' id='word_1_29' title='bbox 147 567 431 642; x_wconf 67' lang='lat' dir='ltr'>transierunt,</span> <span class='ocrx_word' id='word_1_30' title='bbox 466 591 596 633; x_wconf 89' lang='lat' dir='ltr'>beata</span> <span class='ocrx_word' id='word_1_31' title='bbox 626 591 765 633; x_wconf 87' lang='lat' dir='ltr'>Maria</span> <span class='ocrx_word' id='word_1_32' title='bbox 799 604 973 645; x_wconf 83' lang='lat' dir='ltr'><strong>semper</strong></span> 
     </span>
     <span class='ocr_line' id='line_1_10' title="bbox 146 645 971 698; baseline 0.004 -12"><span class='ocrx_word' id='word_1_33' title='bbox 146 645 329 698; x_wconf 84' lang='lat' dir='ltr'>Virgine</span> <span class='ocrx_word' id='word_1_34' title='bbox 345 647 641 690; x_wconf 86' lang='lat' dir='ltr'>intercedente</span> <span class='ocrx_word' id='word_1_35' title='bbox 657 660 756 689; x_wconf 94' lang='lat' dir='ltr'>cum</span> <span class='ocrx_word' id='word_1_36' title='bbox 771 649 971 690; x_wconf 90' lang='lat' dir='ltr'>omnibus</span> 
     </span>
     <span class='ocr_line' id='line_1_11' title="bbox 147 701 970 757; baseline 0.004 -14"><span class='ocrx_word' id='word_1_37' title='bbox 147 701 317 744; x_wconf 90' lang='lat' dir='ltr'>Sanctis</span> <span class='ocrx_word' id='word_1_38' title='bbox 341 703 437 754; x_wconf 90' lang='lat' dir='ltr'>tuis,</span> <span class='ocrx_word' id='word_1_39' title='bbox 461 703 518 745; x_wconf 92' lang='lat' dir='ltr'>ad</span> <span class='ocrx_word' id='word_1_40' title='bbox 537 706 764 757; x_wconf 88' lang='lat' dir='ltr'>perpetuae</span> <span class='ocrx_word' id='word_1_41' title='bbox 787 704 970 747; x_wconf 91' lang='lat' dir='ltr'>beatitu-</span> 
     </span>
    </p>
   </div>
   <div class='ocr_carea' id='block_1_5' title="bbox 147 756 971 856">
    <p class='ocr_par' dir='ltr' id='par_1_5' title="bbox 147 756 971 856">
     <span class='ocr_line' id='line_1_12' title="bbox 148 756 971 856; baseline 0.004 -57"><span class='ocrx_word' id='word_1_42' title='bbox 148 756 261 856; x_wconf 49' lang='lat' dir='ltr'>dgniis</span> <span class='ocrx_word' id='word_1_43' title='bbox 301 761 569 802; x_wconf 89' lang='lat' dir='ltr'>consortium</span> <span class='ocrx_word' id='word_1_44' title='bbox 605 763 834 814; x_wconf 88' lang='lat' dir='ltr'>pervenire</span> <span class='ocrx_word' id='word_1_45' title='bbox 871 774 971 803; x_wconf 90' lang='lat' dir='ltr'>con-</span> 
     </span>
     <span class='ocr_line' id='line_1_13' title="bbox 147 825 288 856; baseline 0.008 -1"><span class='ocrx_word' id='word_1_46' title='bbox 147 825 171 855; x_wconf 93' lang='lat' dir='ltr'>c</span> <span class='ocrx_word' id='word_1_47' title='bbox 229 827 288 856; x_wconf 88' lang='lat' dir='ltr'>as.</span> 
     </span>
    </p>
   </div>
   <div class='ocr_carea' id='block_1_6' title="bbox 145 878 971 1286">
    <p class='ocr_par' dir='ltr' id='par_1_6' title="bbox 145 878 971 1286">
     <span class='ocr_line' id='line_1_14' title="bbox 148 878 971 993; baseline 0.004 -59"><span class='ocrx_word' id='word_1_48' title='bbox 148 886 412 993; x_wconf 84' lang='lat' dir='ltr'>Fidelium</span> <span class='ocrx_word' id='word_1_49' title='bbox 425 894 547 936; x_wconf 93' lang='lat' dir='ltr'>Deus</span> <span class='ocrx_word' id='word_1_50' title='bbox 559 895 752 937; x_wconf 91' lang='lat' dir='ltr'>omnium</span> <span class='ocrx_word' id='word_1_51' title='bbox 769 878 971 937; x_wconf 88' lang='lat' dir='ltr'>conditor</span> 
     </span>
     <span class='ocr_line' id='line_1_15' title="bbox 241 949 970 1004; baseline 0.003 -13"><span class='ocrx_word' id='word_1_52' title='bbox 241 954 285 991; x_wconf 88' lang='lat' dir='ltr'>et</span> <span class='ocrx_word' id='word_1_53' title='bbox 304 949 568 1004; x_wconf 91' lang='lat' dir='ltr'>redemptor,</span> <span class='ocrx_word' id='word_1_54' title='bbox 591 951 817 994; x_wconf 90' lang='lat' dir='ltr'>animabus</span> <span class='ocrx_word' id='word_1_55' title='bbox 837 952 970 993; x_wconf 91' lang='lat' dir='ltr'>famu-</span> 
     </span>
     <span class='ocr_line' id='line_1_16' title="bbox 146 1004 970 1061; baseline 0.005 -15"><span class='ocrx_word' id='word_1_56' title='bbox 146 1004 288 1047; x_wconf 88' lang='lat' dir='ltr'>lorum</span> <span class='ocrx_word' id='word_1_57' title='bbox 322 1006 668 1061; x_wconf 79' lang='lat' dir='ltr'>famularumque</span> <span class='ocrx_word' id='word_1_58' title='bbox 701 1010 876 1050; x_wconf 86' lang='lat' dir='ltr'>tuarum</span> <span class='ocrx_word' id='word_1_59' title='bbox 907 1021 970 1050; x_wconf 93' lang='lat' dir='ltr'>re-</span> 
     </span>
     <span class='ocr_line' id='line_1_17' title="bbox 145 1061 970 1118; baseline 0.004 -15"><span class='ocrx_word' id='word_1_60' title='bbox 145 1061 398 1107; x_wconf 84' lang='lat' dir='ltr'>missionem</span> <span class='ocrx_word' id='word_1_61' title='bbox 425 1066 681 1106; x_wconf 88' lang='lat' dir='ltr'>cunctorum</span> <span class='ocrx_word' id='word_1_62' title='bbox 705 1064 846 1107; x_wconf 83' lang='lat' dir='ltr'>tribue</span> <span class='ocrx_word' id='word_1_63' title='bbox 871 1069 970 1118; x_wconf 89' lang='lat' dir='ltr'>pec-</span> 
     </span>
     <span class='ocr_line' id='line_1_18' title="bbox 146 1119 971 1174; baseline 0.004 -14"><span class='ocrx_word' id='word_1_64' title='bbox 146 1120 361 1160; x_wconf 87' lang='lat' dir='ltr'>catorum:</span> <span class='ocrx_word' id='word_1_65' title='bbox 404 1125 453 1162; x_wconf 92' lang='lat' dir='ltr'>ut</span> <span class='ocrx_word' id='word_1_66' title='bbox 488 1119 802 1172; x_wconf 88' lang='lat' dir='ltr'>indulgentiam</span> <span class='ocrx_word' id='word_1_67' title='bbox 839 1134 971 1174; x_wconf 88' lang='lat' dir='ltr'>quam</span> 
     </span>
     <span class='ocr_line' id='line_1_19' title="bbox 146 1177 970 1231; baseline 0.005 -16"><span class='ocrx_word' id='word_1_68' title='bbox 146 1187 320 1228; x_wconf 84' lang='lat' dir='ltr'><strong>semper</strong></span> <span class='ocrx_word' id='word_1_69' title='bbox 360 1178 641 1230; x_wconf 88' lang='lat' dir='ltr'>optaverunt,</span> <span class='ocrx_word' id='word_1_70' title='bbox 685 1177 770 1231; x_wconf 90' lang='lat' dir='ltr'>piis</span> <span class='ocrx_word' id='word_1_71' title='bbox 807 1178 970 1231; x_wconf 90' lang='lat' dir='ltr'>suppli-</span> 
     </span>
     <span class='ocr_line' id='line_1_20' title="bbox 146 1231 969 1286; baseline 0.004 -14"><span class='ocrx_word' id='word_1_72' title='bbox 146 1231 388 1274; x_wconf 87' lang='lat' dir='ltr'>cationibus</span> <span class='ocrx_word' id='word_1_73' title='bbox 404 1235 742 1286; x_wconf 64' lang='lat' dir='ltr'>consequantur:</span> <span class='ocrx_word' id='word_1_74' title='bbox 761 1234 846 1284; x_wconf 89' lang='lat' dir='ltr'>Qui</span> <span class='ocrx_word' id='word_1_75' title='bbox 860 1234 969 1276; x_wconf 87' lang='lat' dir='ltr'>vivis</span> 
     </span>
    </p>
   </div>
   <div class='ocr_carea' id='block_1_7' title="bbox 145 1288 897 1396">
    <p class='ocr_par' dir='ltr' id='par_1_7' title="bbox 145 1288 897 1396">
     <span class='ocr_line' id='line_1_21' title="bbox 145 1288 897 1396; baseline 0.005 -68"><span class='ocrx_word' id='word_1_76' title='bbox 145 1292 189 1329; x_wconf 93' lang='lat' dir='ltr'>et</span> <span class='ocrx_word' id='word_1_77' title='bbox 200 1300 363 1396; x_wconf 53' lang='grc' dir='ltr'>ᾗεὲΑῐιὲῗ</span> <span class='ocrx_word' id='word_1_78' title='bbox 381 1288 426 1330; x_wconf 89' lang='grc'>111</span> <span class='ocrx_word' id='word_1_79' title='bbox 444 1289 606 1332; x_wconf 85' lang='lat' dir='ltr'>saecula</span> <span class='ocrx_word' id='word_1_80' title='bbox 624 1290 897 1332; x_wconf 83' lang='lat' dir='ltr'>saeculorum.</span> 
     </span>
     <span class='ocr_line' id='line_1_22' title="bbox 233 1358 424 1387; baseline 0.021 -4"><span class='ocrx_word' id='word_1_81' title='bbox 233 1364 250 1383; x_wconf 59' lang='grc' dir='ltr'>ν.</span> <span class='ocrx_word' id='word_1_82' title='bbox 361 1358 424 1387; x_wconf 87' lang='lat' dir='ltr'>en.</span> 
     </span>
    </p>
   </div>
   <div class='ocr_carea' id='block_1_8' title="bbox 143 1426 973 1712">
    <p class='ocr_par' dir='ltr' id='par_1_8' title="bbox 143 1426 973 1712">
     <span class='ocr_line' id='line_1_23' title="bbox 198 1426 972 1461; baseline -0.003 0"><span class='ocrx_word' id='word_1_83' title='bbox 198 1427 242 1461; x_wconf 90' lang='lat' dir='ltr'>In</span> <span class='ocrx_word' id='word_1_84' title='bbox 256 1427 317 1461; x_wconf 92' lang='lat' dir='ltr'>die</span> <span class='ocrx_word' id='word_1_85' title='bbox 334 1436 426 1461; x_wconf 81' lang='lat' dir='ltr'>vero</span> <span class='ocrx_word' id='word_1_86' title='bbox 442 1426 788 1461; x_wconf 75' lang='lat' dir='ltr'>Coffiemorationis</span> <span class='ocrx_word' id='word_1_87' title='bbox 802 1426 972 1461; x_wconf 91' lang='lat' dir='ltr'>omnium</span> 
     </span>
     <span class='ocr_line' id='line_1_24' title="bbox 147 1473 973 1518; baseline -0.001 -9"><span class='ocrx_word' id='word_1_88' title='bbox 147 1473 338 1509; x_wconf 82' lang='lat' dir='ltr'>Fid&#39;elium</span> <span class='ocrx_word' id='word_1_89' title='bbox 353 1474 638 1517; x_wconf 88' lang='lat' dir='ltr'>Defunctorum,</span> <span class='ocrx_word' id='word_1_90' title='bbox 658 1475 813 1518; x_wconf 88' lang='lat' dir='ltr'>quando</span> <span class='ocrx_word' id='word_1_91' title='bbox 832 1474 973 1508; x_wconf 90' lang='lat' dir='ltr'>dicitur</span> 
     </span>
     <span class='ocr_line' id='line_1_25' title="bbox 146 1521 969 1567; baseline -0.002 -9"><span class='ocrx_word' id='word_1_92' title='bbox 146 1522 231 1558; x_wconf 88' lang='lat' dir='ltr'>haec</span> <span class='ocrx_word' id='word_1_93' title='bbox 247 1523 381 1558; x_wconf 87' lang='lat' dir='ltr'>ultima</span> <span class='ocrx_word' id='word_1_94' title='bbox 395 1527 543 1557; x_wconf 88' lang='lat' dir='ltr'>tantum</span> <span class='ocrx_word' id='word_1_95' title='bbox 560 1521 703 1564; x_wconf 81' lang='lat' dir='ltr'>Oratio,</span> <span class='ocrx_word' id='word_1_96' title='bbox 723 1522 877 1557; x_wconf 90' lang='lat' dir='ltr'>dicitur:</span> <span class='ocrx_word' id='word_1_97' title='bbox 894 1525 969 1567; x_wconf 86' lang='lat' dir='ltr'>Qui</span> 
     </span>
     <span class='ocr_line' id='line_1_26' title="bbox 143 1569 969 1615; baseline 0.006 -11"><span class='ocrx_word' id='word_1_98' title='bbox 143 1569 248 1605; x_wconf 86' lang='lat' dir='ltr'>vivis</span> <span class='ocrx_word' id='word_1_99' title='bbox 272 1573 310 1605; x_wconf 88' lang='lat' dir='ltr'>et</span> <span class='ocrx_word' id='word_1_100' title='bbox 328 1580 468 1615; x_wconf 87' lang='lat' dir='ltr'>regnas</span> <span class='ocrx_word' id='word_1_101' title='bbox 492 1582 579 1606; x_wconf 89' lang='lat' dir='ltr'>cum</span> <span class='ocrx_word' id='word_1_102' title='bbox 592 1571 676 1608; x_wconf 90' lang='lat' dir='ltr'>Deo</span> <span class='ocrx_word' id='word_1_103' title='bbox 692 1572 806 1608; x_wconf 89' lang='lat' dir='ltr'>Patre</span> <span class='ocrx_word' id='word_1_104' title='bbox 826 1573 867 1608; x_wconf 91' lang='lat' dir='ltr'>in</span> <span class='ocrx_word' id='word_1_105' title='bbox 887 1574 969 1609; x_wconf 90' lang='lat' dir='ltr'>uni-</span> 
     </span>
     <span class='ocr_line' id='line_1_27' title="bbox 143 1617 969 1666; baseline 0.006 -14"><span class='ocrx_word' id='word_1_106' title='bbox 143 1619 221 1653; x_wconf 85' lang='lat' dir='ltr'>tate</span> <span class='ocrx_word' id='word_1_107' title='bbox 249 1617 415 1662; x_wconf 79' lang='lat' dir='ltr'>Spiritus</span> <span class='ocrx_word' id='word_1_108' title='bbox 443 1620 568 1655; x_wconf 87' lang='lat' dir='ltr'>sancti</span> <span class='ocrx_word' id='word_1_109' title='bbox 589 1620 713 1665; x_wconf 79' lang='lat' dir='ltr'>Deus,</span> <span class='ocrx_word' id='word_1_110' title='bbox 742 1631 813 1666; x_wconf 90' lang='lat' dir='ltr'>per</span> <span class='ocrx_word' id='word_1_111' title='bbox 840 1622 969 1656; x_wconf 89' lang='lat' dir='ltr'>omnia</span> 
     </span>
     <span class='ocr_line' id='line_1_28' title="bbox 146 1666 797 1712; baseline 0.006 -12"><span class='ocrx_word' id='word_1_112' title='bbox 146 1666 290 1701; x_wconf 75' lang='lat' dir='ltr'>saecula</span> <span class='ocrx_word' id='word_1_113' title='bbox 313 1667 551 1703; x_wconf 81' lang='lat' dir='ltr'>saeculorum.</span> <span class='ocrx_word' id='word_1_114' title='bbox 597 1667 641 1712; x_wconf 70' lang='lat' dir='ltr'>R.</span> <span class='ocrx_word' id='word_1_115' title='bbox 662 1668 797 1704; x_wconf 87' lang='lat' dir='ltr'>Amen.</span> 
     </span>
    </p>
   </div>
   <div class='ocr_carea' id='block_1_9' title="bbox 218 1747 902 1801">
    <p class='ocr_par' dir='ltr' id='par_1_9' title="bbox 218 1747 902 1801">
     <span class='ocr_line' id='line_1_29' title="bbox 218 1747 902 1801; baseline 0.001 -12"><span class='ocrx_word' id='word_1_116' title='bbox 218 1747 269 1789; x_wconf 93' lang='lat' dir='ltr'>In</span> <span class='ocrx_word' id='word_1_117' title='bbox 288 1748 358 1790; x_wconf 90' lang='lat' dir='ltr'>die</span> <span class='ocrx_word' id='word_1_118' title='bbox 378 1748 666 1801; x_wconf 81' lang='lat' dir='ltr'>depositionis</span> <span class='ocrx_word' id='word_1_119' title='bbox 685 1749 902 1792; x_wconf 83' lang='lat' dir='ltr'>Defuncti.</span> 
     </span>
    </p>
   </div>
   <div class='ocr_carea' id='block_1_10' title="bbox 144 1824 969 2162">
    <p class='ocr_par' dir='ltr' id='par_1_10' title="bbox 144 1824 969 2154">
     <span class='ocr_line' id='line_1_30' title="bbox 477 1824 640 1866; baseline 0 -1"><span class='ocrx_word' id='word_1_120' title='bbox 477 1824 640 1866; x_wconf 84' lang='lat' dir='ltr'>Oratio.</span> 
     </span>
     <span class='ocr_line' id='line_1_31' title="bbox 219 1882 967 1937; baseline 0.005 -13"><span class='ocrx_word' id='word_1_121' title='bbox 219 1882 385 1934; x_wconf 88' lang='lat' dir='ltr'>bsolve,</span> <span class='ocrx_word' id='word_1_122' title='bbox 404 1886 654 1937; x_wconf 81' lang='lat' dir='ltr'>quaesumus</span> <span class='ocrx_word' id='word_1_123' title='bbox 667 1886 865 1937; x_wconf 78' lang='lat' dir='ltr'>Domine,</span> <span class='ocrx_word' id='word_1_124' title='bbox 881 1887 967 1928; x_wconf 91' lang='lat' dir='ltr'>ani-</span> 
     </span>
     <span class='ocr_line' id='line_1_32' title="bbox 256 1940 967 1992; baseline 0.006 -11"><span class='ocrx_word' id='word_1_125' title='bbox 256 1953 372 1982; x_wconf 89' lang='lat' dir='ltr'>mam</span> <span class='ocrx_word' id='word_1_126' title='bbox 397 1941 547 1982; x_wconf 92' lang='lat' dir='ltr'>famuli</span> <span class='ocrx_word' id='word_1_127' title='bbox 570 1942 635 1983; x_wconf 91' lang='lat' dir='ltr'>tui</span> <span class='ocrx_word' id='word_1_128' title='bbox 652 1940 722 1992; x_wconf 89' lang='grc' dir='ltr'>Ν.,</span> <span class='ocrx_word' id='word_1_129' title='bbox 749 1947 797 1984; x_wconf 84' lang='grc'>111</span> <span class='ocrx_word' id='word_1_130' title='bbox 815 1942 967 1985; x_wconf 81' lang='lat' dir='ltr'>defun-</span> 
     </span>
     <span class='ocr_line' id='line_1_33' title="bbox 146 1995 969 2053; baseline 0.005 -17"><span class='ocrx_word' id='word_1_131' title='bbox 146 2000 242 2037; x_wconf 89' lang='lat' dir='ltr'>ctus</span> <span class='ocrx_word' id='word_1_132' title='bbox 266 1995 428 2038; x_wconf 80' lang='lat' dir='ltr'>saeculo</span> <span class='ocrx_word' id='word_1_133' title='bbox 449 1997 528 2039; x_wconf 93' lang='lat' dir='ltr'>tibi</span> <span class='ocrx_word' id='word_1_134' title='bbox 548 1998 681 2041; x_wconf 87' lang='lat' dir='ltr'>vivat:</span> <span class='ocrx_word' id='word_1_135' title='bbox 707 2003 751 2041; x_wconf 89' lang='lat' dir='ltr'>et</span> <span class='ocrx_word' id='word_1_136' title='bbox 771 2012 868 2052; x_wconf 88' lang='lat' dir='ltr'>quae</span> <span class='ocrx_word' id='word_1_137' title='bbox 889 2012 969 2053; x_wconf 92' lang='lat' dir='ltr'>per</span> 
     </span>
     <span class='ocr_line' id='line_1_34' title="bbox 144 2051 968 2104; baseline 0.007 -12"><span class='ocrx_word' id='word_1_138' title='bbox 144 2051 424 2104; x_wconf 87' lang='lat' dir='ltr'>fragilitatem</span> <span class='ocrx_word' id='word_1_139' title='bbox 463 2055 604 2096; x_wconf 88' lang='lat' dir='ltr'>earnis</span> <span class='ocrx_word' id='word_1_140' title='bbox 644 2054 834 2097; x_wconf 89' lang='lat' dir='ltr'>humana</span> <span class='ocrx_word' id='word_1_141' title='bbox 870 2069 968 2098; x_wconf 92' lang='lat' dir='ltr'>con-</span> 
     </span>
     <span class='ocr_line' id='line_1_35' title="bbox 145 2109 967 2162; baseline 0.006 -13"><span class='ocrx_word' id='word_1_142' title='bbox 145 2109 394 2151; x_wconf 90' lang='lat' dir='ltr'>versatione</span> <span class='ocrx_word' id='word_1_143' title='bbox 419 2111 648 2162; x_wconf 81' lang='lat' dir='ltr'>commisit,</span> <span class='ocrx_word' id='word_1_144' title='bbox 673 2117 722 2153; x_wconf 92' lang='lat' dir='ltr'>tu</span> <span class='ocrx_word' id='word_1_145' title='bbox 743 2113 871 2154; x_wconf 85' lang='lat' dir='ltr'>venia</span> <span class='ocrx_word' id='word_1_146' title='bbox 892 2113 967 2154; x_wconf 90' lang='lat' dir='ltr'>mi-</span> 
     </span>
    </p>
   </div>
   <div class='ocr_carea' id='block_1_11' title="bbox 144 2165 968 2264">
    <p class='ocr_par' dir='ltr' id='par_1_11' title="bbox 144 2165 968 2264">
     <span class='ocr_line' id='line_1_36' title="bbox 145 2165 968 2221; baseline 0.007 -16"><span class='ocrx_word' id='word_1_147' title='bbox 145 2165 504 2209; x_wconf 86' lang='lat' dir='ltr'>sericordissimae</span> <span class='ocrx_word' id='word_1_148' title='bbox 541 2168 719 2221; x_wconf 89' lang='lat' dir='ltr'>pietatis</span> <span class='ocrx_word' id='word_1_149' title='bbox 755 2168 968 2221; x_wconf 83' lang='lat' dir='ltr'>absterge.</span> 
     </span>
     <span class='ocr_line' id='line_1_37' title="bbox 144 2221 494 2264; baseline 0.006 -2"><span class='ocrx_word' id='word_1_150' title='bbox 144 2221 228 2262; x_wconf 88' lang='lat' dir='ltr'>Per</span> <span class='ocrx_word' id='word_1_151' title='bbox 242 2222 494 2264; x_wconf 88' lang='lat' dir='ltr'>Dominum.</span> 
     </span>
    </p>
   </div>
   <div class='ocr_carea' id='block_1_12' title="bbox 145 2304 968 2400">
    <p class='ocr_par' dir='ltr' id='par_1_12' title="bbox 145 2304 968 2400">
     <span class='ocr_line' id='line_1_38' title="bbox 159 2304 968 2353; baseline 0.011 -15"><span class='ocrx_word' id='word_1_152' title='bbox 159 2352 162 2353; x_wconf 12' lang='grc'><em>7</em></span> <span class='ocrx_word' id='word_1_153' title='bbox 199 2304 240 2339; x_wconf 92' lang='lat' dir='ltr'>Si</span> <span class='ocrx_word' id='word_1_154' title='bbox 257 2305 371 2340; x_wconf 87' lang='lat' dir='ltr'>fuerit</span> <span class='ocrx_word' id='word_1_155' title='bbox 393 2307 544 2351; x_wconf 84' lang='lat' dir='ltr'>femina,</span> <span class='ocrx_word' id='word_1_156' title='bbox 569 2307 718 2343; x_wconf 88' lang='lat' dir='ltr'>dicatur</span> <span class='ocrx_word' id='word_1_157' title='bbox 733 2311 900 2347; x_wconf 88' lang='lat' dir='ltr'>animam</span> <span class='ocrx_word' id='word_1_158' title='bbox 915 2311 968 2346; x_wconf 87' lang='lat' dir='ltr'>fa-</span> 
     </span>
     <span class='ocr_line' id='line_1_39' title="bbox 145 2355 717 2400; baseline 0.007 -10"><span class='ocrx_word' id='word_1_159' title='bbox 145 2355 259 2391; x_wconf 89' lang='lat' dir='ltr'>mulae</span> <span class='ocrx_word' id='word_1_160' title='bbox 281 2360 359 2392; x_wconf 88' lang='lat' dir='ltr'>tuae</span> <span class='ocrx_word' id='word_1_161' title='bbox 380 2355 439 2400; x_wconf 70' lang='lat' dir='ltr'>Ns,</span> <span class='ocrx_word' id='word_1_162' title='bbox 462 2361 505 2393; x_wconf 84' lang='lat' dir='ltr'>ut</span> <span class='ocrx_word' id='word_1_163' title='bbox 527 2358 717 2394; x_wconf 80' lang='lat' dir='ltr'>defuncta.</span> 
     </span>
    </p>
   </div>
   <div class='ocr_carea' id='block_1_13' title="bbox 208 2426 967 2552">
    <p class='ocr_par' dir='ltr' id='par_1_13' title="bbox 208 2426 967 2552">
     <span class='ocr_line' id='line_1_40' title="bbox 208 2426 908 2472; baseline 0.009 -7"><span class='ocrx_word' id='word_1_164' title='bbox 208 2426 258 2466; x_wconf 89' lang='lat' dir='ltr'>In</span> <span class='ocrx_word' id='word_1_165' title='bbox 277 2428 586 2471; x_wconf 76' lang='lat' dir='ltr'>Anniversario</span> <span class='ocrx_word' id='word_1_166' title='bbox 607 2430 687 2472; x_wconf 89' lang='lat' dir='ltr'>die.</span> <span class='ocrx_word' id='word_1_167' title='bbox 745 2430 908 2471; x_wconf 86' lang='lat' dir='ltr'>Oratio.</span> 
     </span>
     <span class='ocr_line' id='line_1_41' title="bbox 234 2499 967 2552; baseline 0.003 -13"><span class='ocrx_word' id='word_1_168' title='bbox 234 2510 311 2540; x_wconf 92' lang='lat' dir='ltr'>eus</span> <span class='ocrx_word' id='word_1_169' title='bbox 355 2499 720 2552; x_wconf 79' lang='lat' dir='ltr'>indulgentiarum</span> <span class='ocrx_word' id='word_1_170' title='bbox 762 2501 967 2543; x_wconf 81' lang='lat' dir='ltr'>Domine:</span> 
     </span>
    </p>
   </div>
   <div class='ocr_carea' id='block_1_14' title="bbox 258 2554 1006 2600">
    <p class='ocr_par' dir='ltr' id='par_1_14' title="bbox 258 2554 1006 2600">
     <span class='ocr_line' id='line_1_42' title="bbox 258 2554 1006 2600; baseline 0.003 -4"><span class='ocrx_word' id='word_1_171' title='bbox 258 2554 315 2596; x_wconf 90' lang='lat' dir='ltr'>da</span> <span class='ocrx_word' id='word_1_172' title='bbox 350 2557 577 2599; x_wconf 80' lang='lat' dir='ltr'>animabus</span> <span class='ocrx_word' id='word_1_173' title='bbox 613 2558 873 2600; x_wconf 90' lang='lat' dir='ltr'>famulorum</span> <span class='ocrx_word' id='word_1_174' title='bbox 909 2557 966 2598; x_wconf 90' lang='lat' dir='ltr'>fa·</span> <span class='ocrx_word' id='word_1_175' title='bbox 1003 2581 1006 2585; x_wconf 89' lang='lat'><em>-</em></span> 
     </span>
    </p>
   </div>
   <div class='ocr_carea' id='block_1_15' title="bbox 145 2610 966 2778">
    <p class='ocr_par' dir='ltr' id='par_1_15' title="bbox 145 2610 966 2778">
     <span class='ocr_line' id='line_1_43' title="bbox 145 2610 965 2679; baseline 0.004 -28"><span class='ocrx_word' id='word_1_176' title='bbox 145 2610 446 2679; x_wconf 70' lang='lat' dir='ltr'>mularumque</span> <span class='ocrx_word' id='word_1_177' title='bbox 468 2616 652 2664; x_wconf 89' lang='lat' dir='ltr'>tuarum,</span> <span class='ocrx_word' id='word_1_178' title='bbox 678 2627 863 2666; x_wconf 89' lang='lat' dir='ltr'>quorum</span> <span class='ocrx_word' id='word_1_179' title='bbox 881 2613 965 2654; x_wconf 92' lang='lat' dir='ltr'>ani-</span> 
     </span>
     <span class='ocr_line' id='line_1_44' title="bbox 146 2668 966 2722; baseline 0.006 -16"><span class='ocrx_word' id='word_1_180' title='bbox 146 2668 387 2708; x_wconf 80' lang='lat' dir='ltr'>versarium</span> <span class='ocrx_word' id='word_1_181' title='bbox 410 2669 696 2722; x_wconf 82' lang='lat' dir='ltr'>depositiom&#39;s</span> <span class='ocrx_word' id='word_1_182' title='bbox 717 2670 831 2712; x_wconf 91' lang='lat' dir='ltr'>diem</span> <span class='ocrx_word' id='word_1_183' title='bbox 853 2682 966 2711; x_wconf 91' lang='lat' dir='ltr'>com-</span> 
     </span>
     <span class='ocr_line' id='line_1_45' title="bbox 145 2725 966 2778; baseline 0.004 -16"><span class='ocrx_word' id='word_1_184' title='bbox 145 2725 449 2775; x_wconf 90' lang='lat' dir='ltr'>memoramus,</span> <span class='ocrx_word' id='word_1_185' title='bbox 467 2726 678 2777; x_wconf 83' lang='lat' dir='ltr'>refrigerii</span> <span class='ocrx_word' id='word_1_186' title='bbox 696 2726 857 2775; x_wconf 91' lang='lat' dir='ltr'>sedem,</span> <span class='ocrx_word' id='word_1_187' title='bbox 878 2725 966 2778; x_wconf 92' lang='lat' dir='ltr'>qui-</span> 
     </span>
    </p>
   </div>
   <div class='ocr_carea' id='block_1_16' title="bbox 297 2861 544 2887">
    <p class='ocr_par' dir='ltr' id='par_1_16' title="bbox 297 2861 544 2887">
     <span class='ocr_line' id='line_1_46' title="bbox 297 2861 544 2887; baseline 0.008 -2"><span class='ocrx_word' id='word_1_188' title='bbox 297 2861 360 2885; x_wconf 80' lang='lat' dir='ltr'>Pars</span> <span class='ocrx_word' id='word_1_189' title='bbox 376 2862 544 2887; x_wconf 78' lang='lat' dir='ltr'>Autumnalis.</span> 
     </span>
    </p>
   </div>
   <div class='ocr_carea' id='block_1_17' title="bbox 993 2578 999 2776">
    <p class='ocr_par' dir='ltr' id='par_1_17' title="bbox 993 2578 999 2776">
     <span class='ocr_line' id='line_1_47' title="bbox 993 2578 999 2776; baseline 0 0"><span class='ocrx_word' id='word_1_190' title='bbox 993 2578 999 2776; x_wconf 95' lang='lat' dir='ltr'> </span> 
     </span>
    </p>
   </div>
   <div class='ocr_carea' id='block_1_18' title="bbox 1023 305 1846 405">
    <p class='ocr_par' dir='ltr' id='par_1_18' title="bbox 1023 305 1846 405">
     <span class='ocr_line' id='line_1_48' title="bbox 1025 305 1846 356; baseline -0.002 -8"><span class='ocrx_word' id='word_1_191' title='bbox 1025 306 1106 348; x_wconf 91' lang='lat' dir='ltr'>etis</span> <span class='ocrx_word' id='word_1_192' title='bbox 1124 306 1450 356; x_wconf 83' lang='lat' dir='ltr'>beatitudinem,</span> <span class='ocrx_word' id='word_1_193' title='bbox 1474 312 1517 348; x_wconf 89' lang='lat' dir='ltr'>et</span> <span class='ocrx_word' id='word_1_194' title='bbox 1534 306 1707 347; x_wconf 81' lang='lat' dir='ltr'>luminis</span> <span class='ocrx_word' id='word_1_195' title='bbox 1727 305 1846 347; x_wconf 91' lang='lat' dir='ltr'>clari-</span> 
     </span>
     <span class='ocr_line' id='line_1_49' title="bbox 1023 363 1544 405; baseline 0 -1"><span class='ocrx_word' id='word_1_196' title='bbox 1023 365 1169 404; x_wconf 88' lang='lat' dir='ltr'>tatem.</span> <span class='ocrx_word' id='word_1_197' title='bbox 1196 363 1279 404; x_wconf 90' lang='lat' dir='ltr'>Per</span> <span class='ocrx_word' id='word_1_198' title='bbox 1297 363 1544 405; x_wconf 90' lang='lat' dir='ltr'>Dominum.</span> 
     </span>
    </p>
   </div>
   <div class='ocr_carea' id='block_1_19' title="bbox 1027 433 1849 524">
    <p class='ocr_par' dir='ltr' id='par_1_19' title="bbox 1027 433 1849 516">
     <span class='ocr_line' id='line_1_50' title="bbox 1079 433 1849 477; baseline -0.001 -9"><span class='ocrx_word' id='word_1_199' title='bbox 1079 433 1119 468; x_wconf 87' lang='lat' dir='ltr'>Si</span> <span class='ocrx_word' id='word_1_200' title='bbox 1151 444 1222 477; x_wconf 88' lang='lat' dir='ltr'>pro</span> <span class='ocrx_word' id='word_1_201' title='bbox 1256 444 1332 468; x_wconf 91' lang='lat' dir='ltr'>uno</span> <span class='ocrx_word' id='word_1_202' title='bbox 1367 438 1511 468; x_wconf 90' lang='lat' dir='ltr'>tantum</span> <span class='ocrx_word' id='word_1_203' title='bbox 1545 433 1585 467; x_wconf 87' lang='lat' dir='ltr'>fit</span> <span class='ocrx_word' id='word_1_204' title='bbox 1617 434 1849 467; x_wconf 90' lang='lat' dir='ltr'>Anniversa-</span> 
     </span>
     <span class='ocr_line' id='line_1_51' title="bbox 1027 482 1775 524; baseline 0 -9"><span class='ocrx_word' id='word_1_205' title='bbox 1027 482 1134 519; x_wconf 88' lang='grc'>1111111</span> <span class='ocrx_word' id='word_1_206' title='bbox 1160 482 1310 516; x_wconf 90' lang='lat' dir='ltr'>dicatur</span> <span class='ocrx_word' id='word_1_207' title='bbox 1333 482 1371 515; x_wconf 90' lang='lat' dir='ltr'>in</span> <span class='ocrx_word' id='word_1_208' title='bbox 1396 482 1583 524; x_wconf 70' lang='lat' dir='ltr'>singulari</span> <span class='ocrx_word' id='word_1_209' title='bbox 1606 490 1775 515; x_wconf 86' lang='lat' dir='ltr'>numero.</span> 
     </span>
    </p>
   </div>
   <div class='ocr_carea' id='block_1_20' title="bbox 1021 546 1848 986">
    <p class='ocr_par' dir='ltr' id='par_1_20' title="bbox 1103 546 1774 652">
     <span class='ocr_line' id='line_1_52' title="bbox 1103 546 1774 598; baseline 0.002 -12"><span class='ocrx_word' id='word_1_210' title='bbox 1103 547 1187 587; x_wconf 86' lang='lat' dir='ltr'>Pro</span> <span class='ocrx_word' id='word_1_211' title='bbox 1208 560 1295 587; x_wconf 91' lang='lat' dir='ltr'>uno</span> <span class='ocrx_word' id='word_1_212' title='bbox 1316 547 1538 598; x_wconf 87' lang='lat' dir='ltr'>Episcopo</span> <span class='ocrx_word' id='word_1_213' title='bbox 1560 546 1774 587; x_wconf 89' lang='lat' dir='ltr'>defuncto.</span> 
     </span>
     <span class='ocr_line' id='line_1_53' title="bbox 1360 611 1522 652; baseline -0.006 -2"><span class='ocrx_word' id='word_1_214' title='bbox 1360 611 1522 652; x_wconf 85' lang='lat' dir='ltr'>Oratio.</span> 
     </span>
    </p>

    <p class='ocr_par' dir='ltr' id='par_1_21' title="bbox 1023 655 1844 762">
     <span class='ocr_line' id='line_1_54' title="bbox 1023 655 1844 762; baseline 0.001 -60"><span class='ocrx_word' id='word_1_215' title='bbox 1023 655 1206 762; x_wconf 86' lang='lat' dir='ltr'>Deus,</span> <span class='ocrx_word' id='word_1_216' title='bbox 1241 661 1316 713; x_wconf 89' lang='lat' dir='ltr'>qui</span> <span class='ocrx_word' id='word_1_217' title='bbox 1344 661 1456 702; x_wconf 91' lang='lat' dir='ltr'>inter</span> <span class='ocrx_word' id='word_1_218' title='bbox 1485 662 1752 715; x_wconf 86' lang='lat' dir='ltr'>apostolicos</span> <span class='ocrx_word' id='word_1_219' title='bbox 1781 675 1844 703; x_wconf 90' lang='lat' dir='ltr'>sa-</span> 
     </span>
    </p>

    <p class='ocr_par' dir='ltr' id='par_1_22' title="bbox 1021 717 1848 986">
     <span class='ocr_line' id='line_1_55' title="bbox 1137 717 1848 759; baseline -0.001 -1"><span class='ocrx_word' id='word_1_220' title='bbox 1137 717 1338 759; x_wconf 87' lang='lat' dir='ltr'>cerdotes</span> <span class='ocrx_word' id='word_1_221' title='bbox 1385 717 1593 759; x_wconf 88' lang='lat' dir='ltr'>famulum</span> <span class='ocrx_word' id='word_1_222' title='bbox 1637 723 1760 759; x_wconf 94' lang='lat' dir='ltr'>tuum</span> <span class='ocrx_word' id='word_1_223' title='bbox 1798 718 1848 758; x_wconf 93' lang='lat' dir='ltr'>N.</span> 
     </span>
     <span class='ocr_line' id='line_1_56' title="bbox 1022 773 1845 827; baseline 0 -12"><span class='ocrx_word' id='word_1_224' title='bbox 1022 774 1264 827; x_wconf 89' lang='lat' dir='ltr'>pontificali</span> <span class='ocrx_word' id='word_1_225' title='bbox 1287 774 1429 816; x_wconf 89' lang='lat' dir='ltr'>fecisti</span> <span class='ocrx_word' id='word_1_226' title='bbox 1452 773 1662 826; x_wconf 87' lang='lat' dir='ltr'>dignitate</span> <span class='ocrx_word' id='word_1_227' title='bbox 1684 775 1845 826; x_wconf 87' lang='lat' dir='ltr'>vigere:</span> 
     </span>
     <span class='ocr_line' id='line_1_57' title="bbox 1022 833 1844 884; baseline 0 -12"><span class='ocrx_word' id='word_1_228' title='bbox 1022 836 1196 884; x_wconf 88' lang='lat' dir='ltr'>praesta,</span> <span class='ocrx_word' id='word_1_229' title='bbox 1218 833 1482 883; x_wconf 82' lang='lat' dir='ltr'>quaesumus3</span> <span class='ocrx_word' id='word_1_230' title='bbox 1503 836 1551 873; x_wconf 93' lang='lat' dir='ltr'>ut</span> <span class='ocrx_word' id='word_1_231' title='bbox 1570 834 1721 874; x_wconf 87' lang='lat' dir='ltr'>eorum</span> <span class='ocrx_word' id='word_1_232' title='bbox 1741 844 1844 884; x_wconf 92' lang='lat' dir='ltr'>quo-</span> 
     </span>
     <span class='ocr_line' id='line_1_58' title="bbox 1024 889 1844 940; baseline 0 -12"><span class='ocrx_word' id='word_1_233' title='bbox 1024 900 1108 939; x_wconf 92' lang='lat' dir='ltr'>que</span> <span class='ocrx_word' id='word_1_234' title='bbox 1139 889 1354 940; x_wconf 91' lang='lat' dir='ltr'>perpetuo</span> <span class='ocrx_word' id='word_1_235' title='bbox 1386 889 1642 940; x_wconf 78' lang='lat' dir='ltr'>aggregetur</span> <span class='ocrx_word' id='word_1_236' title='bbox 1670 890 1844 929; x_wconf 90' lang='lat' dir='ltr'>consor-</span> 
     </span>
     <span class='ocr_line' id='line_1_59' title="bbox 1021 944 1471 986; baseline 0.002 -2"><span class='ocrx_word' id='word_1_237' title='bbox 1021 944 1096 985; x_wconf 86' lang='lat' dir='ltr'>tio.</span> <span class='ocrx_word' id='word_1_238' title='bbox 1122 944 1207 985; x_wconf 91' lang='lat' dir='ltr'>Per</span> <span class='ocrx_word' id='word_1_239' title='bbox 1225 944 1471 986; x_wconf 87' lang='lat' dir='ltr'>Dominum.</span> 
     </span>
    </p>
   </div>
   <div class='ocr_carea' id='block_1_21' title="bbox 1022 1006 1849 1189">
    <p class='ocr_par' dir='ltr' id='par_1_23' title="bbox 1022 1006 1844 1099">
     <span class='ocr_line' id='line_1_60' title="bbox 1080 1006 1844 1049; baseline 0.003 -8"><span class='ocrx_word' id='word_1_240' title='bbox 1080 1006 1121 1041; x_wconf 89' lang='lat' dir='ltr'>Si</span> <span class='ocrx_word' id='word_1_241' title='bbox 1144 1006 1257 1041; x_wconf 86' lang='lat' dir='ltr'>fuerit</span> <span class='ocrx_word' id='word_1_242' title='bbox 1276 1006 1475 1049; x_wconf 86' lang='lat' dir='ltr'>Sacerdos,</span> <span class='ocrx_word' id='word_1_243' title='bbox 1501 1006 1649 1040; x_wconf 88' lang='lat' dir='ltr'>dicatur</span> <span class='ocrx_word' id='word_1_244' title='bbox 1667 1007 1844 1042; x_wconf 91' lang='lat' dir='ltr'>sacerdo-</span> 
     </span>
     <span class='ocr_line' id='line_1_61' title="bbox 1022 1054 1339 1099; baseline 0 -9"><span class='ocrx_word' id='word_1_245' title='bbox 1022 1055 1090 1090; x_wconf 85' lang='lat' dir='ltr'>tali</span> <span class='ocrx_word' id='word_1_246' title='bbox 1112 1054 1246 1099; x_wconf 86' lang='lat' dir='ltr'>fecisti,</span> <span class='ocrx_word' id='word_1_247' title='bbox 1271 1058 1339 1090; x_wconf 89' lang='lat' dir='ltr'>etc.</span> 
     </span>
    </p>

    <p class='ocr_par' dir='ltr' id='par_1_24' title="bbox 1026 1102 1849 1189">
     <span class='ocr_line' id='line_1_62' title="bbox 1078 1102 1849 1145; baseline -0.001 -8"><span class='ocrx_word' id='word_1_248' title='bbox 1078 1103 1153 1137; x_wconf 87' lang='lat' dir='ltr'>Pro</span> <span class='ocrx_word' id='word_1_249' title='bbox 1184 1104 1365 1137; x_wconf 83' lang='lat' dir='ltr'>fratribus</span> <span class='ocrx_word' id='word_1_250' title='bbox 1392 1113 1485 1138; x_wconf 69' lang='lat' dir='ltr'>vero</span> <span class='ocrx_word' id='word_1_251' title='bbox 1518 1108 1553 1137; x_wconf 87' lang='lat' dir='ltr'>et</span> <span class='ocrx_word' id='word_1_252' title='bbox 1584 1102 1849 1145; x_wconf 78' lang='lat' dir='ltr'>familiaribus,</span> 
     </span>
     <span class='ocr_line' id='line_1_63' title="bbox 1026 1150 1848 1189; baseline -0.002 -3"><span class='ocrx_word' id='word_1_253' title='bbox 1026 1152 1089 1186; x_wconf 77' lang='lat' dir='ltr'>vel</span> <span class='ocrx_word' id='word_1_254' title='bbox 1133 1152 1470 1189; x_wconf 81' lang='lat' dir='ltr'>benefactoribus,</span> <span class='ocrx_word' id='word_1_255' title='bbox 1523 1151 1662 1185; x_wconf 85' lang='lat' dir='ltr'>dicitur</span> <span class='ocrx_word' id='word_1_256' title='bbox 1707 1150 1848 1186; x_wconf 86' lang='lat' dir='ltr'>Oratio.</span> 
     </span>
    </p>
   </div>
   <div class='ocr_carea' id='block_1_22' title="bbox 1830 277 1851 389">
    <p class='ocr_par' dir='ltr' id='par_1_25' title="bbox 1830 277 1851 389">
     <span class='ocr_line' id='line_1_64' title="bbox 1830 277 1851 389; baseline 0 2555"><span class='ocrx_word' id='word_1_257' title='bbox 1830 277 1851 389; x_wconf 95' lang='lat' dir='ltr'> </span> 
     </span>
    </p>
   </div>
   <div class='ocr_carea' id='block_1_23' title="bbox 1015 1196 1694 1243">
    <p class='ocr_par' dir='ltr' id='par_1_26' title="bbox 1015 1196 1694 1243">
     <span class='ocr_line' id='line_1_65' title="bbox 1015 1196 1694 1243; baseline -0.001 -9"><span class='ocrx_word' id='word_1_258' title='bbox 1015 1196 1141 1243; x_wconf 82' lang='lat' dir='ltr'>Deus,</span> <span class='ocrx_word' id='word_1_259' title='bbox 1163 1198 1288 1234; x_wconf 86' lang='lat' dir='ltr'>veniae</span> <span class='ocrx_word' id='word_1_260' title='bbox 1310 1198 1477 1242; x_wconf 88' lang='lat' dir='ltr'>largitor.</span> <span class='ocrx_word' id='word_1_261' title='bbox 1506 1204 1544 1233; x_wconf 89' lang='lat' dir='ltr'>ut</span> <span class='ocrx_word' id='word_1_262' title='bbox 1570 1210 1694 1242; x_wconf 83' lang='lat' dir='ltr'>supra.</span> 
     </span>
    </p>
   </div>
   <div class='ocr_carea' id='block_1_24' title="bbox 1096 1258 1781 1311">
    <p class='ocr_par' dir='ltr' id='par_1_27' title="bbox 1096 1258 1781 1311">
     <span class='ocr_line' id='line_1_66' title="bbox 1096 1258 1781 1311; baseline -0.003 -11"><span class='ocrx_word' id='word_1_263' title='bbox 1096 1261 1179 1300; x_wconf 84' lang='lat' dir='ltr'>Pro</span> <span class='ocrx_word' id='word_1_264' title='bbox 1200 1266 1324 1311; x_wconf 87' lang='lat' dir='ltr'>patre</span> <span class='ocrx_word' id='word_1_265' title='bbox 1345 1266 1387 1301; x_wconf 86' lang='lat' dir='ltr'>et</span> <span class='ocrx_word' id='word_1_266' title='bbox 1407 1264 1556 1300; x_wconf 89' lang='lat' dir='ltr'>matre.</span> <span class='ocrx_word' id='word_1_267' title='bbox 1618 1258 1781 1298; x_wconf 85' lang='lat' dir='ltr'>Oratio.</span> 
     </span>
    </p>
   </div>
   <div class='ocr_carea' id='block_1_25' title="bbox 1019 1325 1845 1660">
    <p class='ocr_par' dir='ltr' id='par_1_28' title="bbox 1112 1325 1845 1378">
     <span class='ocr_line' id='line_1_67' title="bbox 1112 1325 1845 1378; baseline 0 -12"><span class='ocrx_word' id='word_1_268' title='bbox 1112 1337 1200 1375; x_wconf 91' lang='lat' dir='ltr'>eus,</span> <span class='ocrx_word' id='word_1_269' title='bbox 1222 1325 1296 1378; x_wconf 90' lang='lat' dir='ltr'>qui</span> <span class='ocrx_word' id='word_1_270' title='bbox 1314 1337 1395 1367; x_wconf 96' lang='grc'>1105</span> <span class='ocrx_word' id='word_1_271' title='bbox 1412 1329 1582 1377; x_wconf 89' lang='lat' dir='ltr'>patrem</span> <span class='ocrx_word' id='word_1_272' title='bbox 1601 1329 1644 1367; x_wconf 94' lang='lat' dir='ltr'>et</span> <span class='ocrx_word' id='word_1_273' title='bbox 1662 1330 1845 1367; x_wconf 85' lang='lat' dir='ltr'>matrem</span> 
     </span>
    </p>

    <p class='ocr_par' dir='ltr' id='par_1_29' title="bbox 1019 1382 1844 1660">
     <span class='ocr_line' id='line_1_68' title="bbox 1123 1382 1844 1434; baseline 0 -10"><span class='ocrx_word' id='word_1_274' title='bbox 1123 1382 1341 1424; x_wconf 90' lang='lat' dir='ltr'>honorare</span> <span class='ocrx_word' id='word_1_275' title='bbox 1355 1382 1621 1434; x_wconf 88' lang='lat' dir='ltr'>praecepisti:</span> <span class='ocrx_word' id='word_1_276' title='bbox 1639 1382 1844 1424; x_wconf 90' lang='lat' dir='ltr'>miserere</span> 
     </span>
     <span class='ocr_line' id='line_1_69' title="bbox 1021 1438 1844 1490; baseline 0 -10"><span class='ocrx_word' id='word_1_277' title='bbox 1021 1438 1258 1480; x_wconf 91' lang='lat' dir='ltr'>clementer</span> <span class='ocrx_word' id='word_1_278' title='bbox 1281 1438 1508 1480; x_wconf 88' lang='lat' dir='ltr'>animabus</span> <span class='ocrx_word' id='word_1_279' title='bbox 1531 1438 1668 1490; x_wconf 90' lang='lat' dir='ltr'>patris</span> <span class='ocrx_word' id='word_1_280' title='bbox 1693 1444 1736 1480; x_wconf 89' lang='lat' dir='ltr'>et</span> <span class='ocrx_word' id='word_1_281' title='bbox 1757 1452 1844 1480; x_wconf 90' lang='lat' dir='ltr'>ma-</span> 
     </span>
     <span class='ocr_line' id='line_1_70' title="bbox 1020 1495 1843 1547; baseline 0 -11"><span class='ocrx_word' id='word_1_282' title='bbox 1020 1495 1100 1536; x_wconf 90' lang='lat' dir='ltr'>tris</span> <span class='ocrx_word' id='word_1_283' title='bbox 1115 1508 1236 1546; x_wconf 87' lang='lat' dir='ltr'>meae,</span> <span class='ocrx_word' id='word_1_284' title='bbox 1255 1498 1495 1547; x_wconf 84' lang='lat' dir='ltr'>eorumque</span> <span class='ocrx_word' id='word_1_285' title='bbox 1509 1497 1691 1547; x_wconf 90' lang='lat' dir='ltr'>peccata</span> <span class='ocrx_word' id='word_1_286' title='bbox 1706 1495 1843 1537; x_wconf 93' lang='lat' dir='ltr'>dimit-</span> 
     </span>
     <span class='ocr_line' id='line_1_71' title="bbox 1020 1551 1843 1604; baseline 0.002 -12"><span class='ocrx_word' id='word_1_287' title='bbox 1020 1556 1079 1603; x_wconf 82' lang='lat' dir='ltr'>te3</span> <span class='ocrx_word' id='word_1_288' title='bbox 1105 1565 1263 1604; x_wconf 91' lang='lat' dir='ltr'>meque</span> <span class='ocrx_word' id='word_1_289' title='bbox 1283 1564 1359 1593; x_wconf 91' lang='lat' dir='ltr'>eos</span> <span class='ocrx_word' id='word_1_290' title='bbox 1378 1551 1422 1592; x_wconf 89' lang='grc'>111</span> <span class='ocrx_word' id='word_1_291' title='bbox 1441 1553 1615 1592; x_wconf 86' lang='lat' dir='ltr'>aetemae</span> <span class='ocrx_word' id='word_1_292' title='bbox 1636 1551 1843 1594; x_wconf 85' lang='lat' dir='ltr'>claritatis</span> 
     </span>
     <span class='ocr_line' id='line_1_72' title="bbox 1019 1608 1822 1660; baseline 0 -11"><span class='ocrx_word' id='word_1_293' title='bbox 1019 1608 1181 1660; x_wconf 78' lang='lat' dir='ltr'>gaudio</span> <span class='ocrx_word' id='word_1_294' title='bbox 1201 1609 1269 1650; x_wconf 90' lang='lat' dir='ltr'>fac</span> <span class='ocrx_word' id='word_1_295' title='bbox 1288 1608 1447 1650; x_wconf 91' lang='lat' dir='ltr'>videre.</span> <span class='ocrx_word' id='word_1_296' title='bbox 1474 1609 1558 1649; x_wconf 91' lang='lat' dir='ltr'>Per</span> <span class='ocrx_word' id='word_1_297' title='bbox 1576 1608 1822 1649; x_wconf 87' lang='lat' dir='ltr'>Dominum.</span> 
     </span>
    </p>
   </div>
   <div class='ocr_carea' id='block_1_26' title="bbox 1019 1669 1848 1870">
    <p class='ocr_par' dir='ltr' id='par_1_30' title="bbox 1019 1669 1848 1811">
     <span class='ocr_line' id='line_1_73' title="bbox 1078 1669 1843 1714; baseline 0.003 -10"><span class='ocrx_word' id='word_1_298' title='bbox 1078 1669 1118 1705; x_wconf 91' lang='lat' dir='ltr'>Si</span> <span class='ocrx_word' id='word_1_299' title='bbox 1135 1670 1175 1705; x_wconf 90' lang='lat' dir='ltr'>fit</span> <span class='ocrx_word' id='word_1_300' title='bbox 1192 1680 1262 1714; x_wconf 90' lang='lat' dir='ltr'>pro</span> <span class='ocrx_word' id='word_1_301' title='bbox 1284 1669 1460 1713; x_wconf 89' lang='lat' dir='ltr'>pluribus</span> <span class='ocrx_word' id='word_1_302' title='bbox 1479 1670 1628 1705; x_wconf 89' lang='lat' dir='ltr'>dicatur</span> <span class='ocrx_word' id='word_1_303' title='bbox 1643 1671 1843 1706; x_wconf 87' lang='lat' dir='ltr'>animabus</span> 
     </span>
     <span class='ocr_line' id='line_1_74' title="bbox 1020 1718 1848 1762; baseline -0.001 -9"><span class='ocrx_word' id='word_1_304' title='bbox 1020 1719 1221 1762; x_wconf 82' lang='lat' dir='ltr'>parentum</span> <span class='ocrx_word' id='word_1_305' title='bbox 1255 1719 1491 1762; x_wconf 87' lang='lat' dir='ltr'>nostrorum,</span> <span class='ocrx_word' id='word_1_306' title='bbox 1534 1723 1570 1753; x_wconf 88' lang='lat' dir='ltr'>et</span> <span class='ocrx_word' id='word_1_307' title='bbox 1605 1719 1672 1753; x_wconf 88' lang='lat' dir='ltr'>ubi</span> <span class='ocrx_word' id='word_1_308' title='bbox 1709 1718 1848 1753; x_wconf 86' lang='lat' dir='ltr'>dicitur</span> 
     </span>
     <span class='ocr_line' id='line_1_75' title="bbox 1019 1767 1522 1811; baseline 0 -10"><span class='ocrx_word' id='word_1_309' title='bbox 1019 1777 1167 1811; x_wconf 89' lang='lat' dir='ltr'>meque,</span> <span class='ocrx_word' id='word_1_310' title='bbox 1195 1767 1345 1802; x_wconf 87' lang='lat' dir='ltr'>dicatur</span> <span class='ocrx_word' id='word_1_311' title='bbox 1363 1776 1522 1810; x_wconf 90' lang='lat' dir='ltr'>nosque.</span> 
     </span>
    </p>

    <p class='ocr_par' dir='ltr' id='par_1_31' title="bbox 1078 1814 1842 1870">
     <span class='ocr_line' id='line_1_76' title="bbox 1078 1814 1842 1870; baseline 0.001 -22"><span class='ocrx_word' id='word_1_312' title='bbox 1078 1814 1118 1849; x_wconf 87' lang='lat' dir='ltr'>Si</span> <span class='ocrx_word' id='word_1_313' title='bbox 1138 1824 1209 1858; x_wconf 92' lang='lat' dir='ltr'>pro</span> <span class='ocrx_word' id='word_1_314' title='bbox 1230 1820 1338 1870; x_wconf 80' lang='lat' dir='ltr'>patre</span> <span class='ocrx_word' id='word_1_315' title='bbox 1360 1818 1516 1856; x_wconf 87' lang='grc'>1311111111,</span> <span class='ocrx_word' id='word_1_316' title='bbox 1541 1814 1690 1849; x_wconf 89' lang='lat' dir='ltr'>dicatur</span> <span class='ocrx_word' id='word_1_317' title='bbox 1704 1814 1842 1849; x_wconf 84' lang='lat' dir='ltr'>animae</span> 
     </span>
    </p>
   </div>
   <div class='ocr_carea' id='block_1_27' title="bbox 1020 1862 1842 1955">
    <p class='ocr_par' dir='ltr' id='par_1_32' title="bbox 1020 1862 1842 1955">
     <span class='ocr_line' id='line_1_77' title="bbox 1020 1862 1493 1907; baseline -0.002 -9"><span class='ocrx_word' id='word_1_318' title='bbox 1020 1863 1142 1907; x_wconf 89' lang='lat' dir='ltr'>patris</span> <span class='ocrx_word' id='word_1_319' title='bbox 1165 1863 1251 1906; x_wconf 92' lang='lat' dir='ltr'>mei,</span> <span class='ocrx_word' id='word_1_320' title='bbox 1281 1874 1305 1897; x_wconf 80' lang='lat' dir='ltr'><strong>v</strong></span> <span class='ocrx_word' id='word_1_321' title='bbox 1309 1863 1343 1897; x_wconf 87' lang='lat' dir='ltr'>el</span> <span class='ocrx_word' id='word_1_322' title='bbox 1359 1862 1493 1898; x_wconf 90' lang='lat' dir='ltr'>nostri.</span> 
     </span>
     <span class='ocr_line' id='line_1_78' title="bbox 1079 1894 1842 1955; baseline 0 -10"><span class='ocrx_word' id='word_1_323' title='bbox 1079 1910 1118 1945; x_wconf 89' lang='lat' dir='ltr'>Si</span> <span class='ocrx_word' id='word_1_324' title='bbox 1137 1921 1207 1955; x_wconf 90' lang='lat' dir='ltr'>pro</span> <span class='ocrx_word' id='word_1_325' title='bbox 1225 1914 1344 1945; x_wconf 83' lang='lat' dir='ltr'>matre·</span> <span class='ocrx_word' id='word_1_326' title='bbox 1364 1913 1520 1951; x_wconf 86' lang='grc'>1311111111</span> <span class='ocrx_word' id='word_1_327' title='bbox 1546 1910 1694 1944; x_wconf 89' lang='lat' dir='ltr'>dicatur</span> <span class='ocrx_word' id='word_1_328' title='bbox 1704 1894 1842 1945; x_wconf 77' lang='lat' dir='ltr'>animae</span> 
     </span>
    </p>
   </div>
   <div class='ocr_carea' id='block_1_28' title="bbox 1019 1958 1827 2070">
    <p class='ocr_par' dir='ltr' id='par_1_33' title="bbox 1019 1958 1827 2070">
     <span class='ocr_line' id='line_1_79' title="bbox 1019 1958 1545 2002; baseline 0.002 -9"><span class='ocrx_word' id='word_1_329' title='bbox 1019 1958 1153 1994; x_wconf 86' lang='lat' dir='ltr'>matris</span> <span class='ocrx_word' id='word_1_330' title='bbox 1176 1968 1283 2002; x_wconf 81' lang='lat' dir='ltr'>meae,</span> <span class='ocrx_word' id='word_1_331' title='bbox 1313 1958 1375 1992; x_wconf 85' lang='lat' dir='ltr'>vel</span> <span class='ocrx_word' id='word_1_332' title='bbox 1392 1962 1545 1994; x_wconf 89' lang='lat' dir='ltr'>nostrae.</span> 
     </span>
     <span class='ocr_line' id='line_1_80' title="bbox 1102 2011 1827 2070; baseline 0 -9"><span class='ocrx_word' id='word_1_333' title='bbox 1102 2020 1188 2061; x_wconf 90' lang='lat' dir='ltr'>Pro</span> <span class='ocrx_word' id='word_1_334' title='bbox 1207 2030 1294 2060; x_wconf 89' lang='lat' dir='ltr'>uno</span> <span class='ocrx_word' id='word_1_335' title='bbox 1314 2012 1543 2059; x_wconf 88' lang='lat' dir='ltr'>Defuncto.</span> <span class='ocrx_word' id='word_1_336' title='bbox 1594 2011 1770 2070; x_wconf 76' lang='lat' dir='ltr'>oratio.</span> <span class='ocrx_word' id='word_1_337' title='bbox 1825 2059 1827 2061; x_wconf 84' lang='grc'><em>,</em></span> 
     </span>
    </p>
   </div>
   <div class='ocr_carea' id='block_1_29' title="bbox 1019 2077 1843 2520">
    <p class='ocr_par' dir='ltr' id='par_1_34' title="bbox 1019 2077 1843 2520">
     <span class='ocr_line' id='line_1_81' title="bbox 1019 2077 1843 2188; baseline -0.002 -62"><span class='ocrx_word' id='word_1_338' title='bbox 1019 2080 1210 2188; x_wconf 88' lang='lat' dir='ltr'>Inclina</span> <span class='ocrx_word' id='word_1_339' title='bbox 1235 2083 1422 2126; x_wconf 85' lang='lat' dir='ltr'>Domine</span> <span class='ocrx_word' id='word_1_340' title='bbox 1456 2095 1604 2124; x_wconf 88' lang='lat' dir='ltr'>aurem</span> <span class='ocrx_word' id='word_1_341' title='bbox 1636 2077 1755 2124; x_wconf 81' lang='lat' dir='ltr'>tuam</span> <span class='ocrx_word' id='word_1_342' title='bbox 1785 2081 1843 2124; x_wconf 84' lang='lat' dir='ltr'>ad</span> 
     </span>
     <span class='ocr_line' id='line_1_82' title="bbox 1085 2138 1841 2194; baseline -0.004 -12"><span class='ocrx_word' id='word_1_343' title='bbox 1085 2153 1239 2194; x_wconf 88' lang='lat' dir='ltr'>preces</span> <span class='ocrx_word' id='word_1_344' title='bbox 1270 2145 1460 2189; x_wconf 88' lang='lat' dir='ltr'>nostras,</span> <span class='ocrx_word' id='word_1_345' title='bbox 1494 2138 1649 2191; x_wconf 92' lang='lat' dir='ltr'>quibus</span> <span class='ocrx_word' id='word_1_346' title='bbox 1679 2138 1841 2179; x_wconf 88' lang='lat' dir='ltr'>miseri-</span> 
     </span>
     <span class='ocr_line' id='line_1_83' title="bbox 1021 2194 1842 2259; baseline -0.005 -20"><span class='ocrx_word' id='word_1_347' title='bbox 1021 2197 1216 2240; x_wconf 89' lang='lat' dir='ltr'>cordiam</span> <span class='ocrx_word' id='word_1_348' title='bbox 1243 2201 1364 2238; x_wconf 88' lang='lat' dir='ltr'>tuam</span> <span class='ocrx_word' id='word_1_349' title='bbox 1391 2195 1612 2248; x_wconf 82' lang='lat' dir='ltr'>supplices</span> <span class='ocrx_word' id='word_1_350' title='bbox 1637 2194 1842 2259; x_wconf 85' lang='lat' dir='ltr'>depreca-</span> 
     </span>
     <span class='ocr_line' id='line_1_84' title="bbox 1019 2250 1842 2316; baseline -0.006 -20"><span class='ocrx_word' id='word_1_351' title='bbox 1019 2268 1131 2296; x_wconf 91' lang='lat' dir='ltr'>mur:</span> <span class='ocrx_word' id='word_1_352' title='bbox 1156 2258 1204 2295; x_wconf 93' lang='lat' dir='ltr'>ut</span> <span class='ocrx_word' id='word_1_353' title='bbox 1229 2253 1415 2295; x_wconf 86' lang='lat' dir='ltr'>animam</span> <span class='ocrx_word' id='word_1_354' title='bbox 1437 2250 1587 2292; x_wconf 87' lang='lat' dir='ltr'>famuli</span> <span class='ocrx_word' id='word_1_355' title='bbox 1609 2250 1686 2302; x_wconf 85' lang='lat' dir='ltr'>tui,</span> <span class='ocrx_word' id='word_1_356' title='bbox 1713 2264 1842 2316; x_wconf 83' lang='lat' dir='ltr'>quam</span> 
     </span>
     <span class='ocr_line' id='line_1_85' title="bbox 1021 2299 1841 2367; baseline -0.006 -15"><span class='ocrx_word' id='word_1_357' title='bbox 1021 2311 1076 2352; x_wconf 92' lang='lat' dir='ltr'>de</span> <span class='ocrx_word' id='word_1_358' title='bbox 1096 2310 1182 2367; x_wconf 87' lang='lat' dir='ltr'>hoc</span> <span class='ocrx_word' id='word_1_359' title='bbox 1205 2308 1367 2351; x_wconf 80' lang='lat' dir='ltr'>saeculo</span> <span class='ocrx_word' id='word_1_360' title='bbox 1391 2307 1578 2358; x_wconf 84' lang='lat' dir='ltr'>migrare</span> <span class='ocrx_word' id='word_1_361' title='bbox 1602 2299 1774 2360; x_wconf 80' lang='lat' dir='ltr'>jussisti,</span> <span class='ocrx_word' id='word_1_362' title='bbox 1797 2307 1841 2348; x_wconf 88' lang='lat' dir='ltr'>in</span> 
     </span>
     <span class='ocr_line' id='line_1_86' title="bbox 1019 2364 1841 2422; baseline -0.005 -14"><span class='ocrx_word' id='word_1_363' title='bbox 1019 2367 1140 2420; x_wconf 89' lang='lat' dir='ltr'>pacis</span> <span class='ocrx_word' id='word_1_364' title='bbox 1170 2365 1221 2407; x_wconf 84' lang='lat' dir='ltr'>ac</span> <span class='ocrx_word' id='word_1_365' title='bbox 1247 2365 1356 2406; x_wconf 90' lang='lat' dir='ltr'>lucis</span> <span class='ocrx_word' id='word_1_366' title='bbox 1383 2364 1573 2415; x_wconf 89' lang='lat' dir='ltr'>regione.</span> <span class='ocrx_word' id='word_1_367' title='bbox 1591 2365 1841 2422; x_wconf 75' lang='lat' dir='ltr'>constituas,</span> 
     </span>
     <span class='ocr_line' id='line_1_87' title="bbox 1020 2419 1840 2471; baseline -0.005 -7"><span class='ocrx_word' id='word_1_368' title='bbox 1020 2428 1064 2464; x_wconf 93' lang='lat' dir='ltr'>et</span> <span class='ocrx_word' id='word_1_369' title='bbox 1091 2424 1341 2464; x_wconf 89' lang='lat' dir='ltr'>sanctorum</span> <span class='ocrx_word' id='word_1_370' title='bbox 1368 2422 1543 2462; x_wconf 90' lang='lat' dir='ltr'>tuorum</span> <span class='ocrx_word' id='word_1_371' title='bbox 1570 2419 1742 2471; x_wconf 88' lang='lat' dir='ltr'>jubeas</span> <span class='ocrx_word' id='word_1_372' title='bbox 1745 2432 1840 2461; x_wconf 89' lang='lat' dir='ltr'>esse</span> 
     </span>
     <span class='ocr_line' id='line_1_88' title="bbox 1020 2475 1720 2520; baseline -0.006 0"><span class='ocrx_word' id='word_1_373' title='bbox 1020 2481 1280 2520; x_wconf 91' lang='lat' dir='ltr'>consortem.</span> <span class='ocrx_word' id='word_1_374' title='bbox 1306 2477 1391 2518; x_wconf 92' lang='lat' dir='ltr'>Per</span> <span class='ocrx_word' id='word_1_375' title='bbox 1408 2475 1655 2517; x_wconf 89' lang='lat' dir='ltr'>Dominum.</span> <span class='ocrx_word' id='word_1_376' title='bbox 1716 2514 1720 2516; x_wconf 14' lang='grc' dir='ltr'><strong>Α</strong></span> 
     </span>
    </p>
   </div>
   <div class='ocr_carea' id='block_1_30' title="bbox 1101 2547 1788 2594">
    <p class='ocr_par' dir='ltr' id='par_1_35' title="bbox 1101 2524 1836 2594">
     <span class='ocr_line' id='line_1_89' title="bbox 1101 2547 1788 2594; baseline 0 -7"><span class='ocrx_word' id='word_1_377' title='bbox 1101 2548 1187 2588; x_wconf 89' lang='lat' dir='ltr'>Pro</span> <span class='ocrx_word' id='word_1_378' title='bbox 1207 2560 1292 2589; x_wconf 88' lang='lat' dir='ltr'>una</span> <span class='ocrx_word' id='word_1_379' title='bbox 1309 2547 1536 2590; x_wconf 84' lang='lat' dir='ltr'>Defuncta.</span> <span class='ocrx_word' id='word_1_380' title='bbox 1605 2547 1788 2594; x_wconf 60' lang='lat' dir='ltr'>Oratim-3</span> 
     </span>
    </p>
   </div>
   <div class='ocr_carea' id='block_1_31' title="bbox 1018 2599 1898 2774">
    <p class='ocr_par' dir='ltr' id='par_1_36' title="bbox 1018 2599 1898 2774">
     <span class='ocr_line' id='line_1_90' title="bbox 1026 2599 1898 2722; baseline -0.002 -70"><span class='ocrx_word' id='word_1_381' title='bbox 1026 2599 1322 2722; x_wconf 74' lang='lat' dir='ltr'>Quaesumus</span> <span class='ocrx_word' id='word_1_382' title='bbox 1340 2610 1527 2651; x_wconf 85' lang='lat' dir='ltr'>Domine</span> <span class='ocrx_word' id='word_1_383' title='bbox 1551 2621 1633 2662; x_wconf 89' lang='lat' dir='ltr'>pro</span> <span class='ocrx_word' id='word_1_384' title='bbox 1656 2613 1731 2650; x_wconf 90' lang='lat' dir='ltr'>tua</span> <span class='ocrx_word' id='word_1_385' title='bbox 1751 2607 1838 2660; x_wconf 92' lang='lat' dir='ltr'>pie·.</span> <span class='ocrx_word' id='word_1_386' title='bbox 1894 2647 1898 2650; x_wconf 84' lang='grc'><em>.</em></span> 
     </span>
     <span class='ocr_line' id='line_1_91' title="bbox 1122 2663 1837 2709; baseline -0.008 -1"><span class='ocrx_word' id='word_1_387' title='bbox 1122 2670 1212 2709; x_wconf 91' lang='lat' dir='ltr'>tate</span> <span class='ocrx_word' id='word_1_388' title='bbox 1245 2666 1451 2707; x_wconf 88' lang='lat' dir='ltr'>miserere</span> <span class='ocrx_word' id='word_1_389' title='bbox 1485 2666 1639 2707; x_wconf 86' lang='lat' dir='ltr'>animae</span> <span class='ocrx_word' id='word_1_390' title='bbox 1666 2663 1837 2704; x_wconf 76' lang='lat' dir='ltr'>famulae</span> 
     </span>
     <span class='ocr_line' id='line_1_92' title="bbox 1018 2718 1837 2774; baseline -0.009 -8"><span class='ocrx_word' id='word_1_391' title='bbox 1018 2729 1124 2766; x_wconf 84' lang='lat' dir='ltr'>tuae:</span> <span class='ocrx_word' id='word_1_392' title='bbox 1170 2728 1213 2765; x_wconf 92' lang='lat' dir='ltr'>et</span> <span class='ocrx_word' id='word_1_393' title='bbox 1249 2735 1274 2763; x_wconf 89' lang='lat' dir='ltr'>a</span> <span class='ocrx_word' id='word_1_394' title='bbox 1311 2722 1527 2774; x_wconf 82' lang='lat' dir='ltr'>contagiis</span> <span class='ocrx_word' id='word_1_395' title='bbox 1561 2718 1837 2761; x_wconf 87' lang='lat' dir='ltr'>mortalitatis</span> 
     </span>
    </p>
   </div>
   <div class='ocr_carea' id='block_1_32' title="bbox 1582 2847 1609 2879">
    <p class='ocr_par' dir='ltr' id='par_1_37' title="bbox 1582 2847 1609 2879">
     <span class='ocr_line' id='line_1_93' title="bbox 1582 2847 1609 2879; baseline 0 0"><span class='ocrx_word' id='word_1_396' title='bbox 1582 2847 1609 2879; x_wconf 93' lang='lat' dir='ltr'>L</span> 
     </span>
    </p>
   </div>
  </div>
 </body>
</html>
