2040 2944
587 162 658 195 Die
684 163 716 195 s.
743 162 844 204 sept.
891 161 934 195 In
959 161 1171 195 Nativitate
1197 161 1237 195 B.
1264 162 1396 196 Mariae
1423 162 1464 196 v,
1503 149 1506 152 ’

171 263 382 314 gnitatem
418 260 623 309 obtinuit,
661 264 705 301 et
741 258 998 311 virginalem

171 318 425 372 pudicitiam
444 329 529 357 non
549 315 704 357 amisit.

505 378 667 419 Oratio.

168 436 404 542 Famulis
418 437 516 487 tuis,
533 439 783 490 quaesumus
797 437 996 487 D6mine,

265 494 458 537 coelestis
483 494 637 546 gratiae
660 507 817 535 munus
839 494 996 551 imper-

170 556 265 594 tire:
283 557 332 594 ut
351 551 509 605 quibus
527 551 673 593 beetae
687 551 881 602 Virginis
899 563 995 604 par-

169 614 240 650 tus
265 608 431 650 exstitit
457 607 611 649 salutis
639 606 884 658 exordium,
911 607 996 649 Na-

167 666 350 708 tivitatis
370 666 461 717 ejus
480 667 630 707 votiva
649 664 903 706 solemnitas
922 677 996 718 pa-

169 723 230 764 cis
253 722 419 764 tribuat
440 722 766 764 incrementum.
799 722 884 763 Per
908 722 996 763 Do-

167 779 333 820 minum
350 783 561 820 nostrum.

221 841 283 875 Ad
308 840 494 884 Complct.
521 845 556 875 et
580 840 708 874 Horas
734 840 826 876 dici.
858 851 901 874 ac
925 850 996 884 per

168 895 285 923 totam
313 890 459 929 Octav..
490 890 525 923 in
556 889 629 922 fine
656 889 793 933 llymn.
823 890 994 929 ciusdem

168 938 289 980 metri,
315 938 470 972 dicitur:

297 990 321 1029 J
324 1000 411 1038 esu,
431 987 512 1042 tibi
531 987 587 1028 sit
606 987 758 1038 gloria,

349 1044 434 1095 Qui
451 1049 580 1086 natus
600 1057 646 1086 es
667 1044 722 1086 de
741 1044 933 1095 Virgine.

331 1126 417 1167 Ad
443 1125 832 1168 Matutinum.

224 1190 347 1230 Invit.
379 1189 665 1230 Nativitatem
687 1188 882 1239 Virginis
907 1188 995 1230 Ma-

166 1247 243 1286 riae
276 1245 562 1286 celebremus:
596 1248 619 1271 *
652 1244 873 1286 Christum
904 1246 995 1297 ejus

167 1301 324 1342 Filium
344 1301 577 1343 adoremus
597 1302 845 1343 Deminum.

222 1361 290 1401 ΓΞ.
310 1361 476 1408 Venite,
496 1359 775 1400 exsultemus.
792 1360 829 1399 2.

220 1419 427 1469 Hymnus.
458 1418 598 1466 Quem
618 1422 746 1458 terra.
766 1416 869 1469 [135]

404 1497 452 1535 In
481 1497 508 1534 1.
538 1495 760 1534 Nocturno.

220 1563 321 1596 Ant..
352 1562 411 1596 l’s.
442 1567 478 1596 et
506 1557 589 1602 ῩῩ.
619 1561 920 1601 Nocturnorum,
956 1564 995 1593 ut

168 1610 205 1643 in
231 1611 356 1644 Festis
381 1611 421 1644 B.
447 1611 493 1644 M.
522 1610 561 1643 V.
584 1608 675 1652 [136]

222 1669 437 1721 Incipiunt
457 1668 637 1711 Cantica
657 1669 941 1711 Canticerum.

271 1731 422 1772 Lectio
441 1731 464 1770 i.
743 1730 845 1781 Cap.
862 1731 891 1769 1.

169 1791 472 1851 {fssssssffisculetm
503 1804 573 1832 me
607 1791 758 1833 esculo
792 1792 880 1833 oris
913 1793 993 1833 sui:

169 1859 172 1887 t
198 1854 275 1889 i
299 1847 399 1898 quia
423 1847 605 1889 meliora
634 1854 734 1889 sunt
757 1848 892 1890 ubera
918 1854 993 1891 tua

299 1903 416 1953 vino,
471 1904 707 1955 fragrantia
760 1906 993 1956 unguentis

167 1960 355 2012 optimis.
419 1961 575 2002 Oleum
612 1961 798 2015 effusum
833 1975 993 2004 nomen

164 2022 301 2058 tuum:
333 2017 435 2058 ideo
464 2017 803 2060 adolescentulae
833 2019 992 2060 dilexe-

165 2078 265 2115 runt
287 2079 342 2115 te.
378 2074 523 2116 Trahe
549 2089 634 2117 me:
662 2081 766 2128 post
783 2081 827 2117 te
849 2078 991 2117 curre-

163 2143 259 2170 mus
284 2130 327 2170 in
351 2130 534 2172 oderem
552 2135 874 2183 unguentorum
897 2135 991 2174 tue-

165 2199 270 2227 rum.
298 2187 547 2229 Introduxit
564 2202 634 2230 me
654 2202 732 2230 rex
751 2189 795 2229 in
816 2189 993 2231 cellaria

165 2255 258 2283 sua:
283 2244 598 2286 exsultabimus
618 2250 661 2287 et
680 2245 930 2287 laetebimur
949 2246 992 2286 in

164 2303 218 2348 te,
237 2301 453 2342 memores
469 2301 654 2343 uberum
668 2304 844 2344 tuerum
860 2315 993 2355 super

127 2384 130 2387 Δ
165 2355 326 2396 vinum:
366 2358 474 2399 recti
515 2357 700 2410 diligunt
737 2364 793 2400 te.
855 2359 993 2410 Nigra

165 2425 271 2461 sum,
291 2413 370 2454 sed
388 2414 592 2465 formem,
615 2415 718 2457 filiae
736 2416 992 2466 Jerusalem,

164 2468 276 2510 sicut
294 2469 575 2513 tabernacula
595 2472 750 2523 Cedar‚
770 2473 883 2515 sicut
901 2473 991 2526 pel-

163 2523 227 2565 les
247 2525 504 2568 Salomonis.

219 2580 268 2631 R.
295 2581 443 2624 Hodie
470 2588 572 2625 nata
601 2590 668 2625 est
695 2585 828 2626 beata
852 2585 990 2636 Virgo

163 2636 301 2678 Maria
334 2650 389 2679 ex
420 2639 630 2690 progenie
657 2641 817 2682 David:
851 2639 874 2663 *
906 2641 992 2682 Per

165 2706 296 2745 quam
314 2693 432 2735 salus
451 2695 602 2737 mundi
619 2696 900 2739 credentibus
917 2710 990 2750 ap-

1049 258 1213 311 peruit,
1247 259 1368 312 cujus
1398 259 1493 301 vita
1513 258 1706 310 gloriosa
1734 259 1879 302 lucem

1049 314 1172 357 dedit
1191 314 1367 357 saeculo.
1404 312 1757 365 V.Nativitatem
1775 315 1876 359 bezi-

1049 376 1107 413 tae
1126 371 1276 413 Mariae
1294 371 1488 423 Virginis
1509 385 1608 414 cum
1627 371 1790 424 gaudio
1809 386 1876 415 ce-

1047 428 1281 471 lebremus.
1309 429 1394 471 Per
1413 441 1557 481 quam.

1359 487 1511 530 Lectio
1532 487 1571 528 ii.
1726 496 1729 497 ’

1051 536 1250 644 Nolite
1272 556 1343 585 me
1367 542 1647 585 considerare
1672 541 1794 595 quod
1815 543 1876 584 fu-

1166 613 1242 641 sca
1261 600 1359 648 sim,
1386 599 1487 652 quia
1509 598 1784 641 decoloriwit
1806 612 1877 641 me

1049 656 1130 698 sol:
1154 656 1234 698 filii
1259 657 1410 698 matris
1435 669 1547 698 meae
1572 657 1879 709 pugnaverunt

1050 718 1204 755 contra
1233 726 1323 765 me,
1355 715 1600 767 posuerunt
1630 726 1701 755 me
1733 715 1876 755 custo-

1049 770 1150 812 dem
1175 771 1220 812 in
1244 771 1398 812 vineis:
1426 773 1599 812 vineam
1622 783 1766 812 meam
1788 782 1878 812 non

1049 827 1280 870 custodivi.
1313 827 1466 870 ludica
1487 827 1611 877 mihi,
1637 840 1768 880 quem
1787 826 1879 876 dssi7

1049 884 1111 936 git
1129 885 1274 926 Anima
1291 897 1400 935 mea,
1425 884 1500 927 ubi
1518 897 1688 937 pascas,
1712 883 1789 926 ubi
1808 897 1878 926 cu-

1049 941 1128 983 bes
1146 941 1191 982 in
1209 941 1409 992 meridie,
1427 954 1483 984 ne
1502 941 1653 993 vagari
1671 941 1879 994 incipiam

1049 1003 1153 1051 post
1179 1011 1336 1050 greges
1362 997 1580 1040 sodalium
1605 999 1794 1040 tuorum.
1833 997 1879 1039 Si

1048 1056 1225 1107 igneras
1243 1061 1287 1098 te
1308 1068 1334 1097 o
1353 1054 1647 1108 pulcherrima
1661 1055 1775 1096 inter
1788 1068 1877 1096 mu-

1048 1112 1194 1162 lieres,
1220 1112 1446 1165 egredere,
1473 1117 1516 1154 et
1535 1111 1608 1154 abi
1626 1116 1730 1164 post
1748 1113 1878 1153 vesti-

1048 1170 1120 1221 gia
1138 1183 1338 1221 gregum,
1367 1174 1410 1211 et
1435 1181 1569 1223 pasce
1595 1168 1755 1210 hoedos
1778 1173 1878 1210 tuos

1048 1227 1168 1278 juxta
1184 1226 1468 1268 tabernecula
1483 1228 1723 1279 pastorum.
1747 1226 1876 1278 Equi-

1047 1284 1159 1326 tatui
1191 1297 1290 1325 meo
1322 1284 1367 1324 in
1401 1283 1602 1326 cnrribus
1637 1282 1878 1324 Pharaonis

1051 1341 1290 1383 assimilavi
1308 1346 1353 1382 te
1373 1343 1514 1382 amica
1531 1352 1641 1381 mea.
1675 1339 1878 1381 Pulchrae

1050 1403 1150 1440 sunt
1173 1410 1298 1449 genae
1322 1403 1410 1439 tuae
1435 1397 1548 1439 sicut
1570 1397 1768 1438 turturis:
1793 1396 1879 1439 col·

1040 1454 1137 1496 lum
1155 1460 1279 1497 tuum
1300 1454 1412 1496 sicut
1429 1454 1618 1496 monilia.

1103 1512 1153 1563 R.
1191 1511 1468 1554 Beatissimae
1500 1511 1694 1563 Virginis
1726 1510 1878 1551 Mariae

1047 1569 1335 1611 Nativitatem
1369 1568 1655 1611 devotissime
1688 1567 1878 1609 celebre-

1047 1639 1158 1667 mus:
1188 1627 1211 1652 *
1233 1626 1292 1668 Ut
1315 1626 1412 1679 ipsa
1438 1638 1519 1678 pro
1545 1624 1879 1669 nobisinterce-

1048 1683 1124 1724 dat
1143 1682 1200 1725 ad
1220 1683 1457 1724 Deminum
1476 1683 1501 1724 J
1504 1696 1627 1725 esum
1648 1681 1879 1724 Christum.

1050 1735 1101 1785 V.
1138 1740 1248 1782 Cum
1283 1739 1554 1792 jucunditate
1590 1738 1880 1780 Nativitaoem

1047 1797 1193 1838 beatae
1213 1797 1363 1838 Mariae
1383 1797 1577 1848 Virginis
1597 1795 1879 1838 devotissime

1047 1853 1330 1895 celebremus.
1358 1853 1430 1896 Ut.

1349 1906 1501 1948 Lectio
1521 1906 1576 1947 iii.

1049 1960 1356 2066 Murenulas
1379 1966 1535 2004 aureas
1559 1961 1768 2003 faciemus
1785 1961 1877 2012 tibi,

1176 2019 1484 2067 vermiculatas
1513 2020 1709 2071 argento.
1760 2018 1878 2060 Dum

1030 2081 1165 2118 'esset
1188 2089 1266 2118 rex
1288 2076 1332 2117 in
1356 2076 1563 2118 accubitu
1587 2087 1685 2125 suo,
1712 2074 1877 2117 nardus

1045 2146 1145 2174 mea
1164 2132 1287 2175 dedit
1307 2132 1492 2175 odorem
1512 2146 1649 2174 suum.
1676 2131 1876 2174 Fascicu-

1045 2189 1114 2231 lus
1149 2189 1340 2242 myrrhae
1378 2189 1564 2231 dilectus
1594 2201 1719 2230 meus
1753 2187 1876 2238 mihi,

1045 2246 1158 2287 inter
1199 2245 1338 2287 ubera
1379 2258 1478 2287 mea
1518 2243 1877 2287 commorabitur.

1045 2302 1209 2343 Botrus
1235 2302 1369 2355 Cypri
1397 2302 1583 2344 dilectus
1610 2313 1734 2342 meus
1759 2300 1876 2351 mihi,

1045 2359 1088 2399 in
1104 2359 1242 2400 vineis
1256 2358 1470 2411 Engaddiz
1497 2359 1614 2400 Ecce
1629 2363 1677 2399 tu
1693 2357 1877 2410 pulchra

1047 2429 1094 2458 es
1114 2417 1254 2457 amica
1271 2428 1385 2465 mea,
1412 2428 1515 2457 ecce
1538 2419 1587 2456 tu
1610 2413 1795 2467 pulchra
1818 2427 1876 2464 es,

1046 2472 1162 2514 eculi
1198 2472 1262 2514 tui
1298 2471 1610 2514 columbarum.
1675 2471 1792 2512 Ecce
1827 2476 1876 2513 tu

1045 2528 1229 2582 pulcher
1253 2540 1300 2570 es
1329 2528 1488 2570 dilecte
1509 2528 1584 2577 mi,
1609 2532 1653 2568 et
1676 2527 1876 2569 decorus.

1046 2584 1254 2627 Lectulus
1272 2589 1422 2626 noster
1441 2583 1641 2625 floridus:
1659 2584 1780 2636 tigna
1800 2584 1875 2625 do-

1044 2644 1217 2682 morum
1236 2642 1487 2682 nostrerum
1507 2640 1703 2691 cedrina,
1728 2640 1874 2692 laque-

1045 2698 1137 2739 Aria
1156 2702 1308 2738 nostra
1327 2697 1593 2749 cypressina.
