2040 2944
752 188 961 222 Commune
989 189 1275 231 Apostolorum.
1824 180 1871 225 [7]

216 278 264 330 V.
276 281 327 321 In
342 292 515 321 omnem
530 284 694 320 terram
705 279 840 320 exivit
855 291 988 320 sonus

162 339 324 379 eorum.
362 337 410 388 R».
435 336 491 377 Et
514 336 559 376 in
582 335 692 377 fines
713 334 833 376 orbis
857 340 987 377 terrae

161 393 295 435 verba
315 395 478 435 eorum.

213 452 343 492 Pater
362 454 523 491 noster.

213 507 456 550 Absolutio.
494 504 668 548 Exaudi
698 505 897 546 Domine.

212 562 262 613 V.
288 563 400 604 Jube
429 562 599 603 domne.

216 622 376 662 Bened.
409 618 718 661 Benedictione
738 618 962 670 perpetua.

211 688 312 722 Lect.
325 687 371 721 de
384 687 519 731 Script.
534 688 674 731 positae
688 687 726 721 in
740 688 884 722 Comm.
898 688 988 722 San-

161 742 307 770 ctorum
320 736 509 778 leguntur.
528 736 684 779 quando
703 740 935 770 annotantur
952 737 986 769 in

160 784 324 827 Proprio
342 783 467 818 Sanct.
486 794 555 827 per
571 784 740 821 Annum.
772 790 807 818 ct
832 785 987 827 quando

161 831 348 874 contingit
373 831 454 866 fieri
480 831 585 866 Offie.
617 832 663 866 dc
690 832 820 875 aliquo
847 834 987 867 Sancto

159 879 236 913 illis
262 879 410 923 diebus,
437 880 475 913 in
501 880 642 923 quibus
669 881 705 914 in
732 880 837 914 Offic.
867 881 987 915 Fcrize

159 937 237 961 non
252 932 448 970 ponuntur
463 928 563 963 Lect.
584 928 630 962 de
649 929 796 972 Script..
822 929 890 963 sed
908 933 987 963 tan-

159 980 238 1010 tum
255 975 302 1009 de
319 975 500 1018 Homilia,
522 981 558 1010 ct
572 977 728 1020 quando
744 977 903 1020 aliquod
919 977 987 1011 Fe-

160 1028 260 1058 stum
284 1023 507 1058 solemniter
531 1024 746 1059 celebratur
766 1026 802 1059 in
828 1025 986 1069 propria

159 1071 333 1106 ecclesia.

197 1129 264 1169 De
291 1126 489 1179 Epistola
515 1126 658 1179 prima
684 1125 802 1167 beati
830 1126 954 1166 Pauli

289 1183 495 1236 Apostoli
515 1182 572 1224 ad
593 1182 858 1224 Corinthios.

264 1248 416 1290 Lectio
437 1249 459 1289 i.
723 1249 825 1299 Cap.
846 1249 881 1287 4.

165 1312 172 1320 ”
192 1319 250 1358 ἡ
266 1301 306 1342 16
321 1313 402 1342 1108
421 1300 641 1342 existimet
655 1300 788 1341 homo
805 1304 852 1342 ut
867 1300 987 1340 mini-

167 1354 257 1440 ἷῦ
280 1362 395 1398 81108
407 1356 584 1398 Christi:
600 1362 644 1399 et
659 1356 988 1410 dispensatores

174 1418 228 1431 V
278 1414 589 1466 mysteriorum
629 1414 725 1455 Dei.
778 1413 863 1454 Hic
903 1414 987 1465 jam

160 1470 368 1521 quaeritur
400 1470 513 1512 inter
546 1469 894 1522 dispensatores,
940 1475 988 1511 ut

158 1525 299 1567 fidelis
319 1527 415 1578 quis
433 1527 687 1568 inveniatur.
715 1526 821 1567 Mihi
841 1531 987 1568 autem

158 1595 239 1634 pro
265 1583 442 1624 minimo
463 1587 530 1625 est
549 1587 597 1624 ut
620 1596 645 1624 a
665 1583 791 1624 vobis
811 1582 986 1634 judicer,

158 1644 233 1680 aut
252 1639 307 1681 ab
326 1639 518 1681 humano
535 1639 619 1680 die:
640 1639 719 1680 sed
737 1652 880 1691 neque
899 1652 986 1681 me-

158 1697 302 1748 ipsum
315 1695 473 1747 judico.
500 1695 621 1737 Nihil
636 1696 752 1737 enim
766 1695 871 1736 mihi
886 1698 986 1736 con-

159 1752 274 1793 scius
299 1765 410 1793 sum:
442 1751 522 1794 sed
545 1765 633 1793 non
657 1752 701 1792 in
727 1752 812 1794 hoc
837 1753 985 1805 justifi-

158 1811 282 1850 catus
307 1822 418 1850 sum:
452 1809 526 1862 qui
549 1814 696 1851 autem
719 1809 882 1862 judicat
904 1823 985 1860 me,

157 1865 374 1907 Dominus
405 1870 481 1907 est.
525 1866 681 1918 Itaque
715 1866 852 1907 nolite
878 1869 985 1908 'ante

157 1926 331 1975 tempus
359 1921 569 1974 judicare,
608 1922 895 1975 quoadusque
915 1925 984 1964 ve-

157 1978 247 2020 niat
273 1979 504 2020 Dominus:
546 1979 619 2031 qui
651 1984 695 2020 et
725 1978 985 2021 illuminabit

157 2034 415 2077 abscondita
433 2035 723 2086 tenebrarum,
748 2041 792 2077 et
809 2036 984 2078 manife-

157 2091 291 2133 stabit
327 2092 509 2133 consilia
545 2091 762 2142 cordium;
805 2097 848 2134 et
880 2098 984 2134 tunc

156 2147 250 2189 laus
271 2149 354 2190 erit
372 2149 607 2201 unicuique
624 2161 649 2190 a
666 2149 775 2190 Deo.

209 2208 259 2258 R.
276 2205 392 2247 Ecce
409 2218 489 2257 ego
504 2205 630 2247 mitto
646 2218 726 2246 vos
746 2205 860 2246 sicut
877 2218 983 2247 oves

155 2261 200 2301 in
218 2261 364 2303 medio
383 2261 601 2314 luporum,
631 2261 737 2303 dicit
758 2262 983 2303 Dominus:

158 2319 180 2342 ¹*
199 2319 353 2360 Estote
373 2331 477 2369 ergo
501 2318 741 2371 prudentes
761 2318 873 2360 sicut
897 2332 983 2360 ser-

156 2375 321 2425 pentes,
332 2379 375 2416 et
390 2375 610 2427 simplices
628 2375 741 2416 sicut
756 2375 982 2416 columbae.

158 2424 208 2477 V.
233 2430 350 2472 Dum
372 2431 515 2473 lucem
540 2431 726 2480 habetis,
755 2430 920 2472 ere'dite
939 2432 982 2472 in

156 2485 308 2536 lucem,
318 2492 366 2529 ut
377 2487 454 2528 filii
464 2488 573 2529 lucis
584 2488 689 2529 sitis.
699 2488 853 2528 Estote
865 2501 982 2540 ergo.

211 2543 371 2586 Bened.
401 2545 655 2596 Unigenitus
674 2545 758 2585 Dei
777 2543 921 2585 Filius.

464 2602 615 2643 Lectio
637 2602 675 2642 ii.

251 2668 316 2696 aec
327 2661 484 2706 autem,
495 2657 662 2707 fratres,
673 2657 982 2708 transfiguravi

272 2712 316 2752 in
334 2725 404 2754 me
424 2717 467 2755 et
486 2714 658 2767 Apollo,
683 2719 867 2768 propter
886 2726 981 2755 vos:

1041 283 1089 320 ut
1107 279 1151 319 in
1165 279 1293 320 nobis
1309 280 1500 330 discatis,
1520 293 1574 322 ne
1591 293 1724 333 supra
1741 292 1872 332 quam

1041 336 1254 388 scriptum
1283 341 1359 387 est,
1388 351 1499 378 unus
1527 337 1739 378 adversus
1769 336 1872 378 alte-

1041 405 1137 433 rum
1156 392 1331 434 infletur
1354 406 1435 446 pro
1452 393 1548 435 alio.
1577 394 1683 444 Quis
1699 393 1814 435 enim
1828 397 1872 434 te

1042 447 1272 490 discernit?
1290 450 1407 499 Quid
1423 455 1570 492 autem
1585 450 1733 501 habes,
1752 450 1873 502 quod

1041 518 1129 546 non
1155 505 1386 558 accepisti?
1415 507 1460 548 Si
1484 512 1630 548 autem
1652 507 1873 559 accepisti,

1042 562 1149 614 quid
1164 562 1367 613 gloriaris
1380 564 1503 615 quasi
1520 576 1610 605 non
1625 562 1871 616 acceperis?

1040 619 1065 660 J
1067 632 1137 660 am
1153 621 1337 661 saturati
1354 621 1468 671 estis,
1486 621 1570 672 jam
1590 620 1749 662 divites
1769 620 1873 661 facti

1041 676 1160 717 estis:
1177 676 1268 717 sine
1285 676 1412 718 nobis
1429 677 1637 727 regnatis:
1649 682 1692 718 et
1707 677 1873 718 utinam

1041 733 1244 783 regnetis,
1260 738 1308 775 ut
1325 738 1369 775 et
1384 746 1463 774 nos
1479 733 1708 775 vobiscum
1723 735 1873 785 regne-

1041 803 1149 830 mus.
1194 790 1306 831 Puto
1341 791 1454 832 enim
1489 790 1610 843 quod
1637 790 1759 831 Deus
1791 803 1872 831 nos

1040 846 1283 898 Apostolos
1345 847 1608 888 novissimos
1671 846 1873 896 ostendit,

1040 907 1265 955 tamquam
1301 904 1431 945 morti
1468 903 1728 945 destinatos:
1772 904 1874 956 quia

1041 960 1344 1011 spectaculum
1376 961 1481 1002 facti
1514 973 1663 1001 sumus
1696 959 1872 1009 mundo,

1042 1021 1085 1057 et
1106 1016 1295 1067 Angelis,
1325 1022 1368 1058 et
1387 1017 1648 1058 hominibus.

1097 1078 1145 1128 R.
1182 1073 1344 1115 Tollite
1381 1075 1529 1126 jugum
1562 1087 1708 1115 meum
1741 1087 1873 1126 super

1040 1143 1131 1179 VOS,
1153 1129 1259 1171 dicit
1273 1131 1500 1180 Dominus,
1521 1135 1564 1172 et
1581 1130 1736 1171 discite
1751 1143 1776 1171 a
1791 1144 1872 1180 me,

1043 1187 1143 1239 quia
1166 1187 1283 1228 mitis
1307 1201 1403 1228 sum
1424 1193 1467 1229 et
1486 1187 1660 1229 humilis
1680 1187 1828 1229 corde:
1848 1194 1871 1216 ¹⁸¹

1040 1243 1198 1294 Jugum
1227 1244 1342 1285 enim
1370 1257 1516 1285 meum
1545 1246 1680 1285 suave
1709 1249 1792 1293 est,
1829 1249 1872 1286 61

1041 1312 1150 1341 onus
1174 1314 1321 1342 meum
1346 1301 1453 1342 leve.
1492 1299 1542 1350 Y.
1566 1301 1624 1342 Et
1643 1301 1870 1342 invenietis

1040 1357 1236 1409 requiem
1256 1357 1485 1399 animabus
1506 1358 1676 1399 vestris.
1701 1358 1725 1398 J
1728 1370 1870 1408 ugum.

1094 1416 1253 1457 Bened.
1280 1415 1469 1467 Spiritus
1490 1415 1631 1455 sancti
1649 1415 1802 1465 gratia.

1338 1473 1490 1514 Lectio
1516 1474 1570 1514 iii.

1039 1525 1185 1631 Nos
1203 1527 1325 1569 stulti
1341 1532 1523 1580 propter
1539 1527 1771 1578 Christum,
1790 1541 1870 1570 vos

1161 1589 1307 1625 autem
1337 1584 1579 1637 prudentes
1607 1585 1650 1624 in
1677 1584 1869 1626 Christo:

1039 1652 1119 1681 nos
1144 1640 1315 1691 infirmi,
1344 1654 1424 1682 vos
1445 1646 1591 1682 autem
1611 1641 1760 1682 fortes:
1788 1654 1869 1683 vos

1038 1696 1220 1746 nobiles,
1232 1710 1313 1738 nos
1325 1702 1471 1738 autem
1482 1697 1707 1747 ignobiles.
1719 1698 1869 1750 Usque

1038 1754 1081 1793 in
1100 1752 1213 1794 hanc
1232 1753 1387 1794 horam
1408 1758 1452 1795 et
1471 1756 1696 1804 esurimus,
1717 1759 1760 1795 et
1781 1755 1869 1796 siti-

1037 1823 1151 1859 mus,
1190 1815 1233 1852 et
1260 1810 1366 1852 nudi
1395 1824 1561 1859 sumus,
1599 1815 1643 1852 et
1671 1811 1868 1864 colaphis

1039 1867 1264 1917 caedimur,
1299 1872 1342 1908 et
1370 1867 1599 1908 instabiles
1628 1880 1792 1918 sumuS,
1826 1874 1869 1910 et

1037 1923 1288 1965 laboramus
1309 1926 1547 1976 operantes
1572 1923 1774 1966 manibus
1793 1938 1867 1966 no-

1038 1981 1154 2021 stris:
1168 1980 1480 2030 maledicimur,
1494 1985 1538 2022 et
1551 1980 1867 2023 benedicimus:

1036 2038 1391 2090 persecutionem
1423 2038 1631 2090 patimur,
1670 2043 1713 2079 et
1741 2038 1867 2079 susti-

1036 2095 1204 2134 nemus:
1223 2093 1590 2147 blasphemamur,
1606 2099 1650 2135 et
1665 2094 1866 2135 obsecra-

1036 2163 1147 2191 mus:
1175 2155 1399 2203 tamquam
1425 2152 1715 2203 purgamenta
1741 2150 1866 2202 hujus

1036 2207 1188 2248 mundi
1216 2207 1320 2248 facti
1349 2220 1515 2256 sumuS,
1550 2207 1743 2248 omnium
1771 2220 1865 2260 per-

1036 2263 1204 2316 ipsema
1222 2276 1361 2316 usque
1385 2262 1540 2304 adhuc.
1576 2263 1679 2304 Non
1698 2268 1746 2304 ut
1767 2276 1866 2305 con-

1035 2319 1215 2361 fundam
1234 2333 1325 2369 vos,
1354 2319 1449 2360 haec
1469 2319 1625 2369 scribo,
1654 2319 1733 2361 sed
1751 2325 1800 2361 ut
1820 2320 1866 2360 fi-

1035 2376 1117 2417 lios
1137 2388 1261 2417 meos
1281 2376 1533 2417 carissimos
1551 2378 1723 2418 moneo.
1750 2377 1865 2418 Nam

1036 2433 1072 2473 si
1093 2432 1247 2474 decem
1270 2432 1404 2473 millia
1426 2432 1773 2484 paedagogorum
1792 2433 1864 2474 ha-

1034 2489 1175 2530 beatis
1200 2489 1244 2529 in
1270 2488 1459 2530 Christo:
1488 2488 1567 2530 sed
1591 2502 1679 2530 non
1702 2489 1864 2531 multos

1034 2550 1193 2597 patres.
1234 2545 1349 2585 Nam
1376 2546 1420 2585 in
1449 2544 1623 2586 Christo
1651 2546 1756 2587 Jesu
1784 2558 1863 2598 per

1035 2601 1319 2653 Evangelium
1341 2614 1422 2652 ego
1443 2614 1521 2642 vos
1542 2602 1682 2653 genui.

1091 2661 1141 2700 R.
1164 2659 1280 2698 Dum
1310 2658 1517 2699 steteritis
1543 2662 1642 2700 ante
1666 2670 1792 2707 reges
1820 2661 1863 2698 et

1034 2714 1258 2767 praesides,
1277 2714 1413 2756 nolite
1428 2715 1621 2766 cogitare
1638 2712 1860 2767 quomodo
