2040 2944
431 162 499 195 Die
525 162 554 194 3.
582 161 680 194 Nov.
727 161 857 211 Tertia
881 161 942 194 die
969 161 1066 194 infra
1093 160 1171 195 Oct.
1198 162 1374 196 Omnium
1399 162 1636 199 Sanctorum.

237 257 301 297 De
324 254 517 297 Homilia
544 255 684 296 sancti
710 254 947 305 Augustini

475 310 698 363 Episcopi.

200 383 256 417 Ex
272 382 354 415 Lib.
374 380 399 413 l.
418 379 464 412 de
482 378 598 412 Serm.
616 377 771 411 Domini
789 378 827 412 in
844 386 982 412 monte.

476 427 569 469 Cap.
588 426 615 460 l.
632 430 667 460 et
681 427 712 460 2.

181 511 211 527 ,ι
239 490 271 530 5³,
296 491 354 519 ec
388 476 564 518 aliunde
599 479 776 520 omnino
810 478 1003 531 incipere

176 530 182 586 j.
203 533 265 594 ζ
291 538 298 552 ·’
320 533 516 586 oportuit
528 533 856 584 beatitudinem,
873 547 1003 587 quam

176 596 177 603 ¹
321 604 346 632 a
367 593 630 643 paupertate
655 591 847 643 spiritus,
873 591 1002 644 siqui-

173 647 274 689 dem
305 651 572 700 perventura
605 653 673 689 est
705 647 762 689 ad
790 661 1002 689 summam

171 704 442 757 sapientiam.
473 704 649 746 Initium
669 709 815 746 autem
834 705 1002 757 sapien-

171 761 245 802 tiae
277 761 409 802 timor
438 761 631 801 Demini:
665 760 873 813 quoniam
904 766 948 803 et
980 774 1003 803 e

172 817 410 867 contrario,
444 817 623 858 Initium
656 818 797 858 omnis
830 818 1003 870 peccati

173 874 382 927 superbia
402 873 617 915 scribitur.
650 873 838 926 Superbi
857 880 1003 916 autem

172 933 389 984 appetunt
418 935 462 972 et
490 929 674 982 diligunt
708 943 843 982 regna
870 934 1003 973 terra-

171 1001 278 1028 rum.
332 987 459 1029 Beati
495 987 642 1029 mites:
681 987 887 1039 queniam
917 988 1004 1041 ipsi

170 1043 431 1086 haereditate
451 1043 743 1097 possidebunt
761 1050 939 1086 terram:
957 1045 1003 1086 il-

170 1101 258 1143 lam
269 1101 403 1143 credo
419 1106 592 1152 terram,
608 1101 663 1142 de
676 1114 762 1154 qua
772 1101 816 1142 in
827 1101 1003 1143 Psalmo

172 1157 347 1200 dicitur:
367 1159 479 1211 Spes
493 1171 592 1199 mea
607 1170 654 1200 es
669 1163 728 1207 tu,
743 1158 891 1210 portio
906 1171 1005 1200 mea

170 1215 213 1255 in
233 1220 351 1256 terra
367 1215 615 1256 viventium.
644 1215 870 1265 Significat
890 1215 1005 1256 enim

172 1271 408 1323 quamdam
435 1271 705 1313 soliditatem
731 1277 775 1313 et
794 1271 1003 1314 stabilita-

170 1333 261 1370 tem
275 1327 547 1370 haereditatis
562 1330 802 1381 perpetuae,
822 1328 898 1371 ubi
918 1329 1003 1370 ani-

170 1398 242 1426 ma
261 1398 341 1438 per
359 1384 525 1427 bonum
544 1384 760 1434 affectum,
778 1390 1004 1437 tamquam

170 1441 271 1483 loco
301 1454 381 1483 suo
414 1441 666 1494 requiescit,
700 1442 813 1483 sicut
841 1454 1004 1494 corpus

171 1499 215 1539 in
244 1504 378 1540 terra:
413 1504 457 1540 et
487 1497 590 1540 inde
624 1498 722 1540 cibo
754 1511 833 1540 suo
863 1499 1003 1548 alitur,

172 1555 284 1596 sicut
308 1568 470 1609 corpus
495 1567 550 1596 ex
574 1560 706 1596 terra:
731 1555 827 1608 ipsa
855 1560 922 1597 est
940 1557 1003 1597 re-

173 1612 298 1664 quies
318 1617 362 1653 et
379 1612 466 1653 vita
481 1612 753 1653 Sanctorum.
781 1612 911 1654 Mites
931 1625 1002 1654 au-

171 1674 260 1710 tem
286 1674 397 1718 sunt,
425 1669 500 1721 qui
526 1667 689 1710 cedunt
714 1669 1001 1722 improbitati-

171 1725 264 1776 bus,
285 1731 329 1767 et
346 1738 435 1767 non
449 1728 659 1768 resistunt
671 1725 800 1776 malo,
819 1725 899 1768 sed
914 1726 1002 1767 vin-

172 1788 275 1824 cunt
294 1783 339 1823 in
357 1782 476 1824 bono
496 1782 670 1823 malum.

228 1841 279 1892 R.
293 1840 388 1882 Sint
402 1839 540 1881 lumbi
554 1839 689 1883 vestri
703 1840 941 1892 praecincti,
961 1845 1005 1882 et

172 1896 363 1937 lucernae
391 1895 597 1938 ardentes
631 1897 675 1937 in
703 1897 906 1939 manibus
934 1910 1004 1939 ve-

174 1953 290 1994 stris:
307 1954 391 1994 *Et
404 1965 486 1994 vos
497 1953 660 1995 similes
671 1953 920 1996 hominibus
934 1967 1004 1996 ex-

174 2009 476 2062 spectantibus
489 2009 714 2051 dominum
725 2024 863 2061 suum,
881 2024 1006 2064 quan·

174 2066 231 2107 do
249 2069 495 2109 revertatur
511 2080 536 2108 a
552 2068 727 2120 nuptiis.
746 2061 797 2114 V.
813 2067 1005 2119 Vigilate

175 2136 297 2174 ergo,
333 2124 434 2176 quia
461 2125 639 2166 nescitis
669 2137 756 2176 qua
782 2124 891 2166 hora
917 2125 1004 2166 Do-

174 2180 316 2222 minus
336 2186 482 2223 vester
501 2184 711 2223 venturus
734 2182 800 2223 sit.
837 2181 894 2223 Et
913 2194 1004 2223 vos.

460 2239 612 2280 Lectio
636 2239 718 2279 viii.

176 2291 345 2396 Beati
358 2297 574 2349 lugentes:
591 2299 798 2351 queniam
809 2299 894 2353 ipsi
905 2311 1004 2341 eon·

292 2354 561 2396 solabantur.
595 2355 761 2398 Luctus
786 2362 852 2398 est
875 2356 1005 2399 tristi-

173 2410 235 2452 tia
255 2409 310 2452 de
330 2411 564 2453 amissione
585 2415 802 2454 carorum:
827 2415 1005 2455 conver-

175 2467 212 2508 si
231 2471 378 2508 autem
397 2468 454 2510 ad
473 2469 627 2519 Deum,
653 2482 715 2520 ea,
741 2482 840 2522 quae
859 2470 903 2510 in
920 2470 1007 2512 hoc

140 2535 143 2537 ’
174 2522 338 2565 mundo
357 2536 458 2565 cara
473 2525 864 2578 amplectebantur,
885 2529 1006 2568 amit-

135 2591 145 2602 ’
174 2585 282 2622 tunt.
314 2580 414 2622 Non
434 2581 548 2622 enim
566 2582 758 2633 gaudent
776 2582 844 2624 his
863 2582 1006 2632 rebus,

176 2637 334 2690 quibus
363 2643 463 2680 ante
491 2639 758 2689 gaudebant:
791 2644 836 2682 et
864 2639 1006 2681 donec

175 2695 253 2737 fiat
275 2695 319 2736 in
341 2695 426 2736 illis
453 2708 577 2737 amor
601 2699 877 2747 aeternorum,
900 2708 1005 2738 non-

1052 255 1172 297 nulla
1192 257 1401 299 moestitia
1425 259 1685 302 sauciantur.
1718 261 1880 304 Conso-

1053 311 1259 355 labuntur
1287 326 1392 365 ergo
1419 314 1582 367 Spiritu
1609 323 1778 368 sancto,
1807 319 1882 371 qui

1052 369 1242 411 maxime
1273 373 1513 424 propterea
1539 373 1779 416 Paraclitus
1806 388 1881 416 no-

1053 426 1252 477 minatur,
1266 426 1312 469 id
1327 433 1406 478 est,
1423 429 1700 473 Consolator:
1714 436 1763 474 ut
1775 437 1881 474 tem-

1053 483 1222 535 poralia
1249 484 1510 536 amittentes,
1538 488 1703 529 aeterna
1727 488 1882 531 laetitia

1053 539 1343 592 perfruantur.

1112 603 1162 654 R.
1190 600 1337 643 Media
1372 607 1502 645 nocte
1540 604 1706 647 elamor
1741 605 1882 648 factus

1054 662 1136 699 est:
1177 659 1199 683 *
1223 658 1340 700 Ecce
1374 672 1563 712 sponsus
1595 662 1730 712 venit,
1767 665 1882 705 exite

1055 714 1232 757 Obviam
1256 715 1306 757 ei.
1345 708 1395 761 V.
1415 716 1660 761 Prudentes
1678 719 1883 771 Virgines

1054 774 1204 824 aptate
1250 778 1420 815 vestras
1465 774 1704 827 lampades.
1756 776 1884 819 Ecce.

1058 827 1208 870 Glaria
1234 829 1366 871 Patri.
1402 830 1528 873 Eece.

1361 894 1512 935 Lectio
1533 895 1587 934 ix.

1142 956 1229 997 eati
1245 956 1320 1008 qui
1334 957 1529 999 esuriunt
1544 962 1587 999 et
1601 957 1753 999 sitiunt
1767 959 1884 1011 justi-

1158 1013 1278 1054 tiam:
1301 1013 1507 1065 queniam
1525 1014 1610 1067 ipsi
1630 1015 1884 1057 saturaban-

1055 1075 1136 1111 tur.
1170 1069 1194 1110 J
1198 1082 1268 1110 am
1291 1070 1402 1111 istos
1426 1073 1647 1112 amatores
1669 1071 1774 1114 dicit
1792 1072 1884 1114 veri

1056 1131 1099 1168 et
1123 1127 1372 1168 inconcussi
1395 1127 1511 1169 boni.
1545 1127 1628 1169 Illo
1654 1140 1759 1180 ergo
1785 1128 1885 1171 cibo

1056 1183 1383 1234 saturabuntur,
1412 1184 1466 1226 de
1494 1197 1581 1237 quo
1610 1185 1706 1238 ipse
1737 1185 1885 1227 Demi-

1055 1254 1136 1281 nus
1151 1240 1271 1283 dicit:
1290 1241 1414 1283 Meus
1433 1241 1557 1283 cibus
1574 1246 1651 1292 est,
1667 1247 1716 1283 ut
1729 1242 1886 1284 faciam

1055 1297 1327 1339 voluntatem
1358 1298 1500 1340 Patris
1531 1299 1633 1348 mei,
1667 1298 1788 1351 quod
1819 1304 1887 1341 est

1055 1354 1230 1406 justitia:
1259 1359 1303 1396 et
1326 1354 1401 1395 illa
1425 1367 1550 1407 aqua,
1576 1354 1632 1397 de
1658 1367 1744 1407 qua
1771 1355 1885 1407 quis-

1057 1411 1154 1464 quis
1178 1411 1354 1461 biberit,
1380 1417 1428 1454 ut
1450 1411 1568 1453 idem
1593 1410 1714 1461 dicit,
1739 1412 1817 1454 fiet
1841 1412 1885 1453 in

1056 1481 1109 1509 eo
1133 1468 1231 1509 fons
1251 1481 1378 1521 aquae
1399 1468 1593 1510 salientis
1611 1468 1655 1509 in
1675 1468 1810 1510 vitam
1829 1481 1884 1510 ae-

1054 1526 1235 1566 ternam.
1276 1525 1404 1567 Beati
1428 1524 1753 1567 misericordes:
1779 1527 1885 1578 quo-

1055 1582 1171 1623 niam
1206 1582 1404 1635 ipsorum
1439 1581 1717 1624 miserebitur
1752 1582 1886 1624 Deus.

1055 1639 1219 1681 Beatos
1249 1651 1346 1681 esse
1374 1637 1495 1688 dicit,
1524 1639 1599 1691 qui
1624 1638 1887 1680 subveniunt

1055 1696 1242 1737 miseris:
1277 1694 1399 1748 quod
1431 1695 1495 1737 eis
1526 1695 1588 1737 ita
1619 1694 1886 1748 rependitur,

1055 1757 1103 1794 ut
1123 1751 1178 1794 de
1197 1753 1373 1794 miseria
1390 1751 1642 1794 liberentur.

1111 1813 1174 1855 Te
1193 1814 1336 1856 Deum
1352 1812 1593 1855 laudamus.
1611 1813 1670 1853 14.

1110 1887 1205 1922 Post
1232 1887 1387 1922 Laudes
1419 1887 1512 1930 diei,
1541 1886 1645 1921 dieto
1674 1886 1884 1922 Benedica-

1056 1946 1142 1971 mus
1166 1935 1344 1971 Domino.
1372 1935 1549 1970 absolute
1576 1934 1714 1977 incipit
1737 1933 1890 1969 Matuti-

1059 1993 1149 2017 num
1173 1983 1449 2017 Defunctorum
1475 1983 1523 2017 ab
1547 1982 1778 2016 Invitatorio
1803 1992 1889 2016 cum

1061 2032 1120 2065 Ps.
1138 2031 1283 2068 Venite.
1309 2035 1345 2065 et
1364 2031 1487 2066 tribus
1504 2030 1726 2073 Nocturnis,
1750 2030 1788 2064 in
1807 2030 1890 2074 qui-

1060 2080 1131 2113 bus
1168 2079 1414 2123 duplicantur
1444 2079 1694 2123 Antiphonae.
1738 2078 1891 2114 Dicitur

1060 2128 1103 2171 R.
1122 2127 1171 2161 ix.
1190 2128 1330 2164 Libera
1343 2138 1404 2164 me
1420 2128 1506 2163 Dfie
1528 2128 1576 2163 de
1595 2130 1717 2163 morte
1733 2127 1886 2162 aeterna.

1111 2183 1173 2217 Ad
1187 2182 1341 2220 Laudes
1360 2182 1538 2217 similiter
1550 2182 1798 2226 duplicantur
1812 2181 1889 2215 An—

1059 2231 1243 2274 tiphonae,
1263 2236 1300 2265 et
1317 2231 1355 2264 in
1374 2231 1446 2265 fine
1460 2230 1635 2265 Laudum
1652 2239 1729 2264 non
1749 2222 1890 2264 dicitur

1060 2279 1199 2314 Psalm.
1223 2280 1281 2315 De
1304 2280 1526 2325 profundis;
1551 2278 1621 2313 sed
1645 2278 1750 2312 dicto
1774 2277 1888 2313 Pater

1057 2333 1200 2373 noster,
1220 2327 1399 2361 dicuntur
1415 2327 1554 2361 Preces
1577 2330 1613 2361 et
1630 2325 1763 2361 Oratio
1777 2325 1887 2361 Fide-

1057 2378 1152 2413 lium
1172 2380 1330 2416 tantum,
1346 2380 1387 2410 ut
1404 2385 1521 2419 supra
1536 2374 1575 2409 in
1592 2374 1789 2418 vesperis.

1255 2465 1339 2507 Die
1358 2466 1395 2506 3.
1413 2463 1688 2506 Novembris.

1165 2532 1314 2572 Tertia
1342 2530 1412 2572 die
1439 2530 1549 2570 infra
1577 2530 1789 2571 Octavam

1184 2595 1418 2637 Omnium
1445 2594 1758 2636 Sanctorum.

1112 2650 1155 2684 In
1183 2650 1209 2684 Ι.
1238 2649 1439 2683 Nocturno
1470 2646 1676 2682 Lectiones
1710 2647 1757 2682 de
1790 2646 1888 2682 Scri-

1060 2704 1172 2742 ptura
1198 2702 1430 2732 occurrente.
