<?xml version="1.0" encoding="UTF-8"?>
<!DOCTYPE html PUBLIC "-//W3C//DTD XHTML 1.0 Transitional//EN"
    "http://www.w3.org/TR/xhtml1/DTD/xhtml1-transitional.dtd">
<html xmlns="http://www.w3.org/1999/xhtml" xml:lang="en" lang="en">
 <head>
  <title>
</title>
<meta http-equiv="Content-Type" content="text/html;charset=utf-8" />
  <meta name='ocr-system' content='tesseract 3.04.00' />
  <meta name='ocr-capabilities' content='ocr_page ocr_carea ocr_par ocr_line ocrx_word'/>
</head>
<body>
  <div class='ocr_page' id='page_1' title='image "./p4breviariumroma00cathuoft_0778.png"; bbox 0 0 2040 2944; ppageno 0'>
   <div class='ocr_carea' id='block_1_1' title="bbox 206 161 300 205">
    <p class='ocr_par' dir='ltr' id='par_1_1' title="bbox 206 161 300 205">
     <span class='ocr_line' id='line_1_1' title="bbox 206 161 300 205; baseline 0 0"><span class='ocrx_word' id='word_1_1' title='bbox 206 161 300 205; x_wconf 85' lang='grc'><strong>[278]</strong></span> 
     </span>
    </p>
   </div>
   <div class='ocr_carea' id='block_1_2' title="bbox 199 255 1041 1501">
    <p class='ocr_par' dir='ltr' id='par_1_2' title="bbox 199 255 1041 1501">
     <span class='ocr_line' id='line_1_2' title="bbox 205 255 1040 308; baseline -0.002 -10"><span class='ocrx_word' id='word_1_2' title='bbox 205 256 420 298; x_wconf 78' lang='lat' dir='ltr'>reditibus</span> <span class='ocrx_word' id='word_1_3' title='bbox 449 255 749 308; x_wconf 69' lang='lat' dir='ltr'><strong>locupletavit.</strong></span> <span class='ocrx_word' id='word_1_4' title='bbox 786 256 838 296; x_wconf 94' lang='lat' dir='ltr'>In</span> <span class='ocrx_word' id='word_1_5' title='bbox 864 255 1040 308; x_wconf 88' lang='lat' dir='ltr'>placan-</span> 
     </span>
     <span class='ocr_line' id='line_1_3' title="bbox 205 312 1040 364; baseline -0.002 -9"><span class='ocrx_word' id='word_1_6' title='bbox 205 312 262 355; x_wconf 93' lang='lat' dir='ltr'>da</span> <span class='ocrx_word' id='word_1_7' title='bbox 282 312 429 354; x_wconf 88' lang='lat' dir='ltr'>divina</span> <span class='ocrx_word' id='word_1_8' title='bbox 452 312 617 364; x_wconf 88' lang='lat' dir='ltr'>justitia</span> <span class='ocrx_word' id='word_1_9' title='bbox 634 312 746 353; x_wconf 93' lang='lat' dir='ltr'>mira</span> <span class='ocrx_word' id='word_1_10' title='bbox 763 312 932 364; x_wconf 89' lang='lat' dir='ltr'>pietate</span> <span class='ocrx_word' id='word_1_11' title='bbox 953 314 1040 354; x_wconf 85' lang='lat' dir='ltr'>eni-</span> 
     </span>
     <span class='ocr_line' id='line_1_4' title="bbox 203 368 1040 421; baseline -0.002 -10"><span class='ocrx_word' id='word_1_12' title='bbox 203 369 297 411; x_wconf 84' lang='lat' dir='ltr'>tuit.</span> <span class='ocrx_word' id='word_1_13' title='bbox 351 368 452 409; x_wconf 87' lang='lat' dir='ltr'>Fuit</span> <span class='ocrx_word' id='word_1_14' title='bbox 485 380 590 419; x_wconf 90' lang='lat' dir='ltr'>erga</span> <span class='ocrx_word' id='word_1_15' title='bbox 622 371 844 421; x_wconf 82' lang='lat' dir='ltr'>pauperes</span> <span class='ocrx_word' id='word_1_16' title='bbox 876 368 1040 410; x_wconf 92' lang='lat' dir='ltr'>miseri-</span> 
     </span>
     <span class='ocr_line' id='line_1_5' title="bbox 205 424 1040 477; baseline 0 -11"><span class='ocrx_word' id='word_1_17' title='bbox 205 424 357 466; x_wconf 91' lang='lat' dir='ltr'>cordia</span> <span class='ocrx_word' id='word_1_18' title='bbox 370 424 502 477; x_wconf 89' lang='lat' dir='ltr'>plane</span> <span class='ocrx_word' id='word_1_19' title='bbox 518 424 744 475; x_wconf 87' lang='lat' dir='ltr'>singulari:</span> <span class='ocrx_word' id='word_1_20' title='bbox 765 437 878 476; x_wconf 87' lang='lat' dir='ltr'>quos</span> <span class='ocrx_word' id='word_1_21' title='bbox 895 429 938 466; x_wconf 92' lang='lat' dir='ltr'>et</span> <span class='ocrx_word' id='word_1_22' title='bbox 952 437 1040 466; x_wconf 91' lang='lat' dir='ltr'>ma-</span> 
     </span>
     <span class='ocr_line' id='line_1_6' title="bbox 203 481 1040 534; baseline 0 -11"><span class='ocrx_word' id='word_1_23' title='bbox 203 483 327 523; x_wconf 88' lang='lat' dir='ltr'>terna</span> <span class='ocrx_word' id='word_1_24' title='bbox 360 481 552 533; x_wconf 89' lang='lat' dir='ltr'>quadam</span> <span class='ocrx_word' id='word_1_25' title='bbox 588 481 770 523; x_wconf 90' lang='lat' dir='ltr'>caritate</span> <span class='ocrx_word' id='word_1_26' title='bbox 808 481 1040 534; x_wconf 87' lang='lat' dir='ltr'>complexa</span> 
     </span>
     <span class='ocr_line' id='line_1_7' title="bbox 204 537 1041 590; baseline 0 -11"><span class='ocrx_word' id='word_1_27' title='bbox 204 543 271 580; x_wconf 89' lang='lat' dir='ltr'>est</span> <span class='ocrx_word' id='word_1_28' title='bbox 297 538 446 590; x_wconf 89' lang='lat' dir='ltr'>quoad</span> <span class='ocrx_word' id='word_1_29' title='bbox 465 538 584 587; x_wconf 91' lang='lat' dir='ltr'>vixit,</span> <span class='ocrx_word' id='word_1_30' title='bbox 610 543 653 580; x_wconf 89' lang='lat' dir='ltr'>et</span> <span class='ocrx_word' id='word_1_31' title='bbox 673 537 867 579; x_wconf 92' lang='lat' dir='ltr'>moriens</span> <span class='ocrx_word' id='word_1_32' title='bbox 887 540 1041 580; x_wconf 90' lang='lat' dir='ltr'>eorum</span> 
     </span>
     <span class='ocr_line' id='line_1_8' title="bbox 205 594 1039 647; baseline 0.001 -12"><span class='ocrx_word' id='word_1_33' title='bbox 205 607 304 647; x_wconf 81' lang='lat' dir='ltr'>quae</span> <span class='ocrx_word' id='word_1_34' title='bbox 337 594 515 636; x_wconf 87' lang='lat' dir='ltr'>assidua</span> <span class='ocrx_word' id='word_1_35' title='bbox 548 594 899 647; x_wconf 87' lang='lat' dir='ltr'>effusissimaque</span> <span class='ocrx_word' id='word_1_36' title='bbox 935 594 1039 636; x_wconf 94' lang='lat' dir='ltr'>libe-</span> 
     </span>
     <span class='ocr_line' id='line_1_9' title="bbox 202 650 1038 704; baseline 0.001 -12"><span class='ocrx_word' id='word_1_37' title='bbox 202 651 354 693; x_wconf 89' lang='lat' dir='ltr'>ralitas</span> <span class='ocrx_word' id='word_1_38' title='bbox 373 651 544 704; x_wconf 89' lang='lat' dir='ltr'>reliqua</span> <span class='ocrx_word' id='word_1_39' title='bbox 562 651 737 701; x_wconf 78' lang='lat' dir='ltr'>fecerat,</span> <span class='ocrx_word' id='word_1_40' title='bbox 758 651 935 704; x_wconf 81' lang='lat' dir='ltr'>scripsit</span> <span class='ocrx_word' id='word_1_41' title='bbox 953 650 1038 693; x_wconf 88' lang='lat' dir='ltr'>hae-</span> 
     </span>
     <span class='ocr_line' id='line_1_10' title="bbox 204 707 1037 760; baseline 0.001 -11"><span class='ocrx_word' id='word_1_42' title='bbox 204 707 343 749; x_wconf 90' lang='lat' dir='ltr'>redes.</span> <span class='ocrx_word' id='word_1_43' title='bbox 372 707 503 758; x_wconf 89' lang='lat' dir='ltr'>Quod</span> <span class='ocrx_word' id='word_1_44' title='bbox 520 713 698 750; x_wconf 91' lang='lat' dir='ltr'>cautum</span> <span class='ocrx_word' id='word_1_45' title='bbox 717 708 772 750; x_wconf 92' lang='lat' dir='ltr'>ab</span> <span class='ocrx_word' id='word_1_46' title='bbox 791 708 888 760; x_wconf 92' lang='lat' dir='ltr'>ipsa</span> <span class='ocrx_word' id='word_1_47' title='bbox 906 713 1037 750; x_wconf 89' lang='lat' dir='ltr'>testa-</span> 
     </span>
     <span class='ocr_line' id='line_1_11' title="bbox 202 763 1037 816; baseline 0.001 -11"><span class='ocrx_word' id='word_1_48' title='bbox 202 766 351 805; x_wconf 91' lang='lat' dir='ltr'>mento</span> <span class='ocrx_word' id='word_1_49' title='bbox 372 764 463 814; x_wconf 88' lang='lat' dir='ltr'>fuit,</span> <span class='ocrx_word' id='word_1_50' title='bbox 483 763 716 816; x_wconf 77' lang='lat' dir='ltr'>diligenter</span> <span class='ocrx_word' id='word_1_51' title='bbox 737 765 907 807; x_wconf 91' lang='lat' dir='ltr'>curavit</span> <span class='ocrx_word' id='word_1_52' title='bbox 926 765 1037 806; x_wconf 92' lang='lat' dir='ltr'>Mar-</span> 
     </span>
     <span class='ocr_line' id='line_1_12' title="bbox 203 821 1037 874; baseline 0.002 -12"><span class='ocrx_word' id='word_1_53' title='bbox 203 821 370 871; x_wconf 91' lang='lat' dir='ltr'>cianus,</span> <span class='ocrx_word' id='word_1_54' title='bbox 405 834 536 873; x_wconf 91' lang='lat' dir='ltr'>quem</span> <span class='ocrx_word' id='word_1_55' title='bbox 568 822 665 874; x_wconf 91' lang='lat' dir='ltr'>pari</span> <span class='ocrx_word' id='word_1_56' title='bbox 691 822 918 871; x_wconf 89' lang='lat' dir='ltr'>religionis</span> <span class='ocrx_word' id='word_1_57' title='bbox 950 825 1037 864; x_wconf 87' lang='lat' dir='ltr'>stu-</span> 
     </span>
     <span class='ocr_line' id='line_1_13' title="bbox 203 877 1036 932; baseline 0.001 -13"><span class='ocrx_word' id='word_1_58' title='bbox 203 877 294 928; x_wconf 88' lang='lat' dir='ltr'>dio,</span> <span class='ocrx_word' id='word_1_59' title='bbox 339 877 562 930; x_wconf 81' lang='lat' dir='ltr'>rebusque</span> <span class='ocrx_word' id='word_1_60' title='bbox 605 878 810 920; x_wconf 90' lang='lat' dir='ltr'>omnibus</span> <span class='ocrx_word' id='word_1_61' title='bbox 850 878 1036 932; x_wconf 91' lang='lat' dir='ltr'>imperio</span> 
     </span>
     <span class='ocr_line' id='line_1_14' title="bbox 201 933 1036 987; baseline 0.002 -13"><span class='ocrx_word' id='word_1_62' title='bbox 201 933 517 985; x_wconf 87' lang='lat' dir='ltr'>dignissimum,</span> <span class='ocrx_word' id='word_1_63' title='bbox 540 935 639 987; x_wconf 91' lang='lat' dir='ltr'>ipsa</span> <span class='ocrx_word' id='word_1_64' title='bbox 660 936 866 977; x_wconf 83' lang='lat' dir='ltr'>evexerat</span> <span class='ocrx_word' id='word_1_65' title='bbox 885 935 942 977; x_wconf 92' lang='lat' dir='ltr'>ad</span> <span class='ocrx_word' id='word_1_66' title='bbox 960 935 1036 976; x_wconf 93' lang='lat' dir='ltr'>im-</span> 
     </span>
     <span class='ocr_line' id='line_1_15' title="bbox 200 990 1036 1045; baseline 0.002 -14"><span class='ocrx_word' id='word_1_67' title='bbox 200 991 390 1043; x_wconf 90' lang='lat' dir='ltr'>perium,</span> <span class='ocrx_word' id='word_1_68' title='bbox 438 990 612 1043; x_wconf 86' lang='lat' dir='ltr'>sibique</span> <span class='ocrx_word' id='word_1_69' title='bbox 650 991 763 1033; x_wconf 91' lang='lat' dir='ltr'>hanc</span> <span class='ocrx_word' id='word_1_70' title='bbox 799 991 942 1045; x_wconf 85' lang='lat' dir='ltr'>ipsam</span> <span class='ocrx_word' id='word_1_71' title='bbox 978 992 1036 1034; x_wconf 93' lang='lat' dir='ltr'>ob</span> 
     </span>
     <span class='ocr_line' id='line_1_16' title="bbox 201 1048 1038 1101; baseline 0.002 -13"><span class='ocrx_word' id='word_1_72' title='bbox 201 1060 395 1097; x_wconf 90' lang='lat' dir='ltr'>causam,</span> <span class='ocrx_word' id='word_1_73' title='bbox 424 1048 546 1089; x_wconf 92' lang='lat' dir='ltr'>salva</span> <span class='ocrx_word' id='word_1_74' title='bbox 572 1061 705 1101; x_wconf 89' lang='lat' dir='ltr'>quam</span> <span class='ocrx_word' id='word_1_75' title='bbox 728 1049 827 1090; x_wconf 92' lang='lat' dir='ltr'>Deo</span> <span class='ocrx_word' id='word_1_76' title='bbox 853 1050 1038 1090; x_wconf 91' lang='lat' dir='ltr'>voverat</span> 
     </span>
     <span class='ocr_line' id='line_1_17' title="bbox 200 1104 1037 1158; baseline 0.004 -15"><span class='ocrx_word' id='word_1_77' title='bbox 200 1104 472 1154; x_wconf 87' lang='lat' dir='ltr'>virginitate,</span> <span class='ocrx_word' id='word_1_78' title='bbox 524 1106 755 1158; x_wconf 90' lang='lat' dir='ltr'>conjugem</span> <span class='ocrx_word' id='word_1_79' title='bbox 801 1104 1037 1156; x_wconf 86' lang='lat' dir='ltr'>delegerat.</span> 
     </span>
     <span class='ocr_line' id='line_1_18' title="bbox 202 1159 1038 1213; baseline 0.001 -12"><span class='ocrx_word' id='word_1_80' title='bbox 202 1159 323 1202; x_wconf 91' lang='lat' dir='ltr'>Obiit</span> <span class='ocrx_word' id='word_1_81' title='bbox 338 1172 453 1202; x_wconf 91' lang='lat' dir='ltr'>anno</span> <span class='ocrx_word' id='word_1_82' title='bbox 471 1161 905 1213; x_wconf 87' lang='lat' dir='ltr'>quadringentesimo</span> <span class='ocrx_word' id='word_1_83' title='bbox 922 1161 1038 1213; x_wconf 90' lang='lat' dir='ltr'>quin-</span> 
     </span>
     <span class='ocr_line' id='line_1_19' title="bbox 202 1217 1036 1270; baseline 0.002 -13"><span class='ocrx_word' id='word_1_84' title='bbox 202 1217 458 1269; x_wconf 91' lang='lat' dir='ltr'>quagesimo</span> <span class='ocrx_word' id='word_1_85' title='bbox 482 1218 628 1268; x_wconf 92' lang='lat' dir='ltr'>tertio,</span> <span class='ocrx_word' id='word_1_86' title='bbox 652 1231 814 1270; x_wconf 91' lang='lat' dir='ltr'>magno</span> <span class='ocrx_word' id='word_1_87' title='bbox 841 1218 1036 1259; x_wconf 91' lang='lat' dir='ltr'>omnium</span> 
     </span>
     <span class='ocr_line' id='line_1_20' title="bbox 199 1273 1035 1327; baseline 0.001 -13"><span class='ocrx_word' id='word_1_88' title='bbox 199 1273 335 1323; x_wconf 92' lang='lat' dir='ltr'>luctu,</span> <span class='ocrx_word' id='word_1_89' title='bbox 362 1274 654 1327; x_wconf 80' lang='lat' dir='ltr'>maximisque</span> <span class='ocrx_word' id='word_1_90' title='bbox 681 1277 934 1317; x_wconf 89' lang='lat' dir='ltr'>sanctorum</span> <span class='ocrx_word' id='word_1_91' title='bbox 956 1275 1035 1315; x_wconf 93' lang='lat' dir='ltr'>Pa-</span> 
     </span>
     <span class='ocr_line' id='line_1_21' title="bbox 199 1330 1034 1384; baseline 0.001 -14"><span class='ocrx_word' id='word_1_92' title='bbox 199 1334 328 1379; x_wconf 91' lang='lat' dir='ltr'>trum,</span> <span class='ocrx_word' id='word_1_93' title='bbox 353 1334 692 1384; x_wconf 89' lang='lat' dir='ltr'>ceterorumque</span> <span class='ocrx_word' id='word_1_94' title='bbox 716 1332 808 1384; x_wconf 91' lang='lat' dir='ltr'>ejus</span> <span class='ocrx_word' id='word_1_95' title='bbox 828 1331 913 1373; x_wconf 88' lang='lat' dir='ltr'>aevi</span> <span class='ocrx_word' id='word_1_96' title='bbox 932 1330 1034 1373; x_wconf 88' lang='lat' dir='ltr'>scri-</span> 
     </span>
     <span class='ocr_line' id='line_1_22' title="bbox 200 1387 862 1438; baseline 0.003 -11"><span class='ocrx_word' id='word_1_97' title='bbox 200 1388 381 1438; x_wconf 92' lang='lat' dir='ltr'>ptorum</span> <span class='ocrx_word' id='word_1_98' title='bbox 398 1387 605 1430; x_wconf 78' lang='lat' dir='ltr'>laudibus</span> <span class='ocrx_word' id='word_1_99' title='bbox 627 1388 862 1430; x_wconf 89' lang='lat' dir='ltr'>celebrata.</span> 
     </span>
     <span class='ocr_line' id='line_1_23' title="bbox 254 1446 832 1501; baseline 0.002 -13"><span class='ocrx_word' id='word_1_100' title='bbox 254 1450 303 1501; x_wconf 66' lang='lat' dir='ltr'>Rg.</span> <span class='ocrx_word' id='word_1_101' title='bbox 333 1446 585 1489; x_wconf 88' lang='lat' dir='ltr'>Afferentur</span> <span class='ocrx_word' id='word_1_102' title='bbox 603 1448 726 1500; x_wconf 85' lang='lat' dir='ltr'>Regi.</span> <span class='ocrx_word' id='word_1_103' title='bbox 754 1448 832 1501; x_wconf 86' lang='lat'>[91]</span> 
     </span>
    </p>
   </div>
   <div class='ocr_carea' id='block_1_3' title="bbox 423 1524 813 1564">
    <p class='ocr_par' dir='ltr' id='par_1_3' title="bbox 423 1524 813 1564">
     <span class='ocr_line' id='line_1_24' title="bbox 423 1524 813 1564; baseline -0.008 0"><span class='ocrx_word' id='word_1_104' title='bbox 423 1526 471 1564; x_wconf 90' lang='lat' dir='ltr'>In</span> <span class='ocrx_word' id='word_1_105' title='bbox 495 1525 566 1563; x_wconf 91' lang='grc' dir='ltr'>ΠΙ.</span> <span class='ocrx_word' id='word_1_106' title='bbox 589 1524 813 1563; x_wconf 81' lang='lat' dir='ltr'>Nocturno.</span> 
     </span>
    </p>
   </div>
   <div class='ocr_carea' id='block_1_4' title="bbox 200 1588 1036 2050">
    <p class='ocr_par' dir='ltr' id='par_1_4' title="bbox 200 1588 1036 2050">
     <span class='ocr_line' id='line_1_25' title="bbox 203 1588 1036 1643; baseline 0.005 -15"><span class='ocrx_word' id='word_1_107' title='bbox 203 1588 355 1630; x_wconf 86' lang='lat' dir='ltr'>Lectio</span> <span class='ocrx_word' id='word_1_108' title='bbox 384 1591 524 1632; x_wconf 89' lang='lat' dir='ltr'>sancti</span> <span class='ocrx_word' id='word_1_109' title='bbox 543 1591 771 1643; x_wconf 87' lang='lat' dir='ltr'>Evangelii</span> <span class='ocrx_word' id='word_1_110' title='bbox 793 1591 1036 1633; x_wconf 90' lang='lat' dir='ltr'>secundum</span> 
     </span>
     <span class='ocr_line' id='line_1_26' title="bbox 504 1648 730 1689; baseline 0.004 -1"><span class='ocrx_word' id='word_1_111' title='bbox 504 1648 529 1688; x_wconf 89' lang='lat' dir='ltr'><strong>J</strong></span> <span class='ocrx_word' id='word_1_112' title='bbox 532 1650 730 1689; x_wconf 92' lang='lat' dir='ltr'>oannem.</span> 
     </span>
     <span class='ocr_line' id='line_1_27' title="bbox 282 1702 956 1754; baseline -0.003 -11"><span class='ocrx_word' id='word_1_113' title='bbox 282 1705 432 1745; x_wconf 81' lang='lat' dir='ltr'>Lectio</span> <span class='ocrx_word' id='word_1_114' title='bbox 454 1705 522 1745; x_wconf 79' lang='lat' dir='ltr'>vii.</span> <span class='ocrx_word' id='word_1_115' title='bbox 779 1703 882 1754; x_wconf 85' lang='lat' dir='ltr'>Cap.</span> <span class='ocrx_word' id='word_1_116' title='bbox 900 1702 956 1742; x_wconf 87' lang='lat'>17.</span> 
     </span>
     <span class='ocr_line' id='line_1_28' title="bbox 200 1769 1036 1875; baseline 0 -61"><span class='ocrx_word' id='word_1_117' title='bbox 200 1769 277 1875; x_wconf 89' lang='lat' dir='ltr'>In</span> <span class='ocrx_word' id='word_1_118' title='bbox 295 1773 370 1815; x_wconf 92' lang='lat' dir='ltr'>illo</span> <span class='ocrx_word' id='word_1_119' title='bbox 385 1775 604 1826; x_wconf 90' lang='lat' dir='ltr'>tempore:</span> <span class='ocrx_word' id='word_1_120' title='bbox 622 1774 748 1816; x_wconf 84' lang='lat' dir='ltr'>Dixit</span> <span class='ocrx_word' id='word_1_121' title='bbox 762 1774 787 1815; x_wconf 90' lang='lat' dir='ltr'><strong>J</strong></span> <span class='ocrx_word' id='word_1_122' title='bbox 790 1787 906 1816; x_wconf 88' lang='lat' dir='ltr'>esus:</span> <span class='ocrx_word' id='word_1_123' title='bbox 924 1774 1036 1815; x_wconf 86' lang='lat' dir='ltr'>Haec</span> 
     </span>
     <span class='ocr_line' id='line_1_29' title="bbox 267 1831 1035 1881; baseline -0.001 -9"><span class='ocrx_word' id='word_1_124' title='bbox 267 1835 334 1872; x_wconf 91' lang='lat' dir='ltr'>est</span> <span class='ocrx_word' id='word_1_125' title='bbox 360 1835 507 1872; x_wconf 90' lang='lat' dir='ltr'>autem</span> <span class='ocrx_word' id='word_1_126' title='bbox 533 1831 623 1872; x_wconf 88' lang='lat' dir='ltr'>vita</span> <span class='ocrx_word' id='word_1_127' title='bbox 649 1832 831 1881; x_wconf 68' lang='lat' dir='ltr'>aeterna,</span> <span class='ocrx_word' id='word_1_128' title='bbox 859 1835 908 1872; x_wconf 90' lang='lat' dir='ltr'>ut</span> <span class='ocrx_word' id='word_1_129' title='bbox 935 1843 1035 1881; x_wconf 86' lang='lat' dir='ltr'>cog-</span> 
     </span>
     <span class='ocr_line' id='line_1_30' title="bbox 202 1887 1036 1936; baseline 0 -9"><span class='ocrx_word' id='word_1_130' title='bbox 202 1889 388 1928; x_wconf 90' lang='lat' dir='ltr'>noscant</span> <span class='ocrx_word' id='word_1_131' title='bbox 406 1891 451 1928; x_wconf 93' lang='lat' dir='ltr'>te</span> <span class='ocrx_word' id='word_1_132' title='bbox 471 1887 614 1928; x_wconf 92' lang='lat' dir='ltr'>solum</span> <span class='ocrx_word' id='word_1_133' title='bbox 632 1888 778 1928; x_wconf 90' lang='lat' dir='ltr'>Deum</span> <span class='ocrx_word' id='word_1_134' title='bbox 796 1899 966 1936; x_wconf 89' lang='lat' dir='ltr'>verum,</span> <span class='ocrx_word' id='word_1_135' title='bbox 991 1890 1036 1928; x_wconf 95' lang='lat' dir='ltr'>et</span> 
     </span>
     <span class='ocr_line' id='line_1_31' title="bbox 203 1943 1036 1995; baseline -0.001 -10"><span class='ocrx_word' id='word_1_136' title='bbox 203 1956 335 1995; x_wconf 92' lang='lat' dir='ltr'>quem</span> <span class='ocrx_word' id='word_1_137' title='bbox 357 1943 517 1984; x_wconf 88' lang='lat' dir='ltr'>misisti</span> <span class='ocrx_word' id='word_1_138' title='bbox 535 1943 560 1984; x_wconf 91' lang='lat' dir='ltr'><strong>J</strong></span> <span class='ocrx_word' id='word_1_139' title='bbox 564 1956 687 1985; x_wconf 90' lang='lat' dir='ltr'>esum</span> <span class='ocrx_word' id='word_1_140' title='bbox 709 1943 945 1985; x_wconf 88' lang='lat' dir='ltr'>Christum.</span> <span class='ocrx_word' id='word_1_141' title='bbox 979 1943 1036 1984; x_wconf 90' lang='lat' dir='ltr'>Et</span> 
     </span>
     <span class='ocr_line' id='line_1_32' title="bbox 202 1999 382 2050; baseline 0.006 -11"><span class='ocrx_word' id='word_1_142' title='bbox 202 1999 382 2050; x_wconf 87' lang='lat' dir='ltr'>reliqua.</span> 
     </span>
    </p>
   </div>
   <div class='ocr_carea' id='block_1_5' title="bbox 355 2076 893 2130">
    <p class='ocr_par' dir='ltr' id='par_1_5' title="bbox 355 2076 893 2130">
     <span class='ocr_line' id='line_1_33' title="bbox 355 2076 893 2130; baseline 0.002 -13"><span class='ocrx_word' id='word_1_143' title='bbox 355 2076 546 2118; x_wconf 87' lang='lat' dir='ltr'>Homilia</span> <span class='ocrx_word' id='word_1_144' title='bbox 574 2077 714 2119; x_wconf 87' lang='lat' dir='ltr'>sancti</span> <span class='ocrx_word' id='word_1_145' title='bbox 743 2077 893 2130; x_wconf 85' lang='lat' dir='ltr'>Cyrilli</span> 
     </span>
    </p>
   </div>
   <div class='ocr_carea' id='block_1_6' title="bbox 238 2132 1001 2280">
    <p class='ocr_par' dir='ltr' id='par_1_6' title="bbox 238 2132 1001 2280">
     <span class='ocr_line' id='line_1_34' title="bbox 470 2132 769 2176; baseline 0 -2"><span class='ocrx_word' id='word_1_146' title='bbox 470 2132 769 2176; x_wconf 85' lang='lat' dir='ltr'>Alexandrini.</span> 
     </span>
     <span class='ocr_line' id='line_1_35' title="bbox 238 2190 1001 2243; baseline -0.004 -17"><span class='ocrx_word' id='word_1_147' title='bbox 238 2194 290 2227; x_wconf 82' lang='lat' dir='ltr'>l)c</span> <span class='ocrx_word' id='word_1_148' title='bbox 319 2193 412 2226; x_wconf 80' lang='lat' dir='ltr'>Fide</span> <span class='ocrx_word' id='word_1_149' title='bbox 439 2191 487 2224; x_wconf 75' lang='lat' dir='ltr'>ad</span> <span class='ocrx_word' id='word_1_150' title='bbox 513 2190 758 2243; x_wconf 77' lang='lat' dir='ltr'>l‘ulcheriam</span> <span class='ocrx_word' id='word_1_151' title='bbox 783 2195 818 2223; x_wconf 88' lang='lat' dir='ltr'>ct</span> <span class='ocrx_word' id='word_1_152' title='bbox 846 2200 1001 2224; x_wconf 82' lang='lat' dir='ltr'>sorores</span> 
     </span>
     <span class='ocr_line' id='line_1_36' title="bbox 536 2248 702 2280; baseline -0.006 -9"><span class='ocrx_word' id='word_1_153' title='bbox 536 2248 702 2280; x_wconf 70' lang='lat' dir='ltr'>reginas.</span> 
     </span>
    </p>
   </div>
   <div class='ocr_carea' id='block_1_7' title="bbox 208 2293 1036 2392">
    <p class='ocr_par' dir='ltr' id='par_1_7' title="bbox 208 2293 1036 2392">
     <span class='ocr_line' id='line_1_37' title="bbox 208 2293 1036 2356; baseline 0.002 -24"><span class='ocrx_word' id='word_1_154' title='bbox 208 2297 385 2356; x_wconf 58' lang='grc' dir='ltr'>ξι</span> <span class='ocrx_word' id='word_1_155' title='bbox 404 2305 486 2334; x_wconf 95' lang='lat' dir='ltr'>vos</span> <span class='ocrx_word' id='word_1_156' title='bbox 506 2305 654 2334; x_wconf 88' lang='lat' dir='ltr'>sacras</span> <span class='ocrx_word' id='word_1_157' title='bbox 678 2293 1036 2346; x_wconf 88' lang='lat' dir='ltr'>castissimasque</span> 
     </span>
     <span class='ocr_line' id='line_1_38' title="bbox 272 2348 1036 2392; baseline 0.003 -2"><span class='ocrx_word' id='word_1_158' title='bbox 272 2352 299 2384; x_wconf 53' lang='lat'>‘³5¹</span> <span class='ocrx_word' id='word_1_159' title='bbox 323 2348 485 2390; x_wconf 90' lang='lat' dir='ltr'>Christi</span> <span class='ocrx_word' id='word_1_160' title='bbox 512 2349 706 2390; x_wconf 92' lang='lat' dir='ltr'>omnium</span> <span class='ocrx_word' id='word_1_161' title='bbox 727 2355 928 2391; x_wconf 90' lang='lat' dir='ltr'>nostrum</span> <span class='ocrx_word' id='word_1_162' title='bbox 947 2350 1036 2392; x_wconf 89' lang='lat' dir='ltr'>Sal-</span> 
     </span>
    </p>
   </div>
   <div class='ocr_carea' id='block_1_8' title="bbox 220 2382 1036 2458">
    <p class='ocr_par' dir='ltr' id='par_1_8' title="bbox 220 2382 1036 2458">
     <span class='ocr_line' id='line_1_39' title="bbox 220 2382 1036 2458; baseline 0.002 -13"><span class='ocrx_word' id='word_1_163' title='bbox 220 2382 299 2430; x_wconf 37' lang='lat'>1593,</span> <span class='ocrx_word' id='word_1_164' title='bbox 325 2405 489 2446; x_wconf 91' lang='lat' dir='ltr'>vatoris</span> <span class='ocrx_word' id='word_1_165' title='bbox 522 2418 725 2458; x_wconf 88' lang='lat' dir='ltr'>sponsas,</span> <span class='ocrx_word' id='word_1_166' title='bbox 763 2406 1036 2457; x_wconf 86' lang='lat' dir='ltr'>religiosissi-</span> 
     </span>
    </p>
   </div>
   <div class='ocr_carea' id='block_1_9' title="bbox 204 2461 1038 2738">
    <p class='ocr_par' dir='ltr' id='par_1_9' title="bbox 204 2461 1038 2738">
     <span class='ocr_line' id='line_1_40' title="bbox 204 2461 1036 2515; baseline 0.005 -15"><span class='ocrx_word' id='word_1_167' title='bbox 204 2472 288 2500; x_wconf 87' lang='lat' dir='ltr'>mae</span> <span class='ocrx_word' id='word_1_168' title='bbox 316 2473 367 2501; x_wconf 89' lang='lat' dir='ltr'>ac</span> <span class='ocrx_word' id='word_1_169' title='bbox 395 2461 493 2502; x_wconf 93' lang='lat' dir='ltr'>Deo</span> <span class='ocrx_word' id='word_1_170' title='bbox 527 2461 824 2504; x_wconf 83' lang='lat' dir='ltr'>dilectissimae</span> <span class='ocrx_word' id='word_1_171' title='bbox 852 2464 1036 2515; x_wconf 89' lang='lat' dir='ltr'>impera-</span> 
     </span>
     <span class='ocr_line' id='line_1_41' title="bbox 204 2516 1037 2566; baseline 0.005 -10"><span class='ocrx_word' id='word_1_172' title='bbox 204 2518 354 2566; x_wconf 86' lang='lat' dir='ltr'>trices,</span> <span class='ocrx_word' id='word_1_173' title='bbox 396 2516 516 2558; x_wconf 92' lang='lat' dir='ltr'>orbis</span> <span class='ocrx_word' id='word_1_174' title='bbox 555 2520 772 2559; x_wconf 89' lang='lat' dir='ltr'>terrarum</span> <span class='ocrx_word' id='word_1_175' title='bbox 811 2521 1037 2560; x_wconf 88' lang='lat' dir='ltr'>ornamen-</span> 
     </span>
     <span class='ocr_line' id='line_1_42' title="bbox 205 2572 1036 2627; baseline 0.005 -15"><span class='ocrx_word' id='word_1_176' title='bbox 205 2576 313 2622; x_wconf 91' lang='lat' dir='ltr'>tum,</span> <span class='ocrx_word' id='word_1_177' title='bbox 342 2572 807 2627; x_wconf 90' lang='lat' dir='ltr'>sanctissimarumque</span> <span class='ocrx_word' id='word_1_178' title='bbox 833 2575 1036 2617; x_wconf 91' lang='lat' dir='ltr'>ecclesia-</span> 
     </span>
     <span class='ocr_line' id='line_1_43' title="bbox 205 2628 1037 2684; baseline 0.006 -16"><span class='ocrx_word' id='word_1_179' title='bbox 205 2640 302 2668; x_wconf 92' lang='lat' dir='ltr'>rum</span> <span class='ocrx_word' id='word_1_180' title='bbox 338 2628 474 2670; x_wconf 90' lang='lat' dir='ltr'>decus</span> <span class='ocrx_word' id='word_1_181' title='bbox 511 2630 679 2681; x_wconf 90' lang='lat' dir='ltr'>optimo</span> <span class='ocrx_word' id='word_1_182' title='bbox 712 2632 804 2681; x_wconf 89' lang='lat' dir='ltr'>jure</span> <span class='ocrx_word' id='word_1_183' title='bbox 838 2632 1037 2684; x_wconf 90' lang='lat' dir='ltr'>quisquis</span> 
     </span>
     <span class='ocr_line' id='line_1_44' title="bbox 207 2684 1038 2738; baseline 0.007 -15"><span class='ocrx_word' id='word_1_184' title='bbox 207 2684 512 2735; x_wconf 83' lang='lat' dir='ltr'>appellaverit,</span> <span class='ocrx_word' id='word_1_185' title='bbox 558 2685 603 2725; x_wconf 92' lang='lat' dir='ltr'>in</span> <span class='ocrx_word' id='word_1_186' title='bbox 641 2687 800 2738; x_wconf 87' lang='lat' dir='ltr'>quibus</span> <span class='ocrx_word' id='word_1_187' title='bbox 835 2688 1038 2729; x_wconf 89' lang='lat' dir='ltr'>nimirum</span> 
     </span>
    </p>
   </div>
   <div class='ocr_carea' id='block_1_10' title="bbox 595 162 1543 207">
    <p class='ocr_par' dir='ltr' id='par_1_10' title="bbox 595 162 1543 207">
     <span class='ocr_line' id='line_1_45' title="bbox 595 162 1543 207; baseline -0.004 -8"><span class='ocrx_word' id='word_1_188' title='bbox 595 167 662 199; x_wconf 73' lang='lat' dir='ltr'>Dic</span> <span class='ocrx_word' id='word_1_189' title='bbox 691 166 737 198; x_wconf 90' lang='lat'>11.</span> <span class='ocrx_word' id='word_1_190' title='bbox 764 166 866 207; x_wconf 81' lang='lat' dir='ltr'>Sept.</span> <span class='ocrx_word' id='word_1_191' title='bbox 915 166 949 197; x_wconf 69' lang='lat' dir='ltr'>S.</span> <span class='ocrx_word' id='word_1_192' title='bbox 976 163 1191 197; x_wconf 80' lang='lat' dir='ltr'>Pulcheriae</span> <span class='ocrx_word' id='word_1_193' title='bbox 1216 162 1353 205; x_wconf 84' lang='lat' dir='ltr'>Imper.</span> <span class='ocrx_word' id='word_1_194' title='bbox 1379 166 1415 195; x_wconf 81' lang='lat' dir='ltr'>et</span> <span class='ocrx_word' id='word_1_195' title='bbox 1438 162 1543 204; x_wconf 64' lang='lat' dir='ltr'>Yirg.</span> 
     </span>
    </p>
   </div>
   <div class='ocr_carea' id='block_1_11' title="bbox 1085 254 1925 2740">
    <p class='ocr_par' dir='ltr' id='par_1_11' title="bbox 1086 254 1925 1328">
     <span class='ocr_line' id='line_1_46' title="bbox 1092 254 1924 306; baseline -0.001 -10"><span class='ocrx_word' id='word_1_196' title='bbox 1092 267 1222 297; x_wconf 91' lang='lat' dir='ltr'>omne</span> <span class='ocrx_word' id='word_1_197' title='bbox 1254 254 1467 296; x_wconf 87' lang='lat' dir='ltr'>virtutum</span> <span class='ocrx_word' id='word_1_198' title='bbox 1502 266 1656 305; x_wconf 90' lang='lat' dir='ltr'>genus,</span> <span class='ocrx_word' id='word_1_199' title='bbox 1692 255 1924 306; x_wconf 87' lang='lat' dir='ltr'>omnisque</span> 
     </span>
     <span class='ocr_line' id='line_1_47' title="bbox 1092 309 1924 363; baseline -0.002 -10"><span class='ocrx_word' id='word_1_200' title='bbox 1092 313 1274 354; x_wconf 86' lang='lat' dir='ltr'>ornatus</span> <span class='ocrx_word' id='word_1_201' title='bbox 1311 310 1471 352; x_wconf 85' lang='lat' dir='ltr'>divinae</span> <span class='ocrx_word' id='word_1_202' title='bbox 1508 311 1750 363; x_wconf 88' lang='lat' dir='ltr'>majestatis</span> <span class='ocrx_word' id='word_1_203' title='bbox 1783 309 1924 352; x_wconf 89' lang='lat' dir='ltr'>oculis</span> 
     </span>
     <span class='ocr_line' id='line_1_48' title="bbox 1090 366 1923 420; baseline -0.002 -11"><span class='ocrx_word' id='word_1_204' title='bbox 1090 373 1242 419; x_wconf 88' lang='lat' dir='ltr'>gratus</span> <span class='ocrx_word' id='word_1_205' title='bbox 1261 370 1562 420; x_wconf 90' lang='lat' dir='ltr'>acceptusque</span> <span class='ocrx_word' id='word_1_206' title='bbox 1580 366 1766 409; x_wconf 88' lang='lat' dir='ltr'>mirifice</span> <span class='ocrx_word' id='word_1_207' title='bbox 1781 366 1923 420; x_wconf 85' lang='lat' dir='ltr'>splen-</span> 
     </span>
     <span class='ocr_line' id='line_1_49' title="bbox 1091 423 1924 477; baseline -0.001 -11"><span class='ocrx_word' id='word_1_208' title='bbox 1091 423 1177 467; x_wconf 91' lang='lat' dir='ltr'>det.</span> <span class='ocrx_word' id='word_1_209' title='bbox 1230 424 1388 477; x_wconf 92' lang='lat' dir='ltr'>Neque</span> <span class='ocrx_word' id='word_1_210' title='bbox 1419 423 1489 465; x_wconf 91' lang='lat' dir='ltr'>his</span> <span class='ocrx_word' id='word_1_211' title='bbox 1517 423 1677 477; x_wconf 87' lang='lat' dir='ltr'>opibus</span> <span class='ocrx_word' id='word_1_212' title='bbox 1705 424 1924 465; x_wconf 80' lang='lat' dir='ltr'>contentae</span> 
     </span>
     <span class='ocr_line' id='line_1_50' title="bbox 1091 481 1924 534; baseline -0.001 -11"><span class='ocrx_word' id='word_1_213' title='bbox 1091 493 1268 523; x_wconf 91' lang='lat' dir='ltr'>omnem</span> <span class='ocrx_word' id='word_1_214' title='bbox 1305 493 1483 534; x_wconf 87' lang='lat' dir='ltr'>quoque</span> <span class='ocrx_word' id='word_1_215' title='bbox 1523 493 1674 523; x_wconf 90' lang='lat' dir='ltr'>curam</span> <span class='ocrx_word' id='word_1_216' title='bbox 1706 481 1924 533; x_wconf 90' lang='lat' dir='ltr'>omneque</span> 
     </span>
     <span class='ocr_line' id='line_1_51' title="bbox 1090 535 1924 590; baseline -0.002 -10"><span class='ocrx_word' id='word_1_217' title='bbox 1090 538 1287 580; x_wconf 84' lang='lat' dir='ltr'>studium</span> <span class='ocrx_word' id='word_1_218' title='bbox 1305 537 1542 588; x_wconf 80' lang='lat' dir='ltr'>adhibetiS,</span> <span class='ocrx_word' id='word_1_219' title='bbox 1571 549 1660 590; x_wconf 92' lang='lat' dir='ltr'>quo</span> <span class='ocrx_word' id='word_1_220' title='bbox 1683 535 1772 578; x_wconf 90' lang='lat' dir='ltr'>fide</span> <span class='ocrx_word' id='word_1_221' title='bbox 1791 541 1924 588; x_wconf 89' lang='lat' dir='ltr'>recta,</span> 
     </span>
     <span class='ocr_line' id='line_1_52' title="bbox 1089 593 1924 648; baseline -0.001 -12"><span class='ocrx_word' id='word_1_222' title='bbox 1089 595 1344 648; x_wconf 80' lang='lat' dir='ltr'>nullamque</span> <span class='ocrx_word' id='word_1_223' title='bbox 1379 595 1424 635; x_wconf 92' lang='lat' dir='ltr'>in</span> <span class='ocrx_word' id='word_1_224' title='bbox 1463 598 1638 647; x_wconf 91' lang='lat' dir='ltr'>partem</span> <span class='ocrx_word' id='word_1_225' title='bbox 1673 593 1924 644; x_wconf 81' lang='lat' dir='ltr'>vacillante,</span> 
     </span>
     <span class='ocr_line' id='line_1_53' title="bbox 1090 650 1924 704; baseline -0.004 -10"><span class='ocrx_word' id='word_1_226' title='bbox 1090 652 1329 694; x_wconf 88' lang='lat' dir='ltr'>excellatis.</span> <span class='ocrx_word' id='word_1_227' title='bbox 1364 651 1522 704; x_wconf 89' lang='lat' dir='ltr'>Neque</span> <span class='ocrx_word' id='word_1_228' title='bbox 1550 650 1713 692; x_wconf 87' lang='lat' dir='ltr'>Christi</span> <span class='ocrx_word' id='word_1_229' title='bbox 1740 662 1924 701; x_wconf 89' lang='lat' dir='ltr'>regnum</span> 
     </span>
     <span class='ocr_line' id='line_1_54' title="bbox 1090 706 1925 762; baseline -0.001 -12"><span class='ocrx_word' id='word_1_230' title='bbox 1090 710 1335 762; x_wconf 88' lang='lat' dir='ltr'>capessere,</span> <span class='ocrx_word' id='word_1_231' title='bbox 1355 713 1400 750; x_wconf 90' lang='lat' dir='ltr'>et</span> <span class='ocrx_word' id='word_1_232' title='bbox 1419 720 1471 749; x_wconf 92' lang='lat' dir='ltr'>ea</span> <span class='ocrx_word' id='word_1_233' title='bbox 1491 720 1591 759; x_wconf 87' lang='lat' dir='ltr'>quae</span> <span class='ocrx_word' id='word_1_234' title='bbox 1605 706 1669 748; x_wconf 91' lang='lat' dir='ltr'>illi</span> <span class='ocrx_word' id='word_1_235' title='bbox 1682 710 1807 758; x_wconf 86' lang='lat' dir='ltr'>grata</span> <span class='ocrx_word' id='word_1_236' title='bbox 1823 711 1925 749; x_wconf 87' lang='lat' dir='ltr'>sunt</span> 
     </span>
     <span class='ocr_line' id='line_1_55' title="bbox 1088 763 1924 816; baseline -0.004 -9"><span class='ocrx_word' id='word_1_237' title='bbox 1088 765 1234 807; x_wconf 88' lang='lat' dir='ltr'>facere</span> <span class='ocrx_word' id='word_1_238' title='bbox 1260 770 1305 807; x_wconf 90' lang='lat' dir='ltr'>et</span> <span class='ocrx_word' id='word_1_239' title='bbox 1329 767 1491 806; x_wconf 86' lang='lat' dir='ltr'>sentire</span> <span class='ocrx_word' id='word_1_240' title='bbox 1516 763 1735 814; x_wconf 87' lang='lat' dir='ltr'>omittitis,</span> <span class='ocrx_word' id='word_1_241' title='bbox 1762 763 1924 816; x_wconf 86' lang='lat' dir='ltr'>partim</span> 
     </span>
     <span class='ocr_line' id='line_1_56' title="bbox 1090 819 1922 875; baseline -0.004 -11"><span class='ocrx_word' id='word_1_242' title='bbox 1090 822 1269 874; x_wconf 90' lang='lat' dir='ltr'>quidem</span> <span class='ocrx_word' id='word_1_243' title='bbox 1287 821 1517 875; x_wconf 90' lang='lat' dir='ltr'>praeclaris</span> <span class='ocrx_word' id='word_1_244' title='bbox 1537 819 1798 870; x_wconf 90' lang='lat' dir='ltr'>actionibus,</span> <span class='ocrx_word' id='word_1_245' title='bbox 1823 831 1922 873; x_wconf 88' lang='lat' dir='ltr'>par-</span> 
     </span>
     <span class='ocr_line' id='line_1_57' title="bbox 1087 878 1921 930; baseline -0.004 -10"><span class='ocrx_word' id='word_1_246' title='bbox 1087 879 1166 920; x_wconf 92' lang='lat' dir='ltr'>tim</span> <span class='ocrx_word' id='word_1_247' title='bbox 1184 891 1359 920; x_wconf 91' lang='lat' dir='ltr'>rursum</span> <span class='ocrx_word' id='word_1_248' title='bbox 1378 891 1478 920; x_wconf 91' lang='lat' dir='ltr'>cum</span> <span class='ocrx_word' id='word_1_249' title='bbox 1491 882 1675 928; x_wconf 79' lang='lat' dir='ltr'>vestraS,</span> <span class='ocrx_word' id='word_1_250' title='bbox 1694 881 1788 919; x_wconf 93' lang='lat' dir='ltr'>tum</span> <span class='ocrx_word' id='word_1_251' title='bbox 1805 878 1921 930; x_wconf 88' lang='lat' dir='ltr'>prin-</span> 
     </span>
     <span class='ocr_line' id='line_1_58' title="bbox 1088 932 1923 988; baseline -0.004 -11"><span class='ocrx_word' id='word_1_252' title='bbox 1088 936 1237 988; x_wconf 86' lang='lat' dir='ltr'>cipum</span> <span class='ocrx_word' id='word_1_253' title='bbox 1283 947 1462 988; x_wconf 89' lang='lat' dir='ltr'>quoque</span> <span class='ocrx_word' id='word_1_254' title='bbox 1505 936 1755 977; x_wconf 90' lang='lat' dir='ltr'>vestrorum</span> <span class='ocrx_word' id='word_1_255' title='bbox 1799 932 1923 974; x_wconf 86' lang='lat' dir='ltr'>aulas</span> 
     </span>
     <span class='ocr_line' id='line_1_59' title="bbox 1087 990 1922 1043; baseline -0.002 -10"><span class='ocrx_word' id='word_1_256' title='bbox 1087 992 1352 1043; x_wconf 90' lang='lat' dir='ltr'>virginitatis</span> <span class='ocrx_word' id='word_1_257' title='bbox 1383 992 1525 1043; x_wconf 90' lang='lat' dir='ltr'>gloria</span> <span class='ocrx_word' id='word_1_258' title='bbox 1556 990 1922 1041; x_wconf 86' lang='lat' dir='ltr'>condecorantes;</span> 
     </span>
     <span class='ocr_line' id='line_1_60' title="bbox 1087 1046 1922 1101; baseline -0.002 -12"><span class='ocrx_word' id='word_1_259' title='bbox 1087 1049 1251 1101; x_wconf 88' lang='lat' dir='ltr'>partim</span> <span class='ocrx_word' id='word_1_260' title='bbox 1298 1048 1489 1100; x_wconf 92' lang='lat' dir='ltr'>denique</span> <span class='ocrx_word' id='word_1_261' title='bbox 1535 1046 1922 1100; x_wconf 88' lang='lat' dir='ltr'>sumptuosissima</span> 
     </span>
     <span class='ocr_line' id='line_1_61' title="bbox 1087 1103 1922 1158; baseline -0.004 -12"><span class='ocrx_word' id='word_1_262' title='bbox 1087 1104 1253 1158; x_wconf 91' lang='lat' dir='ltr'>templa</span> <span class='ocrx_word' id='word_1_263' title='bbox 1286 1105 1462 1147; x_wconf 90' lang='lat' dir='ltr'>Christo</span> <span class='ocrx_word' id='word_1_264' title='bbox 1499 1104 1693 1147; x_wconf 91' lang='lat' dir='ltr'>Domino</span> <span class='ocrx_word' id='word_1_265' title='bbox 1731 1103 1922 1145; x_wconf 89' lang='lat' dir='ltr'>excitan-</span> 
     </span>
     <span class='ocr_line' id='line_1_62' title="bbox 1086 1159 1922 1214; baseline -0.002 -11"><span class='ocrx_word' id='word_1_266' title='bbox 1086 1166 1173 1203; x_wconf 91' lang='lat' dir='ltr'>tes:</span> <span class='ocrx_word' id='word_1_267' title='bbox 1204 1175 1306 1203; x_wconf 90' lang='lat' dir='ltr'>nam</span> <span class='ocrx_word' id='word_1_268' title='bbox 1338 1167 1382 1204; x_wconf 92' lang='lat' dir='ltr'>et</span> <span class='ocrx_word' id='word_1_269' title='bbox 1413 1162 1499 1204; x_wconf 95' lang='lat' dir='ltr'>hoc</span> <span class='ocrx_word' id='word_1_270' title='bbox 1532 1173 1710 1214; x_wconf 92' lang='lat' dir='ltr'>quoque</span> <span class='ocrx_word' id='word_1_271' title='bbox 1741 1159 1922 1213; x_wconf 88' lang='lat' dir='ltr'>pietatis</span> 
     </span>
     <span class='ocr_line' id='line_1_63' title="bbox 1087 1215 1922 1261; baseline -0.002 -2"><span class='ocrx_word' id='word_1_272' title='bbox 1087 1218 1282 1261; x_wconf 89' lang='lat' dir='ltr'>studium</span> <span class='ocrx_word' id='word_1_273' title='bbox 1321 1219 1435 1261; x_wconf 91' lang='lat' dir='ltr'>inter</span> <span class='ocrx_word' id='word_1_274' title='bbox 1471 1220 1619 1260; x_wconf 90' lang='lat' dir='ltr'>cetera</span> <span class='ocrx_word' id='word_1_275' title='bbox 1651 1217 1724 1259; x_wconf 91' lang='lat' dir='ltr'>ille</span> <span class='ocrx_word' id='word_1_276' title='bbox 1757 1215 1922 1258; x_wconf 88' lang='lat' dir='ltr'>sanctis</span> 
     </span>
     <span class='ocr_line' id='line_1_64' title="bbox 1087 1276 1791 1328; baseline -0.001 -12"><span class='ocrx_word' id='word_1_277' title='bbox 1087 1276 1247 1317; x_wconf 91' lang='lat' dir='ltr'>vestris</span> <span class='ocrx_word' id='word_1_278' title='bbox 1268 1276 1423 1317; x_wconf 87' lang='lat' dir='ltr'>animis</span> <span class='ocrx_word' id='word_1_279' title='bbox 1441 1276 1691 1328; x_wconf 87' lang='lat' dir='ltr'>impertitus</span> <span class='ocrx_word' id='word_1_280' title='bbox 1711 1278 1791 1316; x_wconf 87' lang='lat' dir='ltr'>est.</span> 
     </span>
    </p>

    <p class='ocr_par' dir='ltr' id='par_1_12' title="bbox 1085 1331 1922 1770">
     <span class='ocr_line' id='line_1_65' title="bbox 1140 1331 1922 1384; baseline -0.001 -12"><span class='ocrx_word' id='word_1_281' title='bbox 1140 1333 1191 1383; x_wconf 66' lang='lat' dir='ltr'>Rg.</span> <span class='ocrx_word' id='word_1_282' title='bbox 1208 1332 1320 1374; x_wconf 90' lang='lat' dir='ltr'>Haec</span> <span class='ocrx_word' id='word_1_283' title='bbox 1339 1336 1407 1374; x_wconf 91' lang='lat' dir='ltr'>est</span> <span class='ocrx_word' id='word_1_284' title='bbox 1418 1332 1558 1384; x_wconf 88' lang='lat' dir='ltr'>Virgo</span> <span class='ocrx_word' id='word_1_285' title='bbox 1579 1331 1770 1384; x_wconf 87' lang='lat' dir='ltr'>sapiens,</span> <span class='ocrx_word' id='word_1_286' title='bbox 1789 1341 1922 1383; x_wconf 88' lang='lat' dir='ltr'>quam</span> 
     </span>
     <span class='ocr_line' id='line_1_66' title="bbox 1085 1387 1921 1439; baseline -0.002 -10"><span class='ocrx_word' id='word_1_287' title='bbox 1085 1388 1305 1430; x_wconf 90' lang='lat' dir='ltr'>Dominus</span> <span class='ocrx_word' id='word_1_288' title='bbox 1330 1388 1587 1439; x_wconf 89' lang='lat' dir='ltr'>vigilantem</span> <span class='ocrx_word' id='word_1_289' title='bbox 1611 1387 1792 1437; x_wconf 83' lang='lat' dir='ltr'>invenit,</span> <span class='ocrx_word' id='word_1_290' title='bbox 1821 1398 1921 1439; x_wconf 87' lang='lat' dir='ltr'>quae</span> 
     </span>
     <span class='ocr_line' id='line_1_67' title="bbox 1086 1443 1921 1498; baseline -0.004 -12"><span class='ocrx_word' id='word_1_291' title='bbox 1086 1445 1281 1498; x_wconf 89' lang='lat' dir='ltr'>acceptis</span> <span class='ocrx_word' id='word_1_292' title='bbox 1309 1443 1607 1498; x_wconf 85' lang='lat' dir='ltr'>lampadibus,</span> <span class='ocrx_word' id='word_1_293' title='bbox 1639 1443 1829 1497; x_wconf 88' lang='lat' dir='ltr'>sumpsit</span> <span class='ocrx_word' id='word_1_294' title='bbox 1856 1454 1921 1484; x_wconf 89' lang='lat' dir='ltr'>se-</span> 
     </span>
     <span class='ocr_line' id='line_1_68' title="bbox 1087 1498 1920 1543; baseline -0.004 0"><span class='ocrx_word' id='word_1_295' title='bbox 1087 1514 1187 1543; x_wconf 92' lang='lat' dir='ltr'>cum</span> <span class='ocrx_word' id='word_1_296' title='bbox 1217 1501 1378 1543; x_wconf 90' lang='lat' dir='ltr'>oleum:</span> <span class='ocrx_word' id='word_1_297' title='bbox 1408 1499 1430 1523; x_wconf 88' lang='lat'>*</span> <span class='ocrx_word' id='word_1_298' title='bbox 1457 1502 1514 1543; x_wconf 91' lang='lat' dir='ltr'>Et</span> <span class='ocrx_word' id='word_1_299' title='bbox 1541 1500 1744 1543; x_wconf 88' lang='lat' dir='ltr'>veniente</span> <span class='ocrx_word' id='word_1_300' title='bbox 1770 1498 1920 1541; x_wconf 92' lang='lat' dir='ltr'>Domi-</span> 
     </span>
     <span class='ocr_line' id='line_1_69' title="bbox 1086 1555 1921 1609; baseline -0.002 -10"><span class='ocrx_word' id='word_1_301' title='bbox 1086 1570 1162 1608; x_wconf 90' lang='lat' dir='ltr'>no,</span> <span class='ocrx_word' id='word_1_302' title='bbox 1193 1558 1392 1600; x_wconf 89' lang='lat' dir='ltr'>introivit</span> <span class='ocrx_word' id='word_1_303' title='bbox 1425 1571 1525 1600; x_wconf 93' lang='lat' dir='ltr'>cum</span> <span class='ocrx_word' id='word_1_304' title='bbox 1556 1570 1610 1600; x_wconf 91' lang='lat' dir='ltr'>eo</span> <span class='ocrx_word' id='word_1_305' title='bbox 1644 1555 1703 1599; x_wconf 88' lang='lat' dir='ltr'>ad</span> <span class='ocrx_word' id='word_1_306' title='bbox 1732 1555 1921 1609; x_wconf 89' lang='lat' dir='ltr'>nuptias.</span> 
     </span>
     <span class='ocr_line' id='line_1_70' title="bbox 1090 1609 1921 1660; baseline -0.002 -5"><span class='ocrx_word' id='word_1_307' title='bbox 1090 1609 1142 1660; x_wconf 59' lang='grc' dir='ltr'>ἶν’.</span> <span class='ocrx_word' id='word_1_308' title='bbox 1160 1614 1308 1656; x_wconf 89' lang='lat' dir='ltr'>Media</span> <span class='ocrx_word' id='word_1_309' title='bbox 1330 1620 1463 1657; x_wconf 91' lang='lat' dir='ltr'>nocte</span> <span class='ocrx_word' id='word_1_310' title='bbox 1486 1614 1653 1656; x_wconf 91' lang='lat' dir='ltr'>clamor</span> <span class='ocrx_word' id='word_1_311' title='bbox 1671 1614 1815 1655; x_wconf 90' lang='lat' dir='ltr'>factus</span> <span class='ocrx_word' id='word_1_312' title='bbox 1835 1617 1921 1654; x_wconf 85' lang='lat' dir='ltr'>est:</span> 
     </span>
     <span class='ocr_line' id='line_1_71' title="bbox 1086 1669 1920 1725; baseline -0.004 -12"><span class='ocrx_word' id='word_1_313' title='bbox 1086 1671 1204 1713; x_wconf 92' lang='lat' dir='ltr'>Ecce</span> <span class='ocrx_word' id='word_1_314' title='bbox 1229 1684 1420 1725; x_wconf 86' lang='lat' dir='ltr'>sponsus</span> <span class='ocrx_word' id='word_1_315' title='bbox 1439 1672 1575 1723; x_wconf 91' lang='lat' dir='ltr'>venit,</span> <span class='ocrx_word' id='word_1_316' title='bbox 1602 1673 1720 1713; x_wconf 89' lang='lat' dir='ltr'>exite</span> <span class='ocrx_word' id='word_1_317' title='bbox 1744 1669 1920 1712; x_wconf 88' lang='lat' dir='ltr'>obviam</span> 
     </span>
     <span class='ocr_line' id='line_1_72' title="bbox 1086 1728 1454 1770; baseline -0.003 0"><span class='ocrx_word' id='word_1_318' title='bbox 1086 1728 1137 1770; x_wconf 91' lang='lat' dir='ltr'>ei.</span> <span class='ocrx_word' id='word_1_319' title='bbox 1164 1728 1222 1770; x_wconf 87' lang='lat' dir='ltr'>Et</span> <span class='ocrx_word' id='word_1_320' title='bbox 1240 1728 1454 1770; x_wconf 89' lang='lat' dir='ltr'>veniente.</span> 
     </span>
    </p>

    <p class='ocr_par' dir='ltr' id='par_1_13' title="bbox 1379 1783 1637 1824">
     <span class='ocr_line' id='line_1_73' title="bbox 1379 1783 1637 1824; baseline -0.004 0"><span class='ocrx_word' id='word_1_321' title='bbox 1379 1784 1532 1824; x_wconf 89' lang='lat' dir='ltr'>Lectio</span> <span class='ocrx_word' id='word_1_322' title='bbox 1553 1783 1637 1823; x_wconf 89' lang='lat' dir='ltr'>viii.</span> 
     </span>
    </p>

    <p class='ocr_par' dir='ltr' id='par_1_14' title="bbox 1132 1840 1919 1893">
     <span class='ocr_line' id='line_1_74' title="bbox 1132 1840 1919 1893; baseline -0.003 -10"><span class='ocrx_word' id='word_1_323' title='bbox 1132 1842 1249 1893; x_wconf 90' lang='lat' dir='ltr'>gitur</span> <span class='ocrx_word' id='word_1_324' title='bbox 1269 1854 1323 1884; x_wconf 92' lang='lat' dir='ltr'>ex</span> <span class='ocrx_word' id='word_1_325' title='bbox 1343 1841 1481 1883; x_wconf 90' lang='lat' dir='ltr'>sacris</span> <span class='ocrx_word' id='word_1_326' title='bbox 1499 1841 1658 1883; x_wconf 88' lang='lat' dir='ltr'>litteris</span> <span class='ocrx_word' id='word_1_327' title='bbox 1673 1840 1801 1882; x_wconf 91' lang='lat' dir='ltr'>vobis</span> <span class='ocrx_word' id='word_1_328' title='bbox 1816 1852 1919 1882; x_wconf 91' lang='lat' dir='ltr'>vere</span> 
     </span>
    </p>

    <p class='ocr_par' dir='ltr' id='par_1_15' title="bbox 1086 1897 1923 2740">
     <span class='ocr_line' id='line_1_75' title="bbox 1151 1897 1918 1951; baseline -0.004 -11"><span class='ocrx_word' id='word_1_329' title='bbox 1151 1899 1315 1940; x_wconf 90' lang='lat' dir='ltr'>sanctis</span> <span class='ocrx_word' id='word_1_330' title='bbox 1349 1897 1511 1940; x_wconf 92' lang='lat' dir='ltr'>Christi</span> <span class='ocrx_word' id='word_1_331' title='bbox 1544 1897 1721 1951; x_wconf 89' lang='lat' dir='ltr'>sponsis</span> <span class='ocrx_word' id='word_1_332' title='bbox 1755 1898 1918 1949; x_wconf 89' lang='lat' dir='ltr'>(quam-</span> 
     </span>
     <span class='ocr_line' id='line_1_76' title="bbox 1088 1952 1919 2008; baseline -0.002 -12"><span class='ocrx_word' id='word_1_333' title='bbox 1088 1968 1221 2008; x_wconf 90' lang='lat' dir='ltr'>quam</span> <span class='ocrx_word' id='word_1_334' title='bbox 1240 1954 1298 1996; x_wconf 91' lang='lat' dir='ltr'>ad</span> <span class='ocrx_word' id='word_1_335' title='bbox 1317 1953 1506 2007; x_wconf 87' lang='lat' dir='ltr'>quodvis</span> <span class='ocrx_word' id='word_1_336' title='bbox 1528 1966 1642 2007; x_wconf 88' lang='lat' dir='ltr'>opus</span> <span class='ocrx_word' id='word_1_337' title='bbox 1661 1953 1828 1995; x_wconf 91' lang='lat' dir='ltr'>bonum</span> <span class='ocrx_word' id='word_1_338' title='bbox 1847 1952 1919 1995; x_wconf 92' lang='lat' dir='ltr'>ab-</span> 
     </span>
     <span class='ocr_line' id='line_1_77' title="bbox 1087 2009 1921 2062; baseline -0.004 -9"><span class='ocrx_word' id='word_1_339' title='bbox 1087 2012 1204 2053; x_wconf 88' lang='lat' dir='ltr'>unde</span> <span class='ocrx_word' id='word_1_340' title='bbox 1227 2012 1455 2053; x_wconf 88' lang='lat' dir='ltr'>instructae</span> <span class='ocrx_word' id='word_1_341' title='bbox 1475 2010 1728 2061; x_wconf 89' lang='lat' dir='ltr'>videamini)</span> <span class='ocrx_word' id='word_1_342' title='bbox 1753 2009 1921 2062; x_wconf 90' lang='lat' dir='ltr'>aliquid</span> 
     </span>
     <span class='ocr_line' id='line_1_78' title="bbox 1088 2066 1920 2121; baseline -0.005 -11"><span class='ocrx_word' id='word_1_343' title='bbox 1088 2068 1361 2121; x_wconf 83' lang='lat' dir='ltr'>depromam.</span> <span class='ocrx_word' id='word_1_344' title='bbox 1413 2067 1531 2109; x_wconf 90' lang='lat' dir='ltr'>Hinc</span> <span class='ocrx_word' id='word_1_345' title='bbox 1559 2067 1721 2109; x_wconf 88' lang='lat' dir='ltr'>etenim</span> <span class='ocrx_word' id='word_1_346' title='bbox 1749 2071 1793 2108; x_wconf 91' lang='lat' dir='ltr'>et</span> <span class='ocrx_word' id='word_1_347' title='bbox 1820 2066 1920 2107; x_wconf 93' lang='lat' dir='ltr'>Em-</span> 
     </span>
     <span class='ocr_line' id='line_1_79' title="bbox 1087 2123 1921 2175; baseline -0.002 -9"><span class='ocrx_word' id='word_1_348' title='bbox 1087 2124 1336 2166; x_wconf 89' lang='lat' dir='ltr'>manuelem</span> <span class='ocrx_word' id='word_1_349' title='bbox 1370 2136 1540 2175; x_wconf 91' lang='lat' dir='ltr'>verum,</span> <span class='ocrx_word' id='word_1_350' title='bbox 1586 2137 1638 2166; x_wconf 89' lang='lat' dir='ltr'>ac</span> <span class='ocrx_word' id='word_1_351' title='bbox 1675 2123 1921 2166; x_wconf 89' lang='lat' dir='ltr'>naturalem</span> 
     </span>
     <span class='ocr_line' id='line_1_80' title="bbox 1086 2180 1920 2232; baseline -0.002 -9"><span class='ocrx_word' id='word_1_352' title='bbox 1086 2181 1248 2230; x_wconf 88' lang='lat' dir='ltr'>Deum,</span> <span class='ocrx_word' id='word_1_353' title='bbox 1275 2186 1319 2222; x_wconf 92' lang='lat' dir='ltr'>et</span> <span class='ocrx_word' id='word_1_354' title='bbox 1341 2181 1570 2232; x_wconf 86' lang='lat' dir='ltr'>Virginem</span> <span class='ocrx_word' id='word_1_355' title='bbox 1592 2180 1794 2229; x_wconf 90' lang='lat' dir='ltr'>Matrem,</span> <span class='ocrx_word' id='word_1_356' title='bbox 1820 2192 1920 2232; x_wconf 85' lang='lat' dir='ltr'>quae</span> 
     </span>
     <span class='ocr_line' id='line_1_81' title="bbox 1089 2236 1922 2290; baseline -0.001 -12"><span class='ocrx_word' id='word_1_357' title='bbox 1089 2251 1190 2279; x_wconf 91' lang='lat' dir='ltr'>eum</span> <span class='ocrx_word' id='word_1_358' title='bbox 1224 2237 1417 2290; x_wconf 90' lang='lat' dir='ltr'>peperit,</span> <span class='ocrx_word' id='word_1_359' title='bbox 1462 2250 1613 2279; x_wconf 91' lang='lat' dir='ltr'>veram</span> <span class='ocrx_word' id='word_1_360' title='bbox 1654 2249 1735 2289; x_wconf 92' lang='lat' dir='ltr'>per</span> <span class='ocrx_word' id='word_1_361' title='bbox 1775 2236 1922 2289; x_wconf 91' lang='lat' dir='ltr'>ipsum</span> 
     </span>
     <span class='ocr_line' id='line_1_82' title="bbox 1087 2293 1922 2347; baseline -0.002 -12"><span class='ocrx_word' id='word_1_362' title='bbox 1087 2295 1329 2347; x_wconf 89' lang='lat' dir='ltr'>Deiparam</span> <span class='ocrx_word' id='word_1_363' title='bbox 1362 2306 1460 2335; x_wconf 89' lang='lat' dir='ltr'>esse</span> <span class='ocrx_word' id='word_1_364' title='bbox 1492 2293 1673 2346; x_wconf 92' lang='lat' dir='ltr'>planum</span> <span class='ocrx_word' id='word_1_365' title='bbox 1703 2293 1791 2334; x_wconf 90' lang='lat' dir='ltr'>fiet.</span> <span class='ocrx_word' id='word_1_366' title='bbox 1845 2293 1922 2334; x_wconf 92' lang='lat' dir='ltr'>Ait</span> 
     </span>
     <span class='ocr_line' id='line_1_83' title="bbox 1089 2349 1923 2398; baseline -0.001 -7"><span class='ocrx_word' id='word_1_367' title='bbox 1089 2350 1303 2392; x_wconf 91' lang='lat' dir='ltr'>Christus:</span> <span class='ocrx_word' id='word_1_368' title='bbox 1331 2350 1442 2390; x_wconf 84' lang='lat' dir='ltr'>Haec</span> <span class='ocrx_word' id='word_1_369' title='bbox 1467 2354 1536 2391; x_wconf 90' lang='lat' dir='ltr'>est</span> <span class='ocrx_word' id='word_1_370' title='bbox 1554 2349 1645 2391; x_wconf 89' lang='lat' dir='ltr'>vita</span> <span class='ocrx_word' id='word_1_371' title='bbox 1664 2350 1846 2398; x_wconf 87' lang='lat' dir='ltr'>aeterna,</span> <span class='ocrx_word' id='word_1_372' title='bbox 1873 2353 1923 2390; x_wconf 87' lang='lat' dir='ltr'>ut</span> 
     </span>
     <span class='ocr_line' id='line_1_84' title="bbox 1089 2405 1922 2458; baseline -0.004 -10"><span class='ocrx_word' id='word_1_373' title='bbox 1089 2408 1359 2458; x_wconf 83' lang='lat' dir='ltr'>cognoscant</span> <span class='ocrx_word' id='word_1_374' title='bbox 1377 2411 1422 2448; x_wconf 89' lang='lat' dir='ltr'>te</span> <span class='ocrx_word' id='word_1_375' title='bbox 1441 2405 1584 2447; x_wconf 93' lang='lat' dir='ltr'>solum</span> <span class='ocrx_word' id='word_1_376' title='bbox 1599 2405 1743 2446; x_wconf 91' lang='lat' dir='ltr'>Deum</span> <span class='ocrx_word' id='word_1_377' title='bbox 1757 2417 1922 2454; x_wconf 90' lang='lat' dir='ltr'>verum,</span> 
     </span>
     <span class='ocr_line' id='line_1_85' title="bbox 1090 2460 1921 2515; baseline -0.004 -11"><span class='ocrx_word' id='word_1_378' title='bbox 1090 2468 1134 2504; x_wconf 91' lang='lat' dir='ltr'>et</span> <span class='ocrx_word' id='word_1_379' title='bbox 1164 2475 1295 2515; x_wconf 91' lang='lat' dir='ltr'>quem</span> <span class='ocrx_word' id='word_1_380' title='bbox 1325 2462 1483 2504; x_wconf 82' lang='lat' dir='ltr'>misisti</span> <span class='ocrx_word' id='word_1_381' title='bbox 1509 2462 1534 2502; x_wconf 90' lang='lat' dir='ltr'><strong>J</strong></span> <span class='ocrx_word' id='word_1_382' title='bbox 1536 2474 1659 2503; x_wconf 91' lang='lat' dir='ltr'>esum</span> <span class='ocrx_word' id='word_1_383' title='bbox 1689 2460 1921 2502; x_wconf 92' lang='lat' dir='ltr'>Christum.</span> 
     </span>
     <span class='ocr_line' id='line_1_86' title="bbox 1089 2517 1920 2570; baseline -0.002 -10"><span class='ocrx_word' id='word_1_384' title='bbox 1089 2519 1134 2560; x_wconf 92' lang='lat' dir='ltr'>Si</span> <span class='ocrx_word' id='word_1_385' title='bbox 1162 2532 1263 2561; x_wconf 92' lang='lat' dir='ltr'>cum</span> <span class='ocrx_word' id='word_1_386' title='bbox 1291 2519 1427 2560; x_wconf 85' lang='lat' dir='ltr'>solius</span> <span class='ocrx_word' id='word_1_387' title='bbox 1457 2520 1636 2570; x_wconf 87' lang='lat' dir='ltr'>verique</span> <span class='ocrx_word' id='word_1_388' title='bbox 1663 2517 1748 2559; x_wconf 92' lang='lat' dir='ltr'>Dei</span> <span class='ocrx_word' id='word_1_389' title='bbox 1775 2517 1920 2568; x_wconf 89' lang='lat' dir='ltr'>cogni-</span> 
     </span>
     <span class='ocr_line' id='line_1_87' title="bbox 1089 2574 1921 2625; baseline -0.001 -9"><span class='ocrx_word' id='word_1_390' title='bbox 1089 2576 1209 2617; x_wconf 88' lang='lat' dir='ltr'>tione</span> <span class='ocrx_word' id='word_1_391' title='bbox 1226 2576 1251 2616; x_wconf 89' lang='lat' dir='ltr'><strong>J</strong></span> <span class='ocrx_word' id='word_1_392' title='bbox 1253 2588 1331 2617; x_wconf 92' lang='lat' dir='ltr'>esu</span> <span class='ocrx_word' id='word_1_393' title='bbox 1351 2574 1512 2616; x_wconf 91' lang='lat' dir='ltr'>Christi</span> <span class='ocrx_word' id='word_1_394' title='bbox 1534 2574 1832 2625; x_wconf 82' lang='lat' dir='ltr'>cognitionem</span> <span class='ocrx_word' id='word_1_395' title='bbox 1850 2586 1921 2615; x_wconf 91' lang='lat' dir='ltr'>ne-</span> 
     </span>
     <span class='ocr_line' id='line_1_88' title="bbox 1090 2630 1921 2682; baseline -0.004 -9"><span class='ocrx_word' id='word_1_396' title='bbox 1090 2632 1328 2673; x_wconf 88' lang='lat' dir='ltr'>cessariam</span> <span class='ocrx_word' id='word_1_397' title='bbox 1380 2630 1769 2682; x_wconf 90' lang='lat' dir='ltr'>consociatamque</span> <span class='ocrx_word' id='word_1_398' title='bbox 1823 2641 1921 2671; x_wconf 90' lang='lat' dir='ltr'>esse</span> 
     </span>
     <span class='ocr_line' id='line_1_89' title="bbox 1091 2685 1920 2740; baseline -0.005 -10"><span class='ocrx_word' id='word_1_399' title='bbox 1091 2690 1280 2740; x_wconf 89' lang='lat' dir='ltr'>oportet,</span> <span class='ocrx_word' id='word_1_400' title='bbox 1300 2692 1344 2729; x_wconf 92' lang='lat' dir='ltr'>et</span> <span class='ocrx_word' id='word_1_401' title='bbox 1363 2686 1449 2729; x_wconf 92' lang='lat' dir='ltr'>hoc</span> <span class='ocrx_word' id='word_1_402' title='bbox 1468 2687 1614 2739; x_wconf 90' lang='lat' dir='ltr'>ipsum</span> <span class='ocrx_word' id='word_1_403' title='bbox 1634 2687 1844 2728; x_wconf 86' lang='lat' dir='ltr'>aeternam</span> <span class='ocrx_word' id='word_1_404' title='bbox 1861 2685 1920 2726; x_wconf 93' lang='lat' dir='ltr'>vi-</span> 
     </span>
    </p>
   </div>
   <div class='ocr_carea' id='block_1_12' title="bbox 143 100 1980 2785">
    <p class='ocr_par' dir='ltr' id='par_1_16' title="bbox 143 100 1980 2785">
     <span class='ocr_line' id='line_1_90' title="bbox 143 100 1980 2785; baseline 0 0"><span class='ocrx_word' id='word_1_405' title='bbox 143 100 1980 2785; x_wconf 95' lang='lat' dir='ltr'> </span> 
     </span>
    </p>
   </div>
  </div>
 </body>
</html>
