2040 2944
652 205 755 239 Infra
780 206 1073 241 Hebdomadam
1099 208 1119 242 i.
1147 209 1304 243 ctobris.

1781 211 1845 246 165

364 300 522 336 Feria
551 300 743 338 Tertia.

185 352 251 392 De
269 350 382 393 libro
402 352 545 405 primo
564 352 930 396 Machabaeorum.

243 412 396 454 Lectio
420 414 444 454 i.
706 416 810 468 Cap.
827 418 864 457 2.

287 471 440 513 diebus
470 472 555 513 illis
588 473 776 515 surrexit
803 473 967 515 Matha-

149 529 176 565 ’Ν
194 527 221 572 32³
245 528 360 570 thias
384 528 498 570 filius
516 529 541 570 J
544 529 712 579 oannis,
740 529 817 570 filii
835 530 966 571 Sime-

143 585 256 635 onis,
285 585 493 627 sacerdos
522 598 576 627 ex
604 585 704 627 filiis
732 587 756 626 J
760 586 881 628 oarib
912 586 966 628 ab

142 641 404 692 Jerusalem,
438 646 481 683 et
513 642 712 684 consedit
742 643 786 683 in
817 648 966 684 monte

139 697 306 739 Modin:
333 703 376 740 et
400 698 591 740 habebat
615 699 731 741 filios
759 699 966 751 quinque,

140 755 165 795 J
168 757 364 804 oannem,
376 755 450 807 qui
461 756 851 806 cognominabatur
859 756 967 798 Gad-

142 811 224 853 dis:
253 817 297 853 et
320 812 560 861 Simonem,
590 813 664 864 qui
689 813 964 863 cognomina-

139 867 269 909 batur
290 867 439 909 Thasi:
467 873 511 911 et
535 868 711 919 Judam,
741 870 814 921 qui
838 882 965 911 voca-

139 924 269 966 batur
298 925 594 967 Machabaeus:
625 931 669 967 et
696 926 965 977 Eleazarum,

140 982 215 1033 qui
251 982 641 1033 cognominabatur
678 982 876 1025 Abaton:
923 988 966 1025 et

138 1038 162 1078 J
165 1037 366 1088 onathan,
387 1039 462 1091 qui
477 1039 868 1090 cognominabatur
883 1040 966 1093 Ap-

137 1093 262 1147 phus.
298 1095 358 1135 Hi
380 1095 584 1137 viderunt
607 1095 737 1146 mala,
766 1109 865 1148 quae
891 1097 963 1138 fie-

135 1150 242 1193 bant
269 1152 314 1192 in
341 1151 509 1204 populo
538 1151 670 1203 Juda,
702 1157 746 1194 et
772 1153 816 1194 in
842 1154 867 1194 J
869 1157 962 1195 eru-

136 1207 283 1249 salem.

188 1268 240 1319 Rt·
270 1265 356 1307 Hic
388 1270 455 1307 est
485 1266 668 1307 fratrum
700 1269 886 1318 amator,
920 1273 963 1309 et

135 1321 289 1374 populi
315 1322 468 1363 Israel:
496 1324 519 1348 *
548 1323 633 1364 Hic
661 1328 727 1365 est
756 1324 830 1376 qui
856 1324 961 1365 mul-

135 1382 229 1418 tum
254 1383 351 1420 orat
374 1390 457 1431 pro
481 1379 666 1432 populo,
695 1385 738 1421 et
760 1381 962 1422 universa

134 1438 286 1476 sancta
314 1435 490 1477 civitate
515 1436 769 1477 Jerusalem.
804 1431 855 1483 V.
881 1437 962 1478 Vir

133 1490 217 1532 iste
241 1491 286 1531 in
309 1491 478 1544 populo
506 1505 586 1534 suo
611 1493 864 1535 mitissimus
889 1507 960 1546 ap-

132 1547 290 1600 paruit.
318 1548 415 1589 Hic.

439 1604 591 1646 Lectio
612 1605 652 1645 ii.

250 1660 360 1703 dixit
378 1661 657 1704 Mathathias:
675 1663 759 1705 Vae
777 1663 894 1712 mihi,
912 1669 961 1706 ut

229 1717 335 1770 quid
358 1723 486 1759 natus
511 1731 608 1760 sum
627 1719 777 1761 videre
802 1720 959 1762 contri-

131 1774 296 1815 tionem
313 1775 468 1828 populi
485 1776 572 1817 mei
592 1781 636 1818 et
654 1777 961 1818 contritionem

133 1830 323 1872 civitatis
360 1836 540 1883 sanctae,
584 1837 628 1875 et
669 1832 823 1875 sedere
859 1833 958 1884 illic,

132 1899 231 1928 cum
246 1887 375 1929 datur
389 1888 432 1929 in
446 1888 646 1931 manibus
661 1889 958 1931 inimicorum?

130 1943 290 1986 Sancta
307 1945 352 1986 in
370 1958 502 1987 manu
521 1948 829 1988 extraneorum
843 1947 960 1989 facta

131 2005 246 2042 sunt:
289 2001 503 2054 templum
544 2003 635 2055 ejus
676 2003 788 2045 sieut
823 2003 957 2046 homo

130 2056 346 2108 ignobilis.
370 2058 492 2100 Vasa
509 2059 662 2110 gloriae
678 2060 768 2111 ejus
784 2062 958 2113 captiva

130 2112 323 2155 abducta
342 2120 458 2157 sunt:
480 2115 687 2157 trucidati
711 2121 811 2158 sunt
830 2129 957 2158 senes

131 2170 221 2222 ejus
239 2170 284 2211 in
302 2171 472 2223 plateis,
492 2177 536 2214 et
550 2173 728 2224 juvenes
744 2174 834 2225 eius
849 2174 958 2215 ceci-

131 2225 288 2268 derunt
306 2227 350 2268 in
368 2227 516 2278 gladio
535 2229 820 2271 inimicorum.
849 2231 957 2281 Quae

129 2295 236 2333 gens
255 2296 343 2325 non
361 2283 638 2327 haereditavit
655 2299 838 2337 regnum
855 2288 956 2339 ejus,

131 2343 175 2381 et
194 2352 284 2381 non
302 2340 490 2383 obtinuit
510 2342 651 2394 spolia
671 2341 783 2394 ejus?

182 2399 234 2450 R.
249 2396 318 2438 Tu
336 2398 526 2440 Domine
545 2399 862 2449 universorum,
883 2400 957 2452 qui

129 2451 292 2494 nullam
311 2453 448 2495 habes
462 2454 758 2506 indigentiam,
778 2455 956 2497 voluisti

128 2509 342 2562 templum
355 2515 478 2552 tuum
492 2512 589 2553 fieri
601 2512 646 2552 in
655 2511 796 2553 nobis:
812 2511 836 2537 *
853 2512 956 2553 Con-

130 2567 258 2608 serva
279 2567 458 2609 domum
481 2569 613 2610 istam
630 2568 954 2610 immaculatam

129 2622 174 2663 in
198 2625 410 2665 aeternum
428 2625 628 2667 Domine.
660 2619 710 2671 V.
734 2626 803 2666 Tu
826 2625 953 2675 elegi-

128 2678 186 2720 sti
203 2679 393 2722 Domine
412 2681 592 2723 domum
610 2682 739 2722 istam
758 2680 815 2723 ad
834 2682 952 2722 invo-

129 2733 315 2778 candum
337 2749 496 2779 nomen
518 2743 642 2780 tuum
659 2739 703 2779 in
727 2750 794 2788 ea,
822 2742 870 2779 ut
889 2750 952 2779 es-

1022 308 1089 344 set
1109 303 1265 344 domus
1288 304 1498 345 orationis
1519 310 1562 347 et
1581 305 1846 349 obsecratio-

1020 360 1087 400 nis
1106 359 1271 412 populo
1291 365 1380 402 tuo.
1413 360 1646 403 Conserva.

1319 430 1470 471 Lectio
1491 430 1545 470 iii.

1099 489 1118 526 t
1143 485 1272 526 scidit
1296 486 1553 529 vestimenta
1579 501 1657 529 sua
1679 489 1844 531 Matha-

1119 542 1249 591 thias,
1283 547 1326 583 et
1353 543 1430 584 filii
1455 545 1558 595 ejus:
1589 550 1632 586 et
1663 548 1844 598 operue-

1019 604 1119 640 runt
1134 611 1181 639 se
1195 598 1356 648 ciliciis,
1372 604 1414 641 et
1428 600 1690 652 planxerunt
1705 602 1844 644 valde.

1019 655 1076 696 Et
1103 657 1317 696 venerunt
1344 655 1446 697 illuc
1476 658 1549 708 qui
1575 658 1696 699 missi
1721 665 1845 701 erant

1020 724 1044 752 a
1070 724 1172 763 rege
1192 711 1429 762 Antiocho,
1453 718 1500 754 ut
1525 716 1730 764 cogerent
1755 729 1843 767 eos,

1020 768 1094 820 qui
1122 768 1407 819 confugerant
1434 770 1478 809 in
1506 770 1727 812 civitatem
1752 772 1842 814 Mo-

1019 823 1103 874 din,
1122 824 1360 874 immolare,
1385 830 1428 866 et
1447 826 1686 868 accendere
1704 827 1842 879 thura,

1019 885 1063 922 et
1088 894 1113 921 a
1137 881 1233 931 lege
1256 881 1341 922 Dei
1366 881 1604 923 discedere.
1640 885 1696 925 Et
1719 885 1843 926 multi

1019 936 1073 978 de
1091 937 1258 990 populo
1278 938 1414 979 Isra‘el
1434 940 1754 982 consentientes
1776 955 1842 983 ac-

1018 996 1244 1035 cesserunt
1271 993 1327 1036 ad
1350 1007 1442 1036 eos:
1466 995 1546 1037 sed
1569 996 1842 1048 Mathathias,

1019 1055 1061 1091 et
1080 1050 1158 1091 filii
1178 1051 1267 1103 ejus
1288 1053 1539 1093 constanter
1558 1055 1782 1096 steterunt.

1070 1111 1120 1161 Rc.
1155 1108 1294 1160 Aperi
1326 1108 1478 1150 oculos
1511 1114 1612 1150 tuos
1643 1110 1842 1161 Domine,

1017 1168 1060 1205 et
1088 1163 1189 1205 vide
1217 1164 1498 1206 afflictionem
1524 1171 1736 1207 nostram:
1764 1168 1841 1209 cir-

1016 1220 1333 1263 cumdederunt
1363 1234 1444 1262 nos
1478 1221 1643 1264 Gentes
1675 1223 1732 1265 ad
1763 1238 1839 1277 pu-

1014 1275 1220 1318 niendum
1240 1290 1336 1318 nos:
1355 1283 1377 1307 *
1395 1277 1484 1320 Sed
1501 1283 1549 1320 tu
1564 1279 1750 1322 Domine
1771 1294 1840 1322 ex-

1014 1332 1145 1375 tende
1183 1333 1410 1375 brachium
1445 1340 1584 1386 tuum,
1625 1341 1669 1378 et
1704 1337 1841 1379 libera

1016 1390 1181 1431 animas
1208 1396 1391 1432 nostras.
1431 1388 1482 1440 V.
1508 1393 1666 1444 Afflige
1696 1394 1839 1446 oppri-

1013 1448 1182 1488 mentes
1202 1460 1292 1498 nos,
1313 1453 1356 1489 et
1372 1449 1679 1490 contumeliam
1694 1450 1842 1491 facien-

1013 1508 1080 1544 tes
1107 1503 1150 1544 in
1177 1505 1442 1557 superbiam;
1471 1511 1514 1547 et
1543 1505 1715 1547 custodi
1742 1520 1838 1558 par-

1013 1563 1102 1601 tem
1121 1565 1251 1601 tuam.
1283 1561 1380 1603 Sed.
1415 1562 1565 1603 Gloria
1584 1563 1712 1604 Patri.
1740 1563 1838 1605 Sed.

1064 1622 1329 1665 Responsoria
1360 1622 1472 1664 hujus
1503 1622 1554 1656 iii.
1578 1622 1701 1657 Ferize
1731 1634 1836 1666 repe-
1884 1639 1885 1642 ¹

1013 1676 1144 1705 tuntur
1179 1671 1216 1704 in
1256 1671 1343 1704 aliis
1381 1671 1433 1704 iii.
1470 1671 1593 1705 Feriis
1629 1681 1750 1715 usque
1787 1672 1835 1705 ad
1883 1713 1886 1715 Α

1013 1719 1164 1753 Domin.
1188 1719 1215 1753 Ι.
1240 1719 1484 1753 Novembris.

1222 1820 1382 1856 Feria
1416 1820 1629 1868 Quarta.

1051 1879 1118 1918 De
1136 1876 1249 1918 libro
1269 1877 1412 1929 primo
1431 1877 1796 1921 Machabaeorum.

1112 1944 1265 1986 Lectio
1294 1944 1318 1983 i.
1515 1943 1616 1995 Cap.
1635 1944 1671 1983 2.
1693 1943 1730 1983 b.

1021 2009 1114 2058 ‘ffijgt
1133 2002 1360 2056 respondit
1374 2003 1648 2053 Mathathias,
1669 2009 1712 2046 et
1727 2003 1835 2046 dixit

1036 2062 1091 2098 Ψ
1113 2073 1270 2111 magna
1283 2073 1408 2101 voce:
1426 2061 1484 2102 Et
1503 2061 1540 2102 si
1555 2073 1705 2103 omnes
1722 2061 1832 2102 Gen-

1008 2122 1076 2159 tes
1094 2117 1187 2168 regi
1200 2117 1421 2158 Antiocho
1442 2117 1662 2166 obediunt,
1681 2122 1729 2158 ut
1749 2116 1832 2159 dis-

1009 2173 1138 2215 cedat
1160 2175 1459 2225 unusquisque
1490 2187 1515 2215 a
1541 2173 1751 2214 servitute
1774 2173 1831 2215 le-

1009 2231 1075 2281 gis
1099 2235 1274 2282 patrum
1300 2232 1494 2280 suorum,
1523 2235 1566 2271 et
1590 2230 1833 2271 consentiat

1008 2285 1226 2327 mandatis
1252 2287 1356 2337 ejus:
1384 2298 1466 2336 ego
1494 2290 1537 2327 et
1559 2285 1637 2326 filii
1659 2286 1762 2336 mei,
1790 2290 1833 2328 et

1008 2343 1164 2383 fratres
1182 2342 1270 2383 mei
1288 2341 1542 2383 obediemus
1557 2341 1643 2393 legi
1657 2346 1832 2394 patrum

1007 2401 1267 2440 nostrorum.
1333 2398 1555 2450 Propitius
1602 2399 1658 2439 sit
1701 2397 1829 2440 nobis

1007 2456 1144 2496 Deus:
1184 2467 1272 2495 non
1308 2459 1375 2496 est
1409 2454 1537 2496 nobis
1569 2454 1674 2496 utile
1706 2454 1830 2496 relin-

1008 2524 1140 2563 quere
1159 2511 1316 2561 legem,
1346 2515 1390 2552 et
1413 2511 1597 2562 justitias
1616 2511 1716 2552 Dei:
1743 2523 1829 2551 non

1007 2567 1233 2609 audiemus
1274 2566 1409 2608 verba
1448 2567 1563 2618 regis
1606 2566 1828 2615 Antiochi,

1006 2637 1087 2666 nee
1105 2622 1445 2665 sacrificabimus
1462 2623 1828 2675 transgredientes

1005 2681 1113 2732 legis
1145 2684 1309 2721 nostrae
1339 2679 1562 2730 mandata,
1599 2684 1647 2720 ut
1678 2681 1827 2720 eamus

1006 2737 1143 2779 altera
1161 2736 1240 2778 via.
1274 2738 1324 2788 Rz.
1344 2736 1534 2778 Refulsit
1552 2736 1628 2778 sol.
1647 2736 1734 2776 163.
