2040 2944
663 175 773 209 Dom.
800 174 864 208 III.
887 173 967 208 Oct.
1014 173 1202 207 l'uritatis
1228 172 1269 206 B.
1295 172 1342 206 M.
1367 172 1411 206 V.

182 271 330 312 riatur.
374 268 615 318 Gloriatur,
649 267 754 315 dixi,
787 265 843 307 de
874 270 1017 318 partu,

183 339 271 368 non
290 327 333 367 in
354 339 417 375 se,
442 324 522 366 sed
545 325 589 365 in
612 325 712 377 ipso
733 335 865 375 quem
883 323 1016 374 pepe-

181 384 248 425 rit.
268 383 389 424 Deus
405 381 635 434 siquidem,
652 382 789 431 (Deus
805 379 921 421 enim
937 384 1016 429 est,

182 453 313 492 quem
340 439 529 492 peperit)
564 438 751 480 Matrem
780 450 904 478 suam
932 436 1015 477 sin-

180 496 321 547 gulari
335 496 379 536 in
395 494 651 537 coelestibus
667 494 910 535 donaturus
926 492 1015 544 glo-

181 554 259 602 ria,
293 552 505 603 singulari
535 552 579 592 in
611 551 741 593 terris
768 551 1016 603 praevenire

181 610 351 651 curavit
371 614 414 651 et
434 609 591 660 gratia,
618 621 705 660 qua
725 606 931 648 videlicet
954 607 1015 647 in-

181 666 413 708 effabiliter
434 670 477 707 et
495 665 661 706 intacta
681 667 952 716 conciperet,
973 668 1017 705 et

180 725 358 775 pareret
380 723 649 775 incorrupta.

234 784 285 835 Rg.
323 778 588 830 Egredietur
618 779 742 829 virga
775 777 830 818 de
867 776 1016 818 radice

180 837 205 878 J
208 849 322 886 esse,
343 842 387 878 et
407 837 491 877 flos
512 835 568 878 de
587 835 736 877 radice
757 835 848 885 ejus
867 835 1015 875 ascen-

181 893 271 935 det:
294 899 316 922 *
334 894 450 935 Ecce
465 893 605 944 Virgo
625 891 858 944 concipiet,
879 896 923 932 et
942 892 1016 943 pa-

180 951 263 992 riet
296 950 470 1000 Filium,
511 955 555 991 et
588 948 824 991 vocabitur
856 960 1018 990 nomen

181 1008 273 1059 ejus
292 1006 563 1048 Emmanuel.
595 1003 646 1056 V.
662 1007 687 1047 J
690 1005 831 1058 oseph
849 1005 910 1046 fili
930 1005 1015 1045 Da-

179 1063 271 1112 vid,
299 1063 391 1105 noli
418 1064 573 1105 timere
600 1065 805 1115 accipere
831 1062 1017 1103 Mariam

181 1121 411 1172 conjugem
439 1125 576 1162 tuam:
607 1119 728 1172 quod
755 1119 870 1160 enim
895 1119 939 1159 in
966 1131 1018 1160 ea

179 1183 331 1219 natum
360 1182 444 1226 est,
475 1176 530 1219 de
558 1177 727 1230 Spiritu
755 1181 909 1217 sancto
939 1180 1018 1217 est.

180 1234 298 1276 Ecce
318 1234 470 1285 Virgo.

238 1292 401 1333 Bened.
458 1292 588 1342 Cujus
626 1291 787 1332 festum
821 1288 1017 1340 colimus,

181 1348 279 1400 ipsa
296 1348 436 1399 Virgo
456 1347 686 1398 virginum.

470 1408 623 1449 Lectio
647 1407 730 1447 viii.

270 1473 370 1502 eum
388 1459 639 1511 hujusmodi
660 1459 847 1501 decebat
865 1459 1019 1501 nativi-

280 1522 359 1566 tas,
381 1530 467 1570 qua
485 1516 659 1558 nonnisi
678 1515 733 1557 de
748 1516 931 1567 Virgine
946 1529 1018 1557 na-

185 1576 392 1616 sceretur.
420 1573 542 1614 Talis
564 1573 838 1624 congruebat
859 1578 902 1614 et
919 1573 1019 1615 Vir-

184 1631 274 1682 gini
304 1636 475 1684 partus,
507 1635 556 1671 ut
586 1643 676 1672 non
707 1632 900 1683 pareret,
937 1630 1020 1671 nisi

184 1689 338 1729 Deum.
384 1686 576 1728 Proinde
608 1687 750 1729 factor
781 1686 1019 1736 hominum,

184 1750 233 1786 ut
257 1744 391 1786 homo
416 1744 560 1794 fieret,
587 1744 836 1785 nasciturus
863 1742 918 1785 de
942 1743 1018 1785 ho-

185 1801 318 1850 mine,
350 1801 486 1843 talem
515 1800 599 1842 sibi
628 1813 683 1842 ex
712 1800 916 1842 omnibus
946 1800 1017 1842 de-

184 1857 279 1899 buit
318 1857 528 1908 deligere,
574 1857 662 1898 imo
701 1857 894 1899 condere
930 1870 1018 1898 ma-

185 1919 314 1963 trem,
335 1913 511 1965 qualem
531 1919 575 1956 et
594 1927 640 1955 se
661 1914 820 1956 decere
840 1913 1020 1963 sciebat,

187 1975 231 2012 et
250 1970 333 2012 sibi
352 1972 538 2012 noverat
557 1970 830 2023 placituram.
864 1970 1020 2012 Voluit

186 2029 336 2079 itaque
360 2039 457 2069 esse
475 2027 721 2078 Virginem,
751 2027 806 2069 de
834 2040 921 2079 qua
943 2027 1020 2067 im-

187 2083 405 2125 maculata
422 2083 728 2125 immaculatus
744 2082 1020 2136 procederet,

190 2141 381 2181 omnium
400 2141 596 2182 maculas
616 2144 895 2194 purgaturus.
930 2140 1019 2181 Vo-

188 2196 267 2238 luit
296 2202 339 2238 et
366 2197 590 2246 humilem,
631 2196 686 2239 de
716 2210 802 2249 qua
828 2197 946 2238 mitis
977 2201 1021 2237 et

188 2252 364 2294 humilis
389 2253 525 2295 corde
550 2254 767 2306 prodiret,
795 2253 952 2294 harum
976 2253 1021 2293 in

190 2321 237 2349 se
257 2309 466 2351 virtutum
487 2311 783 2352 necessarium
806 2309 1021 2359 omnibus,

191 2364 613 2418 saluberrimumque
625 2366 876 2419 exemplum
885 2372 1023 2408 osten-

191 2424 329 2462 surus.
366 2422 500 2464 Dedit
524 2424 695 2474 Virgini
724 2428 918 2476 partum,
947 2423 1022 2474 qui

192 2477 232 2519 ei
255 2479 339 2529 jam
365 2484 464 2519 ante
489 2485 532 2520 et
551 2480 814 2530 virginitatis
838 2479 1021 2532 inspira-

191 2539 314 2575 verat
333 2539 496 2584 votum,
519 2540 562 2576 et
580 2536 836 2577 humilitatis
856 2548 1020 2588 praero-

191 2593 372 2641 gaverat
399 2591 612 2632 meritum.
653 2592 712 2634 Ut
739 2593 888 2643 igitur,
921 2605 1021 2644 quae

192 2648 400 2688 Sanctum
450 2650 702 2688 sanctorum
752 2652 1022 2700 conceptura

193 2708 287 2744 erat
305 2703 471 2755 pariter
490 2708 534 2744 et
552 2704 765 2755 paritura,
786 2710 937 2747 sancta
957 2717 1021 2746 es-

1071 269 1138 305 set
1161 266 1368 317 corpore,
1396 265 1569 318 accepit
1592 264 1758 306 donum
1775 263 1906 315 virgi-

1072 321 1238 371 nitatis3
1266 326 1314 362 ut
1339 327 1457 363 esset
1477 326 1521 363 et
1543 326 1706 371 mente,
1733 320 1907 373 accepit

1072 377 1239 418 donum
1261 377 1532 420 humilitatis.
1567 383 1593 434 ᾗ
1610 378 1648 420 Ο
1673 377 1906 419 admirabi-

1071 435 1158 476 lem
1189 440 1232 476 et
1260 436 1379 476 omni
1405 435 1576 477 honore
1605 434 1907 485 dignissimam

1071 491 1313 543 Virginem!
1344 492 1382 534 O
1404 492 1609 534 feminam
1629 490 1908 542 singulariter

1071 548 1379 599 venerandam,
1400 561 1534 601 super
1554 561 1708 591 omnes
1722 547 1907 589 feminas

1071 605 1391 655 admirabilem,
1416 607 1652 658 parentum
1674 605 1906 657 reparatri-

1072 676 1184 713 cem,
1230 664 1514 715 posterorum
1558 659 1908 703 vivificatricem!

1071 720 1234 761 Missus
1263 724 1331 761 est
1358 719 1557 770 Angelus
1587 718 1644 760 ad
1667 717 1908 769 Virginem,

1071 777 1301 828 Virginem
1319 789 1470 826 carne,
1495 775 1727 827 Virginem
1749 779 1908 824 mente,

1071 834 1301 884 Virginem
1337 833 1632 886 professione,
1677 831 1909 882 Virginem

1072 890 1273 942 denique,
1295 890 1471 943 qualem
1487 888 1699 932 describit
1715 888 1909 941 Aposto-

1070 947 1151 998 lus,
1170 952 1318 989 mente
1335 952 1379 989 et
1393 949 1583 1000 corpore
1599 949 1809 994 sanctam,
1827 956 1909 985 nec

1071 1005 1256 1054 noviter,
1276 1017 1358 1046 nec
1374 1003 1557 1046 fortuito
1573 1003 1809 1051 inventam,
1829 999 1910 1042 sed

1072 1075 1098 1103 a
1137 1061 1302 1103 saeculo
1341 1061 1544 1110 electam,
1585 1059 1640 1102 ab
1677 1058 1908 1101 Altissimo

1071 1118 1409 1172 praecognitam,
1430 1123 1475 1159 et
1494 1116 1578 1159 sibi
1598 1116 1910 1170 praeparatam,

1073 1175 1128 1218 ab
1159 1175 1342 1227 Angelis
1374 1176 1613 1223 servatam,
1650 1186 1677 1214 a
1702 1170 1910 1214 Patribus

1072 1232 1416 1286 praefiguratam,
1463 1245 1489 1273 a
1529 1229 1767 1283 Prophetis
1809 1240 1909 1281 pro-

1072 1291 1264 1331 missam.

1127 1347 1178 1398 R.
1221 1346 1362 1387 Beata
1399 1344 1484 1386 Dei
1521 1342 1725 1386 Genitrix
1759 1341 1911 1391 Maria,

1071 1403 1288 1455 templum
1307 1401 1497 1451 Domini,
1518 1399 1759 1442 sacrarium
1777 1397 1910 1450 Spiri-

1073 1465 1144 1501 tus
1177 1459 1335 1507 sancti,
1368 1460 1391 1485 *
1426 1457 1530 1500 Sola
1570 1457 1662 1505 sine
1703 1453 1909 1507 exemplo

1072 1516 1278 1570 placuisti
1294 1515 1488 1557 Domino
1505 1518 1659 1555 nostro
1675 1512 1702 1553 J
1703 1525 1783 1554 esu
1798 1510 1912 1552 Chri-

1074 1578 1156 1615 sto.
1196 1568 1247 1621 Ys.
1268 1571 1472 1615 Genuisti
1493 1570 1568 1623 qui
1586 1574 1630 1612 te
1655 1569 1774 1619 fecit,
1803 1573 1847 1610 et
1865 1568 1911 1608 in

1074 1633 1289 1672 aeternum
1328 1632 1562 1683 permanes
1594 1627 1746 1678 Virgo.
1795 1624 1911 1667 Sola.

1075 1687 1228 1729 Gloria
1246 1687 1379 1729 Patri.
1407 1685 1521 1728 Sola.

1127 1748 1260 1783 Lectio
1279 1748 1329 1783 ix.
1355 1748 1402 1782 de
1420 1742 1567 1782 Homil.
1584 1747 1737 1782 Domin.
1764 1756 1909 1782 occurr.

1339 1819 1418 1860 Ad
1445 1818 1643 1859 Laudes

1284 1879 1335 1909 et
1375 1885 1473 1918 per
1510 1874 1709 1909 Horas.

1128 1932 1227 1971 Ant.
1254 1931 1283 1970 1.
1324 1929 1446 1971 Sicut
1472 1929 1612 1970 lilium
1635 1929 1659 1955 *
1684 1927 1798 1969 inter
1822 1926 1907 1979 spi-

1074 2000 1164 2037 nas,
1185 1987 1248 2028 sic
1268 1989 1408 2028 amica
1426 1999 1526 2027 mea
1544 1985 1658 2027 inter
1677 1984 1801 2025 filias.

1126 2050 1194 2089 Ps.
1224 2048 1440 2089 Dominus
1460 2047 1672 2098 regnavit.
1699 2046 1759 2086 15.

1126 2112 1162 2150 2.
1192 2109 1390 2151 Dilectus
1415 2121 1540 2150 meus
1564 2106 1688 2157 mihi,
1707 2107 1730 2132 *
1757 2111 1800 2148 et
1827 2119 1908 2157 ego

1073 2166 1146 2215 illi,
1168 2165 1243 2217 qui
1261 2165 1459 2218 pascitur
1478 2164 1591 2206 inter
1611 2163 1711 2204 lilia.

1127 2228 1163 2267 3.
1211 2228 1351 2277 Quam
1387 2225 1575 2279 pulchra
1610 2238 1672 2274 eS,
1709 2224 1733 2250 *
1769 2226 1910 2265 amica

1073 2296 1183 2332 mea,
1205 2296 1337 2335 quam
1355 2282 1540 2335 pulchra
1560 2281 1622 2324 es!

1128 2346 1165 2384 4.
1195 2344 1290 2386 Una
1314 2349 1382 2386 est
1400 2345 1423 2369 *
1444 2343 1651 2385 columba
1669 2354 1783 2391 mea,
1812 2353 1908 2394 per-

1074 2402 1190 2442 fecta
1208 2414 1317 2442 mea.

1129 2459 1166 2499 5.
1196 2460 1411 2503 Viderunt
1436 2474 1533 2503 eam
1551 2462 1575 2487 *
1594 2459 1698 2500 filiae
1716 2459 1838 2508 Sion,
1865 2463 1909 2500 et

1073 2519 1373 2560 beatissimam
1392 2516 1758 2570 praedicaverunt.

1133 2585 1395 2638 Capitulum.
1703 2585 1803 2636 Sap.
1824 2584 1861 2622 4.

1184 2661 1316 2700 quam
1341 2647 1525 2700 pulchra
1548 2651 1616 2688 est
1639 2650 1761 2687 casta
1779 2657 1906 2695 gene-

1175 2705 1288 2746 ratio
1314 2717 1414 2745 cum
1438 2702 1652 2745 claritate!
1677 2703 1906 2743 Immorta-
