2040 2944
201 189 245 224 2*
804 192 919 226 Festa
944 190 1133 230 Octobris
1158 191 1221 232 (11.
1248 191 1311 232 16.)

202 285 434 328 celebritas
457 298 509 327 ac
531 285 683 337 religio
708 297 811 337 erga
833 289 1030 327 sanctam

202 343 440 395 Martyrem
474 341 745 395 percrebuit,
782 341 1030 395 praesertim

203 400 260 443 ob
292 400 431 451 signa,
464 412 564 451 quae
597 398 792 450 ejusdem
819 398 1029 451 praesidio

202 458 441 498 accessisse
456 454 650 507 undique
662 454 895 497 ferebatur.
914 455 1030 496 Hinc

202 514 364 555 factum
389 517 455 554 est
479 517 527 553 ut
554 512 846 565 complurium
864 512 1028 554 antisti-

202 575 294 611 tum
320 569 627 621 cultorumque
651 569 855 622 Martyris
879 574 1028 622 postu-

199 625 435 668 lationibus
454 627 681 679 permotus
697 626 937 677 Gregorius
957 625 1028 667 de-

203 683 340 724 cimus
376 687 526 724 sextus
562 682 766 724 Pontifex
801 683 1029 733 Maximus,

200 739 403 780 universa
434 739 497 780 rei
529 739 698 781 ratione
729 743 901 782 mature
931 753 1027 792 per-

201 798 354 849 pensa,
386 796 545 838 festum
574 796 770 848 ejusdem
799 809 898 838 cum
925 796 1028 839 Offi-

201 852 269 894 cio
293 858 336 894 et
360 852 495 894 Missa
520 853 563 894 in
589 855 831 895 memorata
854 853 1029 895 Nolana

201 908 395 958 dioecesi,
420 914 463 951 et
483 909 586 951 alibi
605 909 823 961 agendum
842 909 1029 962 benigne

201 966 460 1018 permiserit.

257 1028 305 1078 R*-
329 1027 520 1080 Propter
537 1027 780 1070 veritatem.

333 1108 483 1147 Sermo
512 1106 652 1148 sancti
676 1106 900 1148 Ambrosii

501 1163 726 1217 Episcopi.

308 1229 421 1262 Liber
448 1229 473 1261 1.
500 1228 546 1262 de
572 1229 687 1271 Virg,
717 1229 816 1262 circa
844 1229 923 1263 init.

514 1286 667 1326 Lectio
689 1300 725 1326 v.

142 1350 145 1353 ’
206 1328 463 1453 Quoniam
491 1344 623 1387 hodie
652 1345 810 1387 natalis
839 1351 906 1387 est
933 1345 1028 1387 Vir-

313 1401 436 1452 ginis,
461 1402 615 1443 invitat
633 1414 748 1444 nunc
766 1402 1029 1453 integritatis

202 1470 335 1507 amor,
361 1462 410 1499 ut
436 1457 601 1509 aliquid
625 1457 680 1499 de
698 1458 949 1509 virginitate
968 1457 1030 1500 di-

203 1516 446 1556 camuszne
471 1514 607 1556 veluti
631 1514 818 1556 transitu
838 1513 1030 1567 quodam

202 1573 450 1623 praestricta
484 1571 704 1621 videatur,
737 1584 836 1623 quae
872 1572 1029 1624 princi-

202 1627 314 1679 palis
346 1633 413 1670 est
444 1628 593 1670 virtus.
644 1628 746 1670 Non
778 1629 893 1670 enim
928 1628 1029 1671 ideo
1079 1648 1082 1651 >

202 1683 436 1726 laudabilis
461 1684 703 1735 virginitas,
731 1685 834 1738 quia
856 1686 901 1727 in
918 1686 1029 1728 Mar-

202 1740 369 1793 tyribus
407 1743 641 1795 reperitur:
678 1741 757 1784 sed
795 1742 898 1794 quia
933 1742 1030 1796 ipsa

202 1797 418 1850 Martyres
449 1798 592 1840 faciat.
639 1798 745 1848 Quis
778 1803 926 1841 autem
954 1799 1030 1842 hu-

201 1856 331 1895 mano
356 1867 453 1896 eam
475 1855 618 1907 possit
636 1855 810 1906 ingenio
831 1869 1028 1909 compre-

201 1909 404 1961 hendere,
428 1924 560 1963 quam
583 1924 665 1954 nec
687 1915 844 1954 natura
861 1913 951 1956 suis
970 1913 1029 1954 in-

202 1966 331 2008 clusit
358 1966 554 2019 legibus?
598 1969 687 2010 Aut
716 1969 813 2022 quis
841 1969 1029 2012 naturali

202 2036 312 2066 voce
337 2024 585 2076 complecti,
611 2025 731 2077 quod
751 2039 884 2079 supra
902 2039 1029 2068 usum

202 2083 370 2123 naturae
409 2080 491 2123 sit?
551 2082 588 2123 E
633 2082 748 2125 coelo
790 2084 1029 2134 accersivit,

205 2136 325 2189 quod
343 2138 586 2180 imitaretur
604 2139 647 2180 in
666 2140 807 2181 terris.
843 2141 937 2182 Nec
954 2141 1029 2182 im-

203 2193 359 2235 merito
383 2194 559 2236 vivendi
579 2195 662 2238 sibi
680 2209 808 2238 usum
828 2197 1030 2250 quaesivit

205 2261 229 2290 e
248 2249 378 2299 coe10,
404 2263 502 2302 quae
526 2264 739 2304 sponsum
762 2253 845 2295 sibi
865 2253 1030 2295 invenit

204 2305 247 2345 in
277 2306 400 2347 coelo.

252 2369 302 2420 R.
333 2366 535 2410 Dilexisti
555 2369 771 2420 iustitiam.

499 2432 649 2473 Lectio
671 2434 724 2473 vi.

301 2504 366 2534 aec
384 2492 534 2543 nubes,
558 2497 670 2545 aera,
690 2496 896 2547 Angelos,
920 2496 1031 2539 side-
1090 2493 1107 2521 ᾖ

325 2561 462 2601 raque
480 2550 816 2602 transgrediens,
834 2553 1032 2595 Verbum

206 2604 290 2645 Dei
313 2604 356 2645 in
381 2605 480 2658 ipso
506 2606 602 2648 sinu
620 2607 762 2649 Patris
786 2608 965 2659 invenit,
990 2615 1033 2652 et

206 2666 302 2702 toto
321 2660 466 2703 hausit
480 2663 672 2714 pectore.
699 2664 813 2705 Nam
829 2666 927 2718 quis
942 2671 1032 2708 tan·

206 2722 309 2767 tum,
325 2730 424 2759 cum
439 2717 662 2769 invenerit,
678 2720 894 2773 relinquat
903 2721 1032 2765 boni?

1081 283 1361 334 Unguentum
1398 282 1514 324 enim
1547 283 1813 326 exinanitum
1844 289 1912 326 est

1081 353 1240 382 nomen
1254 345 1392 382 tuum:
1406 341 1646 393 propterea
1657 339 1910 383 adolescen-

1081 396 1186 439 tulae
1212 396 1458 439 dilexerunt
1482 401 1542 446 te,
1571 401 1615 438 et
1639 398 1911 439 attraxerunt

1082 459 1137 495 te.
1165 454 1407 504 Postremo,
1431 466 1520 495 non
1539 466 1686 495 meum
1705 458 1772 496 est
1790 452 1910 503 illud,

1083 510 1291 563 quoniam
1317 523 1417 563 quae
1440 522 1529 552 non
1553 509 1738 560 nubunt,
1766 522 1910 563 neque

1081 567 1316 618 nubentur,
1347 572 1474 609 erunt
1504 567 1618 608 sicut
1642 566 1800 618 Angeli
1826 566 1910 608 Dei

1081 623 1125 664 in
1157 624 1284 666 coelo.
1327 624 1471 666 Nemo
1506 636 1612 675 ergo
1644 623 1840 674 miretur,
1873 623 1910 665 si

1083 681 1263 731 Angelis
1288 682 1614 734 comparentur,
1643 693 1743 733 quae
1766 681 1909 732 Ange-

1081 737 1224 779 lorum
1243 737 1435 780 Domino
1455 737 1730 790 copulantur.

1136 796 1188 848 R.
1211 794 1463 836 Afferentur
1481 794 1605 845 Regi.

1136 862 1178 895 In
1204 861 1267 895 III.
1285 861 1484 894 Nocturno
1509 859 1681 894 Homilia
1706 859 1745 893 in
1765 858 1912 901 Evang.

1085 908 1217 943 Simile
1242 908 1323 943 erit.
1353 909 1399 943 de
1433 909 1569 943 eodem
1594 908 1738 943 Comm.
1763 908 1790 942 l.
1814 908 1912 943 loco.

1300 986 1384 1028 Die
1404 987 1456 1027 11.
1476 985 1695 1028 Octobris.

1128 1050 1171 1092 S.
1191 1049 1433 1092 Ludovici
1451 1049 1723 1091 Bertrandi
1743 1049 1864 1090 Conf.

1369 1109 1629 1153 Semiduplex.

1138 1162 1314 1195 Officium
1348 1166 1389 1195 ut
1422 1162 1520 1195 inter
1549 1162 1647 1196 festa
1676 1171 1747 1205 pro
1777 1160 1913 1204 aliqui-

1084 1211 1156 1245 bus
1182 1210 1279 1244 locis
1305 1210 1366 1244 die
1395 1211 1450 1244 10.
1478 1210 1558 1244 Oct.

1297 1286 1381 1328 Die
1400 1288 1460 1329 16.
1479 1285 1697 1328 Octobris.

1114 1354 1166 1396 B.
1185 1353 1407 1395 Victoris
1425 1353 1511 1394 111.
1538 1354 1672 1405 Papae
1693 1358 1735 1394 et
1756 1353 1878 1394 Conf.

1419 1413 1583 1456 Duplex.

1137 1469 1273 1503 Omnia
1317 1469 1363 1503 de
1402 1468 1606 1503 Communi
1648 1467 1757 1502 Conf.
1803 1467 1911 1502 Pont.

1089 1518 1113 1551 l.
1139 1518 1237 1560 loeo,
1262 1523 1403 1560 praeter
1428 1527 1535 1560 sequ.

1420 1569 1583 1610 Oratio.

1170 1627 1268 1675 eus,
1289 1624 1363 1677 qui
1385 1636 1466 1676 per
1483 1623 1663 1666 beatum
1681 1623 1910 1666 Victorem

1176 1681 1484 1723 Confessorem
1504 1685 1628 1722 tuum
1647 1685 1781 1733 atque
1798 1680 1910 1722 Pon-

1081 1737 1245 1780 tificem
1270 1738 1314 1779 in
1341 1751 1510 1779 summa
1533 1737 1744 1779 Ecclesiae
1773 1735 1910 1788 digni·

1081 1797 1172 1837 tate
1188 1793 1449 1837 declinanda
1463 1796 1604 1847 eaque
1619 1793 1792 1844 tuenda,
1807 1806 1911 1847 prae-

1082 1851 1250 1893 clarum
1280 1851 1537 1893 humilitatis
1570 1856 1614 1893 et
1641 1850 1909 1892 fortitudinis

1084 1908 1333 1961 exemplum
1352 1907 1529 1950 dedisti:
1553 1906 1748 1950 concede
1771 1906 1909 1958 nobis,

1083 1966 1173 2017 ejus
1192 1965 1359 2007 meritis
1380 1970 1423 2007 et
1440 1965 1698 2016 imitatione3
1716 1963 1910 2006 hostium

1083 2021 1276 2064 omnium
1294 2021 1474 2064 insidias
1494 2022 1658 2064 invicto
1679 2021 1824 2063 animo
1841 2033 1909 2062 su-

1082 2080 1250 2132 perare.
1276 2079 1362 2120 Per
1381 2079 1629 2121 Dominum.

1138 2136 1180 2169 In
1212 2136 1237 2170 I.
1268 2137 1467 2171 Nocturno
1500 2137 1705 2171 Lectiones
1736 2136 1783 2171 de
1813 2136 1911 2172 Scri-

1083 2189 1194 2226 ptura
1220 2191 1453 2219 occurrente.

1312 2255 1360 2294 In
1381 2255 1431 2294 II.
1454 2255 1676 2295 Nocturno.

1384 2320 1537 2361 Lectio
1558 2321 1612 2360 iv.

1095 2398 1102 2438 j
1132 2397 1185 2435 χχ
1224 2384 1351 2426 ictor
1374 2385 1496 2437 Papa
1522 2384 1696 2434 tertius,
1727 2383 1908 2424 Deside-

1098 2428 1226 2504 *x‘ssy
1257 2441 1347 2482 rius
1360 2443 1491 2482 antea
1501 2440 1656 2491 dictus,
1668 2439 1910 2482 Beneventi

1196 2502 1211 2514 ’·
1232 2517 1235 2520 ’
1257 2497 1455 2550 principe
1465 2497 1628 2538 familia
1637 2501 1776 2546 natus,
1787 2496 1908 2550 apri-

1083 2554 1165 2595 mis
1193 2554 1316 2595 annis
1345 2554 1503 2596 eximia
1528 2553 1693 2606 pietate
1719 2556 1908 2595 morum-

1085 2623 1170 2662 que
1195 2611 1445 2652 innocentia
1468 2609 1693 2663 praefulsit.
1727 2609 1817 2651 Vix
1839 2622 1908 2651 ex-

1084 2669 1182 2709 acta
1202 2665 1501 2709 adolescentia
1518 2667 1715 2708 terrenas
1733 2665 1910 2719 nuptias

1084 2725 1328 2774 aversatus,
1357 2735 1466 2776 quas
1491 2723 1529 2764 ei
1552 2724 1756 2775 parentes
1775 2725 1909 2764 statu-
