2040 2944
775 166 985 202 Commune
1010 165 1298 210 Apostolorum.

215 262 299 311 Qui
316 261 478 314 templa
498 260 598 302 coeli
618 260 831 311 clauditis,

263 318 480 370 Serasque
498 316 634 359 verbo
655 317 834 367 solvitis,

263 375 357 416 Nos
377 387 402 415 a
420 376 545 416 reatu
564 374 720 415 noxios

263 431 383 473 Solvi
401 430 557 482 jubete,
587 433 848 484 quaesumus.

216 501 441 554 Praecepta
459 513 646 553 quorum
663 500 864 553 protinus

263 558 468 609 Languor
488 557 695 609 salusque
714 557 920 599 sentiunt:

262 615 422 656 Sanate
441 618 610 656 mentes
629 613 875 665 languidas,

264 672 436 723 Augete
454 683 536 712 nos
555 670 799 712 virtutibus.

215 741 280 790 Ut,
308 753 407 782 cum
426 740 588 782 redibit
607 739 771 782 arbiter

263 798 315 838 In
334 797 420 839 fine
441 796 641 839 Christus
661 796 820 847 saeculi,

262 854 358 895 Nos
377 853 631 906 sempiterni
649 852 797 904 gaudii

265 910 489 953 Concedat
509 922 605 952 esse
625 911 866 962 compotes.

221 980 341 1030 Patri,
369 979 584 1032 simulque
603 979 726 1030 Filio,

263 1036 452 1089 Tibique
472 1040 622 1078 sancte
642 1035 840 1088 SpirituS,

263 1094 384 1135 Sicut
398 1093 488 1143 fuit,
517 1093 572 1134 sit
587 1093 742 1145 jugiter

264 1150 451 1193 Saeclum
466 1162 545 1203 per
557 1162 685 1191 omne
695 1149 844 1201 gloria.
858 1149 1012 1191 Amen.

237 1205 286 1257 V.
316 1212 366 1252 In
395 1224 570 1254 omnem
597 1215 760 1252 terram
788 1211 921 1252 exivit
945 1223 1012 1252 so-

187 1281 268 1309 nus
288 1269 450 1310 eorum.
470 1267 520 1319 Rv.
542 1268 599 1309 Et
612 1267 657 1308 in
671 1267 780 1310 fines
796 1267 915 1309 orbis
929 1272 1012 1310 161·-

187 1337 248 1366 rae
267 1324 403 1366 verba
422 1326 585 1366 eorum.

241 1385 311 1426 Ad
339 1384 513 1435 Magnis.
542 1385 640 1425 Ant.
676 1384 871 1427 Tradent
899 1384 1013 1426 enim

187 1454 267 1482 vos
294 1440 318 1467 *
345 1441 389 1481 in
417 1441 623 1492 conciliis,
653 1446 696 1483 et
717 1442 762 1482 in
781 1441 1014 1494 synagogis

188 1498 277 1539 suis
296 1497 581 1548 flagellabunt
599 1510 690 1548 vos,
711 1502 755 1540 61
773 1503 873 1540 ante
887 1510 1013 1549 reges

189 1559 232 1596 et
258 1554 472 1607 praesides
497 1554 713 1597 ducemini
738 1560 921 1608 propter
943 1567 1014 1596 me

188 1611 230 1652 in
250 1611 548 1653 testimonium
567 1611 662 1662 illis,
690 1617 734 1654 et
753 1612 979 1654 Gentibus.

296 1681 521 1722 Canticum
541 1680 589 1720 B.
609 1679 758 1721 Mariae
778 1680 897 1732 Virg.

490 1742 605 1776 Lucae
623 1741 650 1776 1.
669 1752 698 1776 c.

187 1788 498 1895 Magnifieat
520 1793 544 1820 *
571 1793 714 1835 anima
742 1807 839 1836 mea
864 1794 1013 1841 Domi-

318 1863 437 1891 num:

239 1902 295 1944 Et
320 1902 553 1944 exsultavit
581 1902 759 1955 spiritus
785 1916 908 1946 meus
927 1904 1013 1946 *in

187 1959 284 2000 Deo
306 1959 485 2001 salutari
503 1972 614 2002 11160.

240 2016 350 2066 Quia
369 2016 563 2069 respexit
580 2014 870 2059 humilitatem
885 2018 1013 2059 ancil·

187 2072 242 2113 lae
258 2085 363 2114 suae:
377 2072 401 2099 *
417 2085 520 2115 ecee
540 2073 655 2115 enim
670 2086 725 2115 ex
738 2073 823 2116 hoc
837 2074 1013 2117 beatam

187 2142 256 2170 me
276 2129 424 2171 dicent
444 2142 596 2172 omnes
615 2131 933 2182 generationes.

240 2186 350 2236 Quia
360 2186 463 2228 fecit
478 2186 583 2227 mihi
598 2199 756 2237 magna
768 2188 842 2240 qui
856 2193 1013 2241 potens

189 2246 267 2283 est:
286 2242 310 2268 *
329 2247 373 2284 et
392 2248 590 2285 sanctum
610 2256 769 2286 nomen
789 2245 889 2297 ejus.

238 2298 295 2340 Et
317 2299 617 2342 misericordia
641 2301 731 2352 ejus
756 2314 781 2342 a
803 2303 1014 2354 progenie

189 2355 232 2395 in
250 2356 482 2407 progenies
501 2356 525 2383 *
544 2356 800 2399 timentibus
821 2371 931 2400 eum.

240 2411 363 2453 Fecit
377 2413 620 2464 potentiam
634 2414 678 2455 in
687 2414 870 2457 brachio
884 2429 980 2457 suo:
990 2418 1014 2444 *

189 2467 395 2519 dispersit
405 2469 620 2522 superbos
627 2475 773 2513 mente
782 2472 927 2514 cordis
936 2473 1014 2514 sui.

240 2524 456 2576 Deposuit
479 2528 684 2578 potentes
703 2528 759 2571 de
779 2528 900 2580 sede,
919 2531 944 2558 *
971 2535 1015 2572 et
1091 2552 1096 2557 ¹

190 2580 398 2623 exaltavit
417 2580 612 2624 humiles.

240 2637 494 2679 Esurientes
521 2638 719 2692 implevit
745 2641 891 2684 bonis:
918 2643 942 2669 *
971 2648 1014 2685 61

192 2693 348 2736 divites
369 2694 533 2738 dimisit
550 2696 712 2739 inanes.

1113 260 1315 313 Suscepit
1339 259 1476 302 Israel
1499 263 1684 314 puerum
1707 274 1845 312 suum,
1863 262 1887 288 *

1063 316 1321 360 recordatus
1340 317 1655 360 misericordiae
1674 331 1776 360 suae.

1115 374 1236 416 Sicut
1262 374 1436 416 locutus
1464 379 1532 416 est
1558 374 1617 416 adv
1638 379 1788 428 patres
1813 387 1888 416 no-

1064 436 1198 529 stros,l
1207 431 1231 457 *
1251 430 1485 482 Abraham,
1503 435 1548 474 61
1564 431 1717 474 semini
1735 432 1825 484 ejus
1843 432 1887 473 in

1064 501 1182 530 saecu
1200 501 1235 530 a.

1116 545 1268 587 Gloria
1286 545 1417 588 Patri.

1116 606 1164 640 Et
1186 604 1372 649 repetitur
1394 604 1632 648 Antiphona.

1115 657 1247 693 Oratio
1265 657 1434 701 propria.

1227 726 1315 768 Ad
1340 725 1727 768 Matutinum.

1118 789 1242 830 Invit.
1269 788 1435 839 Regem
1458 787 1778 841 Apostolorum
1800 788 1888 830 Do-

1063 845 1239 895 minum,
1262 844 1285 869 *
1309 845 1469 887 Venite
1489 845 1736 887 adoremus.

1116 906 1184 946 Ps.
1220 905 1382 957 Venite,
1411 906 1686 949 exsultemus.
1708 907 1746 948 2.

1371 980 1581 1032 Hymnus.

1267 1047 1392 1088 terna
1412 1045 1572 1088 Christi
1591 1049 1782 1096 munera,

1293 1102 1612 1156 Apostolorum
1630 1103 1825 1155 gloriam,

1194 1159 1368 1201 Palmas
1386 1164 1430 1202 et
1448 1159 1635 1212 hymnos
1655 1159 1829 1202 debitos

1193 1216 1330 1258 Laetis
1351 1218 1556 1258 canamus
1575 1216 1805 1259 mentibus.

1145 1281 1443 1323 Ecclesiarum
1461 1281 1699 1335 Principes,

1194 1337 1308 1379 Belli
1326 1337 1614 1390 triumphales
1634 1337 1780 1388 duceS,

1194 1394 1397 1436 Coelestis
1417 1393 1527 1435 aulae
1546 1394 1717 1445 milites,

1196 1451 1253 1493 Et
1272 1463 1376 1493 vera
1393 1450 1547 1493 mundi
1563 1451 1738 1493 lumina.

1144 1515 1318 1557 Devota
1334 1517 1587 1558 sanctorum
1605 1515 1728 1566 fides,

1196 1573 1366 1614 Invicta
1385 1585 1487 1625 spes
1506 1571 1789 1624 credentium,

1197 1629 1399 1671 Perfecta
1417 1628 1579 1671 Christi
1598 1629 1758 1671 caritas

1195 1685 1350 1728 Mundi
1367 1687 1601 1738 tyrannum
1620 1686 1819 1729 conterit.

1148 1752 1196 1792 In
1215 1750 1283 1792 his
1301 1751 1491 1793 Paterna
1509 1751 1659 1803 gloria,
1718 1761 1720 1763 ’

1195 1808 1246 1849 111
1264 1807 1332 1849 his
1349 1807 1591 1861 triumphat
1608 1808 1754 1858 Filius,

1195 1865 1247 1906 In
1265 1864 1332 1906 his
1351 1865 1554 1907 voluntas
1572 1864 1772 1918 Spiritus,

1197 1921 1368 1963 Coelum
1386 1921 1580 1975 repletur
1598 1921 1771 1973 gaudio.

1150 1985 1279 2037 Patri,
1307 1986 1524 2039 simulque
1541 1986 1665 2038 Filio,

1196 2043 1386 2096 Tibique
1406 2048 1556 2086 sancte
1574 2043 1772 2096 Spiritus,

1193 2100 1314 2142 Sicut
1332 2100 1423 2150 fuit,
1452 2100 1509 2142 sit
1527 2101 1682 2152 jugiter

1195 2157 1383 2199 Saeclum
1401 2170 1481 2210 per
1499 2170 1629 2199 omne
1646 2156 1795 2210 gloria.

1427 2214 1580 2256 Amen.

1303 2288 1352 2327 In
1379 2288 1409 2327 I.
1437 2287 1659 2328 Nocturno.

1119 2351 1217 2393 Ant.
1246 2352 1293 2393 In
1319 2365 1493 2394 omnem
1518 2356 1681 2394 terram
1708 2353 1732 2378 *
1760 2353 1893 2394 exivit

1067 2421 1200 2450 sonus
1211 2410 1374 2459 eorum,
1389 2413 1434 2452 et
1445 2409 1489 2450 in
1503 2408 1614 2450 fines
1629 2408 1747 2451 orbis
1762 2414 1892 2451 terrae

1068 2465 1203 2508 verba
1222 2467 1386 2509 eorum.

1341 2523 1538 2565 Psalmus
1557 2524 1614 2565 18.

1185 2588 1259 2630 oeli
1291 2589 1494 2630 enarrant
1523 2586 1708 2637 gloriam
1734 2588 1837 2638 Dei,
1869 2589 1892 2614 *

1070 2682 1078 2698 ,Ι
1198 2649 1241 2686 61
1255 2646 1391 2697 opera
1404 2645 1610 2685 manuum
1626 2645 1716 2696 ejus
1731 2647 1891 2686 annun-

1078 2698 1097 2720 *
1160 2701 1169 2726 ³³*
1196 2701 1276 2744 tiat
1294 2701 1624 2742 firmamentum.
