2040 2944
795 165 970 199 Officium
994 164 1277 198 Defunctorum.

240 268 338 306 Ant.
364 262 535 304 Delicta
557 259 791 313 juventutis
813 271 938 308 meae,
963 262 1006 299 et

183 319 450 370 ignorantias
495 330 615 360 meas
658 329 714 358 ne
757 314 1005 358 memineris

184 376 381 418 Domine.

236 447 334 486 Ant.
372 442 519 485 Credo
547 442 698 484 videre
725 442 749 469 *
776 441 893 482 bona
918 440 1006 481 Do-

183 501 288 543 mini
306 501 349 541 in
367 505 484 542 terra
501 499 749 541 viventium.

448 583 645 623 Psalmus
674 583 738 622 26.

273 657 443 699 eminus
466 655 723 698 illuminatio
744 667 855 704 mea,
880 658 923 695 et
943 666 1006 694 sa-

287 714 354 755 lus
372 726 480 763 mea,
499 713 523 739 *
544 725 674 765 quem
691 709 878 753 timebo?

236 771 450 812 Dominus
470 771 695 822 protector
715 768 818 809 vitae
836 780 961 816 meae,
984 766 1007 792 *

184 841 211 870 a
230 840 316 880 quo
335 825 590 879 trepidabo?

236 885 353 925 Dum
385 882 650 936 apprepiant
677 893 810 933 super
836 892 907 921 me
933 891 1007 920 no-

187 942 345 991 centeS,
364 941 387 966 *
406 945 454 981 ut
473 938 604 981 edant
623 950 775 980 carnes
793 949 924 979 meas.

238 998 322 1047 Qui
348 996 557 1038 tribulant
580 1008 650 1036 me
676 994 837 1035 inimici
858 993 958 1043 mei,
985 993 1009 1019 *

185 1054 270 1107 ipsi
288 1053 495 1095 infirmati
515 1058 624 1102 sunt,
645 1056 688 1093 et
707 1051 968 1093 ceciderunt.

237 1111 282 1152 Si
314 1112 554 1152 consistant
586 1107 818 1151 adversum
844 1120 914 1149 me
942 1119 1008 1148 ca-

187 1172 287 1217 stra,
306 1167 329 1193 *
347 1179 436 1208 non
454 1165 626 1208 timebit
645 1178 721 1207 cor
738 1177 894 1206 meum.

239 1224 284 1265 Si
311 1227 517 1274 exsurgat
543 1221 776 1264 adversum
802 1233 872 1262 me
899 1222 1009 1273 pra'e-

186 1280 302 1331 lium,
321 1281 344 1306 *
364 1281 408 1320 in
426 1280 511 1321 hoc
531 1292 612 1330 ego
634 1278 834 1331 sperabo.

238 1337 379 1379 Unam
402 1336 509 1389 petii
533 1349 559 1376 a
576 1336 784 1384 Domino,
811 1334 923 1375 hanc
946 1345 1008 1374 re-

187 1395 375 1444 quiram,
408 1393 431 1418 *
463 1397 511 1434 ut
538 1391 778 1433 inhabitem
804 1391 849 1431 in
877 1389 1009 1432 domo

187 1450 366 1490 Domini
384 1448 584 1490 emnibus
600 1448 754 1490 diebus
769 1447 872 1488 vitae
886 1459 1011 1488 meae:

238 1507 297 1549 Ut
325 1505 498 1547 videam
525 1505 798 1557 voluptatem
824 1503 1011 1552 Demini,

187 1563 211 1589 *
231 1567 274 1604 et
293 1562 465 1604 visitem
483 1561 695 1614 templum
714 1561 814 1612 ejus.

241 1619 456 1669 Quoniam
476 1617 705 1659 abscendjt
721 1630 791 1659 me
809 1618 854 1657 in
870 1616 1011 1658 taber-

188 1675 345 1717 naculo
365 1688 459 1716 suo:
482 1675 506 1701 *
526 1675 571 1715 111
591 1674 662 1716 die
681 1673 896 1715 maldrum
914 1685 1012 1725 pro-

188 1732 296 1774 texit
313 1745 383 1774 me
402 1732 446 1773 in
465 1729 725 1773 abscendito
744 1729 1014 1772 tabernaculi

190 1789 266 1830 sui.

241 1845 293 1885 In
310 1849 437 1898 petra
456 1844 664 1886 exaltavit
682 1856 767 1884 me:
790 1843 813 1869 *
837 1847 881 1884 et
898 1854 1014 1883 nunc

191 1901 399 1943 exaltavit
419 1906 549 1953 caput
563 1913 710 1942 meum
728 1912 860 1952 super
877 1899 1014 1940 inimi-

192 1970 268 2000 cos
287 1970 421 1999 meos.

245 2014 450 2063 Circuivi,
484 2019 526 2056 et
553 2013 775 2055 immolavi
801 2013 845 2053 in
873 2011 1013 2054 taber-

191 2070 346 2112 naculo
363 2071 453 2122 ejus
470 2070 658 2112 hostiam
676 2068 1014 2111 vociferationis:

190 2126 213 2151 *
238 2127 441 2191 cantabo,
466 2131 509 2168 et
529 2127 746 2179 psalmum
765 2126 908 2167 dicam
925 2125 1013 2166 Do-

190 2196 319 2225 mmo.

242 2239 413 2281 Exaudi
446 2239 634 2281 Demine
671 2252 826 2280 vocem
861 2251 1014 2287 meam,

193 2307 278 2346 qua
297 2296 479 2337 clamavi
497 2296 554 2338 ad
572 2301 631 2337 te:
649 2297 672 2322 *
691 2296 898 2337 miserere
916 2294 1013 2344 mei,

193 2355 237 2391 et
255 2351 413 2393 exaudi
430 2365 510 2394 me.

244 2407 343 2448 Tibi
363 2408 471 2450 dixit
495 2421 571 2450 cor
594 2421 754 2458 meum,
780 2407 1015 2461 exquisivit

192 2467 236 2504 te
260 2463 393 2505 facies
419 2477 530 2505 mea:
555 2465 579 2490 *
603 2465 758 2506 faciem
783 2470 903 2506 tuam
926 2465 1014 2505 Do-

192 2519 307 2560 mine
326 2523 553 2572 requiram.

243 2576 311 2618 Ne
336 2578 506 2618 avertas
529 2577 684 2619 faciem
701 2583 821 2619 tuam
840 2590 866 2618 a
883 2589 967 2618 me:
990 2577 1013 2602 *

194 2645 247 2674 ne
268 2631 458 2674 declines
477 2633 521 2673 in
538 2634 602 2674 ira
621 2647 646 2674 a
665 2647 791 2675 servo
810 2639 900 2675 tuo.

244 2687 430 2740 Adiutor
449 2702 571 2731 meus
591 2694 700 2731 esto:
718 2690 742 2716 *
760 2703 815 2731 ne
835 2688 1014 2732 derelin-

1060 271 1168 310 quas
1186 270 1268 307 me,
1286 269 1428 309 neque
1444 256 1660 309 despicias
1675 268 1745 297 me
1759 255 1880 296 Deus

1058 314 1260 356 salutaris
1278 326 1413 356 meus.

1111 375 1328 426 Quoniam
1354 379 1481 427 pater
1507 386 1647 424 meus,
1676 377 1720 415 et
1741 376 1881 414 mater

1058 445 1156 474 mea
1175 431 1502 484 dereliquerunt
1518 443 1604 472 me:
1627 430 1650 456 *
1669 428 1881 470 Dominus

1059 494 1205 531 autem
1225 487 1462 540 assumpsit
1479 500 1560 528 me.

1110 550 1274 602 Legem
1291 561 1409 602 pone
1426 547 1531 589 mihi
1544 547 1732 589 Demine
1749 546 1794 587 in
1811 545 1883 588 via

1059 611 1148 648 tua:
1170 607 1194 633 *
1219 611 1262 648 et
1285 605 1421 657 dirige
1444 617 1515 647 me
1536 605 1581 645 in
1601 603 1800 645 semitam
1818 614 1882 644 re-

1061 669 1176 706 ctam
1194 668 1376 716 propter
1394 662 1592 703 inimicos
1610 673 1745 702 meos.

1111 725 1179 767 Ne
1203 724 1435 766 tradideris
1458 735 1528 764 me
1551 723 1596 763 in
1621 721 1788 763 animas
1810 720 1883 762 tri-

1060 781 1301 823 bulantium
1319 794 1403 823 me:
1421 781 1445 806 *
1471 779 1675 832 quoniam
1697 778 1882 819 insurre-

1060 839 1216 879 xerunt
1234 838 1279 878 in
1296 850 1367 879 me
1384 841 1519 879 testes
1537 835 1686 888 iniqui,
1705 838 1750 876 et
1766 846 1883 875 men-

1059 897 1141 936 tita
1160 899 1227 936 est
1245 894 1449 947 iniquitas
1469 893 1561 935 sibi.

1115 955 1258 998 Credo
1283 955 1433 997 videre
1455 954 1573 996 bona
1589 951 1769 994 Demini
1792 951 1817 979 *
1839 950 1885 991 in

1061 1017 1179 1055 terra
1196 1012 1444 1054 viventium.

1111 1074 1332 1127 Exspecta
1340 1073 1588 1122 Deminum,
1599 1070 1780 1113 viriliter
1791 1081 1885 1120 ageÎ‡

1061 1131 1085 1156 *
1102 1135 1146 1172 et
1165 1131 1435 1172 confortetur
1455 1142 1531 1171 cor
1543 1133 1678 1178 tuum,
1699 1131 1742 1169 et
1761 1125 1885 1167 susti-

1061 1200 1116 1229 ne
1134 1187 1381 1228 Dominum.

1114 1249 1329 1301 Requiem
1347 1249 1564 1290 aeternam.

1065 1376 1074 1384 .
1117 1317 1215 1360 Ant.
1243 1318 1387 1384 Credo
1405 1317 1555 1383 videre
1573 1316 1691 1358 bona
1710 1313 1888 1356 Demini

1063 1390 1107 1417 1n
1124 1381 1243 1418 terra
1261 1377 1508 1417 vivent1um.

1116 1434 1165 1485 V.
1202 1439 1400 1481 Collocet
1431 1452 1509 1481 eos
1540 1438 1755 1479 Dominus
1789 1450 1887 1479 cum

1063 1496 1343 1550 principibus.
1391 1497 1440 1536 R.
1479 1495 1588 1537 Cum
1618 1493 1887 1547 principibus

1064 1553 1217 1606 populi
1238 1553 1315 1594 sui.

1122 1618 1248 1661 Pater
1264 1623 1425 1661 noster.
1442 1622 1583 1659 totum
1602 1620 1784 1658 secreto.

1563 1703 1588 1743 J
1591 1701 1647 1744 ob
1666 1703 1724 1743 13.
1745 1701 1783 1742 d.

1590 1783 1784 1833 Quantas
1816 1781 1888 1823 ha-

1212 1840 1297 1882 beo
1330 1840 1585 1892 iniquitates
1621 1843 1664 1880 et
1695 1840 1888 1891 peccata,

1212 1897 1379 1939 scelera
1397 1909 1495 1939 mea
1513 1900 1557 1938 et
1571 1895 1731 1938 delicta
1746 1896 1888 1937 osten-

1166 1705 1319 1746 Lectiv
1338 1704 1390 1745 iv.

1076 1796 1087 1867 1
1105 1783 1392 1847 5>J<2e14sponde
1427 1783 1549 1825 mihi:

1105 1852 1134 1890 Î“
1131 1846 1190 1890 â¹5Î‡

1105 1873 1191 1917 *xe

1068 1955 1122 1996 de
1140 1953 1257 1995 mihi.
1291 1954 1377 1995 Cur
1397 1953 1552 1995 faciem
1570 1956 1690 1994 tuam
1709 1950 1889 1994 abscen-

1067 2010 1150 2060 dis,
1179 2015 1223 2052 et
1248 2010 1474 2052 arbitraris
1498 2022 1567 2051 me
1587 2008 1807 2050 inimicum
1825 2012 1889 2049 tu-

1067 2066 1161 2108 um?
1203 2067 1368 2108 Contra
1400 2066 1566 2115 felium,
1604 2065 1724 2118 quod
1755 2069 1888 2106 vento

1067 2124 1251 2176 rapitur,
1280 2123 1475 2165 ostendis
1498 2122 1741 2175 potentiam
1758 2125 1889 2170 tuam,

1069 2185 1113 2222 et
1153 2180 1358 2232 stipulam
1398 2180 1558 2221 siccam
1596 2177 1890 2232 persequeris:

1068 2236 1222 2278 scribis
1246 2237 1360 2278 enim
1385 2241 1537 2278 contra
1554 2248 1625 2277 me
1644 2233 1889 2276 amaritudi-

1067 2306 1159 2343 nes,
1185 2298 1228 2335 et
1247 2296 1505 2335 consumere
1523 2305 1593 2334 me
1612 2291 1678 2332 vis
1695 2290 1889 2343 peccatis

1068 2349 1376 2392 adolescentiae
1425 2362 1546 2391 meae.
1607 2347 1798 2390 Posuisti
1846 2347 1891 2388 in
1935 2387 1936 2390 ,

1067 2419 1202 2448 nervo
1222 2406 1381 2459 pedem
1398 2419 1558 2454 meum,
1583 2409 1626 2445 et
1646 2403 1891 2446 observasti

1068 2476 1219 2504 omnes
1252 2464 1428 2505 semitas
1459 2474 1614 2511 measâ€ž
1631 2465 1675 2502 et
1707 2460 1891 2511 vestigia

1068 2520 1231 2572 pedum
1258 2522 1456 2561 meorum
1483 2517 1787 2560 considerasti:
1816 2517 1890 2569 qui

1069 2576 1193 2628 quasi
1219 2575 1407 2628 putredo
1435 2573 1756 2616 consumendus
1784 2586 1889 2623 sum,

1069 2640 1111 2674 et
1136 2633 1259 2684 quasi
1281 2632 1603 2681 vestimentum,
1630 2630 1750 2682 quod
1773 2642 1888 2671 com-
1910 2652 1922 2663 Î‡

1068 2689 1211 2730 editur
1229 2701 1254 2729 a
1271 2690 1398 2730 tinea.
