2040 2944
378 176 449 211 Die
477 177 529 210 18.
554 176 652 210 Nov.
700 175 743 208 ln
768 174 901 209 Dedic.
926 174 1045 208 Basil.
1069 173 1126 208 Ss.
1152 174 1289 216 Apost.
1314 172 1418 206 Petri
1444 176 1479 206 et
1503 171 1625 206 Pauli.

144 282 260 319 eum,
286 271 309 294 *
328 268 386 309 Et
414 267 471 310 ad
500 272 653 320 portas
681 266 876 320 paradisi
903 279 974 309 co-

146 324 320 367 ronavit
347 336 458 366 eum.
504 320 554 371 V.
581 322 730 365 Induit
758 335 858 365 eum
881 324 976 364 Dfis

143 380 325 423 loricam
347 380 466 431 fidei,
495 385 539 422 et
562 379 735 421 ornavit
757 392 868 421 eum.
908 379 976 421 Et.

430 454 583 495 Lectio
604 453 690 493 viii.

146 508 294 616 Cum
327 519 443 560 enim
465 518 620 560 volens
652 517 874 559 aedificare
906 530 972 559 ec-

247 575 426 617 clesiam
451 575 497 616 in
523 575 624 617 loco
654 579 776 628 apto,
804 572 977 616 videret

143 645 244 675 eum
275 632 576 684 angustiorem
608 643 707 673 esse
740 643 873 683 quam
905 643 976 672 res

144 688 366 740 exigebat,
403 700 456 730 eo
491 687 613 740 quod
645 700 700 729 ex
732 699 819 728 una
848 691 977 739 parte

142 758 253 798 rupe
267 745 412 793 maris,
432 756 487 786 ex
507 743 591 785 alia
605 748 755 785 monte
771 744 976 796 proximo

144 803 453 851 coarctaretur,
467 800 589 842 venit
602 805 734 842 nocte
748 799 806 841 ad
820 799 977 850 locum,

144 862 189 899 et
212 856 396 908 genibus
422 857 549 898 flexis
574 856 803 898 admonuit
827 856 976 896 Domi-

144 927 249 955 num
264 912 572 967 promissionis
591 925 694 962 suae,
713 917 762 954 ut
780 917 978 954 montem

144 970 317 1021 longius
343 970 464 1022 juxta
490 969 626 1011 fidem
652 969 844 1022 petentis
878 971 976 1019 age-

144 1031 222 1068 ret.
257 1026 315 1068 Et
338 1038 468 1067 mane
491 1026 609 1067 facto
634 1027 839 1067 reversus
861 1025 977 1066 inve-

143 1083 207 1125 nit
225 1088 422 1125 montem
439 1087 611 1124 tantum
631 1082 762 1135 spatii
780 1082 977 1133 reliquis-

145 1152 193 1181 se
213 1139 507 1181 structoribus
530 1138 740 1189 ecclesiae,
768 1143 979 1191 quantum

146 1209 260 1248 opus
279 1195 536 1237 habuerant.
569 1195 752 1236 Poterat
769 1207 875 1246 ergo
895 1194 977 1244 hic,

144 1254 322 1305 poterat
347 1251 458 1293 alius
485 1251 583 1303 quis
611 1250 807 1302 ejusdem
835 1250 979 1293 meriti

144 1308 220 1358 vir,
249 1309 287 1350 si
310 1307 622 1360 opportunitas
648 1309 877 1358 exegisset,
900 1308 977 1348 im-

144 1367 322 1417 petrare
344 1377 370 1406 a
388 1363 581 1406 Domino
605 1363 764 1406 merito
788 1363 905 1414 fidei,
930 1369 979 1405 ut

146 1421 278 1462 etiam
302 1433 429 1463 mons
455 1419 686 1463 tolleretur
715 1425 759 1462 et
785 1420 977 1462 mittere-

144 1482 216 1519 tur
231 1477 277 1518 in
294 1490 426 1519 mare.

199 1541 250 1593 R.
265 1542 360 1584 Sint
373 1542 512 1584 lumbi
525 1541 662 1583 vestri
676 1542 916 1594 praecincti,
935 1547 979 1584 et

144 1599 336 1641 lucernae
369 1598 576 1640 ardentes
606 1598 651 1639 in
678 1598 880 1639 manibus
907 1611 977 1640 ve-

145 1656 263 1697 stris:
294 1654 317 1677 *
342 1655 399 1696 Et
425 1667 508 1696 vos
536 1654 700 1696 similes
727 1653 979 1696 hominibus

147 1711 506 1764 exspectantibus
561 1709 787 1752 dominum
841 1723 979 1761 suum,

147 1766 324 1820 quando
339 1768 589 1808 revertatur
603 1779 629 1808 a
643 1766 821 1819 nuptiis.
841 1759 892 1811 V.
902 1767 978 1808 Vi-

1027 265 1271 308 infidelium
1288 266 1510 308 mentibus
1530 265 1754 307 vesaniam
1769 278 1861 306 suae

1028 322 1273 374 tyrannidis
1292 324 1499 364 exercere
1516 322 1797 375 permittitur.

1087 380 1148 420 Te
1167 379 1311 420 Deum
1328 378 1571 420 laudamus.
1589 379 1649 419 14.

1085 439 1202 483 Vesp.
1227 440 1274 474 de
1297 449 1402 483 sequ.
1422 450 1507 473 cum
1525 448 1721 473 commem.
1747 447 1862 480 praec.

1216 534 1299 575 Die
1318 535 1377 574 18.
1396 533 1675 575 Novembris.

1267 604 1317 643 In
1338 603 1628 645 Dedicatione

1091 663 1378 704 Basilicarum
1399 664 1461 705 Ss.
1482 665 1803 716 Apostolorum

1250 726 1388 767 Petri
1420 730 1464 766 et
1491 726 1645 766 Pauli.

1366 789 1533 833 Duplex.

1088 846 1226 881 Omnia
1264 847 1311 881 de
1350 847 1557 882 Communi
1595 847 1864 881 Dedicationis

1032 894 1220 929 Ecclesiae
1243 894 1348 938 [112]‚
1376 900 1518 938 praeter
1542 896 1753 939 sequentia.

1084 953 1129 987 In
1152 953 1179 987 Ι.
1204 953 1321 997 Vesp.
1346 955 1387 989 fit
1412 965 1609 989 commem.
1635 955 1799 998 praeced.

1085 1006 1185 1047 Ant.
1219 1005 1397 1046 Amavit
1424 1016 1525 1045 eum
1551 1004 1786 1054 Dominus,
1819 1009 1863 1046 et

1031 1061 1205 1103 ornavit
1228 1074 1339 1111 eum,
1364 1060 1523 1102 stolam
1545 1060 1699 1111 gloriae
1722 1060 1863 1102 induit

1031 1131 1146 1159 eum:
1175 1122 1220 1159 et
1248 1115 1305 1158 ad
1331 1121 1486 1170 portas
1513 1116 1710 1168 paradisi
1737 1129 1861 1158 coro-

1031 1174 1152 1215 navit
1180 1186 1291 1215 eum.

1086 1229 1137 1281 V.
1151 1235 1177 1275 J
1178 1239 1327 1275 ustum
1346 1232 1532 1275 deduxit
1548 1233 1764 1274 Dominus
1782 1247 1863 1286 per

1031 1291 1125 1332 vias
1143 1295 1298 1332 rectas.
1338 1291 1389 1342 R.
1413 1289 1470 1331 Et
1496 1288 1776 1331 ostendit-illi
1799 1303 1862 1331 re-

1031 1360 1165 1399 gnum
1183 1346 1278 1388 Dei.

1087 1407 1252 1448 Oratio.
1280 1408 1359 1456 Da,
1380 1406 1645 1458 quaesumus.
1668 1406 1762 1447 437.

1271 1485 1321 1524 In
1348 1485 1378 1524 I.
1406 1484 1630 1523 Nocturno.

1034 1550 1102 1591 De
1124 1549 1238 1591 libro
1257 1549 1555 1602 Apocalypsis
1575 1548 1696 1590 beati
1713 1549 1738 1589 J
1741 1549 1864 1590 oanis

1339 1605 1561 1659 Apostoli.

1112 1666 1265 1707 Lectio
1286 1667 1309 1706 i.
1561 1666 1664 1716 Cap.
1679 1666 1737 1704 21.
1754 1678 1787 1705 e.

1038 1731 1165 1768 *D
1190 1731 1285 1768 erat
1308 1728 1530 1767 structura
1552 1727 1665 1766 muri
1691 1726 1782 1777 ejus
1809 1739 1864 1767 ex

1039 1794 1045 1808 ‘¹
1066 1770 1093 1826 ῖῗῖ,
1105 1761 1142 1832 31
1163 1782 1313 1835 lapide
1339 1781 1525 1835 jaspide:
1550 1782 1647 1833 ipsa
1675 1794 1781 1822 vero
1807 1784 1862 1822 ci-

146 1823 282 1875 gilate
303 1836 421 1874 ergo,
443 1823 546 1876 quia
564 1822 743 1864 nescitis
764 1835 850 1874 qua
868 1822 979 1864 hora
1039 1827 1042 1831 ’

147 1880 364 1921 Dominus
391 1885 539 1921 vester
565 1882 776 1921 venturus
804 1879 871 1920 sit.
911 1879 979 1921 Et.

149 1935 301 1978 Gloria
318 1936 451 1978 Patri.
478 1935 546 1978 Et.

447 2004 600 2044 Lectio
619 2003 673 2043 ix.

149 2062 356 2169 Verum
385 2070 488 2122 quia
505 2070 668 2111 montis
681 2069 858 2110 nomine
874 2081 979 2110 non-

268 2130 508 2179 numquam
535 2125 739 2168 diabolus
765 2125 979 2176 significa-

147 2188 235 2233 tur,
271 2182 478 2224 videlicet
509 2186 695 2234 propter
728 2180 981 2233 superbiam

149 2252 237 2291 qua
255 2251 303 2281 se
322 2244 477 2280 contra
494 2238 639 2279 Deum
658 2237 796 2288 erigit,
820 2242 864 2278 et
883 2249 980 2278 esse

148 2295 243 2337 vult
277 2295 429 2337 similis
466 2293 713 2343 Altissim03
757 2305 885 2334 mons
924 2291 981 2334 ad

148 2353 423 2404 praeceptum
447 2353 610 2400 eorum,
635 2349 709 2401 qui
732 2349 869 2390 fortes
891 2348 980 2390 fide

152 2412 263 2457 sunt,
289 2407 458 2449 tollitur
484 2406 539 2448 de
566 2411 698 2455 terra,
723 2409 768 2446 et
791 2405 836 2445 in
859 2417 982 2445 mare

150 2463 388 2516 projicitur,
407 2476 508 2504 cum
525 2460 872 2514 praedicantibus
886 2473 981 2502 ver-

149 2519 255 2561 bum
287 2519 545 2561 doctoribus
581 2517 762 2566 sanctis,
798 2516 980 2557 immun-

151 2575 234 2616 dus
261 2575 442 2627 spiritus
475 2574 531 2616 ab
565 2577 719 2616 eorum
750 2572 886 2615 corde
917 2585 981 2613 re-

150 2630 338 2683 pellitur,
362 2631 439 2682 qui
461 2629 520 2672 ad
542 2631 679 2671 vitam
699 2634 799 2670 sunt
817 2641 981 2681 praeor-

152 2686 300 2738 dinati,
326 2691 370 2728 et
387 2686 433 2726 in
450 2685 713 2728 turbulentis
733 2687 981 2736 amarisque

1041 1838 1141 1864 ἐξ
1162 1839 1276 1880 vitas
1304 1851 1459 1880 aurum
1485 1837 1698 1879 mundum
1723 1837 1863 1882 simile

1032 1895 1147 1937 vitro
1165 1894 1342 1937 mundo.
1373 1895 1431 1936 Et
1451 1893 1733 1935 fundamenta
1751 1894 1864 1935 muri

1033 1951 1224 1993 civitatis
1253 1951 1373 1992 omni
1398 1950 1549 2003 lapide
1572 1950 1770 2002 pretioso
1797 1962 1863 1991 or-

1031 2010 1145 2049 nata.
1180 2006 1533 2048 Fundamentum
1556 2006 1760 2058 primum,
1786 2006 1863 2057 jas-

1031 2064 1117 2116 pis:
1137 2062 1390 2114 secundum,
1406 2062 1657 2115 sapphirus:
1675 2062 1864 2116 tertium,

1033 2118 1360 2161 chalcedonius:
1369 2123 1583 2171 quartum,
1591 2117 1865 2168 smaragdus:

1034 2176 1249 2228 quintum,
1282 2174 1520 2227 sardonyx:
1553 2178 1743 2224 sextum,
1776 2175 1864 2214 sar-

1034 2231 1146 2273 dius:
1161 2231 1407 2284 septimum,
1423 2229 1731 2282 chrysolithus:
1747 2232 1864 2271 octa-

1033 2301 1153 2337 vum,
1190 2287 1399 2339 beryllus:
1431 2299 1613 2336 nonum,
1645 2286 1865 2338 topazius:

1034 2343 1269 2393 decimum,
1311 2342 1648 2395 chrysoprasus:
1690 2341 1864 2383 undeci-

1033 2413 1169 2448 mum,
1215 2398 1498 2451 hyacinthus:
1544 2397 1865 2446 duodecimum,

1033 2455 1315 2508 amethystus.

1088 2519 1139 2570 R.
1163 2516 1215 2556 In
1235 2514 1514 2558 dedicatione
1536 2514 1691 2567 templi
1710 2513 1864 2556 decan·

1033 2571 1160 2613 tabat
1178 2571 1371 2624 populus
1389 2570 1582 2613 laudem:
1606 2571 1629 2595 *
1648 2571 1706 2612 Et
1723 2570 1768 2611 in
1788 2581 1864 2609 ore

1035 2629 1189 2669 eorum
1238 2626 1380 2668 dulcis
1428 2626 1666 2669 resonabat
1720 2636 1865 2666 sonus.

1037 2679 1090 2731 V.
1104 2683 1308 2725 Fundata
1330 2686 1398 2724 est
1422 2683 1581 2725 domus
1600 2680 1777 2723 Domini
1796 2692 1865 2720 su·
