2040 2944
178 186 279 230 [190]

178 287 222 323 te
242 281 523 334 persolveriS,
551 281 608 322 ad
628 283 854 322 auctorem
872 285 1006 329 tuum,

181 338 255 390 qui
281 343 325 379 te
354 337 409 378 de
436 337 541 378 limo
569 342 700 378 terrae
729 336 1007 385 formaverat,

178 393 422 434 revertaris.
462 392 715 444 Egredienti
741 394 892 443 itaque
920 392 1006 432 ani-

178 461 262 489 mae
303 453 391 489 tuae
430 448 485 490 de
522 450 711 500 corpore
749 447 1008 500 splendidus

180 504 449 554 Angelorum
474 509 615 545 coetus
635 507 854 544 occurrat:
878 502 1009 555 judex

180 559 499 612 Apostolorum
540 559 621 600 tibi
662 561 842 600 senatus
879 558 1008 600 adve-

179 616 285 656 niat:
311 614 648 656 candidatorum
666 614 746 656 tibi
766 614 1010 665 Martyrum

179 670 473 723 triumphator
509 671 727 712 exercitus
760 670 925 712 obviet:
961 670 1008 710 11-

180 727 285 768 liata
315 726 586 767 rutilantium
616 731 661 768 te
697 726 1010 767 Confessorum

180 787 324 823 turma
359 781 614 823 circumdet:
654 781 928 832 iubilantium
962 786 1007 822 10

180 839 410 888 virginum
429 838 590 879 chorus
614 839 817 890 excipiat:
843 842 886 879 et
908 837 1007 879 bea-

179 900 238 935 tae
271 894 428 946 quietis
459 894 502 933 in
535 894 631 934 sinu
658 893 1009 934 Patriarcharum

179 955 224 991 te
252 949 508 1001 complexus
541 951 767 999 astringat:
798 949 915 990 mitis
948 954 1008 990 at-

182 1018 266 1057 que
285 1005 465 1046 festivus
486 1004 647 1046 Christi
664 1005 689 1045 J
692 1017 770 1045 esu
788 1004 868 1046 tibi
887 1006 1010 1056 aspe-

182 1066 278 1102 ctus
311 1062 540 1113 appareat,
583 1060 658 1111 qui
688 1066 733 1101 te
764 1060 877 1101 inter
909 1061 1011 1101 assi-

182 1118 346 1158 stentes
383 1115 466 1157 sibi
499 1116 655 1167 jugiter
690 1116 902 1157 interesse
938 1115 1010 1157 de-

182 1174 341 1213 cernat.
369 1172 552 1221 Ignores
574 1184 702 1212 omne
723 1171 843 1223 quod
862 1171 1012 1213 horret

182 1227 225 1267 in
252 1226 460 1276 tenebris,
494 1226 614 1278 quod
642 1226 798 1268 stridet
824 1227 868 1267 in
894 1228 1012 1268 flam-

182 1283 275 1332 mis,
296 1281 417 1334 quod
434 1282 600 1323 cruciat
613 1282 656 1322 in
671 1282 909 1323 tormentis.
936 1283 1013 1324 Ce-

184 1337 259 1379 dat
277 1337 357 1378 tibi
374 1337 623 1378 teterrimus
644 1339 818 1378 satanas
835 1350 934 1378 cum
949 1351 1013 1378 sa-

183 1392 394 1434 tellitibus
426 1392 531 1432 suis:
562 1392 606 1432 in
639 1392 830 1434 adventu
860 1398 938 1434 tuo
970 1398 1014 1434 te

185 1447 494 1488 comitantibus
504 1447 685 1497 Angelis
697 1451 1015 1501 contremiscat,

186 1508 318 1554 atque
342 1502 386 1542 in
410 1504 586 1543 aeternae
610 1503 753 1543 noctis
780 1502 914 1544 chaos
939 1504 1013 1544 im-

185 1560 311 1599 mane
331 1557 539 1608 diffugiat.
571 1558 791 1609 Exsurgat
808 1559 945 1608 Deus,
972 1565 1016 1600 et

187 1613 453 1666 dissipentur
470 1613 631 1655 inimici
650 1615 755 1665 ejus:
775 1620 819 1656 et
838 1615 1015 1666 fugiant,

187 1669 259 1721 qui
280 1668 467 1710 oderunt
486 1682 600 1719 eum,
619 1682 645 1710 a
663 1670 774 1711 facie
793 1671 895 1723 ejus.
928 1671 1014 1712 Sic-

186 1730 233 1766 ut
265 1724 413 1765 deficit
442 1724 602 1774 fumus,
644 1725 862 1768 deficiant:
903 1726 1015 1768 sicut

186 1780 279 1821 fluit
299 1792 400 1821 cera
419 1792 445 1821 a
463 1780 574 1822 facie
592 1781 720 1834 ignis,
746 1781 808 1823 sic
833 1784 1015 1834 pereant

184 1837 442 1887 peccatores
462 1848 488 1876 a
504 1835 615 1877 facie
629 1837 727 1877 Dei:
747 1842 790 1878 et
804 1838 903 1888 justi
920 1850 1015 1890 epu·

184 1891 342 1940 lentur,
375 1896 419 1932 et
451 1891 668 1933 exsultent
698 1892 743 1932 in
775 1894 1015 1945 conspectu

185 1946 279 1987 Dei.
320 1945 651 1988 Confundantur
682 1948 813 1998 igitur
845 1954 889 1989 et
921 1961 1013 1989 eru-

184 2001 366 2043 bescant
394 2014 546 2042 omnes
572 2005 776 2044 tartareae
808 2003 1014 2054 legiones,

187 2062 230 2098 et
247 2057 432 2098 ministri
452 2059 616 2098 satanae
639 2058 722 2100 iter
739 2064 863 2110 tuum
880 2059 1014 2112 impe-

187 2112 279 2153 dire
299 2125 387 2153 non
403 2112 603 2154 audeant.
627 2113 806 2155 Liberet
818 2119 864 2156 te
881 2127 906 2155 a
921 2127 1013 2155 cru-

187 2167 302 2209 ciatu
333 2167 546 2217 Christus,
575 2169 649 2220 qui
672 2182 755 2220 pro
778 2174 823 2210 te
848 2170 1013 2210 crucifi-

188 2235 269 2263 xus
284 2228 361 2264 est.
388 2223 566 2265 Liberet
584 2229 629 2265 10
648 2224 702 2265 ab
725 2226 888 2266 aeterna
903 2238 1015 2266 mor-

186 2282 230 2318 te
251 2277 458 2327 Christus,
479 2279 553 2330 qui
571 2292 654 2331 pro
674 2285 718 2321 10
737 2281 848 2321 mori
867 2280 1014 2331 digna-

189 2337 260 2372 tus
302 2338 378 2374 est.
444 2334 690 2376 Constituat
731 2340 775 2376 10
818 2335 1015 2377 Christus

187 2387 321 2428 Filius
354 2388 437 2429 Dei
470 2389 556 2429 vivi
584 2389 696 2431 intra
723 2390 916 2442 paradisi
949 2391 1016 2431 sui

189 2455 361 2494 semper
394 2447 565 2485 amcbna
597 2445 794 2494 virentia,
827 2452 870 2487 et
904 2446 1016 2488 inter

188 2509 294 2538 oves
326 2510 427 2538 suas
458 2505 502 2540 te
521 2512 649 2541 verus
674 2501 746 2542 ille
764 2502 923 2542 Pastor
946 2514 1015 2552 ag-

186 2554 351 2594 noscat.
401 2553 481 2594 Ille
512 2554 566 2595 ab
597 2556 798 2597 omnibus
821 2557 1015 2608 peccatis

187 2607 274 2648 tuis
300 2613 345 2649 te
373 2608 588 2658 absolvat,
623 2617 755 2662 atque
783 2611 840 2652 ad
868 2612 1014 2653 dexte-

188 2676 281 2704 ram
321 2676 445 2704 suam
485 2664 528 2704 in
565 2665 802 2708 electorum
838 2669 1017 2709 suorum

696 189 798 222 Ordo
825 186 1183 221 Commendationis
1207 185 1368 220 Animae.

1058 285 1103 322 te
1122 284 1242 321 sorte
1262 280 1510 320 constituat.
1543 277 1891 329 Redemptorem

1059 341 1182 377 tuum
1214 334 1325 375 facie
1358 334 1415 375 ad
1451 333 1608 375 faciem
1637 332 1807 382 videaS‚
1848 336 1892 374 et

1060 403 1257 443 praesens
1278 402 1452 442 semper
1471 391 1698 438 assistens,
1715 387 1891 429 manife-

1060 447 1296 488 stissimam
1324 445 1482 487 ’beatis
1526 444 1664 486 oculis
1705 443 1892 496 aspicias

1061 503 1301 544 veritatem.
1334 501 1609 543 Constitutus
1632 500 1762 551 igitur
1779 500 1892 541 inter

1061 558 1234 608 agmina
1266 558 1522 607 Beatorum,
1562 555 1892 608 contemplatio-

1061 614 1128 654 nis
1168 613 1328 655 divinae
1366 612 1598 654 dulcedine
1634 610 1818 664 potiaris
1849 610 1893 650 in

1064 669 1227 710 saecula
1245 668 1518 710 saeculorum.

1112 729 1163 778 Rv.
1193 724 1346 765 Amen.

1397 782 1561 822 Oratio.

1134 837 1287 888 uscipe
1306 835 1494 877 Domine
1516 847 1693 876 servum
1709 838 1834 875 tuum
1851 833 1895 873 in

1150 891 1297 933 locum
1325 891 1556 944 sperandae
1585 890 1668 932 sibi
1693 889 1895 930 salvatio-

1065 947 1131 987 nis
1150 960 1175 988 a
1194 947 1495 989 misericordia
1513 952 1599 988 tua.
1625 951 1675 1002 R.
1699 945 1852 986 Amen.

1115 1003 1278 1044 Libera
1291 1003 1480 1044 Domine
1500 1002 1688 1043 animam
1705 1000 1821 1042 servi
1833 1000 1897 1042 tui

1067 1072 1121 1100 ex
1140 1059 1342 1100 omnibus
1361 1058 1568 1111 periculis
1587 1057 1757 1106 inferni,
1777 1061 1822 1098 01
1841 1055 1897 1098 de

1065 1114 1235 1166 laqueis
1263 1117 1511 1167 poenarum,
1540 1119 1584 1155 01
1612 1126 1668 1155 ex
1696 1111 1897 1154 omnibus

1065 1169 1430 1212 tribulationibus.
1455 1172 1505 1223 Rz.
1531 1169 1684 1210 Amen.

1115 1225 1279 1267 Libera
1318 1226 1507 1267 Domine
1551 1224 1739 1266 animam
1783 1223 1898 1264 servi

1065 1281 1140 1330 tui,
1160 1281 1272 1322 810111
1285 1281 1482 1323 liberasti
1494 1279 1683 1321 Henoch
1697 1284 1741 1320 et
1754 1278 1896 1319 Eliam

1068 1336 1122 1377 de
1143 1337 1362 1378 communi
1380 1341 1523 1377 morte
1541 1334 1702 1376 mundi.

1116 1395 1167 1446 152.
1194 1392 1347 1433 Amen.

1117 1447 1279 1489 Libera
1320 1447 1508 1488 Domine
1552 1447 1740 1487 animam
1784 1445 1899 1486 servi

1066 1503 1145 1553 tui,
1173 1503 1285 1544 sicut
1308 1502 1506 1550 liberasti
1522 1502 1621 1543 Noe
1647 1501 1703 1543 de
1723 1500 1899 1542 diluvio.

1117 1561 1168 1611 Rv.
1198 1559 1351 1600 Amen.

1116 1614 1280 1655 Libera
1319 1614 1508 1655 Domine
1554 1613 1743 1654 animam
1785 1611 1899 1653 servi

1067 1670 1145 1719 tui,
1171 1670 1284 1711 sicut
1302 1669 1499 1711 liberasti
1519 1668 1744 1711 Abraham
1763 1667 1819 1709 de
1838 1667 1900 1709 Ur

1069 1725 1391 1767 Chaldaeorum.
1418 1728 1466 1776 R.
1489 1725 1642 1766 Amen.

1116 1781 1279 1822 Libera
1319 1781 1508 1822 Domine
1553 1780 1742 1821 animam
1785 1778 1900 1820 servi

1067 1837 1147 1886 tui,
1176 1836 1289 1877 sicut
1315 1835 1512 1878 liberasti
1536 1836 1561 1877 J
1563 1835 1621 1878 ob
1650 1835 1707 1877 de
1733 1835 1900 1887 passio-

1068 1892 1195 1934 nibus
1215 1892 1315 1932 suis.
1344 1894 1393 1944 Ru
1418 1892 1572 1934 Amen.

1120 1947 1280 1989 Libera
1321 1948 1508 1989 Domine
1554 1947 1742 1988 animam
1785 1946 1901 1988 servi

1068 2004 1149 2052 tui,
1176 2004 1288 2045 sicut
1310 2003 1507 2045 liberasti
1525 2003 1652 2044 Isaac
1677 2002 1732 2044 de
1755 2001 1900 2043 hostia

1069 2064 1113 2100 et
1133 2058 1188 2100 de
1207 2071 1338 2099 manu
1356 2059 1493 2110 patris
1514 2059 1581 2099 sui
1600 2057 1803 2100 Abrahae.

1126 2118 1171 2167 Ka
1191 2114 1342 2155 Amen.

1118 2169 1279 2210 Libera
1319 2170 1507 2210 Domine
1553 2169 1740 2210 animam
1786 2168 1900 2209 servi

1068 2225 1146 2274 tui,
1170 2225 1282 2266 sicut
1300 2225 1496 2266 liberasti
1513 2225 1599 2266 Lot
1615 2224 1670 2266 de
1684 2222 1899 2273 Sodomis,

1069 2286 1113 2321 01
1136 2280 1190 2321 de
1211 2280 1385 2321 flamma
1406 2280 1527 2331 ignis.
1552 2282 1602 2332 R.
1625 2279 1777 2319 Amen.

1120 2335 1282 2376 Libera
1321 2336 1508 2377 Domine
1554 2335 1741 2376 animam
1785 2334 1900 2375 servi

1067 2391 1146 2440 tui,
1175 2391 1287 2433 sicut
1310 2390 1506 2432 liberasti
1527 2390 1711 2442 Moysen
1736 2389 1791 2431 de
1813 2402 1899 2433 ma-

1068 2460 1126 2487 nu
1144 2446 1384 2488 Pharaonis
1404 2446 1519 2497 regis
1536 2445 1858 2497 AEgyptiorum.

1122 2503 1172 2553 R'·
1192 2502 1344 2543 Amen.

1121 2557 1283 2599 Libera
1324 2557 1511 2598 Domine
1556 2555 1743 2597 animam
1785 2557 1900 2598 servi

1068 2613 1147 2662 tui,
1194 2613 1306 2654 sicut
1342 2612 1539 2654 liberasti
1575 2611 1804 2653 Danielem
1843 2612 1898 2654 de

1067 2668 1167 2709 lacu
1186 2669 1373 2710 leonum.
1398 2668 1450 2719 Rz.
1470 2667 1622 2708 Amen.
