2040 2944
520 175 592 210 Die
615 176 667 210 21.
694 176 772 211 Oct.
820 178 877 212 Ss.
902 178 1055 213 Ursulae
1081 186 1117 215 et
1141 181 1225 215 Soc.
1251 182 1354 226 Virg.
1381 188 1416 217 et
1440 183 1525 218 Mm.

169 284 269 324 quae
293 273 464 313 ceteras
488 270 751 313 hortabatur
774 272 928 323 secias‚
955 275 999 314 ό-

166 327 283 369 mnia
304 328 454 380 petius
474 326 621 368 subire
635 329 868 378 tormenta,
886 342 999 370 mor-

166 386 344 436 temque
356 383 707 426 crudelissimam
718 383 853 434 obire,
870 398 1000 436 quam

166 440 391 505 virginalis
428 439 656 493 pudicitiae
689 438 1000 483 detrimentum

199 502 271 539 ati.

166 510 195 550 p
218 562 270 614 Rc,
305 561 496 614 Propter
516 554 771 611 veritatem,
805 566 850 603 et
881 575 999 603 man-

106 614 109 617 ’
167 617 461 667 suetudinem,
489 623 532 659 et
555 617 780 669 justitiam,
800 622 823 645 *
850 618 908 659 Et
927 618 999 660 de-

167 673 300 716 ducet
331 679 376 716 te
412 673 669 715 mirabiliter
700 673 882 715 dextera
914 680 1000 716 tua.

165 726 216 778 V.
234 730 391 783 Specie
410 735 496 779 tua,
517 734 561 772 et
579 729 905 782 pulchritudine
924 735 1000 772 tua

166 786 362 838 intende,
387 789 604 840 prespere
629 786 839 839 procede,
866 792 910 828 et
935 800 999 829 re-

166 855 261 894 gna.
287 843 345 885 Et
365 842 566 885 deducet.

474 917 627 960 Lectio
647 932 685 958 v.

167 977 316 1085 Cum
329 981 477 1023 nobile
487 980 575 1023 hoc
584 981 828 1033 virgineum
844 995 999 1034 agmen

271 1037 629 1080 constantissime
665 1038 839 1079 Hunnis
876 1039 999 1080 resti-

166 1097 308 1145 tisset,
335 1095 499 1147 partim
529 1093 585 1135 ab
611 1094 720 1147 ipsis
740 1093 889 1145 gladio
913 1100 999 1136 tru-

165 1150 343 1200 cidatae,
375 1150 536 1203 partim
564 1150 735 1201 sagittis
762 1151 999 1201 transfixae,

164 1205 326 1259 partim
361 1206 562 1248 vectibus
605 1209 803 1248 contusae
839 1211 998 1260 marty-

166 1263 279 1304 rium
303 1265 674 1305 consummarunt.
704 1263 867 1305 Ursula
892 1277 998 1306 vero

166 1332 300 1372 super
328 1319 538 1361 comitum
562 1321 742 1361 suarum
767 1319 886 1362 velut
913 1333 997 1362 coe-

163 1375 339 1418 lestium
349 1376 683 1427 margaritarum
695 1378 901 1418 acervum
915 1377 1000 1428 glo-

163 1432 282 1474 riosa
301 1432 478 1474 victima
501 1433 810 1485 procumbens,
835 1436 997 1486 purpu-

163 1501 212 1530 ra
230 1501 313 1542 pro
332 1489 422 1531 fide
442 1493 486 1531 et
506 1489 709 1531 castitate
728 1489 813 1530 fusi
827 1491 998 1539 sangui-

163 1545 231 1586 nis
269 1545 498 1594 decorata,
535 1545 777 1587 exercitum
813 1547 998 1597 geminis

163 1602 428 1653 virginitatis
465 1607 509 1644 et
545 1601 650 1643 fidei
688 1602 862 1644 corenis
898 1602 997 1643 insi-

163 1670 294 1710 gnem
316 1658 360 1699 in
381 1658 543 1701 coelum
564 1658 840 1711 trifimphans
863 1658 996 1700 intro-

165 1714 301 1757 duxit.
341 1716 587 1768 Postquam
615 1728 723 1757 vero
752 1727 871 1756 saeva
899 1715 996 1756 bar-

164 1770 374 1827 bararum
392 1771 590 1824 procella
610 1771 806 1821 defluxit,
823 1770 997 1813 Coloni-

165 1828 293 1869 enses
338 1828 599 1881 superstites
630 1828 847 1879 virginum
892 1827 996 1869 alio-

164 1886 350 1935 rumque
370 1884 532 1925 civium
545 1884 788 1936 Martyrum
808 1885 998 1937 corpora

164 1943 214 1980 ut
231 1939 428 1991 pretiosa
446 1942 633 1993 pignora
652 1940 934 1991 collegerunt,
955 1944 998 1981 et

165 2007 336 2037 summo
356 1995 526 2038 honere
546 1996 847 2039 condiderunt.

222 2067 273 2117 Ra
294 2064 500 2108 Dilexisti
530 2067 757 2119 justitiam,
791 2070 835 2108 et
864 2065 998 2107 odisti

164 2120 455 2172 iniquitatem:
490 2123 513 2147 *
534 2123 778 2176 Propterea
802 2122 928 2163 unxit
952 2126 997 2163 te

165 2176 306 2226 Deus,
351 2178 474 2220 Deus
511 2184 633 2230 tuus,
679 2178 779 2221 oleo
819 2178 997 2219 laetitiae.

168 2232 220 2281 V.
240 2233 430 2286 Propter
456 2236 704 2285 veritatem,
730 2240 773 2276 et
799 2246 996 2275 mansue-

166 2287 381 2340 tudinem,
413 2295 457 2332 et
484 2291 704 2343 justitiam.
755 2291 997 2342 Propterea

166 2345 300 2387 unxit.

471 2402 624 2443 Lectio
644 2402 697 2442 vi.

169 2460 243 2565 In
269 2482 375 2521 agro
395 2469 592 2520 virgineo
615 2469 826 2520 sanguine
850 2467 997 2516 rubro,

243 2526 286 2566 in
313 2538 401 2578 quo
429 2538 556 2567 sacra
582 2526 705 2578 quies
731 2523 1009 2575 Martyribus,

168 2581 270 2623 data
306 2582 403 2631 fuit,
443 2582 626 2623 basilica
664 2580 882 2622 aedificata
919 2585 997 2628 est,

167 2638 251 2688 jam
269 2638 416 2679 medio
437 2638 600 2679 saeculo
621 2637 809 2689 septimo
830 2637 996 2676 sancta-

167 2705 262 2734 rum
290 2694 520 2745 Virginum
553 2693 690 2742 dicta,
723 2692 780 2733 ob
813 2703 996 2743 quarum

1051 274 1341 316 reverentiam
1367 274 1534 315 nullum
1566 275 1723 315 exinde
1755 274 1882 316 cada-

1052 342 1129 371 ver
1168 329 1406 371 humanum
1450 331 1538 372 illic
1574 330 1882 372 tumulabatur.

1052 387 1161 437 Quae
1207 387 1369 428 saeculo
1410 400 1527 428 nono
1568 388 1882 429 monasterium

1058 442 1189 494 facta,
1222 443 1344 485 initio
1384 443 1542 484 decimi
1573 443 1786 484 moniales
1824 444 1881 485 ob

1051 504 1217 540 metum
1242 500 1553 550 Hungar6rum
1578 500 1789 552 prefugas
1817 513 1881 541 re-

1053 556 1183 608 cepit,
1210 569 1384 608 semper
1410 556 1464 597 ab
1491 556 1666 608 inclytae
1692 556 1882 598 civitatis

1051 612 1315 664 praesulibus
1328 612 1566 653 liberaliter
1582 612 1735 653 dotata
1751 617 1795 654 et
1809 613 1882 665 pie

1052 668 1239 710 visitata.
1293 668 1632 720 Conspiciuntur
1665 681 1805 720 usque
1838 669 1882 708 in

1052 724 1167 765 hunc
1196 725 1313 765 diem
1342 724 1541 765 ecclesiae
1569 736 1687 776 saepe
1716 729 1881 765 restau-

1051 783 1158 821 ratae
1182 781 1295 821 muri
1313 781 1557 832 Martyrum
1580 780 1736 821 leculis
1760 779 1882 822 undi-

1056 849 1140 888 que
1165 837 1376 886 exornati,
1404 835 1508 878 dum
1526 837 1664 888 major
1682 836 1881 888 reliquia-

1053 906 1150 933 rum
1181 906 1285 945 pars
1317 893 1431 934 intra
1463 892 1587 933 chori
1615 895 1806 944 parietes
1839 898 1883 934 et

1053 949 1133 990 sub
1158 949 1410 1001 pavimento
1434 949 1622 998 latitant3
1649 951 1883 990 cernuntur

1051 1005 1095 1045 in
1113 1005 1317 1057 proximo
1341 1005 1534 1046 oratorio
1554 1005 1781 1045 innumera
1800 1007 1881 1046 vir-

1051 1062 1200 1112 ginum
1237 1061 1399 1113 capita,
1444 1061 1641 1113 martyrii
1686 1061 1882 1111 vestigiis

1051 1118 1212 1169 partim
1244 1118 1463 1168 insignita,
1495 1117 1656 1169 partim
1689 1116 1882 1157 crinibus

1052 1174 1397 1225 sanguinolentis
1434 1178 1563 1214 tecta.
1608 1173 1719 1214 Haec
1756 1185 1882 1213 sacra

1051 1232 1237 1282 pignora
1254 1230 1491 1282 praeteritis
1508 1229 1782 1281 temperibus
1797 1229 1882 1281 piis

1051 1286 1478 1339 peregrinatienibus
1528 1284 1682 1327 fideles
1731 1297 1880 1337 prose-

1053 1344 1179 1395 quuti
1206 1348 1317 1384 sunt.

1106 1415 1156 1465 R.
1181 1408 1433 1451 Afferentur
1451 1407 1574 1458 Regi.
1594 1407 1670 1459 [91]

1271 1500 1319 1538 In
1347 1500 1417 1539 III.
1446 1500 1667 1539 Nocturno.

1054 1565 1206 1607 Lectio
1234 1564 1373 1605 sancti
1391 1563 1616 1613 Evangelii
1642 1561 1882 1604 secundum

1335 1619 1604 1661 Matthaeum.

1131 1683 1282 1723 Lectio
1303 1683 1371 1723 vii.
1622 1684 1723 1734 Cap.
1739 1684 1803 1722 25.

1049 1743 1126 1849 In
1143 1747 1219 1788 illo
1236 1747 1454 1810 tempore:
1472 1744 1595 1785 Dixit
1609 1743 1635 1784 J
1637 1755 1736 1784 esus
1752 1742 1879 1784 disci-

1114 1803 1235 1866 pulis·
1258 1802 1348 1843 suis
1375 1799 1634 1853 parabolam
1662 1799 1878 1839 hanc:S1'-

1049 1860 1151 1901 mile
1176 1859 1258 1900 erit
1281 1870 1463 1908 regnum
1486 1855 1699 1898 coelorum
1725 1854 1878 1896 decem

1049 1914 1300 1966 virginibus
1321 1925 1420 1965 quae
1436 1912 1700 1964 accipientes
1715 1911 1878 1963 lampa-

1050 1971 1128 2014 des
1154 1983 1256 2012 suas
1282 1970 1482 2011 exierunt
1510 1967 1684 2009 Obviam
1712 1979 1878 2019 sponso

1050 2033 1094 2070 et
1112 2039 1299 2080 sponsae.
1328 2025 1385 2066 Et
1402 2024 1581 2075 reliqua.

1166 2108 1357 2151 Homilia
1376 2105 1516 2147 sancti
1534 2104 1765 2155 Augustini

1352 2161 1575 2215 Episcopi.

1127 2232 1244 2266 Serm.
1270 2232 1321 2266 93.
1346 2232 1391 2266 al
1415 2232 1457 2265 >3
1460 2231 1539 2265 ‚de
1564 2231 1667 2264 v·e1b
1694 2230 1802 2264 Dom.

1058 2303 1125 2341 V:
1154 2295 1392 2348 apientium
1416 2291 1644 2345 lampades
1666 2290 1878 2332 ardebant

1056 2366 1149 2436 :22
1171 2350 1552 2454 mara?
1577 2347 1633 2446 ἐξ
1657 2359 1878 2444 aaa.

1049 2465 1204 2516 gloria,
1238 2463 1293 2504 de
1323 2462 1474 2503 intima
1507 2461 1700 2502 caritate.
1740 2457 1877 2499 Arde-

1049 2522 1155 2563 bant
1190 2525 1337 2561 tamen
1371 2523 1415 2559 et
1446 2517 1618 2558 illarum
1650 2516 1876 2556 fatuarum.

1050 2579 1194 2627 Quare
1226 2580 1331 2616 tunc
1363 2571 1598 2615 ardebant?
1645 2571 1754 2621 Quia
1789 2581 1876 2608 non

1051 2633 1232 2674 deerant
1259 2630 1412 2671 laudes
1438 2629 1672 2670 hominum.
1716 2627 1876 2666 Postea

1050 2701 1155 2731 vero
1183 2700 1313 2739 quam
1339 2687 1631 2732 surrexerunt,
1659 2682 1702 2723 id
1729 2685 1807 2729 est,
1832 2679 1875 2719 in

1788 179 1882 224 [297]
1930 192 1931 195 ’
