2040 2944
734 219 846 254 Fcria
871 225 1007 263 quarta
1033 221 1082 254 ad
1108 221 1270 256 Laudes.
1815 226 1860 260 69

200 316 286 357 Pro
317 317 437 358 Conf.
465 318 589 358 Pont.
643 311 695 364 V.
734 315 803 356 Tu
837 329 884 357 es
912 329 976 356 sa-

147 370 303 412 cerdos
327 371 372 411 in
396 373 619 413 aeternum.
653 375 703 426 R.
727 371 977 414 Secundum

146 427 345 469 ordinem
367 427 702 470 Melchisedech.

199 485 286 526 Pro
311 486 505 527 Confess.
524 499 608 527 non
633 487 789 528 Pontis.
816 481 867 533 V.
882 483 977 526 Lex

144 540 229 582 Dei
265 541 355 592 ejus
388 541 432 582 in
465 541 600 583 corde
634 541 784 594 ipsius.
836 545 887 595 R.
921 542 977 583 Et

143 610 230 638 non
256 597 655 650 supplantabuntur
674 611 852 648 gressus
875 599 976 649 ejus.

198 654 284 694 Pro
314 667 398 696 una
425 655 594 696 Sancta.
628 650 679 702 V.
707 654 851 704 Elegit
880 667 975 695 eam

142 710 276 760 DeuS,
301 715 345 752 et
367 710 595 763 praeelegit
617 724 724 752 eam.
766 712 817 763 R.
844 711 895 750 In
915 715 975 751 ta-

142 766 382 808 bernaculo
403 780 483 808 suo
502 767 702 809 habitare
720 767 822 808 facit
843 780 949 808 eam.

506 845 694 872 ..w-.-⁷

399 907 477 948 Ad
506 908 715 949 Laudes.

198 970 298 1011 Ant.
327 969 524 1021 Ammius
545 970 643 1011 luva
660 983 730 1011 me
747 971 770 996 *
786 970 974 1011 Domine

143 1024 198 1066 ab
226 1025 433 1077 injustitia
460 1039 569 1067 mea.

195 1081 264 1121 Ps.
292 1082 510 1123 Miserere.
538 1083 605 1123 49.

200 1138 298 1180 Ant.
339 1140 400 1180 Te
429 1138 568 1180 decet.

412 1204 554 1245 Psalm
564 1219 611 1246 us
640 1207 707 1245 64.

212 1281 291 1328 ”ste
321 1268 450 1310 decet
476 1269 663 1321 hymnus
691 1269 813 1310 Deus
841 1270 885 1310 in
913 1270 973 1311 Si-

147 1330 185 1376 ,1ῑρ
220 1322 259 1384 3²4
293 1337 366 1365 on:
388 1327 412 1352 *
432 1330 476 1367 et
493 1325 573 1367 tibi
595 1324 803 1367 reddetur
823 1331 974 1367 votum

105 1412 109 1422 .
167 1379 174 1384 ⁴
228 1376 258 1404 23²
292 1381 335 1421 in
362 1381 616 1423 Jerusalem.

192 1436 366 1479 Exaudi
385 1438 629 1479 orationem
644 1451 802 1479 meam:
817 1440 841 1465 *
856 1437 913 1479 ad
927 1443 972 1480 te

141 1493 282 1534 omnis
309 1506 412 1535 caro
440 1494 597 1535 veniet.

190 1549 342 1592 Verba
368 1550 617 1603 iniquorum
649 1551 974 1604 praevaluerunt

140 1618 274 1659 super
308 1619 406 1648 nos:
433 1609 457 1634 *
487 1609 530 1649 et
566 1607 866 1660 impietatibus
899 1621 973 1648 no-

141 1663 242 1704 stris
270 1668 319 1704 tu
344 1663 668 1716 propitiaberis.

191 1719 368 1769 Beatus,
390 1732 520 1772 quem
541 1719 720 1771 elegisti,
745 1726 788 1762 et
809 1734 972 1762 assum-

139 1776 285 1828 psisti:
309 1778 336 1803 '⁸¹
364 1775 695 1818 inhabitabit'in
725 1777 845 1818 atriis
875 1778 973 1819 tuis.

191 1831 479 1884 Replebimur
493 1833 537 1873 in
551 1832 679 1874 bonis
695 1832 853 1874 domus
869 1838 972 1875 tuae:

139 1889 163 1915 *
180 1893 386 1934 ,sanctum
411 1894 479 1930 est
502 1889 717 1942 templum
740 1895 874 1940 tuum,
896 1891 971 1930 mi-

139 1944 277 1986 rabile
305 1945 349 1985 in
376 1945 595 1998 aequitate.

189 2001 363 2043 Exaudi
396 2015 478 2043 nos
510 2002 632 2044 Deus
666 2003 869 2045 salutaris
897 2017 971 2045 no-

140 2062 240 2108 ster,
266 2059 290 2085 *
308 2070 411 2110 spes
438 2058 630 2099 omnium
655 2059 805 2100 finium
830 2065 971 2109 terrae,

141 2118 187 2165 et
211 2114 255 2154 in
281 2115 391 2156 mari
412 2114 559 2172 longe.

191 2171 452 2223 praeparans
497 2177 670 2213 montes
722 2173 766 2213 in
810 2173 971 2215 virtute

138 2231 224 2276 tua,
249 2228 471 2268 accinctus
495 2229 708 2280 potentia:
729 2230 753 2255 *
774 2229 847 2281 qui
871 2242 970 2270 con-

139 2283 292 2324 turbas
332 2283 599 2335 profundum
638 2284 772 2326 maris
816 2298 971 2326 sonum

140 2339 351 2380 fluctuum
381 2340 483 2391 ejus.

191 2395 506 2437 Turbabuntur
542 2395 724 2445 GenteS,
767 2402 810 2438 et
850 2398 970 2438 time-

139 2451 249 2493 bunt
265 2452 339 2503 qui
355 2451 554 2493 habitant
567 2453 778 2494 terminos
795 2466 820 2494 a
836 2454 970 2503 signis

138 2508 240 2548 tuis:
266 2510 290 2535 *
315 2508 456 2550 exitus
475 2509 685 2558 matutini,
715 2513 759 2550 et
786 2511 970 2561 vespere

140 2563 393 2605 delectabis.

191 2619 393 2662 Visitasti
433 2626 614 2670 terram,
662 2626 706 2662 et
745 2620 970 2662 inebriasti

141 2687 254 2715 eam:
295 2678 318 2703 *
358 2677 659 2729 multiplicasti
700 2677 970 2729 locupletare

141 2743 249 2772 eam.

1082 315 1265 357 Flumen
1284 317 1367 358 Dei
1392 317 1607 370 repletum
1633 325 1700 361 est
1725 320 1859 372 aquis,

1030 373 1197 424 parasti
1220 371 1364 413 cibum
1387 373 1575 415 illerum:
1603 377 1626 402 *
1656 377 1860 428 queniam

1029 428 1090 470 ita
1118 434 1185 470 est
1212 431 1478 481 praeparatio
1507 432 1608 482 ejus.

1081 485 1220 526 Rivos
1263 486 1354 537 ejus
1400 486 1582 537 inebria,
1619 487 1860 540 multiplica

1029 542 1248 591 genimina
1273 543 1378 593 ejus:
1398 543 1483 583 *in
1513 544 1743 585 stillicidiis
1769 545 1859 596 ejus

1030 597 1250 639 laetabitur
1277 600 1534 648 germinans.

1082 654 1327 696 Benedices
1348 658 1523 696 coronae
1549 657 1647 697 anni
1667 656 1858 706 benigni-

1029 711 1132 752 tatis
1166 716 1270 752 tuae:
1307 714 1331 738 *
1368 717 1411 752 et
1448 714 1590 764 campi
1626 714 1689 754 tui
1723 713 1858 765 reple-

1029 766 1190 808 buntur
1218 767 1430 809 ubertate.

1080 823 1373 873 Pinguescent
1400 824 1602 876 speciesa
1630 824 1806 866 deserti:
1835 827 1858 852 *

1029 884 1073 920 et
1097 879 1388 921 exsultatione
1409 880 1544 921 colles
1570 881 1858 930 accingentur.

1080 934 1229 977 Induti
1269 942 1369 978 sunt
1410 939 1567 978 arietes
1612 937 1773 986 evium,
1816 943 1859 979 et

1027 991 1165 1032 valles
1221 991 1507 1034 abundabunt
1554 994 1788 1034 frumento:
1835 996 1857 1020 *

1028 1047 1289 1098 clamabunt,
1306 1050 1465 1090 etenim
1480 1049 1687 1102 hymnum
1703 1049 1857 1091 dicent.

1083 1110 1182 1151 Ant.
1212 1111 1272 1150 Te
1302 1109 1430 1151 decet
1457 1109 1642 1162 hymnus
1667 1111 1788 1152 Deus
1815 1111 1857 1151 in

1027 1164 1142 1206 Sion.

1082 1225 1181 1266 Ant.
1210 1225 1348 1267 Labia
1375 1238 1472 1266 mea
1500 1226 1523 1251 *
1547 1224 1787 1267 laudabunt
1814 1231 1858 1267 te

1027 1280 1069 1320 in
1099 1281 1188 1322 vita
1219 1294 1326 1331 mea,
1355 1282 1476 1322 Deus
1504 1294 1637 1322 meus.

1080 1345 1148 1384 Ps.
1192 1344 1313 1383 Deus
1341 1342 1462 1383 Deus
1486 1355 1620 1383 meus.
1648 1343 1707 1382 15.

1081 1406 1181 1446 Ant.
1210 1403 1423 1453 Deminus
1452 1402 1670 1462 judicabit.

1099 1483 1321 1524 Canticum
1355 1484 1388 1523 A
1398 1499 1503 1525 nme.
1606 1491 1631 1523 l.
1651 1491 1739 1533 ch.
1756 1492 1785 1525 2.

1025 1549 1317 1655 Exsultavit
1336 1566 1413 1594 cor
1432 1567 1577 1596 meum
1597 1554 1639 1594 in
1655 1554 1856 1602 Domino,

1133 1612 1155 1637 *
1183 1616 1226 1652 et
1252 1610 1491 1652 exaltatum
1519 1616 1586 1652 est
1610 1622 1746 1651 cornu
1770 1622 1855 1650 me-

1025 1680 1099 1707 um
1127 1667 1170 1707 in
1198 1667 1295 1707 Deo
1324 1679 1435 1707 meo.

1077 1723 1318 1764 Dilatatum
1354 1728 1421 1764 est
1456 1735 1506 1763 os
1542 1735 1687 1763 meum
1724 1734 1856 1773 super

1025 1779 1223 1820 inimicos
1251 1791 1391 1820 meos:
1408 1780 1431 1806 *
1453 1779 1552 1830 quia
1580 1778 1728 1819 laetata
1757 1791 1853 1818 sum

1025 1836 1069 1876 in
1098 1836 1277 1877 salutari
1303 1840 1392 1877 tuo.

1075 1892 1177 1933 Non
1206 1897 1273 1933 est
1302 1896 1493 1941 sanctus,
1526 1896 1574 1932 ut
1608 1895 1674 1931 est
1706 1890 1853 1930 Dumi-

1024 1962 1120 1990 nus:
1157 1961 1299 2000 neque
1334 1948 1449 1989 enim
1486 1952 1553 1988 est
1588 1946 1697 1987 alius
1731 1951 1853 1987 extra

1023 2010 1078 2054 te,
1106 2006 1130 2031 *
1159 2009 1203 2046 et
1230 2017 1318 2045 non
1346 2009 1413 2046 est
1440 2003 1564 2045 fortis
1593 2003 1705 2044 sicut
1732 2002 1852 2043 Deus

1023 2066 1184 2102 noster.

1075 2117 1223 2158 Nolite
1251 2116 1542 2169 multiplicare
1574 2115 1694 2167 loqui
1723 2113 1851 2155 subli-

1022 2174 1121 2223 mia,
1150 2175 1173 2200 *
1200 2173 1454 2223 gloriantes:

1076 2228 1303 2270 Recedant
1328 2230 1477 2270 vetera
1502 2228 1557 2270 de
1586 2240 1662 2269 ore
1688 2231 1851 2267 vestro:

1025 2285 1125 2337 quia
1152 2285 1274 2326 Deus
1311 2285 1604 2332 scientiarum,
1638 2282 1851 2323 Dominus

1024 2346 1100 2390 est,
1129 2343 1152 2368 *
1181 2345 1225 2382 et
1252 2341 1336 2392 ipsi
1359 2342 1663 2393 praeparantur
1690 2338 1850 2388 cogita-

1022 2397 1177 2438 tiones.

1075 2453 1217 2493 Arcus
1253 2452 1687 2503 fertium‘superatus
1716 2455 1798 2498 est,
1827 2450 1850 2475 *

1024 2514 1067 2550 et
1094 2508 1252 2548 infirmi
1279 2508 1463 2549 accincti
1491 2512 1591 2548 sunt
1619 2506 1787 2547 rebore.

1075 2564 1252 2616 Repleti
1286 2564 1423 2616 prius,
1461 2576 1542 2616 pro
1579 2562 1764 2615 panibus
1801 2573 1847 2601 se

1022 2621 1291 2661 locaverunt:
1319 2622 1342 2647 *
1371 2625 1415 2661 et
1449 2619 1634 2660 famelici
1668 2616 1846 2678 saturati

1023 2682 1133 2717 sunt

1075 2733 1228 2774 Donec
1250 2732 1408 2775 sterilis
1431 2731 1600 2785 peperit
1621 2729 1848 2783 plurimos:
