2040 2944
637 201 741 236 Infra
764 179 1062 239 Hebdomadam
1085 218 1119 241 v.
1142 208 1385 243 Novembris.

460 301 612 342 Lectio
631 301 687 342 iii.

227 354 242 395 i
268 354 462 397 offeretis
489 368 655 397 caecum
681 356 736 397 ad
761 357 987 399 immolan-

249 410 369 461 dum,
401 424 545 453 nonne
568 412 731 452 malum
755 411 846 454 est?
880 418 924 455 et
950 415 986 454 si

159 465 353 508 offeretis
386 467 605 517 claudum,
645 473 689 510 et
719 468 986 519 languidum,

156 535 301 564 nonne
320 523 483 564 malum
502 522 593 565 est?
623 523 733 565 offer
760 524 868 566 illud
888 524 988 567 duci

156 582 245 627 tuo,
269 578 306 619 si
324 578 541 631 placuerit
560 579 610 628 ei,
634 584 709 621 aut
729 580 766 620 si
785 582 986 633 suscepe-

155 634 212 675 rit
229 633 387 676 faciem
405 639 536 685 tuam,
556 635 662 677 dicit
680 635 895 677 Dominus
915 650 984 678 ex-

155 691 379 731 ercituum.
433 691 490 732 Et
530 703 646 732 nunc
686 690 985 744 deprecemini

154 745 324 786 vultum
355 746 440 787 Dei
475 751 524 788 ut
558 747 817 788 misereatur
849 750 985 790 vestri

154 801 224 851 (de
251 814 383 842 manu
409 802 524 843 enim
550 807 699 844 vestra
725 803 891 845 factum
918 811 984 847 est

152 856 253 908 hoc)
286 857 324 898 si
353 857 578 910 quemodo
609 859 820 911 suscipiat
847 861 982 904 facies

152 918 332 963 vestras,
350 913 456 955 dicit
470 913 685 955 Deminus
701 919 982 959 exercituum.

152 968 259 1018 Quis
277 974 345 1010 est
358 969 403 1010 in
417 969 555 1020 vobis,
577 971 651 1022 qui
667 970 842 1013 claudat
858 974 980 1024 ostia,

151 1030 195 1066 et
212 1024 416 1067 incendat
439 1025 578 1067 altare
601 1039 747 1068 meum
765 1030 979 1078 gratuito?

148 1093 237 1121 non
257 1085 324 1122 est
342 1081 448 1122 mihi
467 1082 672 1124 voluntas
691 1084 735 1123 in
754 1084 897 1135 vobis,
919 1086 979 1127 di-

149 1136 208 1178 cit
221 1136 438 1178 Deminus
458 1141 743 1180 exercituum:
765 1145 809 1181 et
823 1154 979 1183 munus

147 1204 236 1234 non
275 1193 512 1246 suscipiam
556 1195 611 1236 de
652 1208 783 1237 manu
819 1203 978 1240 vestra.

148 1248 219 1290 Ab
240 1253 340 1290 ortu
359 1249 474 1291 enim
493 1250 598 1292 solis
617 1264 757 1304 usque
777 1252 834 1294 ad
854 1257 978 1295 occa-

148 1317 255 1355 sum‚
274 1318 482 1356 magnum
502 1311 570 1348 est
588 1320 750 1349 nomen
768 1322 915 1351 meum
933 1311 978 1352 in

149 1360 382 1412 Gentibus,
409 1367 454 1404 et
477 1363 521 1403 in
546 1364 664 1404 omni
689 1364 790 1406 loco
816 1367 976 1407 sacrifi-

148 1418 288 1468 catur,
316 1423 361 1459 et
384 1418 566 1460 offertur
590 1421 756 1461 nomini
779 1434 878 1463 meo
903 1423 975 1465 ob-

145 1472 252 1515 latio
271 1474 450 1516 munda:
470 1476 571 1527 quia
589 1489 795 1527 magnum
816 1483 882 1519 est
900 1492 975 1520 no-

145 1541 246 1570 men
269 1543 415 1572 meum
437 1531 482 1572 in
502 1532 736 1583 Gentibus,
763 1533 868 1576 dicit
888 1536 975 1577 Do-

145 1585 287 1626 minus
307 1589 590 1629 exercituum.

197 1644 249 1695 R.
275 1642 395 1685 Misit
413 1643 640 1686 Deminus.
659 1645 746 1686 197.

421 1746 450 1783 S
468 1757 494 1783 a
510 1748 537 1784 b
554 1747 581 1784 b
601 1758 626 1784 a
642 1751 658 1783 t
675 1759 700 1784 0

239 1803 326 1833 ante
350 1799 595 1835 Dominicam
617 1802 644 1836 Ι.
667 1802 881 1838 Adventus.

195 1850 261 1884 Ad
283 1850 490 1895 Vesperas.
518 1853 607 1888 Ant.
637 1858 674 1888 et
701 1855 763 1889 Ps.
791 1856 838 1890 de
867 1856 973 1891 Psal-

144 1897 254 1932 terio.
278 1895 351 1930 122.

223 1957 483 2010 Capitulum.
641 1962 766 2003 Rom.
782 1964 839 2004 13.
856 1963 894 2005 d.

222 2020 375 2058 ratres:
396 2017 520 2059 Hora
539 2023 607 2060 est
625 2019 710 2070 jam
729 2032 811 2060 nos
831 2018 886 2061 de
906 2033 972 2061 so-

237 2084 340 2113 mno
365 2075 555 2124 surgere.
586 2074 715 2116 Nunc
739 2074 854 2116 enim
873 2079 971 2127 pro-

142 2125 241 2177 pior
270 2132 338 2168 est
365 2134 516 2171 nostra
546 2130 680 2180 salus,
714 2143 845 2182 quam
873 2144 972 2172 cum

143 2181 420 2225 credidimus.
450 2185 502 2237 R(-
519 2186 616 2228 Deo
636 2187 812 2237 gratias.

385 2269 389 2273 ·
448 2250 661 2301 Hymnus.

245 2306 394 2346 reetor
413 2305 525 2347 alme
545 2305 749 2356 siderum,

261 2361 446 2402 AEterna
464 2361 539 2402 lux
559 2362 841 2413 credentium,

218 2415 244 2456 J
246 2429 323 2457 esu
341 2416 616 2470 Redemptor
635 2419 839 2468 emnium,

217 2471 402 2514 Intende
421 2474 537 2514 votis
557 2474 816 2526 supplicum.

1071 304 1155 357 Qui
1175 303 1387 346 daemonis
1406 319 1461 347 ne
1481 307 1707 349 frandibus

1119 359 1288 402 Periret
1308 361 1438 411 orbis,
1457 364 1624 415 impetu

1120 415 1295 457 Ameris
1316 423 1449 466 actus,
1468 418 1663 469 languidi

1117 471 1269 512 Mundi
1287 471 1459 513 medela
1476 473 1616 515 factus
1636 488 1693 516 es.

1066 542 1307 582 Commune
1328 541 1402 592 qui
1423 541 1572 583 mundi
1591 544 1711 585 nefas

1116 595 1176 637 Ut
1195 596 1411 648 expieres3
1432 597 1487 638 ad
1507 610 1681 640 crucem

1117 652 1154 691 E
1173 651 1367 702 Virginis
1388 653 1580 694 sacrario

1115 707 1286 748 Intacta
1304 708 1457 760 prodis
1476 709 1664 750 victima.

1064 775 1193 826 Cuius
1212 775 1410 828 potestas
1430 776 1593 827 gleriae‚

1113 832 1373 884 Nomenque
1398 846 1497 873 cum
1516 833 1703 885 primum
1723 842 1861 887 sonat3

1112 888 1169 929 Et
1188 887 1358 929 co'elites
1378 896 1421 929 et
1438 889 1564 929 inferi

1112 944 1350 985 Tremente
1371 946 1607 986 curvantur
1626 959 1750 996 genu.

1062 1013 1125 1053 Te
1145 1012 1435 1065 deprecemur
1455 1013 1620 1055 ultimae

1110 1068 1317 1119 Magnum
1337 1069 1423 1110 diei
1442 1069 1466 1109 J
1468 1068 1653 1120 udicem,

1111 1124 1258 1165 Armis
1279 1127 1481 1176 supernae
1500 1126 1652 1175 gratiae

1111 1180 1311 1222 Defende
1330 1193 1410 1222 nos
1431 1181 1486 1222 ab
1506 1181 1716 1223 hostibus.

1059 1248 1222 1299 Virtus,
1242 1249 1394 1298 honor,
1413 1249 1518 1299 laus,
1538 1250 1677 1300 gloria

1108 1304 1205 1346 Deo
1224 1306 1345 1346 Patri
1365 1318 1464 1346 cum
1482 1306 1605 1355 Filio,

1108 1361 1269 1402 Sancto
1290 1361 1418 1401 simul
1436 1361 1667 1411 Paraclito,

1107 1417 1159 1457 In
1179 1416 1442 1457 saeculerum
1462 1417 1634 1458 saecula.
1662 1419 1814 1460 Amen.

1081 1493 1133 1544 V.
1159 1499 1327 1540 Roreite
1353 1498 1454 1539 coeli
1478 1498 1685 1551 desuper,
1714 1505 1758 1541 et
1780 1514 1854 1541 nu-

1028 1554 1108 1595 bes
1139 1555 1293 1607 pluant
1323 1555 1494 1605 justum.
1541 1558 1592 1608 Rg.
1621 1555 1856 1607 Aperiatur

1028 1615 1157 1660 terra,
1178 1615 1220 1652 et
1239 1610 1452 1661 germinet
1470 1610 1752 1652 Salvatorem.

1077 1682 1148 1723 Ad
1178 1683 1351 1733 Magnis.
1398 1686 1495 1725 Ant.
1546 1686 1660 1725 Ecce
1693 1698 1852 1727 nomen

1026 1740 1206 1780 Domini
1233 1740 1256 1765 *
1284 1740 1403 1781 venit
1435 1740 1490 1781 de
1522 1740 1776 1791 longinquo,
1811 1747 1854 1783 et

1027 1795 1204 1836 claritas
1236 1796 1327 1847 ejus
1359 1796 1500 1848 replet
1534 1795 1686 1837 orbem
1718 1799 1850 1838 terrei-

1026 1863 1133 1891 rum.

1365 1930 1527 1971 Oratio.

1024 1987 1235 2092 Excitat,
1265 1999 1515 2049 quaesumus
1543 1998 1747 2047 Demine,
1775 2011 1851 2051 po-

1119 2053 1301 2094 tentiam
1332 2058 1468 2103 tuam,
1502 2058 1545 2094 et
1572 2053 1686 2094 veni:
1716 2059 1764 2095 ut
1795 2054 1850 2095 ab

1024 2108 1350 2149 imminentibus
1373 2112 1656 2161 peccaterum
1679 2111 1849 2150 nostre-

1024 2176 1120 2204 rum
1147 2164 1371 2216 periculis,
1402 2169 1446 2205 te
1478 2166 1723 2205 mereamur
1750 2177 1849 2216 pro-

1023 2221 1198 2270 tegente
1218 2220 1341 2271 eripi,
1369 2224 1413 2260 te
1436 2219 1650 2261 liberante
1675 2219 1849 2260 salvari:

1026 2275 1109 2324 Qui
1123 2275 1233 2315 vivis
1254 2280 1297 2316 et
1311 2288 1466 2325 regnas
1482 2288 1580 2316 cum
1595 2276 1692 2316 Deo
1707 2276 1849 2317 Patre.

1078 2329 1284 2362 Commem.
1314 2338 1382 2361 seu
1410 2327 1600 2371 Suffragia
1624 2328 1850 2364 Sanctorum

1025 2385 1102 2409 non
1127 2376 1221 2409 fiunt
1244 2385 1313 2418 per
1334 2380 1455 2409 totum
1470 2376 1647 2419 Advent.‚
1673 2378 1787 2411 etiam
1810 2378 1848 2411 in

1026 2422 1163 2456 Officio
1196 2422 1242 2455 de
1273 2422 1443 2466 Sanctis,
1475 2433 1546 2457 nec
1578 2424 1624 2457 de
1656 2424 1777 2458 Cruce
1810 2425 1847 2458 in

1024 2470 1149 2503 feriali
1174 2470 1320 2503 Officio.
