2040 2944
596 189 771 223 Officium
796 189 969 223 votivum
994 190 1039 223 dc
1065 190 1214 223 Sanctis
1240 191 1409 232 Angelis.

153 297 250 336 suo,
269 286 294 312 *
313 286 388 339 qui
415 299 504 328 non
533 287 621 339 egit
649 287 799 329 dolum
826 288 870 328 in
896 287 973 329 lin-

150 355 236 393 gua
254 355 346 384 sua:

154 403 156 406 ’
202 399 297 441 Nec
315 399 419 441 fecit
435 400 639 451 proximo
659 413 738 442 suo
758 401 931 450 malum,
948 402 973 428 *

151 460 196 498 et
215 456 502 510 opprobrium
521 470 608 499 non
632 458 803 510 accepit
821 457 971 499 adver·
1030 461 1137 513 fsstlffn

148 525 224 554 sus
242 513 467 565 proximos
487 526 600 557 suos.

201 569 274 611 Ad
291 569 471 611 nihilum
490 568 707 612 deductus
727 575 794 613 est
813 571 857 612 in
872 584 971 613 con-

150 627 304 679 spectu
337 627 427 678 ejus
458 626 690 679 malignus:
717 629 741 655 *
767 628 971 670 timentes

149 687 296 724 autem
312 683 550 725 Dominum
568 684 800 735 glorificat:

201 739 286 790 Qui
311 741 423 792 jurat
449 740 651 793 proximo
681 754 778 791 suo,
811 746 856 783 et
882 754 970 783 non

149 795 325 848 decipit,
344 797 368 824 *
388 797 461 849 qui
483 797 715 849 pecliniam
739 811 862 839 suam
882 811 970 839 non

148 851 270 894 dedit
289 853 345 894 ad
363 857 551 904 usuram,
574 859 618 895 et
637 857 818 896 munera
838 868 970 907 super

147 909 422 951 innocentem
438 923 526 952 non
545 912 728 964 accepit:

199 966 283 1016 Qui
306 966 411 1008 facit
435 966 548 1018 haec,
567 968 590 994 *
609 981 696 1009 non
721 968 969 1010 movebitur

146 1022 189 1063 in
209 1024 430 1065 aeternum.

199 1087 296 1127 Ant.
366 1079 614 1124 Benedicite
664 1081 807 1123 Deum
858 1082 969 1133 coeli,

146 1134 255 1177 dixit
278 1136 473 1188 Angelus
500 1137 717 1190 Raphael,
748 1143 791 1180 et
821 1151 968 1180 coram

145 1191 345 1234 omnibus
363 1193 609 1235 viventibus
634 1194 899 1236 confitemini
918 1196 968 1245 ei,

145 1248 247 1300 quia
265 1248 368 1290 fecit
382 1249 611 1291 vobiscum
625 1250 968 1293 misericordiam

143 1317 277 1345 suam.
580 1321 581 1325 ¹

198 1360 248 1412 V.
289 1361 417 1404 Stetit
457 1362 652 1413 Angelus
691 1364 809 1416 juxta
849 1377 967 1407 aram

143 1417 306 1470 templi.
339 1421 390 1473 R.
410 1418 590 1461 Habens
608 1419 876 1462 thuribulum
895 1426 967 1464 au-

143 1485 265 1514 reum
283 1488 327 1515 m
345 1488 475 1517 manu
494 1489 582 1517 sua.

197 1539 401 1574 Lectiones
432 1540 479 1574 de
509 1539 705 1583 Scriptura
735 1547 966 1575 occurrente.

197 1592 247 1644 Rz.
266 1591 290 1631 i.
310 1587 443 1630 Venit
462 1588 648 1631 Michael
665 1590 966 1644 Archangelus

145 1655 243 1684 cum
273 1643 548 1687 multitudine
579 1647 864 1698 Angelorum,
898 1649 967 1690 cui

144 1698 325 1742 tradidit
343 1700 464 1743 Deus
484 1702 649 1745 animas
668 1707 927 1756 sanctorum,
944 1711 965 1733 *

143 1755 203 1798 Ut
226 1756 439 1808 perducat
465 1771 538 1800 eas
562 1759 606 1800 in
623 1759 877 1813 paradisum
896 1775 965 1803 ex-

144 1811 398 1855 sultationis.
426 1813 475 1865 V.
493 1815 654 1858 Emitte
670 1817 857 1860 Domine
871 1819 964 1872 Spi-

142 1868 272 1910 ritum
291 1875 488 1913 sanctum
505 1877 628 1914 tuum
648 1873 703 1915 de
722 1874 862 1924 coelis,
881 1878 964 1928 spi-

142 1924 272 1967 ritum
294 1927 519 1979 sapientiae
543 1934 587 1970 et
607 1929 864 1972 intellectus,
896 1932 965 1974 Ut.

196 1985 245 2037 Ru
260 1986 300 2025 ii.
317 1983 563 2036 Respondit
572 1985 766 2037 Angelus
777 1987 964 2038 Domini,

143 2043 186 2081 et
205 2039 327 2082 dixit:
346 2040 532 2084 Domine
552 2045 832 2095 exercituum,
847 2048 867 2070 *
884 2045 963 2087 Us-

143 2107 318 2148 quequo
336 2102 384 2139 tu
401 2110 489 2139 non
502 2098 778 2142 misereberis
792 2101 817 2142 J
819 2104 961 2143 erusa-

140 2151 227 2194 lem
246 2157 290 2195 et
308 2153 479 2196 urbium
497 2155 521 2196 J
523 2154 624 2205 uda,
651 2156 807 2208 quibus
825 2158 962 2200 iratus

142 2207 211 2250 es?
263 2206 312 2257 V.
346 2210 436 2253 Iste
471 2212 585 2253 enim
616 2215 963 2266 septuagesimus

141 2278 277 2307 annus
297 2273 372 2309 est.
402 2267 654 2322 Usquequo.

194 2326 243 2377 Rg.
262 2326 316 2365 iii.
337 2324 387 2365 In
407 2327 646 2378 conspectu
665 2326 870 2368 Gentium
887 2340 961 2369 no-

140 2378 214 2421 lite
240 2380 407 2422 timere:
436 2394 516 2423 vos
544 2382 658 2423 enim
683 2383 727 2423 in
753 2383 959 2425 cordibus

141 2436 295 2477 vestris
333 2437 514 2480 adorate
555 2445 598 2481 et
633 2440 782 2481 timete
813 2440 960 2481 Domi-

140 2504 258 2532 num:
287 2496 309 2519 *
336 2494 530 2545 Angelus
558 2496 671 2537 enim
699 2498 789 2549 ejus
817 2496 959 2538 vobis-

140 2560 239 2588 cum
271 2554 346 2591 est.
388 2547 438 2598 V.
469 2551 597 2594 Stetit
621 2552 815 2603 Angelus
842 2553 960 2604 iuxta

140 2616 259 2645 aram
288 2606 456 2658 templi,
493 2607 658 2650 habens
691 2608 959 2650 thuribulum

139 2663 318 2702 aureum
332 2662 376 2703 in
389 2676 519 2705 manu
533 2677 621 2706 sua.
641 2665 845 2717 Angelus.
870 2664 960 2706 (ilo-

138 2715 202 2757 ria
220 2717 348 2759 Patri.
376 2719 580 2771 Angelus.

1254 291 1301 329 In
1330 291 1379 329 II.
1408 293 1629 332 Nocturno.

1086 345 1183 385 Ant.
1212 342 1421 385 Ascendit
1438 343 1593 385 fumus.

1305 404 1497 444 psalmus
1529 407 1583 443 1⁸.

1120 456 1215 497 oeli
1235 459 1439 499 enarrant
1457 456 1641 508 gloriam
1654 456 1748 506 Dei,
1762 457 1786 483 *
1806 462 1850 497 et

1030 545 1039 566 ,ι
1051 506 1136 576 ‘Q
1155 515 1290 566 opera
1304 515 1510 554 manuum
1523 514 1613 565 ejus
1624 512 1850 554 annuntiat

1033 567 1136 594 *52²4*
1154 571 1484 611 firmamentum.

1075 627 1181 668 Dies
1214 626 1299 668 diei
1332 629 1500 668 eructat
1529 624 1726 675 verbum,
1753 625 1777 651 *
1805 628 1848 666 et

1023 697 1111 725 nox
1131 683 1250 725 nocti
1268 682 1430 724 indicat
1450 682 1683 724 scientiam.

1075 740 1177 782 Non
1196 744 1295 781 sunt
1312 739 1512 791 loquelae,
1530 751 1672 790 neque
1688 741 1846 780 sermo-

1023 810 1116 847 nes,
1144 798 1167 822 *
1196 809 1381 848 quorum
1407 808 1495 836 non
1518 794 1748 837 audiantur
1774 808 1846 836 vo-

1023 866 1096 895 ces
1124 856 1285 895 eorum.

1074 911 1124 951 In
1153 922 1325 951 omnem
1354 914 1515 950 terram
1549 907 1681 949 exivit
1714 919 1846 948 sonus

1023 969 1192 1008 eorum:
1225 967 1248 993 *
1281 971 1325 1007 et
1357 965 1400 1005 in
1434 965 1542 1006 fines
1571 964 1690 1006 orbis
1718 969 1846 1005 terrae

1022 1023 1156 1065 verba
1184 1025 1345 1064 eorum.

1073 1081 1124 1120 In
1149 1079 1242 1121 sole
1261 1078 1408 1131 posuit
1431 1076 1759 1119 tabernaculum
1778 1089 1844 1117 su-

1021 1150 1111 1177 um:
1144 1137 1167 1161 *
1201 1141 1244 1177 et
1277 1135 1370 1187 ipse
1403 1140 1625 1185 tamquam
1657 1146 1844 1186 sponsus

1020 1192 1266 1246 procedens
1285 1191 1339 1233 de
1358 1191 1550 1233 thalamo
1571 1203 1667 1231 suo:

1072 1253 1318 1296 Exsultavit
1350 1259 1397 1294 ut
1428 1253 1549 1303 gigas
1584 1250 1640 1292 ad
1674 1252 1843 1292 curren-

1021 1310 1122 1353 dam
1142 1311 1266 1360 viam,
1285 1311 1308 1336 *
1328 1323 1354 1351 a
1372 1322 1540 1351 summo
1565 1307 1677 1349 coelo
1702 1309 1843 1358 egres-

1021 1368 1086 1409 sio
1115 1368 1223 1420 ejus:

1072 1425 1130 1466 Et
1149 1427 1357 1466 occursus
1382 1423 1472 1474 ejus
1496 1434 1634 1473 usque
1657 1420 1713 1462 ad
1732 1434 1842 1461 sum-

1018 1495 1137 1522 mum
1156 1481 1260 1533 ejus:
1278 1481 1302 1506 *
1320 1492 1401 1521 nec
1421 1484 1486 1520 est
1506 1478 1580 1530 qui
1599 1490 1645 1519 se
1663 1477 1842 1519 abscon-

1020 1537 1095 1579 dat
1114 1551 1139 1579 a
1159 1537 1304 1579 calore
1328 1538 1430 1588 ejus.
1496 1574 1498 1576 ,

1042 1596 1047 1604 ’
1070 1594 1163 1635 Lex
1184 1593 1271 1635 Dfii
1289 1591 1566 1633 immaculata
1585 1592 1842 1633 convertens

1020 1650 1197 1691 animas:
1220 1650 1244 1675 *
1267 1648 1561 1691 testimonium
1588 1647 1674 1688 Dfii
1701 1645 1841 1696 fidele,

1020 1706 1276 1759 sapientiam
1294 1710 1508 1758 praestans
1527 1703 1732 1756 parvulis.

1069 1763 1094 1803 J
1095 1763 1255 1805 ustitiae
1271 1761 1447 1804 Domini
1463 1766 1606 1810 rectae,
1619 1759 1840 1801 laetifican-

1018 1825 1085 1861 tes
1122 1819 1272 1861 corda:
1305 1820 1329 1846 *
1362 1819 1634 1871 praeceptum
1666 1815 1841 1858 Domini

1017 1875 1224 1918 lucidum:
1251 1875 1495 1916 ilhiminans
1523 1873 1687 1915 oculos.

1068 1933 1219 1974 Timor
1246 1931 1423 1974 Domini
1450 1935 1640 1980 sanctus,
1673 1931 1839 1983 perma-

1017 2002 1123 2030 nens
1150 1989 1193 2029 in
1220 1988 1429 2030 saeculum
1455 1986 1617 2029 saeculi:
1636 1987 1659 2012 *
1683 1985 1839 2036 iudicia

1016 2046 1103 2087 Dni
1120 2058 1238 2095 vera,
1257 2045 1487 2098 iustificata
1505 2044 1549 2084 in
1568 2044 1813 2095 semetipsa.

1068 2101 1386 2143 Desiderabilia
1427 2112 1559 2153 super
1598 2113 1750 2141 aurum
1795 2105 1839 2141 et

1015 2159 1207 2212 lapidem
1241 2158 1482 2211 pretiosum
1513 2156 1708 2198 multum:
1739 2156 1762 2181 *
1794 2161 1838 2197 et

1016 2215 1211 2257 dulciora
1231 2227 1362 2267 super
1379 2213 1465 2255 mel
1484 2218 1528 2255 et
1546 2213 1702 2254 favum.

1065 2271 1237 2313 Etenim
1256 2283 1407 2312 servus
1433 2274 1533 2311 tuus
1557 2268 1748 2311 custodit
1773 2281 1835 2319 ea,

1014 2330 1037 2356 *
1076 2328 1120 2368 in
1157 2325 1453 2369 custodiendis
1491 2325 1575 2366 illis
1606 2325 1834 2367 retributio

1012 2384 1157 2425 multa.

1063 2439 1235 2481 Delicta
1259 2438 1355 2490 quis
1373 2437 1592 2488 intelligit?
1617 2437 1671 2479 ab
1692 2437 1833 2479 occul-

1011 2497 1066 2538 tis
1084 2496 1192 2537 meis
1210 2494 1372 2536 munda
1389 2507 1474 2536 me:
1491 2495 1514 2520 *
1534 2499 1578 2536 et
1602 2493 1660 2536 ab·
1684 2493 1832 2535 alienis

1011 2565 1142 2605 parce
1162 2564 1289 2593 servo
1307 2556 1396 2592 tuo.

1062 2609 1106 2650 Si
1122 2608 1207 2649 mei
1220 2620 1308 2649 non
1322 2607 1480 2649 fuerint
1494 2606 1714 2655 dominati,
1728 2611 1830 2647 tunc

1009 2663 1310 2705 immaculatus
1336 2676 1427 2705 ero:
1445 2664 1469 2690 *
1493 2669 1537 2706 et
1561 2660 1830 2705 emundabor

1010 2734 1035 2761 a
1055 2719 1215 2762 delicto
1234 2720 1435 2762 meximo.
