2040 2944
154 395 271 449 inspi

154 451 270 504 plica

153 790 260 832 Noli

155 847 268 889 orati

89 1064 94 1070 .
154 968 260 1073 nu}

156 1083 200 1121 et
227 1091 253 1120 a

156 1304 253 1347 Dei.

157 1700 250 1743 dita

157 1757 260 1799 endi

158 1826 255 1856 cem

159 2208 268 2319 tioRt

161 2583 267 2707 Q„

154 284 416 326 Sanctorum
441 284 681 334 ingressus,
705 284 851 337 ipsum
867 284 987 333 fscili-

155 345 226 382 cet
243 340 483 393 penetrale,
504 339 625 392 quod
643 341 718 381 uni
736 341 802 382 fas
818 346 911 382 erat
924 341 988 383 illi

668 191 740 224 Die
764 192 793 225 5.
819 191 918 225 Nov.
965 191 999 225 S.
1026 191 1226 225 Zachariae
1252 192 1361 226 Conf.
1774 188 1868 234 [319]

274 409 384 447 cere,
409 409 461 437 ac
479 409 562 448 pro
581 397 750 449 populo
770 397 867 438 Deo
887 401 986 450 sup-

272 465 334 502 ns,
356 457 400 494 et
419 452 657 494 Deminum
675 452 868 494 reddens
886 467 986 506 pro—

154 509 311 561 pitium
330 508 519 564 famulis,
536 509 662 561 quasi
677 509 855 560 quidam
870 516 987 552 esset

154 565 372 618 interpres
403 565 489 606 Dei
526 570 570 606 et
600 565 841 615 heminum,
878 566 988 608 vidit

154 621 374 672 Angelum
404 622 519 663 intra
548 624 764 675 parietem
797 623 909 664 sacri
941 623 987 663 il-

154 677 238 719 lius
263 677 474 722 domicilii
498 682 698 727 stantem,
722 679 844 730 cujus
864 681 987 732 aspe-

155 738 229 775 ctu
254 733 378 784 ictus,
403 739 537 787 atque
563 733 808 787 expavidus
834 735 988 776 asidiit:

278 791 433 833 timere
453 790 677 840 Zacharia,
696 790 903 833 exaudita
922 796 988 833 est

271 860 298 889 o
321 852 408 898 tua,
433 853 477 890 et
502 860 606 890 ecce
625 847 858 904 Elisabeth!
876 861 987 890 uxor

153 909 230 946 tua
247 905 390 957 pariet
409 905 561 946 filium.

285 966 535 1008 Honestum
559 966 664 1007 fecit
689 965 812 1007 illum
837 966 987 1008 Domi-

273 1028 317 1065 et
335 1022 576 1065 custodivit
595 1035 697 1064 eum
715 1022 770 1063 ab
790 1022 988 1073 inimicis,

280 1078 589 1121 seductoribus
613 1079 773 1121 tutavit
798 1079 936 1120 illum:
964 1084 986 1109 *

155 1135 213 1177 Et
245 1134 368 1178 dedit
394 1135 457 1177 illi
489 1135 734 1178 claritatem
766 1137 988 1177 aeternam.

156 1189 208 1241 V.
238 1193 413 1234 Justum
445 1192 629 1234 deduxit
656 1193 873 1233 Deminus
906 1205 985 1245 per

155 1249 249 1290 vias
267 1254 422 1299 rectaS,
449 1253 493 1291 et
512 1248 706 1291 ostendit
725 1249 786 1290 illi
805 1262 988 1300 regnum

278 1304 337 1347 Et
356 1304 490 1347 dedit.

467 1364 621 1412 Lectio
642 1378 679 1404 v.

157 1414 284 1523 Sed
302 1418 419 1460 unde
443 1418 540 1460 haec
563 1418 700 1461 verba
719 1420 988 1470 consequen-

260 1474 306 1516 di
328 1474 493 1518 habent
517 1475 757 1517 rati6nem?
798 1474 880 1516 Ille
906 1487 988 1526 pro

155 1530 324 1584 populo
354 1532 557 1584 rogabat,
584 1545 668 1585 pro
696 1532 893 1585 peccatis
919 1533 989 1572 ve-

156 1587 274 1630 niam
316 1589 407 1630 suis
446 1588 672 1630 conservis
708 1588 990 1641 implorabat:

155 1643 228 1687 hic
250 1645 343 1687 noli
365 1645 532 1696 timere,
557 1645 710 1698 inquit,
735 1658 836 1686 nam
861 1657 989 1687 exau-

275 1706 343 1743 est
367 1702 510 1744 oratio
535 1706 626 1752 tua,
653 1707 788 1754 atque
814 1701 989 1743 exaudi-

286 1757 496 1800 indicium
525 1758 666 1809 addit,
694 1759 833 1800 filium
858 1759 902 1799 in
927 1758 988 1799 lu-

297 1817 533 1856 venturum
577 1816 602 1856 J
606 1817 804 1857 oannem.
863 1813 990 1864 Vide,

159 1883 290 1922 quam
322 1875 442 1913 recte
470 1871 556 1913 ista
583 1874 834 1924 sequantur.
881 1870 991 1912 Cum

157 1939 240 1979 pro
264 1928 463 1980 peccatis
483 1930 661 1979 rogaret
681 1927 846 1981 populi,
870 1926 991 1968 nasci

160 1996 215 2025 ex
239 1996 292 2025 eo
313 1983 476 2026 debere
495 1984 643 2035 filium,
670 1985 745 2036 qui
765 1983 991 2025 clamaret:

157 2040 275 2082 Ecce
294 2041 447 2091 Agnus
464 2041 559 2091 Dei,
580 2041 655 2093 qui
673 2041 789 2083 tollit
807 2041 991 2092 peccata

158 2095 320 2138 mundi.
365 2097 554 2139 Rati6ne
583 2110 687 2139 sane
717 2097 899 2149 optima,
931 2095 992 2136 ita
1138 2143 1151 2149 Ὗ

159 2152 356 2203 Angelus
381 2153 546 2203 retulit,
577 2152 784 2195 exaudita
807 2157 873 2194 est
897 2153 990 2193 ora·
1070 2143 1158 2164 s

270 2221 337 2250 ua.

289 2266 468 2307 Amavit
488 2278 587 2307 eum
606 2265 837 2314 Deminus‚
861 2268 904 2305 et
924 2276 989 2304 or-

161 2321 282 2362 navit
318 2334 432 2362 eum:
473 2321 632 2363 stolam
667 2321 819 2372 gloriae
852 2318 992 2361 induit

161 2389 277 2427 eum,
298 2380 321 2404 *
346 2378 404 2419 Et
431 2377 489 2419 ad
551 2383 670 2420 ortas
698 2375 892 2430 paradisi
920 2388 990 2416 co-

160 2433 334 2475 ronavit
362 2446 472 2475 eum.
510 2391 560 2481 ⁴&-

160 2488 341 2531 loricam
364 2490 483 2541 fidei,
512 2495 556 2532 et
579 2489 751 2531 ornavit
774 2501 884 2529 eum.
924 2487 991 2528 Et.

597 2432 746 2475 Induit
775 2445 874 2473 eum
898 2431 991 2471 Dfis

461 2546 615 2588 Lectio
636 2547 689 2586 vi.

269 2601 315 2644 id
355 2602 428 2644 ille
460 2602 518 2644 ad
548 2600 669 2643 haec?
709 2599 991 2651 conspicatus

1039 289 1183 327 turam
1210 287 1417 329 sterilem:
1450 292 1582 339 atque
1610 287 1671 328 ita
1700 285 1869 336 diffidit,

1041 347 1085 384 et
1119 343 1300 385 modum
1337 357 1424 396 quo
1463 344 1523 385 ita
1559 344 1687 384 fieret
1732 343 1870 395 petiit.

1039 399 1197 441 Nonne
1233 400 1294 441 illi
1327 400 1420 441 seni
1452 399 1614 441 dixeris
1645 399 1869 449 ignoscen-

1041 455 1156 505 dum,
1176 469 1275 497 cum
1290 469 1436 497 rerum
1456 455 1655 497 erdinem
1674 459 1806 507 petat,
1827 460 1871 497 et

1040 511 1182 562 legem
1205 515 1373 554 natfirae
1394 510 1666 554 consideret?
1701 511 1789 552 Sed
1808 516 1869 552 ta-

1040 580 1140 608 men
1170 569 1269 609 Deo
1308 568 1472 609 nullam
1504 569 1676 609 veniam
1712 568 1870 608 mereri

1040 624 1159 665 visus
1180 629 1257 666 est.
1294 625 1403 666 Cum
1429 625 1543 666 enim
1563 623 1719 665 asserit
1737 623 1869 674 Deus,

1040 680 1184 721 nullus
1224 694 1370 722 rerum
1406 680 1750 732 consequentiae,
1795 685 1870 721 aut

1040 740 1210 778 naturae
1235 738 1488 779 necessitati
1515 737 1639 778 locus
1667 736 1868 788 relinqui-

1040 797 1121 833 tur.
1148 792 1322 834 Idcirco
1342 793 1526 834 moleste
1545 792 1741 843 Angelus
1760 792 1869 842 tulit,

1040 862 1094 890 ne
1123 848 1359 891 sacerdetii
1387 848 1563 902 quidem
1591 850 1769 900 negotio
1795 862 1868 902 pe-

1039 906 1192 957 percit.
1245 907 1341 948 Imo
1378 906 1436 947 ob
1468 905 1661 958 idipsum
1692 918 1869 958 poenam

1039 961 1102 1002 illi
1124 961 1398 1004 subeundam
1422 962 1590 1004 censuit
1613 963 1869 1013 graviorem.

1041 1018 1125 1068 Qui
1150 1018 1264 1059 enim
1287 1019 1522 1071 plusquam
1545 1019 1681 1060 ceteri
1706 1018 1870 1059 obtine-

1041 1073 1116 1115 bat
1141 1074 1488 1125 hon6riS„.fidem
1513 1087 1689 1126 quoque
1708 1074 1871 1116 habere

1042 1129 1234 1172 debebat
1284 1131 1442 1172 ceteris
1488 1130 1756 1183 ampliorem.
1815 1131 1872 1172 Et

1042 1186 1139 1236 eris,
1164 1187 1315 1238 inquit,
1339 1192 1500 1236 tacens,
1527 1191 1570 1228 et
1593 1199 1680 1228 non
1703 1187 1871 1238 peteris

1041 1242 1165 1295 loqui
1183 1256 1323 1295 usque
1342 1244 1386 1284 in
1406 1243 1522 1284 diem
1542 1255 1629 1294 quo
1645 1242 1741 1284 haec
1755 1243 1871 1284 fient.

1098 1304 1148 1356 R.
1170 1304 1262 1345 Iste
1282 1304 1427 1346 homo.
1448 1304 1528 1356 [72]

1266 1378 1315 1416 In
1333 1379 1403 1417 III.
1424 1378 1645 1417 Nocturno.

1053 1438 1208 1479 Lectio
1230 1439 1371 1480 sancti
1383 1438 1611 1489 Evangelii
1630 1438 1872 1479 secandum

1371 1495 1546 1537 Lucam.

1122 1552 1275 1594 Lectio
1296 1553 1365 1593 vii.
1646 1551 1749 1601 Cap.
1765 1551 1794 1589 1.

1122 1613 1184 1654 uit
1202 1612 1246 1653 in
1271 1612 1426 1654 diebus
1446 1611 1640 1653 Herodis
1664 1611 1779 1662 regis
1800 1611 1870 1652 Ju-

1078 1667 1080 1670 ’
1139 1668 1248 1710 daeae
1271 1668 1480 1710 sacerdos
1501 1668 1678 1720 quidam
1697 1667 1871 1708 nemine

1043 1725 1279 1767 Zacharias
1299 1725 1353 1766 de
1373 1725 1469 1766 vice
1487 1724 1613 1772 Abia,
1634 1728 1677 1765 et
1695 1735 1807 1764 uxor
1825 1722 1871 1762 il—

1042 1782 1125 1823 lius
1155 1781 1209 1823 de
1237 1781 1411 1823 filiabus
1440 1781 1606 1830 Aaron,
1640 1784 1684 1821 et
1711 1790 1871 1820 nornen

1044 1839 1135 1890 ejus
1162 1838 1401 1879 Elisabeth.
1438 1838 1495 1879 Et
1521 1836 1699 1888 reliqua.

1068 1912 1261 1954 Homilia
1280 1912 1419 1953 sancti
1437 1911 1556 1952 Petri
1576 1908 1846 1961 Chrysologi.
1904 1955 1906 1957 ‚

1327 1976 1509 2010 Sermone
1534 1975 1586 2009 91.

1049 2040 1097 2089 ¹4?ss
1110 2061 1120 2086 ·.
1133 2043 1181 2082 Ἴῖς,
1199 2047 1326 2075 urum
1345 2032 1400 2074 de
1415 2037 1534 2074 terra
1547 2031 1693 2082 legere
1709 2030 1783 2081 qui
1796 2042 1869 2070 no-

1055 2080 1184 2146 'sssfs
1217 2091 1389 2139 verunt,
1418 2088 1493 2129 ubi
1520 2087 1700 2129 divitem
1727 2088 1870 2127 sense-

1086 2140 1097 2150 '
1207 2146 1303 2187 vrint
1338 2157 1515 2193 venam,
1559 2143 1620 2184 ibi
1657 2141 1871 2194 quidquid

1044 2203 1149 2245 artis
1175 2207 1252 2251 est,
1279 2199 1495 2253 quidquid
1518 2199 1685 2240 laberis
1708 2198 1871 2250 impen-

1045 2259 1168 2301 dunt:
1191 2263 1234 2300 et
1252 2270 1333 2298 nos
1354 2257 1455 2309 quia
1472 2256 1517 2296 in
1535 2259 1687 2296 sancto
1708 2253 1871 2295 Zacha-

1044 2318 1107 2356 ria
1134 2314 1361 2356 coelestem
1386 2312 1588 2353 nevimus
1615 2310 1751 2351 latere
1780 2309 1871 2351 the·

1045 2374 1236 2420 saurum,
1267 2370 1312 2410 in
1338 2369 1437 2420 ipso
1465 2372 1608 2409 totum
1637 2365 1757 2418 quod
1784 2378 1870 2406 ser-

1044 2427 1185 2468 monis
1205 2430 1271 2468 est
1290 2424 1439 2473 nostri,
1460 2422 1580 2475 quod
1599 2422 1735 2463 vestri
1753 2420 1870 2462 audi-

1044 2489 1115 2525 tus
1143 2488 1227 2532 est,
1256 2482 1534 2533 occupemus.
1575 2479 1694 2527 Fuit,
1721 2477 1870 2529 inquit,

1026 2570 1028 2574 *
1044 2541 1088 2580 in
1108 2538 1262 2580 diebus
1277 2535 1470 2578 Heredis
1490 2535 1606 2586 regis
1620 2535 1645 2575 J
1647 2534 1786 2575 udaeae
1805 2543 1869 2572 sa-

1045 2595 1202 2638 cerdos
1229 2593 1407 2646 quidam
1434 2592 1610 2633 nemine
1637 2589 1869 2630 Zacharias

274 2663 342 2700 est
365 2671 490 2699 suam
512 2661 706 2706 aetatem,
731 2668 855 2696 suam
878 2656 990 2695 cani·
1045 2665 1099 2693 ex
1119 2651 1214 2692 vice
1234 2649 1359 2698 Abia,
1383 2653 1427 2690 et
1450 2660 1562 2689 uxor
1583 2648 1671 2698 ejus
1692 2644 1746 2685 de
1765 2642 1869 2682 filia-

161 2713 277 2763 tiem,
302 2714 611 2756 animadvertit
635 2725 726 2754 suae
749 2710 900 2752 uxoris
919 2722 990 2750 na·
1043 2708 1126 2750 bus
1153 2707 1319 2755 Aaron,
1352 2709 1396 2746 et
1429 2715 1587 2745 nomen
1620 2701 1709 2752 ejus
1735 2698 1869 2738 Elisa-
