2040 2944
171 182 267 227 [286]

660 182 770 215 Dom.
796 180 860 214 Ill.
887 179 967 213 Oct.
1016 176 1201 212 l‘uritatis
1226 176 1266 209 B.
1291 175 1339 208 M.
1364 174 1398 207 V

171 231 1894 249 ff

167 284 216 321 ut
250 278 323 331 qui
355 288 459 318 vere
492 287 590 316 eam
619 273 890 316 Genitricem
918 270 1003 312 Dei
1055 267 1296 312 bernaculo
1322 279 1404 308 suo
1429 265 1630 307 habitare
1654 264 1760 306 facit
1783 277 1894 306 eam.

170 334 407 382 credimus,
439 333 532 384 eius
565 330 686 383 apud
718 334 763 371 te
795 329 1003 370 interces-

170 391 367 433 si6nibus
388 389 655 440 adjuvemur.
687 387 773 428 Per
793 384 1003 427 eumdem

169 447 407 490 Dominum
426 449 637 486 nostrum.

232 517 275 550 Et
300 517 339 549 lit
366 524 561 549 commem.
588 511 739 545 Domin.
767 520 911 543 occurs.

445 584 512 621 Ad
532 583 736 620 Tertiam.

231 643 329 682 Ant.
360 637 567 681 Genuisti.

229 701 488 752 Capitulum.
518 697 600 747 Qui
619 695 796 737 creavit.
815 693 928 747 [285]

232 764 281 814 lx'g.
308 762 368 801 br.
399 758 556 811 Specie
580 762 657 799 tua
684 758 705 780 *
731 755 788 796 Et
816 753 1006 807 pulchri-

171 818 324 861 tudine
338 822 425 858 tua.
453 814 610 868 Specie
624 818 709 854 tua.
742 808 791 858 Y.
810 809 1007 859 Intende,

171 877 387 928 prospere
421 870 632 925 procede,
671 873 716 911 et
750 880 896 918 regna.
950 866 1008 907 Et

172 928 500 984 pulchritudine
542 932 629 969 tua.
688 924 841 966 Gloria
876 922 1007 965 Patri.

172 987 329 1040 Specie
347 991 434 1028 tua.

231 1046 280 1097 V.
322 1044 565 1098 Adjuvabit
597 1055 695 1084 eam
727 1042 850 1083 Deus
882 1039 1007 1081 vultu

174 1117 267 1146 suo.
315 1107 364 1157 R:-
386 1103 509 1144 Deus
536 1100 581 1140 in
609 1098 757 1140 medio
782 1098 891 1149 ejus,
918 1109 1007 1138 non

175 1159 538 1203 commovebitur.

449 1239 517 1276 Ad
543 1238 732 1276 Sextarn.

236 1300 332 1338 Ant.
360 1296 542 1336 Beatam
561 1306 632 1335 me
652 1292 810 1334 dicent.

234 1358 494 1410 Capitulum.
695 1354 824 1395 Eccli.
840 1355 905 1394 24.
922 1353 959 1393 b.

255 1422 273 1459 t
293 1417 357 1458 sic
376 1416 420 1457 in
440 1415 545 1458 Sion
565 1415 740 1456 firmata
760 1426 874 1463 sum,
902 1417 947 1454 et
965 1412 1009 1453 in

288 1473 468 1514 civitate
501 1471 778 1514 sanctificata
810 1469 1011 1511 similiter

176 1529 388 1581 requievi,
417 1534 461 1571 et
480 1529 525 1569 in
545 1527 791 1570 Jerusalem
809 1527 1010 1579 potestas

176 1599 285 1628 mea.
319 1586 377 1628 Et
400 1584 598 1627 radicavi
621 1585 665 1625 in
684 1583 855 1637 pepulo
874 1582 1010 1624 hono-

177 1642 365 1691 rificato,
391 1647 435 1684 et
453 1642 497 1683 in
515 1646 644 1695 parte
665 1640 750 1682 Dei
768 1640 856 1681 mei
875 1639 1011 1680 haere-

177 1697 291 1740 ditas
315 1698 449 1748 illius,
479 1703 524 1740 et
547 1698 591 1739 in
617 1695 892 1751 plenitudine
917 1709 1012 1737 san-

180 1757 352 1797 ctorum
372 1754 568 1797 detentio
590 1766 700 1796 mea.

236 1818 285 1869 Rg.
316 1816 376 1857 br.
431 1814 672 1867 Adiuvabit
704 1827 802 1856 eam
834 1815 855 1837 *
891 1813 1014 1854 Deus

181 1871 303 1914 vultu
323 1884 416 1914 suo.
453 1870 706 1922 Adiuvabit.
746 1866 795 1918 V.
822 1871 945 1912 Deus
970 1870 1014 1910 in

180 1928 328 1971 medio
368 1929 477 1980 ejus,
521 1941 610 1970 non
652 1927 1014 1970 commovebitur.

181 1985 314 2027 Deus.
345 1985 497 2026 Gloria
515 1985 646 2027 Patri.
675 1984 926 2038 Adiuvabit.

235 2041 286 2092 V.
309 2045 454 2097 Elegit
479 2059 575 2088 eam
600 2047 738 2096 Deus,
765 2051 808 2088 et
832 2045 1012 2099 praeele-

181 2101 243 2150 git
277 2114 385 2143 eam.
452 2103 498 2153 lt'n
528 2103 581 2143 In
611 2101 898 2144 tabernaculo
932 2114 1013 2143 suo

182 2156 381 2200 habitare
400 2158 505 2200 facit
525 2172 634 2200 eam.

463 2241 530 2277 Ad
554 2242 738 2278 Nonam.

240 2293 338 2332 Ant.
370 2292 584 2336 Viderunt
603 2307 711 2336 eam.

240 2356 500 2406 Capitulum.
696 2356 826 2396 Eccli.
843 2357 907 2395 24.
924 2355 962 2396 b.

233 2426 260 2453 n
289 2413 447 2465 plateis
473 2415 585 2457 sicut
617 2416 942 2457 cinnamomum
973 2420 1016 2457 et

246 2468 490 2511 balsamum
515 2474 807 2514 aromatizans
830 2471 1016 2514 odorem

187 2523 305 2566 dedi:
352 2527 476 2577 quasi
517 2528 693 2579 myrrha
734 2529 876 2570 electa
913 2526 1017 2570 dedi

186 2582 449 2623 suavitatem
468 2582 629 2624 odoris.

240 2645 290 2694 R.
319 2643 378 2683 br.
434 2642 577 2692 Elegit
609 2656 705 2685 eam
738 2645 870 2694 Deus,
904 2647 925 2670 *
961 2646 1018 2687 Et

187 2699 415 2751 praeelegit
445 2711 552 2740 eam.
593 2700 748 2750 Elegit.
790 2695 838 2745 l.
873 2702 924 2742 In
955 2707 1016 2743 ta-

1056 326 1114 367 Et
1131 323 1372 378 praeelegit.
1414 322 1563 365 Gloria
1580 321 1713 363 Patri.
1740 320 1895 372 Elegit.

1115 384 1166 436 V.
1203 384 1374 427 Diffusa
1415 388 1483 426 est
1514 383 1658 434 gratia
1689 382 1734 423 in
1764 382 1895 424 labiis
1968 430 1972 434 ,

1058 443 1155 485 tuis.
1213 446 1262 496 leg.
1296 442 1542 494 Propterea
1586 438 1814 481 benedixit
1849 443 1894 480 te

1058 501 1181 541 Deus
1198 499 1243 540 in
1263 500 1487 540 aeternum.

1266 580 1329 621 In
1349 579 1412 620 11.
1430 576 1686 628 vesperis.

1120 646 1258 682 Omnia
1282 651 1323 680 ut
1348 646 1385 679 in
1411 645 1437 678 I.
1461 643 1579 687 Vcsp.
1601 641 1698 686 [281]
1726 646 1868 686 praeter

1118 699 1189 740 Ad
1208 698 1382 749 Magnis.
1410 698 1509 738 Ant.
1536 693 1791 737 Maternitas
1810 698 1898 744 tua,

1061 754 1146 796 Dei
1171 752 1376 796 Genitrix
1401 752 1559 803 Virgo,
1587 750 1799 802 gaudium
1825 763 1897 792 an-

1059 811 1277 853 nuntiavit
1308 809 1516 851 universo
1548 807 1733 858 mund03
1766 819 1822 849 ex
1851 812 1896 850 te

1061 868 1177 910 enim
1206 872 1330 909 ortus
1358 870 1426 908 est
1455 865 1523 907 sol
1549 865 1743 918 justitiae,
1776 863 1896 905 Chri-

1062 929 1155 966 stus
1174 925 1297 966 Deus
1318 927 1480 964 noster.

1123 990 1167 1023 Et
1194 989 1233 1022 fit
1258 998 1455 1021 commem.
1481 986 1633 1020 Domin.
1660 995 1805 1020 occurr.

1196 1070 1431 1112 Dominica
1448 1069 1529 1110 ΠΙ.
1549 1067 1768 1110 Octobris.

1143 1138 1391 1180 Pur-itatis
1410 1138 1461 1179 B.
1480 1135 1659 1178 Mariae
1678 1135 1819 1186 virg.

1330 1205 1486 1249 Duplex
1510 1205 1645 1248 majus.

1278 1268 1341 1309 In
1366 1268 1403 1309 1.
1423 1267 1679 1318 vesperis.

1126 1336 1212 1368 Ant.
1239 1338 1275 1367 ct
1300 1333 1394 1375 Cap.
1421 1332 1467 1366 de
1493 1331 1612 1365 Laud.
1632 1329 1750 1375 [29013
1783 1330 1846 1365 Ps.
1869 1334 1906 1366 et

1071 1383 1147 1417 alia
1171 1382 1234 1416 hic
1265 1391 1343 1415 non
1367 1380 1544 1424 propria,
1576 1383 1617 1414 ut
1646 1378 1685 1412 in
1710 1378 1838 1414 Festis
1862 1378 1904 1414 B.

1070 1431 1203 1465 Maria:
1227 1429 1271 1463 V.
1293 1428 1386 1473 [133]

1382 1483 1595 1535 Hymnus.

1204 1538 1388 1580 raeclara
1407 1541 1557 1579 custos
1576 1536 1804 1587 virginum,

1218 1595 1390 1636 Intacta
1408 1598 1550 1635 mater
1567 1592 1782 1643 Numinis,

1170 1651 1375 1693 Coelestis
1394 1650 1507 1692 aulae
1526 1650 1666 1702 janua,

1169 1709 1281 1761 Spes
1299 1712 1463 1756 nostra,
1483 1706 1585 1748 coeli
1603 1705 1822 1757 gaudium.

1122 1775 1237 1815 Inter
1255 1772 1413 1815 rubeta
1430 1771 1579 1822 lilium,

1171 1828 1389 1871 Columba
1406 1828 1736 1879 formosissima,

1168 1886 1307 1938 Virga
1327 1899 1351 1928 e
1370 1884 1519 1928 radice
1539 1885 1787 1936 germinans

1170 1942 1338 1985 Nostro
1357 1941 1578 1984 medelam
1596 1941 1775 1983 vulneri.

1125 2008 1270 2049 Turris
1293 2007 1473 2050 draconi
1491 2006 1716 2059 impervia,

1171 2065 1328 2106 Amica
1347 2063 1475 2105 stella
1493 2063 1726 2114 naufragis,

1170 2120 1316 2162 Tuere
1335 2133 1417 2162 nos
1437 2133 1463 2161 a
1482 2119 1721 2169 fraudibus,

1170 2177 1357 2229 Tuaque
1376 2176 1474 2218 luce
1493 2175 1645 2227 dirige.

1127 2242 1296 2283 Erroi‘is
1315 2240 1494 2283 umbras
1514 2240 1696 2291 discute,

1171 2299 1322 2350 Syrtes
1341 2296 1521 2340 dolesas
1540 2299 1708 2345 amove,

1171 2354 1353 2396 Fluctus
1372 2359 1440 2396 tot
1458 2354 1582 2403 inter,
1602 2352 1742 2394 deviis

1171 2411 1334 2452 Tutam
1355 2410 1536 2453 reclude
1555 2408 1766 2451 semitam.

1130 2478 1240 2525 Jesu,
1259 2475 1340 2517 tibi
1358 2475 1414 2517 sit
1432 2475 1583 2526 gloria,

1173 2532 1257 2582 Qui
1276 2537 1405 2573 natus
1426 2544 1473 2572 es
1493 2530 1550 2572 de
1567 2530 1762 2581 Virgine,

1173 2588 1284 2629 Cum
1303 2588 1434 2630 Patre
1454 2592 1498 2628 et
1517 2586 1633 2627 almo
1653 2586 1828 2639 Spiritu,

1172 2645 1223 2685 In
1248 2644 1517 2697 sempiterna
1541 2643 1715 2685 saecula.

1381 2700 1534 2741 Amen.
