<?xml version="1.0" encoding="UTF-8"?>
<!DOCTYPE html PUBLIC "-//W3C//DTD XHTML 1.0 Transitional//EN"
    "http://www.w3.org/TR/xhtml1/DTD/xhtml1-transitional.dtd">
<html xmlns="http://www.w3.org/1999/xhtml" xml:lang="en" lang="en">
 <head>
  <title>
</title>
<meta http-equiv="Content-Type" content="text/html;charset=utf-8" />
  <meta name='ocr-system' content='tesseract 3.04.00' />
  <meta name='ocr-capabilities' content='ocr_page ocr_carea ocr_par ocr_line ocrx_word'/>
</head>
<body>
  <div class='ocr_page' id='page_1' title='image "./p4breviariumroma00cathuoft_0401.png"; bbox 0 0 2040 2944; ppageno 0'>
   <div class='ocr_carea' id='block_1_1' title="bbox 633 162 995 196">
    <p class='ocr_par' dir='ltr' id='par_1_1' title="bbox 633 162 995 196">
     <span class='ocr_line' id='line_1_1' title="bbox 633 162 995 196; baseline 0 0"><span class='ocrx_word' id='word_1_1' title='bbox 633 162 704 196; x_wconf 88' lang='lat' dir='ltr'>Die</span> <span class='ocrx_word' id='word_1_2' title='bbox 731 163 779 196; x_wconf 85' lang='lat'>15.</span> <span class='ocrx_word' id='word_1_3' title='bbox 805 162 995 196; x_wconf 85' lang='lat' dir='ltr'>Octobris.</span> 
     </span>
    </p>
   </div>
   <div class='ocr_carea' id='block_1_2' title="bbox 155 256 992 2515">
    <p class='ocr_par' dir='ltr' id='par_1_2' title="bbox 159 256 992 1032">
     <span class='ocr_line' id='line_1_2' title="bbox 162 256 992 308; baseline 0.004 -10"><span class='ocrx_word' id='word_1_4' title='bbox 162 256 271 308; x_wconf 87' lang='lat' dir='ltr'>tyris</span> <span class='ocrx_word' id='word_1_5' title='bbox 298 268 460 308; x_wconf 88' lang='lat' dir='ltr'>corpus</span> <span class='ocrx_word' id='word_1_6' title='bbox 493 256 700 306; x_wconf 84' lang='lat' dir='ltr'>jactatum</span> <span class='ocrx_word' id='word_1_7' title='bbox 726 257 770 298; x_wconf 90' lang='lat' dir='ltr'>in</span> <span class='ocrx_word' id='word_1_8' title='bbox 796 258 992 301; x_wconf 80' lang='lat' dir='ltr'>Tiberim</span> 
     </span>
     <span class='ocr_line' id='line_1_3' title="bbox 163 311 991 364; baseline 0.001 -10"><span class='ocrx_word' id='word_1_9' title='bbox 163 312 363 364; x_wconf 84' lang='lat' dir='ltr'>conquiri</span> <span class='ocrx_word' id='word_1_10' title='bbox 388 311 620 363; x_wconf 86' lang='lat' dir='ltr'>diligenter</span> <span class='ocrx_word' id='word_1_11' title='bbox 646 314 833 364; x_wconf 87' lang='lat' dir='ltr'>curavit,</span> <span class='ocrx_word' id='word_1_12' title='bbox 862 319 907 357; x_wconf 93' lang='lat' dir='ltr'>et</span> <span class='ocrx_word' id='word_1_13' title='bbox 931 315 991 356; x_wconf 90' lang='lat' dir='ltr'>in-</span> 
     </span>
     <span class='ocr_line' id='line_1_4' title="bbox 161 368 990 422; baseline 0.005 -13"><span class='ocrx_word' id='word_1_14' title='bbox 161 370 340 410; x_wconf 85' lang='lat' dir='ltr'>ventum</span> <span class='ocrx_word' id='word_1_15' title='bbox 366 368 610 410; x_wconf 89' lang='lat' dir='ltr'>honorifice</span> <span class='ocrx_word' id='word_1_16' title='bbox 638 370 851 422; x_wconf 83' lang='lat' dir='ltr'>sepelivit.</span> <span class='ocrx_word' id='word_1_17' title='bbox 896 371 990 412; x_wconf 84' lang='lat' dir='ltr'>Pal-</span> 
     </span>
     <span class='ocr_line' id='line_1_5' title="bbox 160 425 990 479; baseline 0.004 -13"><span class='ocrx_word' id='word_1_18' title='bbox 160 425 342 467; x_wconf 85' lang='lat' dir='ltr'>matium</span> <span class='ocrx_word' id='word_1_19' title='bbox 372 425 606 475; x_wconf 85' lang='lat' dir='ltr'>consulari,</span> <span class='ocrx_word' id='word_1_20' title='bbox 628 425 899 479; x_wconf 88' lang='lat' dir='ltr'>Simplicium</span> <span class='ocrx_word' id='word_1_21' title='bbox 927 441 990 469; x_wconf 91' lang='lat' dir='ltr'>se-</span> 
     </span>
     <span class='ocr_line' id='line_1_6' title="bbox 161 480 991 534; baseline 0.002 -11"><span class='ocrx_word' id='word_1_22' title='bbox 161 482 332 523; x_wconf 87' lang='lat' dir='ltr'>natoria</span> <span class='ocrx_word' id='word_1_23' title='bbox 347 480 559 533; x_wconf 84' lang='lat' dir='ltr'>dignitate</span> <span class='ocrx_word' id='word_1_24' title='bbox 574 481 777 534; x_wconf 88' lang='lat' dir='ltr'>illustres,</span> <span class='ocrx_word' id='word_1_25' title='bbox 798 483 991 526; x_wconf 87' lang='lat' dir='ltr'>Felicem</span> 
     </span>
     <span class='ocr_line' id='line_1_7' title="bbox 161 538 990 591; baseline 0.002 -11"><span class='ocrx_word' id='word_1_26' title='bbox 161 542 206 580; x_wconf 90' lang='lat' dir='ltr'>et</span> <span class='ocrx_word' id='word_1_27' title='bbox 240 538 475 589; x_wconf 91' lang='lat' dir='ltr'>Blandam,</span> <span class='ocrx_word' id='word_1_28' title='bbox 521 538 595 591; x_wconf 93' lang='lat' dir='ltr'>qui</span> <span class='ocrx_word' id='word_1_29' title='bbox 637 538 796 581; x_wconf 91' lang='lat' dir='ltr'>deinde</span> <span class='ocrx_word' id='word_1_30' title='bbox 838 553 990 582; x_wconf 91' lang='lat' dir='ltr'>omnes</span> 
     </span>
     <span class='ocr_line' id='line_1_8' title="bbox 160 594 990 649; baseline 0.004 -13"><span class='ocrx_word' id='word_1_31' title='bbox 160 595 417 648; x_wconf 70' lang='lat' dir='ltr'>martyrium</span> <span class='ocrx_word' id='word_1_32' title='bbox 437 594 625 645; x_wconf 89' lang='lat' dir='ltr'>subiere,</span> <span class='ocrx_word' id='word_1_33' title='bbox 647 608 747 637; x_wconf 91' lang='lat' dir='ltr'>cum</span> <span class='ocrx_word' id='word_1_34' title='bbox 767 596 990 649; x_wconf 87' lang='lat' dir='ltr'>baptismo</span> 
     </span>
     <span class='ocr_line' id='line_1_9' title="bbox 160 650 990 703; baseline 0.004 -11"><span class='ocrx_word' id='word_1_35' title='bbox 160 650 408 701; x_wconf 84' lang='lat' dir='ltr'>lustrasset,</span> <span class='ocrx_word' id='word_1_36' title='bbox 427 651 586 692; x_wconf 90' lang='lat' dir='ltr'>missus</span> <span class='ocrx_word' id='word_1_37' title='bbox 606 656 674 693; x_wconf 90' lang='lat' dir='ltr'>est</span> <span class='ocrx_word' id='word_1_38' title='bbox 692 652 736 692; x_wconf 92' lang='lat' dir='ltr'>in</span> <span class='ocrx_word' id='word_1_39' title='bbox 756 655 990 703; x_wconf 86' lang='lat' dir='ltr'>carcerem,</span> 
     </span>
     <span class='ocr_line' id='line_1_10' title="bbox 160 707 989 759; baseline 0.004 -10"><span class='ocrx_word' id='word_1_40' title='bbox 160 707 236 749; x_wconf 93' lang='lat' dir='ltr'>ubi</span> <span class='ocrx_word' id='word_1_41' title='bbox 267 708 494 749; x_wconf 85' lang='lat' dir='ltr'>Privatum</span> <span class='ocrx_word' id='word_1_42' title='bbox 530 707 732 759; x_wconf 90' lang='lat' dir='ltr'>militem,</span> <span class='ocrx_word' id='word_1_43' title='bbox 768 709 989 752; x_wconf 77' lang='lat' dir='ltr'>ulceribus</span> 
     </span>
     <span class='ocr_line' id='line_1_11' title="bbox 160 763 988 817; baseline 0.004 -12"><span class='ocrx_word' id='word_1_44' title='bbox 160 764 355 817; x_wconf 91' lang='lat' dir='ltr'>plenum,</span> <span class='ocrx_word' id='word_1_45' title='bbox 384 763 699 806; x_wconf 86' lang='lat' dir='ltr'>admirabiliter</span> <span class='ocrx_word' id='word_1_46' title='bbox 726 766 901 808; x_wconf 86' lang='lat' dir='ltr'>sanitati</span> <span class='ocrx_word' id='word_1_47' title='bbox 924 780 988 808; x_wconf 93' lang='lat' dir='ltr'>re-</span> 
     </span>
     <span class='ocr_line' id='line_1_12' title="bbox 160 820 988 875; baseline 0.004 -13"><span class='ocrx_word' id='word_1_48' title='bbox 160 821 372 871; x_wconf 89' lang='lat' dir='ltr'>stitutum,</span> <span class='ocrx_word' id='word_1_49' title='bbox 388 820 563 862; x_wconf 90' lang='lat' dir='ltr'>Christo</span> <span class='ocrx_word' id='word_1_50' title='bbox 575 820 784 873; x_wconf 83' lang='lat' dir='ltr'>adjunxit:</span> <span class='ocrx_word' id='word_1_51' title='bbox 798 836 881 875; x_wconf 92' lang='lat' dir='ltr'>pro</span> <span class='ocrx_word' id='word_1_52' title='bbox 900 836 988 875; x_wconf 93' lang='lat' dir='ltr'>quo</span> 
     </span>
     <span class='ocr_line' id='line_1_13' title="bbox 160 876 988 933; baseline 0.005 -15"><span class='ocrx_word' id='word_1_53' title='bbox 160 876 288 927; x_wconf 90' lang='lat' dir='ltr'>idem,</span> <span class='ocrx_word' id='word_1_54' title='bbox 303 890 457 919; x_wconf 91' lang='lat' dir='ltr'>recens</span> <span class='ocrx_word' id='word_1_55' title='bbox 473 877 619 919; x_wconf 85' lang='lat' dir='ltr'>adhuc</span> <span class='ocrx_word' id='word_1_56' title='bbox 633 891 659 919; x_wconf 88' lang='lat' dir='ltr'>a</span> <span class='ocrx_word' id='word_1_57' title='bbox 672 878 761 920; x_wconf 90' lang='lat' dir='ltr'>fide</span> <span class='ocrx_word' id='word_1_58' title='bbox 773 882 988 933; x_wconf 87' lang='lat' dir='ltr'>suscepta,</span> 
     </span>
     <span class='ocr_line' id='line_1_14' title="bbox 159 933 989 986; baseline 0.005 -11"><span class='ocrx_word' id='word_1_59' title='bbox 159 933 396 986; x_wconf 86' lang='lat' dir='ltr'>plumbatis</span> <span class='ocrx_word' id='word_1_60' title='bbox 412 947 553 986; x_wconf 88' lang='lat' dir='ltr'>usque</span> <span class='ocrx_word' id='word_1_61' title='bbox 568 933 626 976; x_wconf 93' lang='lat' dir='ltr'>ad</span> <span class='ocrx_word' id='word_1_62' title='bbox 642 941 832 978; x_wconf 91' lang='lat' dir='ltr'>mortem</span> <span class='ocrx_word' id='word_1_63' title='bbox 848 949 989 979; x_wconf 90' lang='lat' dir='ltr'>caesus</span> 
     </span>
     <span class='ocr_line' id='line_1_15' title="bbox 159 990 377 1032; baseline 0.005 -1"><span class='ocrx_word' id='word_1_64' title='bbox 159 990 377 1032; x_wconf 88' lang='lat' dir='ltr'>occubuit.</span> 
     </span>
    </p>

    <p class='ocr_par' dir='ltr' id='par_1_3' title="bbox 157 1046 989 1437">
     <span class='ocr_line' id='line_1_16' title="bbox 210 1046 987 1103; baseline 0.003 -14"><span class='ocrx_word' id='word_1_65' title='bbox 210 1051 260 1103; x_wconf 70' lang='lat' dir='ltr'>R.</span> <span class='ocrx_word' id='word_1_66' title='bbox 278 1046 558 1088; x_wconf 87' lang='lat' dir='ltr'>Desiderium</span> <span class='ocrx_word' id='word_1_67' title='bbox 573 1047 730 1089; x_wconf 81' lang='lat' dir='ltr'>animae</span> <span class='ocrx_word' id='word_1_68' title='bbox 748 1049 838 1099; x_wconf 87' lang='lat' dir='ltr'>ejus</span> <span class='ocrx_word' id='word_1_69' title='bbox 853 1049 987 1091; x_wconf 85' lang='lat' dir='ltr'>tribu-</span> 
     </span>
     <span class='ocr_line' id='line_1_17' title="bbox 157 1102 988 1154; baseline 0.006 -11"><span class='ocrx_word' id='word_1_70' title='bbox 157 1102 230 1144; x_wconf 85' lang='lat' dir='ltr'>isti</span> <span class='ocrx_word' id='word_1_71' title='bbox 255 1103 295 1144; x_wconf 91' lang='lat' dir='ltr'>ei</span> <span class='ocrx_word' id='word_1_72' title='bbox 312 1103 520 1154; x_wconf 90' lang='lat' dir='ltr'>Domine,</span> <span class='ocrx_word' id='word_1_73' title='bbox 547 1111 569 1133; x_wconf 89' lang='lat'>*</span> <span class='ocrx_word' id='word_1_74' title='bbox 597 1104 655 1145; x_wconf 89' lang='lat' dir='ltr'>Et</span> <span class='ocrx_word' id='word_1_75' title='bbox 678 1104 905 1147; x_wconf 80' lang='lat' dir='ltr'>voluntate</span> <span class='ocrx_word' id='word_1_76' title='bbox 931 1106 988 1148; x_wconf 91' lang='lat' dir='ltr'>la-</span> 
     </span>
     <span class='ocr_line' id='line_1_18' title="bbox 158 1157 988 1211; baseline 0.006 -12"><span class='ocrx_word' id='word_1_77' title='bbox 158 1157 331 1200; x_wconf 90' lang='lat' dir='ltr'>biorum</span> <span class='ocrx_word' id='word_1_78' title='bbox 366 1160 458 1211; x_wconf 89' lang='lat' dir='ltr'>ejus</span> <span class='ocrx_word' id='word_1_79' title='bbox 498 1173 587 1201; x_wconf 91' lang='lat' dir='ltr'>non</span> <span class='ocrx_word' id='word_1_80' title='bbox 627 1160 841 1203; x_wconf 84' lang='lat' dir='ltr'>fraudasti</span> <span class='ocrx_word' id='word_1_81' title='bbox 878 1175 988 1204; x_wconf 92' lang='lat' dir='ltr'>eum.</span> 
     </span>
     <span class='ocr_line' id='line_1_19' title="bbox 157 1216 987 1270; baseline 0.005 -14"><span class='ocrx_word' id='word_1_82' title='bbox 157 1216 208 1268; x_wconf 60' lang='lat' dir='ltr'>V,</span> <span class='ocrx_word' id='word_1_83' title='bbox 230 1216 446 1266; x_wconf 91' lang='lat' dir='ltr'>Quoniam</span> <span class='ocrx_word' id='word_1_84' title='bbox 465 1217 719 1270; x_wconf 90' lang='lat' dir='ltr'>praevenisti</span> <span class='ocrx_word' id='word_1_85' title='bbox 739 1230 837 1259; x_wconf 89' lang='lat' dir='ltr'>eum</span> <span class='ocrx_word' id='word_1_86' title='bbox 857 1219 900 1259; x_wconf 93' lang='lat' dir='ltr'>in</span> <span class='ocrx_word' id='word_1_87' title='bbox 914 1219 987 1260; x_wconf 93' lang='lat' dir='ltr'>be-</span> 
     </span>
     <span class='ocr_line' id='line_1_20' title="bbox 158 1270 989 1327; baseline 0.006 -15"><span class='ocrx_word' id='word_1_88' title='bbox 158 1270 480 1315; x_wconf 86' lang='lat' dir='ltr'>nedictionibus</span> <span class='ocrx_word' id='word_1_89' title='bbox 510 1271 773 1314; x_wconf 71' lang='lat' dir='ltr'>dulcedinis:</span> <span class='ocrx_word' id='word_1_90' title='bbox 799 1276 989 1327; x_wconf 85' lang='lat' dir='ltr'>posuisti</span> 
     </span>
     <span class='ocr_line' id='line_1_21' title="bbox 157 1328 987 1384; baseline 0.006 -15"><span class='ocrx_word' id='word_1_91' title='bbox 157 1328 201 1369; x_wconf 93' lang='lat' dir='ltr'>in</span> <span class='ocrx_word' id='word_1_92' title='bbox 227 1329 374 1381; x_wconf 83' lang='lat' dir='ltr'>capite</span> <span class='ocrx_word' id='word_1_93' title='bbox 401 1330 491 1380; x_wconf 88' lang='lat' dir='ltr'>ejus</span> <span class='ocrx_word' id='word_1_94' title='bbox 519 1331 730 1371; x_wconf 88' lang='lat' dir='ltr'>coronam</span> <span class='ocrx_word' id='word_1_95' title='bbox 760 1330 815 1373; x_wconf 93' lang='lat' dir='ltr'>de</span> <span class='ocrx_word' id='word_1_96' title='bbox 840 1331 987 1384; x_wconf 87' lang='lat' dir='ltr'>lapide</span> 
     </span>
     <span class='ocr_line' id='line_1_22' title="bbox 157 1385 463 1437; baseline 0.007 -12"><span class='ocrx_word' id='word_1_97' title='bbox 157 1385 366 1437; x_wconf 89' lang='lat' dir='ltr'>pretioso.</span> <span class='ocrx_word' id='word_1_98' title='bbox 394 1386 463 1427; x_wconf 86' lang='lat' dir='ltr'>Et.</span> 
     </span>
    </p>

    <p class='ocr_par' dir='ltr' id='par_1_4' title="bbox 459 1447 684 1488">
     <span class='ocr_line' id='line_1_23' title="bbox 459 1447 684 1488; baseline 0 0"><span class='ocrx_word' id='word_1_99' title='bbox 459 1447 610 1488; x_wconf 87' lang='lat' dir='ltr'>Lectio</span> <span class='ocrx_word' id='word_1_100' title='bbox 632 1448 684 1488; x_wconf 90' lang='lat' dir='ltr'>vi.</span> 
     </span>
    </p>

    <p class='ocr_par' dir='ltr' id='par_1_5' title="bbox 227 1497 986 1553">
     <span class='ocr_line' id='line_1_24' title="bbox 227 1497 986 1553; baseline 0.005 -14"><span class='ocrx_word' id='word_1_101' title='bbox 227 1497 319 1540; x_wconf 87' lang='lat' dir='ltr'>edit</span> <span class='ocrx_word' id='word_1_102' title='bbox 356 1498 561 1541; x_wconf 87' lang='lat' dir='ltr'>Callistus</span> <span class='ocrx_word' id='word_1_103' title='bbox 599 1512 738 1541; x_wconf 91' lang='lat' dir='ltr'>annos</span> <span class='ocrx_word' id='word_1_104' title='bbox 784 1501 986 1553; x_wconf 88' lang='lat' dir='ltr'>quinque,</span> 
     </span>
    </p>

    <p class='ocr_par' dir='ltr' id='par_1_6' title="bbox 155 1556 988 2447">
     <span class='ocr_line' id='line_1_25' title="bbox 243 1556 986 1607; baseline 0.005 -12"><span class='ocrx_word' id='word_1_105' title='bbox 243 1567 440 1597; x_wconf 90' lang='lat' dir='ltr'>mensem</span> <span class='ocrx_word' id='word_1_106' title='bbox 458 1569 603 1607; x_wconf 91' lang='lat' dir='ltr'>unum,</span> <span class='ocrx_word' id='word_1_107' title='bbox 624 1556 718 1598; x_wconf 90' lang='lat' dir='ltr'>dies</span> <span class='ocrx_word' id='word_1_108' title='bbox 739 1556 986 1599; x_wconf 85' lang='lat' dir='ltr'>duodecim.</span> 
     </span>
     <span class='ocr_line' id='line_1_26' title="bbox 158 1609 988 1666; baseline 0.005 -14"><span class='ocrx_word' id='word_1_109' title='bbox 158 1609 518 1654; x_wconf 80' lang='lat' dir='ltr'>ordinationibus</span> <span class='ocrx_word' id='word_1_110' title='bbox 536 1613 728 1666; x_wconf 92' lang='lat' dir='ltr'>quinque</span> <span class='ocrx_word' id='word_1_111' title='bbox 743 1626 894 1656; x_wconf 91' lang='lat' dir='ltr'>mense</span> <span class='ocrx_word' id='word_1_112' title='bbox 909 1615 988 1656; x_wconf 93' lang='lat' dir='ltr'>De-</span> 
     </span>
     <span class='ocr_line' id='line_1_27' title="bbox 158 1667 984 1723; baseline 0.005 -15"><span class='ocrx_word' id='word_1_113' title='bbox 158 1667 333 1718; x_wconf 91' lang='lat' dir='ltr'>cembri,</span> <span class='ocrx_word' id='word_1_114' title='bbox 353 1669 520 1711; x_wconf 85' lang='lat' dir='ltr'>creavit</span> <span class='ocrx_word' id='word_1_115' title='bbox 533 1670 817 1723; x_wconf 73' lang='lat' dir='ltr'>presbyteros</span> <span class='ocrx_word' id='word_1_116' title='bbox 833 1671 984 1712; x_wconf 84' lang='lat' dir='ltr'>sexde-</span> 
     </span>
     <span class='ocr_line' id='line_1_28' title="bbox 157 1723 985 1780; baseline 0.005 -15"><span class='ocrx_word' id='word_1_117' title='bbox 157 1724 258 1774; x_wconf 91' lang='lat' dir='ltr'>cim,</span> <span class='ocrx_word' id='word_1_118' title='bbox 279 1723 492 1769; x_wconf 83' lang='lat' dir='ltr'>diaconos</span> <span class='ocrx_word' id='word_1_119' title='bbox 513 1728 718 1778; x_wconf 85' lang='lat' dir='ltr'>quatuor,</span> <span class='ocrx_word' id='word_1_120' title='bbox 747 1729 985 1780; x_wconf 88' lang='lat' dir='ltr'>episcopos</span> 
     </span>
     <span class='ocr_line' id='line_1_29' title="bbox 157 1781 984 1833; baseline 0.005 -11"><span class='ocrx_word' id='word_1_121' title='bbox 157 1785 271 1822; x_wconf 91' lang='lat' dir='ltr'>octo.</span> <span class='ocrx_word' id='word_1_122' title='bbox 324 1781 434 1823; x_wconf 90' lang='lat' dir='ltr'>Post</span> <span class='ocrx_word' id='word_1_123' title='bbox 473 1782 650 1833; x_wconf 88' lang='lat' dir='ltr'>longam</span> <span class='ocrx_word' id='word_1_124' title='bbox 691 1784 852 1825; x_wconf 89' lang='lat' dir='ltr'>famem</span> <span class='ocrx_word' id='word_1_125' title='bbox 895 1797 984 1826; x_wconf 90' lang='lat' dir='ltr'>cre-</span> 
     </span>
     <span class='ocr_line' id='line_1_30' title="bbox 155 1836 985 1894; baseline 0.005 -16"><span class='ocrx_word' id='word_1_126' title='bbox 155 1836 348 1890; x_wconf 87' lang='lat' dir='ltr'>brasque</span> <span class='ocrx_word' id='word_1_127' title='bbox 392 1838 739 1890; x_wconf 82' lang='lat' dir='ltr'>verberationes,</span> <span class='ocrx_word' id='word_1_128' title='bbox 782 1853 985 1894; x_wconf 83' lang='lat' dir='ltr'>praeceps</span> 
     </span>
     <span class='ocr_line' id='line_1_31' title="bbox 157 1894 984 1949; baseline 0.005 -14"><span class='ocrx_word' id='word_1_129' title='bbox 157 1894 295 1945; x_wconf 88' lang='lat' dir='ltr'>jactus</span> <span class='ocrx_word' id='word_1_130' title='bbox 323 1895 368 1935; x_wconf 92' lang='lat' dir='ltr'>in</span> <span class='ocrx_word' id='word_1_131' title='bbox 395 1898 598 1947; x_wconf 90' lang='lat' dir='ltr'>puteum,</span> <span class='ocrx_word' id='word_1_132' title='bbox 627 1901 759 1949; x_wconf 92' lang='lat' dir='ltr'>atque</span> <span class='ocrx_word' id='word_1_133' title='bbox 787 1897 848 1939; x_wconf 91' lang='lat' dir='ltr'>ita</span> <span class='ocrx_word' id='word_1_134' title='bbox 875 1910 984 1938; x_wconf 90' lang='lat' dir='ltr'>mar-</span> 
     </span>
     <span class='ocr_line' id='line_1_32' title="bbox 155 1950 982 2003; baseline 0.005 -12"><span class='ocrx_word' id='word_1_135' title='bbox 155 1950 270 2003; x_wconf 71' lang='lat' dir='ltr'>tyrio</span> <span class='ocrx_word' id='word_1_136' title='bbox 317 1953 555 1994; x_wconf 84' lang='lat' dir='ltr'>coronatus</span> <span class='ocrx_word' id='word_1_137' title='bbox 599 1952 680 1994; x_wconf 93' lang='lat' dir='ltr'>sub</span> <span class='ocrx_word' id='word_1_138' title='bbox 727 1953 982 1995; x_wconf 83' lang='lat' dir='ltr'>Alexandro</span> 
     </span>
     <span class='ocr_line' id='line_1_33' title="bbox 156 2006 983 2059; baseline 0.007 -13"><span class='ocrx_word' id='word_1_139' title='bbox 156 2006 441 2059; x_wconf 85' lang='lat' dir='ltr'>imperatore,</span> <span class='ocrx_word' id='word_1_140' title='bbox 472 2008 618 2051; x_wconf 86' lang='lat' dir='ltr'>illatus</span> <span class='ocrx_word' id='word_1_141' title='bbox 652 2015 720 2052; x_wconf 89' lang='lat' dir='ltr'>est</span> <span class='ocrx_word' id='word_1_142' title='bbox 750 2010 794 2051; x_wconf 91' lang='lat' dir='ltr'>in</span> <span class='ocrx_word' id='word_1_143' title='bbox 827 2023 983 2053; x_wconf 90' lang='lat' dir='ltr'>coeme—</span> 
     </span>
     <span class='ocr_line' id='line_1_34' title="bbox 155 2064 983 2118; baseline 0.006 -14"><span class='ocrx_word' id='word_1_144' title='bbox 155 2064 312 2105; x_wconf 88' lang='lat' dir='ltr'>terium</span> <span class='ocrx_word' id='word_1_145' title='bbox 338 2064 582 2118; x_wconf 86' lang='lat' dir='ltr'>Calepodii‚</span> <span class='ocrx_word' id='word_1_146' title='bbox 602 2067 672 2108; x_wconf 91' lang='lat' dir='ltr'>via</span> <span class='ocrx_word' id='word_1_147' title='bbox 691 2067 881 2117; x_wconf 90' lang='lat' dir='ltr'>Aurelia,</span> <span class='ocrx_word' id='word_1_148' title='bbox 900 2070 983 2109; x_wconf 88' lang='lat' dir='ltr'>ter-</span> 
     </span>
     <span class='ocr_line' id='line_1_35' title="bbox 155 2120 985 2176; baseline 0.004 -14"><span class='ocrx_word' id='word_1_149' title='bbox 155 2120 218 2162; x_wconf 92' lang='lat' dir='ltr'>tio</span> <span class='ocrx_word' id='word_1_150' title='bbox 238 2120 293 2162; x_wconf 89' lang='lat' dir='ltr'>ab</span> <span class='ocrx_word' id='word_1_151' title='bbox 331 2121 452 2164; x_wconf 92' lang='lat' dir='ltr'>Urbe</span> <span class='ocrx_word' id='word_1_152' title='bbox 492 2122 659 2175; x_wconf 84' lang='lat' dir='ltr'>lapide,</span> <span class='ocrx_word' id='word_1_153' title='bbox 699 2122 842 2176; x_wconf 88' lang='lat' dir='ltr'>pridie</span> <span class='ocrx_word' id='word_1_154' title='bbox 880 2124 985 2166; x_wconf 90' lang='lat' dir='ltr'>Idus</span> 
     </span>
     <span class='ocr_line' id='line_1_36' title="bbox 156 2176 985 2233; baseline 0.006 -16"><span class='ocrx_word' id='word_1_155' title='bbox 156 2176 374 2219; x_wconf 90' lang='lat' dir='ltr'>Octobris.</span> <span class='ocrx_word' id='word_1_156' title='bbox 401 2178 505 2229; x_wconf 86' lang='lat' dir='ltr'>Ejus</span> <span class='ocrx_word' id='word_1_157' title='bbox 519 2179 804 2231; x_wconf 90' lang='lat' dir='ltr'>postmodum</span> <span class='ocrx_word' id='word_1_158' title='bbox 823 2193 985 2233; x_wconf 90' lang='lat' dir='ltr'>corpus</span> 
     </span>
     <span class='ocr_line' id='line_1_37' title="bbox 155 2232 985 2279; baseline 0.007 -7"><span class='ocrx_word' id='word_1_159' title='bbox 155 2232 199 2272; x_wconf 92' lang='lat' dir='ltr'>in</span> <span class='ocrx_word' id='word_1_160' title='bbox 229 2232 455 2275; x_wconf 87' lang='lat' dir='ltr'>basilicam</span> <span class='ocrx_word' id='word_1_161' title='bbox 484 2241 649 2277; x_wconf 89' lang='lat' dir='ltr'>sanctae</span> <span class='ocrx_word' id='word_1_162' title='bbox 677 2236 829 2278; x_wconf 89' lang='lat' dir='ltr'>Mariae</span> <span class='ocrx_word' id='word_1_163' title='bbox 863 2242 985 2279; x_wconf 90' lang='lat' dir='ltr'>trans</span> 
     </span>
     <span class='ocr_line' id='line_1_38' title="bbox 155 2288 984 2345; baseline 0.007 -16"><span class='ocrx_word' id='word_1_164' title='bbox 155 2288 367 2341; x_wconf 86' lang='lat' dir='ltr'>Tiberim,</span> <span class='ocrx_word' id='word_1_165' title='bbox 396 2291 451 2333; x_wconf 93' lang='lat' dir='ltr'>ab</span> <span class='ocrx_word' id='word_1_166' title='bbox 476 2292 574 2345; x_wconf 89' lang='lat' dir='ltr'>ipso</span> <span class='ocrx_word' id='word_1_167' title='bbox 600 2292 882 2342; x_wconf 84' lang='lat' dir='ltr'>aedificatam,</span> <span class='ocrx_word' id='word_1_168' title='bbox 912 2292 984 2335; x_wconf 91' lang='lat' dir='ltr'>de-</span> 
     </span>
     <span class='ocr_line' id='line_1_39' title="bbox 155 2344 985 2401; baseline 0.007 -16"><span class='ocrx_word' id='word_1_169' title='bbox 155 2344 306 2396; x_wconf 84' lang='lat' dir='ltr'>latum,</span> <span class='ocrx_word' id='word_1_170' title='bbox 326 2347 407 2389; x_wconf 91' lang='lat' dir='ltr'>sub</span> <span class='ocrx_word' id='word_1_171' title='bbox 428 2361 504 2390; x_wconf 91' lang='lat' dir='ltr'>ara</span> <span class='ocrx_word' id='word_1_172' title='bbox 522 2349 686 2401; x_wconf 90' lang='lat' dir='ltr'>majori,</span> <span class='ocrx_word' id='word_1_173' title='bbox 705 2350 894 2391; x_wconf 80' lang='lat' dir='ltr'>maxima</span> <span class='ocrx_word' id='word_1_174' title='bbox 914 2362 985 2391; x_wconf 88' lang='lat' dir='ltr'>ve-</span> 
     </span>
     <span class='ocr_line' id='line_1_40' title="bbox 155 2403 569 2447; baseline 0.017 -7"><span class='ocrx_word' id='word_1_175' title='bbox 155 2403 380 2445; x_wconf 89' lang='lat' dir='ltr'>neratione</span> <span class='ocrx_word' id='word_1_176' title='bbox 400 2405 569 2447; x_wconf 90' lang='lat' dir='ltr'>colitur.</span> 
     </span>
    </p>

    <p class='ocr_par' dir='ltr' id='par_1_7' title="bbox 206 2459 819 2515">
     <span class='ocr_line' id='line_1_41' title="bbox 206 2459 819 2515; baseline 0.007 -16"><span class='ocrx_word' id='word_1_177' title='bbox 206 2460 258 2511; x_wconf 70' lang='lat' dir='ltr'>R.</span> <span class='ocrx_word' id='word_1_178' title='bbox 276 2459 399 2501; x_wconf 88' lang='lat' dir='ltr'>Stola</span> <span class='ocrx_word' id='word_1_179' title='bbox 418 2462 709 2513; x_wconf 84' lang='lat' dir='ltr'>jucunditatis.</span> <span class='ocrx_word' id='word_1_180' title='bbox 738 2463 819 2515; x_wconf 87' lang='lat'>[27]</span> 
     </span>
    </p>
   </div>
   <div class='ocr_carea' id='block_1_3' title="bbox 154 2525 984 2712">
    <p class='ocr_par' dir='ltr' id='par_1_8' title="bbox 156 2525 984 2621">
     <span class='ocr_line' id='line_1_42' title="bbox 208 2525 984 2571; baseline 0.005 -12"><span class='ocrx_word' id='word_1_181' title='bbox 208 2525 254 2559; x_wconf 88' lang='lat' dir='ltr'>In</span> <span class='ocrx_word' id='word_1_182' title='bbox 265 2525 330 2560; x_wconf 89' lang='lat'>111.</span> <span class='ocrx_word' id='word_1_183' title='bbox 342 2526 454 2562; x_wconf 90' lang='lat' dir='ltr'>Noct.</span> <span class='ocrx_word' id='word_1_184' title='bbox 471 2527 643 2562; x_wconf 86' lang='lat' dir='ltr'>Homilia</span> <span class='ocrx_word' id='word_1_185' title='bbox 658 2527 696 2561; x_wconf 90' lang='lat' dir='ltr'>in</span> <span class='ocrx_word' id='word_1_186' title='bbox 713 2527 858 2571; x_wconf 87' lang='lat' dir='ltr'>Evang.</span> <span class='ocrx_word' id='word_1_187' title='bbox 873 2529 984 2563; x_wconf 91' lang='lat' dir='ltr'>Nihil</span> 
     </span>
     <span class='ocr_line' id='line_1_43' title="bbox 156 2572 984 2621; baseline 0.007 -16"><span class='ocrx_word' id='word_1_188' title='bbox 156 2574 215 2606; x_wconf 89' lang='lat' dir='ltr'>est</span> <span class='ocrx_word' id='word_1_189' title='bbox 234 2572 418 2615; x_wconf 83' lang='lat' dir='ltr'>opertum.</span> <span class='ocrx_word' id='word_1_190' title='bbox 443 2575 491 2610; x_wconf 90' lang='lat' dir='ltr'>de</span> <span class='ocrx_word' id='word_1_191' title='bbox 508 2576 592 2610; x_wconf 91' lang='lat' dir='ltr'>eod.</span> <span class='ocrx_word' id='word_1_192' title='bbox 615 2575 720 2610; x_wconf 75' lang='lat' dir='ltr'>Com.</span> <span class='ocrx_word' id='word_1_193' title='bbox 737 2576 768 2610; x_wconf 87' lang='lat'>3.</span> <span class='ocrx_word' id='word_1_194' title='bbox 789 2576 887 2611; x_wconf 87' lang='lat' dir='ltr'>loco.</span> <span class='ocrx_word' id='word_1_195' title='bbox 915 2577 984 2621; x_wconf 87' lang='lat'>[33]</span> 
     </span>
    </p>

    <p class='ocr_par' dir='ltr' id='par_1_9' title="bbox 154 2620 980 2712">
     <span class='ocr_line' id='line_1_44' title="bbox 206 2620 980 2668; baseline 0.005 -13"><span class='ocrx_word' id='word_1_196' title='bbox 206 2620 379 2665; x_wconf 86' lang='lat' dir='ltr'>Vespere</span> <span class='ocrx_word' id='word_1_197' title='bbox 397 2634 420 2658; x_wconf 88' lang='lat' dir='ltr'>a</span> <span class='ocrx_word' id='word_1_198' title='bbox 438 2623 561 2668; x_wconf 88' lang='lat' dir='ltr'>Capit.</span> <span class='ocrx_word' id='word_1_199' title='bbox 587 2625 634 2659; x_wconf 90' lang='lat' dir='ltr'>de</span> <span class='ocrx_word' id='word_1_200' title='bbox 650 2635 757 2668; x_wconf 91' lang='lat' dir='ltr'>sequ.</span> <span class='ocrx_word' id='word_1_201' title='bbox 783 2634 869 2658; x_wconf 92' lang='lat' dir='ltr'>cum</span> <span class='ocrx_word' id='word_1_202' title='bbox 886 2627 980 2661; x_wconf 74' lang='lat' dir='ltr'>eom.</span> 
     </span>
     <span class='ocr_line' id='line_1_45' title="bbox 154 2669 319 2712; baseline 0.006 -9"><span class='ocrx_word' id='word_1_203' title='bbox 154 2669 319 2712; x_wconf 82' lang='lat' dir='ltr'>praeced.</span> 
     </span>
    </p>
   </div>
   <div class='ocr_carea' id='block_1_4' title="bbox 467 2717 591 2720">
    <p class='ocr_par' dir='ltr' id='par_1_10' title="bbox 467 2717 591 2720">
     <span class='ocr_line' id='line_1_46' title="bbox 467 2717 591 2720; baseline 0 0"><span class='ocrx_word' id='word_1_204' title='bbox 467 2717 591 2720; x_wconf 95' lang='lat' dir='ltr'> </span> 
     </span>
    </p>
   </div>
   <div class='ocr_carea' id='block_1_5' title="bbox 1042 162 1401 206">
    <p class='ocr_par' dir='ltr' id='par_1_11' title="bbox 1042 162 1401 206">
     <span class='ocr_line' id='line_1_47' title="bbox 1042 162 1401 206; baseline -0.003 -9"><span class='ocrx_word' id='word_1_205' title='bbox 1042 162 1077 197; x_wconf 91' lang='lat' dir='ltr'>S.</span> <span class='ocrx_word' id='word_1_206' title='bbox 1102 162 1273 197; x_wconf 64' lang='lat' dir='ltr'>Teresia}</span> <span class='ocrx_word' id='word_1_207' title='bbox 1297 163 1401 206; x_wconf 74' lang='lat' dir='ltr'>Virg.</span> 
     </span>
    </p>
   </div>
   <div class='ocr_carea' id='block_1_6' title="bbox 1261 254 1664 298">
    <p class='ocr_par' dir='ltr' id='par_1_12' title="bbox 1261 254 1664 298">
     <span class='ocr_line' id='line_1_48' title="bbox 1261 254 1664 298; baseline -0.007 -1"><span class='ocrx_word' id='word_1_208' title='bbox 1261 256 1346 298; x_wconf 91' lang='lat' dir='ltr'>Die</span> <span class='ocrx_word' id='word_1_209' title='bbox 1365 257 1424 296; x_wconf 86' lang='lat'>15.</span> <span class='ocrx_word' id='word_1_210' title='bbox 1445 254 1664 297; x_wconf 88' lang='lat' dir='ltr'>Octobris.</span> 
     </span>
    </p>
   </div>
   <div class='ocr_carea' id='block_1_7' title="bbox 1047 324 1878 875">
    <p class='ocr_par' dir='ltr' id='par_1_13' title="bbox 1204 324 1724 374">
     <span class='ocr_line' id='line_1_49' title="bbox 1204 324 1724 374; baseline -0.002 -8"><span class='ocrx_word' id='word_1_211' title='bbox 1204 326 1246 366; x_wconf 89' lang='lat' dir='ltr'>S.</span> <span class='ocrx_word' id='word_1_212' title='bbox 1273 325 1489 366; x_wconf 84' lang='lat' dir='ltr'>Teresiae</span> <span class='ocrx_word' id='word_1_213' title='bbox 1520 324 1724 374; x_wconf 82' lang='lat' dir='ltr'>Virginis.</span> 
     </span>
    </p>

    <p class='ocr_par' dir='ltr' id='par_1_14' title="bbox 1379 384 1545 428">
     <span class='ocr_line' id='line_1_50' title="bbox 1379 384 1545 428; baseline 0.012 -10"><span class='ocrx_word' id='word_1_214' title='bbox 1379 384 1545 428; x_wconf 79' lang='lat' dir='ltr'>Duplex.</span> 
     </span>
    </p>

    <p class='ocr_par' dir='ltr' id='par_1_15' title="bbox 1100 435 1878 482">
     <span class='ocr_line' id='line_1_51' title="bbox 1100 435 1878 482; baseline 0.008 -14"><span class='ocrx_word' id='word_1_215' title='bbox 1100 435 1237 469; x_wconf 76' lang='lat' dir='ltr'>Omnia</span> <span class='ocrx_word' id='word_1_216' title='bbox 1262 437 1308 470; x_wconf 80' lang='lat' dir='ltr'>de</span> <span class='ocrx_word' id='word_1_217' title='bbox 1335 437 1479 472; x_wconf 87' lang='lat' dir='ltr'>Comm.</span> <span class='ocrx_word' id='word_1_218' title='bbox 1504 438 1609 482; x_wconf 75' lang='lat' dir='ltr'>Virg.</span> <span class='ocrx_word' id='word_1_219' title='bbox 1637 439 1709 482; x_wconf 83' lang='lat'>[83]</span> <span class='ocrx_word' id='word_1_220' title='bbox 1739 446 1878 482; x_wconf 60' lang='lat' dir='ltr'>praeter</span> 
     </span>
    </p>

    <p class='ocr_par' dir='ltr' id='par_1_16' title="bbox 1047 484 1258 526">
     <span class='ocr_line' id='line_1_52' title="bbox 1047 484 1258 526; baseline 0.005 -10"><span class='ocrx_word' id='word_1_221' title='bbox 1047 484 1258 526; x_wconf 80' lang='lat' dir='ltr'>sequentia.</span> 
     </span>
    </p>

    <p class='ocr_par' dir='ltr' id='par_1_17' title="bbox 1097 539 1748 586">
     <span class='ocr_line' id='line_1_53' title="bbox 1097 539 1748 586; baseline 0.009 -13"><span class='ocrx_word' id='word_1_222' title='bbox 1097 539 1141 573; x_wconf 87' lang='lat' dir='ltr'>In</span> <span class='ocrx_word' id='word_1_223' title='bbox 1164 540 1338 584; x_wconf 88' lang='lat' dir='ltr'>utrisque</span> <span class='ocrx_word' id='word_1_224' title='bbox 1364 542 1480 586; x_wconf 87' lang='lat' dir='ltr'>Vesp.</span> <span class='ocrx_word' id='word_1_225' title='bbox 1507 550 1543 578; x_wconf 89' lang='lat' dir='ltr'>et</span> <span class='ocrx_word' id='word_1_226' title='bbox 1567 545 1605 578; x_wconf 91' lang='lat' dir='ltr'>in</span> <span class='ocrx_word' id='word_1_227' title='bbox 1629 545 1748 579; x_wconf 79' lang='lat' dir='ltr'>Laud.</span> 
     </span>
    </p>

    <p class='ocr_par' dir='ltr' id='par_1_18' title="bbox 1096 599 1876 875">
     <span class='ocr_line' id='line_1_54' title="bbox 1358 599 1567 650; baseline 0.01 -11"><span class='ocrx_word' id='word_1_228' title='bbox 1358 599 1567 650; x_wconf 85' lang='lat' dir='ltr'>Hymnus.</span> 
     </span>
     <span class='ocr_line' id='line_1_55' title="bbox 1136 653 1603 706; baseline -0.002 -11"><span class='ocrx_word' id='word_1_229' title='bbox 1136 654 1227 705; x_wconf 86' lang='lat' dir='ltr'>egis</span> <span class='ocrx_word' id='word_1_230' title='bbox 1246 653 1423 706; x_wconf 88' lang='lat' dir='ltr'>superni</span> <span class='ocrx_word' id='word_1_231' title='bbox 1442 654 1603 703; x_wconf 85' lang='lat' dir='ltr'>nuntia,</span> 
     </span>
     <span class='ocr_line' id='line_1_56' title="bbox 1157 710 1797 763; baseline 0 -12"><span class='ocrx_word' id='word_1_232' title='bbox 1157 712 1349 752; x_wconf 93' lang='lat' dir='ltr'>Domum</span> <span class='ocrx_word' id='word_1_233' title='bbox 1368 713 1599 763; x_wconf 88' lang='lat' dir='ltr'>paternam</span> <span class='ocrx_word' id='word_1_234' title='bbox 1620 710 1797 761; x_wconf 79' lang='lat' dir='ltr'>deseris,</span> 
     </span>
     <span class='ocr_line' id='line_1_57' title="bbox 1096 767 1654 809; baseline -0.002 0"><span class='ocrx_word' id='word_1_235' title='bbox 1096 768 1248 809; x_wconf 92' lang='lat' dir='ltr'>Terris</span> <span class='ocrx_word' id='word_1_236' title='bbox 1268 768 1434 808; x_wconf 89' lang='lat' dir='ltr'>Teresa</span> <span class='ocrx_word' id='word_1_237' title='bbox 1453 767 1654 808; x_wconf 83' lang='lat' dir='ltr'>barbaris</span> 
     </span>
     <span class='ocr_line' id='line_1_58' title="bbox 1098 823 1876 875; baseline 0 -10"><span class='ocrx_word' id='word_1_238' title='bbox 1098 824 1319 866; x_wconf 89' lang='lat' dir='ltr'>Christum</span> <span class='ocrx_word' id='word_1_239' title='bbox 1334 823 1501 874; x_wconf 87' lang='lat' dir='ltr'>datura,</span> <span class='ocrx_word' id='word_1_240' title='bbox 1522 829 1597 866; x_wconf 92' lang='lat' dir='ltr'>aut</span> <span class='ocrx_word' id='word_1_241' title='bbox 1610 824 1876 875; x_wconf 81' lang='lat' dir='ltr'>sanguinem.</span> 
     </span>
    </p>
   </div>
   <div class='ocr_carea' id='block_1_8' title="bbox 1044 891 1759 1346">
    <p class='ocr_par' dir='ltr' id='par_1_19' title="bbox 1044 891 1759 1103">
     <span class='ocr_line' id='line_1_59' title="bbox 1044 891 1559 933; baseline -0.004 0"><span class='ocrx_word' id='word_1_242' title='bbox 1044 891 1134 933; x_wconf 90' lang='lat' dir='ltr'>Sed</span> <span class='ocrx_word' id='word_1_243' title='bbox 1153 897 1197 933; x_wconf 92' lang='lat' dir='ltr'>te</span> <span class='ocrx_word' id='word_1_244' title='bbox 1216 895 1363 932; x_wconf 87' lang='lat' dir='ltr'>manet</span> <span class='ocrx_word' id='word_1_245' title='bbox 1382 891 1559 932; x_wconf 80' lang='lat' dir='ltr'>suavior</span> 
     </span>
     <span class='ocr_line' id='line_1_60' title="bbox 1096 946 1759 1000; baseline 0 -12"><span class='ocrx_word' id='word_1_246' title='bbox 1096 948 1228 998; x_wconf 87' lang='lat' dir='ltr'>Mors,</span> <span class='ocrx_word' id='word_1_247' title='bbox 1247 960 1381 1000; x_wconf 87' lang='lat' dir='ltr'>poena</span> <span class='ocrx_word' id='word_1_248' title='bbox 1399 947 1549 1000; x_wconf 93' lang='lat' dir='ltr'>poscit</span> <span class='ocrx_word' id='word_1_249' title='bbox 1569 946 1759 989; x_wconf 89' lang='lat' dir='ltr'>dulcior:</span> 
     </span>
     <span class='ocr_line' id='line_1_61' title="bbox 1095 1003 1629 1056; baseline -0.002 -10"><span class='ocrx_word' id='word_1_250' title='bbox 1095 1004 1244 1046; x_wconf 88' lang='lat' dir='ltr'>Divini</span> <span class='ocrx_word' id='word_1_251' title='bbox 1262 1004 1425 1045; x_wconf 90' lang='lat' dir='ltr'>amoris</span> <span class='ocrx_word' id='word_1_252' title='bbox 1445 1003 1629 1056; x_wconf 77' lang='lat' dir='ltr'>cuspide</span> 
     </span>
     <span class='ocr_line' id='line_1_62' title="bbox 1094 1059 1667 1103; baseline -0.002 -1"><span class='ocrx_word' id='word_1_253' title='bbox 1094 1062 1145 1103; x_wconf 89' lang='lat' dir='ltr'>In</span> <span class='ocrx_word' id='word_1_254' title='bbox 1165 1060 1322 1102; x_wconf 87' lang='lat' dir='ltr'>vulnus</span> <span class='ocrx_word' id='word_1_255' title='bbox 1341 1061 1429 1102; x_wconf 90' lang='lat' dir='ltr'>icta</span> <span class='ocrx_word' id='word_1_256' title='bbox 1448 1059 1667 1102; x_wconf 91' lang='lat' dir='ltr'>concides.</span> 
     </span>
    </p>

    <p class='ocr_par' dir='ltr' id='par_1_20' title="bbox 1046 1125 1755 1346">
     <span class='ocr_line' id='line_1_63' title="bbox 1046 1125 1515 1169; baseline -0.006 0"><span class='ocrx_word' id='word_1_257' title='bbox 1046 1128 1082 1169; x_wconf 92' lang='lat' dir='ltr'>O</span> <span class='ocrx_word' id='word_1_258' title='bbox 1104 1125 1301 1167; x_wconf 81' lang='lat' dir='ltr'>caritatis</span> <span class='ocrx_word' id='word_1_259' title='bbox 1319 1125 1515 1167; x_wconf 83' lang='lat' dir='ltr'>victima!</span> 
     </span>
     <span class='ocr_line' id='line_1_64' title="bbox 1093 1181 1755 1231; baseline 0 -8"><span class='ocrx_word' id='word_1_260' title='bbox 1093 1182 1163 1223; x_wconf 92' lang='lat' dir='ltr'>Tu</span> <span class='ocrx_word' id='word_1_261' title='bbox 1182 1181 1319 1223; x_wconf 92' lang='lat' dir='ltr'>corda</span> <span class='ocrx_word' id='word_1_262' title='bbox 1337 1186 1490 1223; x_wconf 88' lang='lat' dir='ltr'>nostra</span> <span class='ocrx_word' id='word_1_263' title='bbox 1510 1183 1755 1231; x_wconf 90' lang='lat' dir='ltr'>concrema,</span> 
     </span>
     <span class='ocr_line' id='line_1_65' title="bbox 1093 1237 1667 1290; baseline -0.002 -10"><span class='ocrx_word' id='word_1_264' title='bbox 1093 1238 1282 1290; x_wconf 90' lang='lat' dir='ltr'>Tibique</span> <span class='ocrx_word' id='word_1_265' title='bbox 1303 1243 1456 1290; x_wconf 89' lang='lat' dir='ltr'>gentes</span> <span class='ocrx_word' id='word_1_266' title='bbox 1477 1237 1667 1280; x_wconf 87' lang='lat' dir='ltr'>creditas</span> 
     </span>
     <span class='ocr_line' id='line_1_66' title="bbox 1093 1295 1624 1346; baseline 0 -10"><span class='ocrx_word' id='word_1_267' title='bbox 1093 1295 1262 1337; x_wconf 90' lang='lat' dir='ltr'>Averni</span> <span class='ocrx_word' id='word_1_268' title='bbox 1281 1295 1336 1337; x_wconf 94' lang='lat' dir='ltr'>ab</span> <span class='ocrx_word' id='word_1_269' title='bbox 1356 1295 1456 1346; x_wconf 88' lang='lat' dir='ltr'>igne</span> <span class='ocrx_word' id='word_1_270' title='bbox 1475 1295 1624 1337; x_wconf 91' lang='lat' dir='ltr'>libera.</span> 
     </span>
    </p>
   </div>
   <div class='ocr_carea' id='block_1_9' title="bbox 1037 1360 1876 1932">
    <p class='ocr_par' dir='ltr' id='par_1_21' title="bbox 1044 1360 1614 1403">
     <span class='ocr_line' id='line_1_67' title="bbox 1044 1360 1614 1403; baseline -0.004 0"><span class='ocrx_word' id='word_1_271' title='bbox 1044 1362 1109 1403; x_wconf 85' lang='lat' dir='ltr'>Sit</span> <span class='ocrx_word' id='word_1_272' title='bbox 1127 1361 1222 1402; x_wconf 88' lang='lat' dir='ltr'>laus</span> <span class='ocrx_word' id='word_1_273' title='bbox 1241 1360 1363 1402; x_wconf 89' lang='lat' dir='ltr'>Patri</span> <span class='ocrx_word' id='word_1_274' title='bbox 1383 1373 1482 1402; x_wconf 93' lang='lat' dir='ltr'>cum</span> <span class='ocrx_word' id='word_1_275' title='bbox 1502 1360 1614 1401; x_wconf 88' lang='lat' dir='ltr'>Filio</span> 
     </span>
    </p>

    <p class='ocr_par' dir='ltr' id='par_1_22' title="bbox 1092 1417 1584 1470">
     <span class='ocr_line' id='line_1_68' title="bbox 1092 1417 1584 1470; baseline -0.002 -11"><span class='ocrx_word' id='word_1_276' title='bbox 1092 1419 1150 1460; x_wconf 90' lang='lat' dir='ltr'>Et</span> <span class='ocrx_word' id='word_1_277' title='bbox 1168 1418 1334 1470; x_wconf 90' lang='lat' dir='ltr'>Spiritu</span> <span class='ocrx_word' id='word_1_278' title='bbox 1351 1417 1584 1467; x_wconf 85' lang='lat' dir='ltr'>Paraclito,</span> 
     </span>
    </p>

    <p class='ocr_par' dir='ltr' id='par_1_23' title="bbox 1092 1474 1676 1527">
     <span class='ocr_line' id='line_1_69' title="bbox 1092 1474 1676 1527; baseline -0.002 -11"><span class='ocrx_word' id='word_1_279' title='bbox 1092 1474 1282 1527; x_wconf 89' lang='lat' dir='ltr'>Tibique</span> <span class='ocrx_word' id='word_1_280' title='bbox 1302 1479 1454 1516; x_wconf 89' lang='lat' dir='ltr'>sancta</span> <span class='ocrx_word' id='word_1_281' title='bbox 1473 1474 1676 1525; x_wconf 88' lang='lat' dir='ltr'>Trinitas,</span> 
     </span>
    </p>

    <p class='ocr_par' dir='ltr' id='par_1_24' title="bbox 1091 1531 1876 1584">
     <span class='ocr_line' id='line_1_70' title="bbox 1091 1531 1876 1584; baseline -0.004 -11"><span class='ocrx_word' id='word_1_282' title='bbox 1091 1532 1231 1581; x_wconf 87' lang='lat' dir='ltr'>Nune,</span> <span class='ocrx_word' id='word_1_283' title='bbox 1245 1536 1289 1573; x_wconf 91' lang='lat' dir='ltr'>et</span> <span class='ocrx_word' id='word_1_284' title='bbox 1299 1544 1380 1584; x_wconf 90' lang='lat' dir='ltr'>per</span> <span class='ocrx_word' id='word_1_285' title='bbox 1392 1544 1520 1572; x_wconf 93' lang='lat' dir='ltr'>omne</span> <span class='ocrx_word' id='word_1_286' title='bbox 1531 1531 1706 1572; x_wconf 78' lang='lat' dir='ltr'>saeculu.</span> <span class='ocrx_word' id='word_1_287' title='bbox 1722 1532 1876 1574; x_wconf 90' lang='lat' dir='ltr'>Amen.</span> 
     </span>
    </p>

    <p class='ocr_par' dir='ltr' id='par_1_25' title="bbox 1039 1589 1875 1756">
     <span class='ocr_line' id='line_1_71' title="bbox 1096 1589 1875 1644; baseline 0.001 -11"><span class='ocrx_word' id='word_1_288' title='bbox 1096 1589 1146 1639; x_wconf 62' lang='lat' dir='ltr'>V.</span> <span class='ocrx_word' id='word_1_289' title='bbox 1173 1592 1330 1644; x_wconf 89' lang='lat' dir='ltr'>Specie</span> <span class='ocrx_word' id='word_1_290' title='bbox 1361 1598 1437 1633; x_wconf 89' lang='lat' dir='ltr'>tua</span> <span class='ocrx_word' id='word_1_291' title='bbox 1471 1596 1515 1633; x_wconf 89' lang='lat' dir='ltr'>et</span> <span class='ocrx_word' id='word_1_292' title='bbox 1548 1592 1875 1644; x_wconf 79' lang='lat' dir='ltr'>pulchritudine</span> 
     </span>
     <span class='ocr_line' id='line_1_72' title="bbox 1039 1648 1874 1701; baseline 0.001 -11"><span class='ocrx_word' id='word_1_293' title='bbox 1039 1653 1124 1690; x_wconf 88' lang='lat' dir='ltr'>tua.</span> <span class='ocrx_word' id='word_1_294' title='bbox 1157 1650 1208 1701; x_wconf 71' lang='lat' dir='ltr'>R.</span> <span class='ocrx_word' id='word_1_295' title='bbox 1225 1648 1421 1699; x_wconf 90' lang='lat' dir='ltr'>Intende,</span> <span class='ocrx_word' id='word_1_296' title='bbox 1437 1650 1652 1701; x_wconf 90' lang='lat' dir='ltr'>prospere</span> <span class='ocrx_word' id='word_1_297' title='bbox 1667 1649 1874 1701; x_wconf 90' lang='lat' dir='ltr'>procede,</span> 
     </span>
     <span class='ocr_line' id='line_1_73' title="bbox 1039 1710 1247 1756; baseline -0.01 -8"><span class='ocrx_word' id='word_1_298' title='bbox 1039 1710 1083 1748; x_wconf 87' lang='lat' dir='ltr'>et</span> <span class='ocrx_word' id='word_1_299' title='bbox 1102 1718 1247 1756; x_wconf 85' lang='lat' dir='ltr'>regna.</span> 
     </span>
    </p>

    <p class='ocr_par' dir='ltr' id='par_1_26' title="bbox 1037 1766 1871 1932">
     <span class='ocr_line' id='line_1_74' title="bbox 1094 1766 1871 1819; baseline 0.001 -12"><span class='ocrx_word' id='word_1_300' title='bbox 1094 1766 1167 1807; x_wconf 83' lang='lat' dir='ltr'>Ad</span> <span class='ocrx_word' id='word_1_301' title='bbox 1203 1766 1377 1817; x_wconf 75' lang='lat' dir='ltr'>Magnis.</span> <span class='ocrx_word' id='word_1_302' title='bbox 1418 1767 1517 1809; x_wconf 72' lang='lat' dir='ltr'>Ant.</span> <span class='ocrx_word' id='word_1_303' title='bbox 1564 1766 1669 1807; x_wconf 80' lang='lat' dir='ltr'>Veni</span> <span class='ocrx_word' id='word_1_304' title='bbox 1707 1779 1871 1819; x_wconf 87' lang='lat' dir='ltr'>sponsa</span> 
     </span>
     <span class='ocr_line' id='line_1_75' title="bbox 1038 1821 1870 1875; baseline 0.002 -13"><span class='ocrx_word' id='word_1_305' title='bbox 1038 1821 1216 1863; x_wconf 87' lang='lat' dir='ltr'>Christi:</span> <span class='ocrx_word' id='word_1_306' title='bbox 1236 1822 1389 1874; x_wconf 88' lang='lat' dir='ltr'>accipe</span> <span class='ocrx_word' id='word_1_307' title='bbox 1409 1823 1619 1863; x_wconf 89' lang='lat' dir='ltr'>coronam</span> <span class='ocrx_word' id='word_1_308' title='bbox 1641 1835 1772 1875; x_wconf 91' lang='lat' dir='ltr'>quam</span> <span class='ocrx_word' id='word_1_309' title='bbox 1791 1822 1870 1864; x_wconf 89' lang='lat' dir='ltr'>tibi</span> 
     </span>
     <span class='ocr_line' id='line_1_76' title="bbox 1037 1879 1848 1932; baseline 0.001 -12"><span class='ocrx_word' id='word_1_310' title='bbox 1037 1879 1254 1920; x_wconf 90' lang='lat' dir='ltr'>Dominus</span> <span class='ocrx_word' id='word_1_311' title='bbox 1273 1879 1544 1932; x_wconf 88' lang='lat' dir='ltr'>praeparavit</span> <span class='ocrx_word' id='word_1_312' title='bbox 1562 1880 1606 1919; x_wconf 91' lang='lat' dir='ltr'>in</span> <span class='ocrx_word' id='word_1_313' title='bbox 1625 1881 1848 1921; x_wconf 81' lang='lat' dir='ltr'>aeternum.</span> 
     </span>
    </p>
   </div>
   <div class='ocr_carea' id='block_1_10' title="bbox 1037 1952 1921 2744">
    <p class='ocr_par' dir='ltr' id='par_1_27' title="bbox 1037 1952 1921 2330">
     <span class='ocr_line' id='line_1_77' title="bbox 1374 1952 1538 1993; baseline -0.006 0"><span class='ocrx_word' id='word_1_314' title='bbox 1374 1952 1538 1993; x_wconf 87' lang='lat' dir='ltr'>Oratio.</span> 
     </span>
     <span class='ocr_line' id='line_1_78' title="bbox 1040 2004 1875 2110; baseline 0 -64"><span class='ocrx_word' id='word_1_315' title='bbox 1040 2004 1262 2110; x_wconf 79' lang='lat' dir='ltr'>Exaudi</span> <span class='ocrx_word' id='word_1_316' title='bbox 1292 2017 1374 2046; x_wconf 91' lang='lat' dir='ltr'>nos</span> <span class='ocrx_word' id='word_1_317' title='bbox 1410 2005 1532 2047; x_wconf 92' lang='lat' dir='ltr'>Deus</span> <span class='ocrx_word' id='word_1_318' title='bbox 1565 2005 1768 2047; x_wconf 87' lang='lat' dir='ltr'>salutaris</span> <span class='ocrx_word' id='word_1_319' title='bbox 1801 2017 1875 2046; x_wconf 93' lang='lat' dir='ltr'>no-</span> 
     </span>
     <span class='ocr_line' id='line_1_79' title="bbox 1142 2061 1870 2113; baseline -0.003 -9"><span class='ocrx_word' id='word_1_320' title='bbox 1142 2067 1247 2104; x_wconf 90' lang='lat' dir='ltr'>ster:</span> <span class='ocrx_word' id='word_1_321' title='bbox 1275 2067 1337 2113; x_wconf 89' lang='lat' dir='ltr'>ut,</span> <span class='ocrx_word' id='word_1_322' title='bbox 1362 2062 1475 2104; x_wconf 91' lang='lat' dir='ltr'>sicut</span> <span class='ocrx_word' id='word_1_323' title='bbox 1500 2061 1556 2103; x_wconf 93' lang='lat' dir='ltr'>de</span> <span class='ocrx_word' id='word_1_324' title='bbox 1576 2062 1719 2103; x_wconf 84' lang='lat' dir='ltr'>beatae</span> <span class='ocrx_word' id='word_1_325' title='bbox 1739 2062 1870 2103; x_wconf 91' lang='lat' dir='ltr'>Tere-</span> 
     </span>
     <span class='ocr_line' id='line_1_80' title="bbox 1038 2119 1869 2169; baseline 0.001 -10"><span class='ocrx_word' id='word_1_326' title='bbox 1038 2119 1115 2160; x_wconf 90' lang='lat' dir='ltr'>siae</span> <span class='ocrx_word' id='word_1_327' title='bbox 1144 2119 1338 2169; x_wconf 88' lang='lat' dir='ltr'>Virginis</span> <span class='ocrx_word' id='word_1_328' title='bbox 1371 2124 1460 2160; x_wconf 90' lang='lat' dir='ltr'>tuae</span> <span class='ocrx_word' id='word_1_329' title='bbox 1494 2119 1734 2160; x_wconf 86' lang='lat' dir='ltr'>festivitate</span> <span class='ocrx_word' id='word_1_330' title='bbox 1768 2131 1869 2169; x_wconf 87' lang='lat' dir='ltr'>gau-</span> 
     </span>
     <span class='ocr_line' id='line_1_81' title="bbox 1039 2174 1869 2227; baseline -0.002 -10"><span class='ocrx_word' id='word_1_331' title='bbox 1039 2174 1214 2225; x_wconf 91' lang='lat' dir='ltr'>demus;</span> <span class='ocrx_word' id='word_1_332' title='bbox 1237 2175 1299 2217; x_wconf 88' lang='lat' dir='ltr'>ita</span> <span class='ocrx_word' id='word_1_333' title='bbox 1318 2175 1511 2217; x_wconf 87' lang='lat' dir='ltr'>coelestis</span> <span class='ocrx_word' id='word_1_334' title='bbox 1538 2176 1629 2227; x_wconf 90' lang='lat' dir='ltr'>ejus</span> <span class='ocrx_word' id='word_1_335' title='bbox 1654 2174 1869 2217; x_wconf 87' lang='lat' dir='ltr'>doctrinae</span> 
     </span>
     <span class='ocr_line' id='line_1_82' title="bbox 1037 2231 1871 2285; baseline 0.001 -13"><span class='ocrx_word' id='word_1_336' title='bbox 1037 2231 1203 2283; x_wconf 84' lang='lat' dir='ltr'>pabulo</span> <span class='ocrx_word' id='word_1_337' title='bbox 1222 2231 1480 2281; x_wconf 81' lang='lat' dir='ltr'>nutriamur,</span> <span class='ocrx_word' id='word_1_338' title='bbox 1506 2236 1549 2273; x_wconf 91' lang='lat' dir='ltr'>et</span> <span class='ocrx_word' id='word_1_339' title='bbox 1567 2232 1654 2285; x_wconf 87' lang='lat' dir='ltr'>piae</span> <span class='ocrx_word' id='word_1_340' title='bbox 1675 2231 1871 2274; x_wconf 89' lang='lat' dir='ltr'>devotio-</span> 
     </span>
     <span class='ocr_line' id='line_1_83' title="bbox 1037 2287 1921 2330; baseline 0.001 -2"><span class='ocrx_word' id='word_1_341' title='bbox 1037 2288 1103 2329; x_wconf 90' lang='lat' dir='ltr'>nis</span> <span class='ocrx_word' id='word_1_342' title='bbox 1124 2287 1376 2330; x_wconf 83' lang='lat' dir='ltr'>erudiamur</span> <span class='ocrx_word' id='word_1_343' title='bbox 1396 2287 1566 2330; x_wconf 86' lang='lat' dir='ltr'>affectu.</span> <span class='ocrx_word' id='word_1_344' title='bbox 1599 2288 1684 2330; x_wconf 90' lang='lat' dir='ltr'>Per</span> <span class='ocrx_word' id='word_1_345' title='bbox 1703 2289 1830 2329; x_wconf 76' lang='lat' dir='ltr'>Dfim.</span> <span class='ocrx_word' id='word_1_346' title='bbox 1919 2300 1921 2302; x_wconf 86' lang='grc'><strong><em>·</em></strong></span> 
     </span>
    </p>

    <p class='ocr_par' dir='ltr' id='par_1_28' title="bbox 1091 2357 1591 2401">
     <span class='ocr_line' id='line_1_84' title="bbox 1091 2357 1591 2401; baseline 0.006 -11"><span class='ocrx_word' id='word_1_347' title='bbox 1091 2357 1139 2391; x_wconf 91' lang='lat' dir='ltr'>Et</span> <span class='ocrx_word' id='word_1_348' title='bbox 1154 2357 1195 2391; x_wconf 88' lang='lat' dir='ltr'>fit</span> <span class='ocrx_word' id='word_1_349' title='bbox 1213 2367 1408 2392; x_wconf 89' lang='lat' dir='ltr'>commem.</span> <span class='ocrx_word' id='word_1_350' title='bbox 1427 2359 1591 2401; x_wconf 85' lang='lat' dir='ltr'>praeced.</span> 
     </span>
    </p>

    <p class='ocr_par' dir='ltr' id='par_1_29' title="bbox 1038 2408 1871 2573">
     <span class='ocr_line' id='line_1_85' title="bbox 1091 2408 1871 2462; baseline 0 -11"><span class='ocrx_word' id='word_1_351' title='bbox 1091 2411 1190 2452; x_wconf 87' lang='lat' dir='ltr'>Ant.</span> <span class='ocrx_word' id='word_1_352' title='bbox 1227 2408 1311 2461; x_wconf 88' lang='lat' dir='ltr'>Qui</span> <span class='ocrx_word' id='word_1_353' title='bbox 1343 2408 1437 2450; x_wconf 90' lang='lat' dir='ltr'>vult</span> <span class='ocrx_word' id='word_1_354' title='bbox 1469 2411 1620 2450; x_wconf 89' lang='lat' dir='ltr'>venire</span> <span class='ocrx_word' id='word_1_355' title='bbox 1652 2413 1758 2462; x_wconf 88' lang='lat' dir='ltr'>post</span> <span class='ocrx_word' id='word_1_356' title='bbox 1790 2423 1871 2457; x_wconf 86' lang='lat' dir='ltr'>me,</span> 
     </span>
     <span class='ocr_line' id='line_1_86' title="bbox 1039 2463 1870 2518; baseline 0.005 -14"><span class='ocrx_word' id='word_1_357' title='bbox 1039 2463 1228 2515; x_wconf 82' lang='lat' dir='ltr'>abneget</span> <span class='ocrx_word' id='word_1_358' title='bbox 1248 2467 1547 2518; x_wconf 88' lang='lat' dir='ltr'>semetipsum,</span> <span class='ocrx_word' id='word_1_359' title='bbox 1567 2470 1611 2507; x_wconf 90' lang='lat' dir='ltr'>et</span> <span class='ocrx_word' id='word_1_360' title='bbox 1630 2465 1759 2508; x_wconf 87' lang='lat' dir='ltr'>tollat</span> <span class='ocrx_word' id='word_1_361' title='bbox 1778 2480 1870 2508; x_wconf 94' lang='lat' dir='ltr'>cru-</span> 
     </span>
     <span class='ocr_line' id='line_1_87' title="bbox 1038 2524 1678 2573; baseline 0.005 -12"><span class='ocrx_word' id='word_1_362' title='bbox 1038 2533 1134 2562; x_wconf 91' lang='lat' dir='ltr'>cem</span> <span class='ocrx_word' id='word_1_363' title='bbox 1153 2533 1288 2570; x_wconf 90' lang='lat' dir='ltr'>suam,</span> <span class='ocrx_word' id='word_1_364' title='bbox 1308 2526 1352 2563; x_wconf 90' lang='lat' dir='ltr'>et</span> <span class='ocrx_word' id='word_1_365' title='bbox 1372 2524 1583 2573; x_wconf 85' lang='lat' dir='ltr'>sequatur</span> <span class='ocrx_word' id='word_1_366' title='bbox 1597 2535 1678 2564; x_wconf 90' lang='lat' dir='ltr'>me.</span> 
     </span>
    </p>

    <p class='ocr_par' dir='ltr' id='par_1_30' title="bbox 1037 2576 1871 2688">
     <span class='ocr_line' id='line_1_88' title="bbox 1091 2576 1871 2633; baseline 0 -13"><span class='ocrx_word' id='word_1_367' title='bbox 1091 2576 1141 2627; x_wconf 70' lang='lat' dir='ltr'>V.</span> <span class='ocrx_word' id='word_1_368' title='bbox 1150 2577 1175 2617; x_wconf 88' lang='lat' dir='ltr'><strong>J</strong></span> <span class='ocrx_word' id='word_1_369' title='bbox 1176 2582 1300 2619; x_wconf 92' lang='lat' dir='ltr'>ustus</span> <span class='ocrx_word' id='word_1_370' title='bbox 1311 2582 1359 2619; x_wconf 89' lang='lat' dir='ltr'>ut</span> <span class='ocrx_word' id='word_1_371' title='bbox 1370 2577 1518 2630; x_wconf 89' lang='lat' dir='ltr'>palma</span> <span class='ocrx_word' id='word_1_372' title='bbox 1528 2578 1715 2620; x_wconf 87' lang='lat' dir='ltr'>florebit.</span> <span class='ocrx_word' id='word_1_373' title='bbox 1731 2582 1780 2633; x_wconf 69' lang='lat' dir='ltr'>R2·</span> <span class='ocrx_word' id='word_1_374' title='bbox 1791 2579 1871 2620; x_wconf 88' lang='lat' dir='ltr'>Sic-</span> 
     </span>
     <span class='ocr_line' id='line_1_89' title="bbox 1037 2633 1830 2688; baseline 0 -13"><span class='ocrx_word' id='word_1_375' title='bbox 1037 2638 1086 2675; x_wconf 89' lang='lat' dir='ltr'>ut</span> <span class='ocrx_word' id='word_1_376' title='bbox 1104 2633 1263 2676; x_wconf 90' lang='lat' dir='ltr'>cedrus</span> <span class='ocrx_word' id='word_1_377' title='bbox 1282 2634 1438 2676; x_wconf 89' lang='lat' dir='ltr'>Libani</span> <span class='ocrx_word' id='word_1_378' title='bbox 1456 2635 1830 2688; x_wconf 88' lang='lat' dir='ltr'>multiplicabitur.</span> 
     </span>
    </p>

    <p class='ocr_par' dir='ltr' id='par_1_31' title="bbox 1091 2693 1646 2744">
     <span class='ocr_line' id='line_1_90' title="bbox 1091 2693 1646 2744; baseline -0.002 -10"><span class='ocrx_word' id='word_1_379' title='bbox 1091 2693 1255 2734; x_wconf 89' lang='lat' dir='ltr'>Oratio.</span> <span class='ocrx_word' id='word_1_380' title='bbox 1284 2693 1415 2742; x_wconf 83' lang='lat' dir='ltr'>DeuS,</span> <span class='ocrx_word' id='word_1_381' title='bbox 1441 2693 1526 2744; x_wconf 91' lang='lat' dir='ltr'>qui.</span> <span class='ocrx_word' id='word_1_382' title='bbox 1554 2693 1646 2734; x_wconf 87' lang='grc'>372.</span> 
     </span>
    </p>
   </div>
  </div>
 </body>
</html>
