<?xml version="1.0" encoding="UTF-8"?>
<!DOCTYPE html PUBLIC "-//W3C//DTD XHTML 1.0 Transitional//EN"
    "http://www.w3.org/TR/xhtml1/DTD/xhtml1-transitional.dtd">
<html xmlns="http://www.w3.org/1999/xhtml" xml:lang="en" lang="en">
 <head>
  <title>
</title>
<meta http-equiv="Content-Type" content="text/html;charset=utf-8" />
  <meta name='ocr-system' content='tesseract 3.04.00' />
  <meta name='ocr-capabilities' content='ocr_page ocr_carea ocr_par ocr_line ocrx_word'/>
</head>
<body>
  <div class='ocr_page' id='page_1' title='image "./p4breviariumroma00cathuoft_0682.png"; bbox 0 0 2040 2944; ppageno 0'>
   <div class='ocr_carea' id='block_1_1' title="bbox 692 159 1347 203">
    <p class='ocr_par' dir='ltr' id='par_1_1' title="bbox 692 159 1347 203">
     <span class='ocr_line' id='line_1_1' title="bbox 692 159 1347 203; baseline -0.002 -9"><span class='ocrx_word' id='word_1_1' title='bbox 692 160 847 203; x_wconf 85' lang='lat' dir='ltr'>Septem</span> <span class='ocrx_word' id='word_1_2' title='bbox 871 159 1017 193; x_wconf 78' lang='lat' dir='ltr'>Psalmi</span> <span class='ocrx_word' id='word_1_3' title='bbox 1042 159 1347 194; x_wconf 74' lang='lat' dir='ltr'>poenitentiales.</span> 
     </span>
    </p>
   </div>
   <div class='ocr_carea' id='block_1_2' title="bbox 146 252 984 2410">
    <p class='ocr_par' dir='ltr' id='par_1_2' title="bbox 149 252 984 352">
     <span class='ocr_line' id='line_1_2' title="bbox 151 252 984 304; baseline -0.006 -7"><span class='ocrx_word' id='word_1_4' title='bbox 151 255 379 297; x_wconf 91' lang='lat' dir='ltr'>oculorum</span> <span class='ocrx_word' id='word_1_5' title='bbox 388 256 598 302; x_wconf 91' lang='lat' dir='ltr'>meorum,</span> <span class='ocrx_word' id='word_1_6' title='bbox 610 257 654 294; x_wconf 92' lang='lat' dir='ltr'>et</span> <span class='ocrx_word' id='word_1_7' title='bbox 664 252 809 304; x_wconf 91' lang='lat' dir='ltr'>ipsum</span> <span class='ocrx_word' id='word_1_8' title='bbox 818 264 905 293; x_wconf 91' lang='lat' dir='ltr'>non</span> <span class='ocrx_word' id='word_1_9' title='bbox 917 256 984 293; x_wconf 92' lang='lat' dir='ltr'>est</span> 
     </span>
     <span class='ocr_line' id='line_1_3' title="bbox 149 323 334 352; baseline -0.005 -1"><span class='ocrx_word' id='word_1_10' title='bbox 149 323 334 352; x_wconf 89' lang='lat' dir='ltr'>mecum.</span> 
     </span>
    </p>

    <p class='ocr_par' dir='ltr' id='par_1_3' title="bbox 148 363 983 519">
     <span class='ocr_line' id='line_1_4' title="bbox 202 363 982 416; baseline -0.004 -9"><span class='ocrx_word' id='word_1_11' title='bbox 202 366 346 407; x_wconf 82' lang='lat' dir='ltr'>Amici</span> <span class='ocrx_word' id='word_1_12' title='bbox 363 365 466 414; x_wconf 92' lang='lat' dir='ltr'>mei,</span> <span class='ocrx_word' id='word_1_13' title='bbox 487 369 531 406; x_wconf 90' lang='lat' dir='ltr'>et</span> <span class='ocrx_word' id='word_1_14' title='bbox 550 364 741 416; x_wconf 88' lang='lat' dir='ltr'>proximi</span> <span class='ocrx_word' id='word_1_15' title='bbox 758 363 846 405; x_wconf 89' lang='lat' dir='ltr'>mei</span> <span class='ocrx_word' id='word_1_16' title='bbox 865 364 889 390; x_wconf 88' lang='grc'><em>*</em></span> <span class='ocrx_word' id='word_1_17' title='bbox 909 363 982 405; x_wconf 93' lang='lat' dir='ltr'>ad-</span> 
     </span>
     <span class='ocr_line' id='line_1_5' title="bbox 148 421 983 473; baseline -0.002 -11"><span class='ocrx_word' id='word_1_18' title='bbox 148 424 324 463; x_wconf 87' lang='lat' dir='ltr'>versum</span> <span class='ocrx_word' id='word_1_19' title='bbox 342 435 413 463; x_wconf 91' lang='lat' dir='ltr'>me</span> <span class='ocrx_word' id='word_1_20' title='bbox 433 421 914 473; x_wconf 87' lang='lat' dir='ltr'>appropinquaverunt,</span> <span class='ocrx_word' id='word_1_21' title='bbox 939 425 983 461; x_wconf 91' lang='lat' dir='ltr'>et</span> 
     </span>
     <span class='ocr_line' id='line_1_6' title="bbox 149 480 374 519; baseline -0.004 0"><span class='ocrx_word' id='word_1_22' title='bbox 149 480 374 519; x_wconf 88' lang='lat' dir='ltr'>steterunt.</span> 
     </span>
    </p>

    <p class='ocr_par' dir='ltr' id='par_1_4' title="bbox 148 530 981 696">
     <span class='ocr_line' id='line_1_7' title="bbox 198 530 981 586; baseline -0.003 -12"><span class='ocrx_word' id='word_1_23' title='bbox 198 534 256 574; x_wconf 90' lang='lat' dir='ltr'>Et</span> <span class='ocrx_word' id='word_1_24' title='bbox 277 534 352 585; x_wconf 90' lang='lat' dir='ltr'>qui</span> <span class='ocrx_word' id='word_1_25' title='bbox 371 535 490 586; x_wconf 86' lang='lat' dir='ltr'>juxta</span> <span class='ocrx_word' id='word_1_26' title='bbox 508 546 579 574; x_wconf 87' lang='lat' dir='ltr'>me</span> <span class='ocrx_word' id='word_1_27' title='bbox 605 536 744 581; x_wconf 90' lang='lat' dir='ltr'>erant,</span> <span class='ocrx_word' id='word_1_28' title='bbox 773 530 829 572; x_wconf 91' lang='lat' dir='ltr'>de</span> <span class='ocrx_word' id='word_1_29' title='bbox 851 530 981 582; x_wconf 87' lang='lat' dir='ltr'>longe</span> 
     </span>
     <span class='ocr_line' id='line_1_8' title="bbox 148 587 981 638; baseline -0.004 -8"><span class='ocrx_word' id='word_1_30' title='bbox 148 591 377 630; x_wconf 87' lang='lat' dir='ltr'>steterunt:</span> <span class='ocrx_word' id='word_1_31' title='bbox 404 591 428 616; x_wconf 91' lang='lat'>*</span> <span class='ocrx_word' id='word_1_32' title='bbox 458 593 501 630; x_wconf 90' lang='lat' dir='ltr'>et</span> <span class='ocrx_word' id='word_1_33' title='bbox 532 589 622 629; x_wconf 89' lang='lat' dir='ltr'>vim</span> <span class='ocrx_word' id='word_1_34' title='bbox 653 587 872 629; x_wconf 90' lang='lat' dir='ltr'>faciebant</span> <span class='ocrx_word' id='word_1_35' title='bbox 905 588 981 638; x_wconf 92' lang='lat' dir='ltr'>qui</span> 
     </span>
     <span class='ocr_line' id='line_1_9' title="bbox 150 645 789 696; baseline -0.003 -11"><span class='ocrx_word' id='word_1_36' title='bbox 150 645 407 696; x_wconf 85' lang='lat' dir='ltr'>quaerebant</span> <span class='ocrx_word' id='word_1_37' title='bbox 427 645 617 686; x_wconf 89' lang='lat' dir='ltr'>animam</span> <span class='ocrx_word' id='word_1_38' title='bbox 634 657 789 685; x_wconf 91' lang='lat' dir='ltr'>meam.</span> 
     </span>
    </p>

    <p class='ocr_par' dir='ltr' id='par_1_5' title="bbox 148 699 983 853">
     <span class='ocr_line' id='line_1_10' title="bbox 199 699 982 752; baseline 0.001 -12"><span class='ocrx_word' id='word_1_39' title='bbox 199 701 257 741; x_wconf 87' lang='lat' dir='ltr'>Et</span> <span class='ocrx_word' id='word_1_40' title='bbox 274 701 349 752; x_wconf 91' lang='lat' dir='ltr'>qui</span> <span class='ocrx_word' id='word_1_41' title='bbox 362 700 643 752; x_wconf 86' lang='lat' dir='ltr'>inquirebant</span> <span class='ocrx_word' id='word_1_42' title='bbox 657 699 773 740; x_wconf 92' lang='lat' dir='ltr'>mala</span> <span class='ocrx_word' id='word_1_43' title='bbox 786 699 902 748; x_wconf 90' lang='lat' dir='ltr'>mihi,</span> <span class='ocrx_word' id='word_1_44' title='bbox 921 699 982 741; x_wconf 91' lang='lat' dir='ltr'>lo-</span> 
     </span>
     <span class='ocr_line' id='line_1_11' title="bbox 148 754 983 797; baseline 0 -1"><span class='ocrx_word' id='word_1_45' title='bbox 148 756 238 797; x_wconf 86' lang='lat' dir='ltr'>cuti</span> <span class='ocrx_word' id='word_1_46' title='bbox 258 761 359 797; x_wconf 90' lang='lat' dir='ltr'>sunt</span> <span class='ocrx_word' id='word_1_47' title='bbox 377 756 608 797; x_wconf 87' lang='lat' dir='ltr'>vanitates:</span> <span class='ocrx_word' id='word_1_48' title='bbox 627 756 650 781; x_wconf 86' lang='lat'>*</span> <span class='ocrx_word' id='word_1_49' title='bbox 671 759 715 795; x_wconf 87' lang='lat' dir='ltr'>et</span> <span class='ocrx_word' id='word_1_50' title='bbox 740 754 869 796; x_wconf 90' lang='lat' dir='ltr'>dolos</span> <span class='ocrx_word' id='word_1_51' title='bbox 887 760 983 797; x_wconf 93' lang='lat' dir='ltr'>tota</span> 
     </span>
     <span class='ocr_line' id='line_1_12' title="bbox 148 810 574 853; baseline -0.002 -1"><span class='ocrx_word' id='word_1_52' title='bbox 148 810 218 852; x_wconf 92' lang='lat' dir='ltr'>die</span> <span class='ocrx_word' id='word_1_53' title='bbox 237 811 574 853; x_wconf 62' lang='lat' dir='ltr'><strong>meditabantur.</strong></span> 
     </span>
    </p>

    <p class='ocr_par' dir='ltr' id='par_1_6' title="bbox 148 866 983 1030">
     <span class='ocr_line' id='line_1_13' title="bbox 198 866 982 918; baseline 0 -10"><span class='ocrx_word' id='word_1_54' title='bbox 198 867 295 917; x_wconf 88' lang='lat' dir='ltr'>Ego</span> <span class='ocrx_word' id='word_1_55' title='bbox 311 872 459 908; x_wconf 87' lang='lat' dir='ltr'>autem</span> <span class='ocrx_word' id='word_1_56' title='bbox 477 872 703 918; x_wconf 85' lang='lat' dir='ltr'>tamquam</span> <span class='ocrx_word' id='word_1_57' title='bbox 718 866 878 907; x_wconf 91' lang='lat' dir='ltr'>surdus</span> <span class='ocrx_word' id='word_1_58' title='bbox 893 880 982 908; x_wconf 91' lang='lat' dir='ltr'>non</span> 
     </span>
     <span class='ocr_line' id='line_1_14' title="bbox 149 923 983 964; baseline 0.001 -1"><span class='ocrx_word' id='word_1_59' title='bbox 149 923 397 964; x_wconf 89' lang='lat' dir='ltr'>audiebam:</span> <span class='ocrx_word' id='word_1_60' title='bbox 429 925 452 949; x_wconf 87' lang='grc'><em>*</em></span> <span class='ocrx_word' id='word_1_61' title='bbox 488 928 531 964; x_wconf 92' lang='lat' dir='ltr'>et</span> <span class='ocrx_word' id='word_1_62' title='bbox 566 923 679 963; x_wconf 92' lang='lat' dir='ltr'>sicut</span> <span class='ocrx_word' id='word_1_63' title='bbox 712 927 859 963; x_wconf 90' lang='lat' dir='ltr'>mutus</span> <span class='ocrx_word' id='word_1_64' title='bbox 893 935 983 964; x_wconf 92' lang='lat' dir='ltr'>non</span> 
     </span>
     <span class='ocr_line' id='line_1_15' title="bbox 148 979 578 1030; baseline -0.002 -11"><span class='ocrx_word' id='word_1_65' title='bbox 148 979 350 1030; x_wconf 90' lang='lat' dir='ltr'>aperiens</span> <span class='ocrx_word' id='word_1_66' title='bbox 370 991 420 1019; x_wconf 92' lang='lat' dir='ltr'>os</span> <span class='ocrx_word' id='word_1_67' title='bbox 441 991 578 1019; x_wconf 92' lang='lat' dir='ltr'>suum.</span> 
     </span>
    </p>

    <p class='ocr_par' dir='ltr' id='par_1_7' title="bbox 148 1033 982 1196">
     <span class='ocr_line' id='line_1_16' title="bbox 198 1033 982 1076; baseline -0.001 -1"><span class='ocrx_word' id='word_1_68' title='bbox 198 1034 255 1075; x_wconf 88' lang='lat' dir='ltr'>Et</span> <span class='ocrx_word' id='word_1_69' title='bbox 289 1035 432 1075; x_wconf 91' lang='lat' dir='ltr'>factus</span> <span class='ocrx_word' id='word_1_70' title='bbox 465 1047 563 1075; x_wconf 91' lang='lat' dir='ltr'>sum</span> <span class='ocrx_word' id='word_1_71' title='bbox 590 1034 703 1076; x_wconf 91' lang='lat' dir='ltr'>sicut</span> <span class='ocrx_word' id='word_1_72' title='bbox 730 1033 864 1074; x_wconf 91' lang='lat' dir='ltr'>homo</span> <span class='ocrx_word' id='word_1_73' title='bbox 893 1047 982 1075; x_wconf 92' lang='lat' dir='ltr'>non</span> 
     </span>
     <span class='ocr_line' id='line_1_17' title="bbox 148 1089 982 1131; baseline 0 -1"><span class='ocrx_word' id='word_1_74' title='bbox 148 1089 347 1131; x_wconf 79' lang='lat' dir='ltr'>audiens:</span> <span class='ocrx_word' id='word_1_75' title='bbox 374 1091 398 1115; x_wconf 82' lang='grc'>*</span> <span class='ocrx_word' id='word_1_76' title='bbox 428 1095 471 1131; x_wconf 93' lang='lat' dir='ltr'>et</span> <span class='ocrx_word' id='word_1_77' title='bbox 503 1102 591 1130; x_wconf 91' lang='lat' dir='ltr'>non</span> <span class='ocrx_word' id='word_1_78' title='bbox 624 1089 792 1130; x_wconf 93' lang='lat' dir='ltr'>habens</span> <span class='ocrx_word' id='word_1_79' title='bbox 826 1089 871 1129; x_wconf 93' lang='lat' dir='ltr'>in</span> <span class='ocrx_word' id='word_1_80' title='bbox 904 1102 982 1131; x_wconf 93' lang='lat' dir='ltr'>ore</span> 
     </span>
     <span class='ocr_line' id='line_1_18' title="bbox 148 1145 595 1196; baseline 0 -11"><span class='ocrx_word' id='word_1_81' title='bbox 148 1157 228 1185; x_wconf 95' lang='lat' dir='ltr'>suo</span> <span class='ocrx_word' id='word_1_82' title='bbox 248 1145 595 1196; x_wconf 89' lang='lat' dir='ltr'>redargutiones.</span> 
     </span>
    </p>

    <p class='ocr_par' dir='ltr' id='par_1_8' title="bbox 146 1201 981 1298">
     <span class='ocr_line' id='line_1_19' title="bbox 200 1201 981 1253; baseline 0.001 -12"><span class='ocrx_word' id='word_1_83' title='bbox 200 1201 418 1251; x_wconf 88' lang='lat' dir='ltr'>Quoniam</span> <span class='ocrx_word' id='word_1_84' title='bbox 432 1201 476 1241; x_wconf 91' lang='lat' dir='ltr'>in</span> <span class='ocrx_word' id='word_1_85' title='bbox 489 1206 534 1242; x_wconf 92' lang='lat' dir='ltr'>te</span> <span class='ocrx_word' id='word_1_86' title='bbox 549 1201 737 1242; x_wconf 90' lang='lat' dir='ltr'>Domine</span> <span class='ocrx_word' id='word_1_87' title='bbox 753 1201 943 1253; x_wconf 89' lang='lat' dir='ltr'>speravi:</span> <span class='ocrx_word' id='word_1_88' title='bbox 957 1203 981 1228; x_wconf 85' lang='lat'>*</span> 
     </span>
     <span class='ocr_line' id='line_1_20' title="bbox 146 1257 981 1298; baseline 0 -1"><span class='ocrx_word' id='word_1_89' title='bbox 146 1261 195 1297; x_wconf 93' lang='lat' dir='ltr'>tu</span> <span class='ocrx_word' id='word_1_90' title='bbox 211 1257 420 1298; x_wconf 81' lang='lat' dir='ltr'>exaudies</span> <span class='ocrx_word' id='word_1_91' title='bbox 433 1269 503 1297; x_wconf 93' lang='lat' dir='ltr'>me</span> <span class='ocrx_word' id='word_1_92' title='bbox 514 1257 703 1298; x_wconf 91' lang='lat' dir='ltr'>Domine</span> <span class='ocrx_word' id='word_1_93' title='bbox 713 1257 835 1298; x_wconf 91' lang='lat' dir='ltr'>Deus</span> <span class='ocrx_word' id='word_1_94' title='bbox 846 1270 981 1298; x_wconf 91' lang='lat' dir='ltr'>meus.</span> 
     </span>
    </p>

    <p class='ocr_par' dir='ltr' id='par_1_9' title="bbox 148 1311 982 1529">
     <span class='ocr_line' id='line_1_21' title="bbox 202 1311 981 1364; baseline 0 -11"><span class='ocrx_word' id='word_1_95' title='bbox 202 1313 315 1361; x_wconf 89' lang='lat' dir='ltr'>Quia</span> <span class='ocrx_word' id='word_1_96' title='bbox 340 1312 444 1354; x_wconf 72' lang='lat' dir='ltr'>dixi:</span> <span class='ocrx_word' id='word_1_97' title='bbox 468 1311 718 1363; x_wconf 91' lang='lat' dir='ltr'>Nequando</span> <span class='ocrx_word' id='word_1_98' title='bbox 744 1316 981 1364; x_wconf 86' lang='lat' dir='ltr'>supergau-</span> 
     </span>
     <span class='ocr_line' id='line_1_22' title="bbox 148 1368 982 1409; baseline 0 0"><span class='ocrx_word' id='word_1_99' title='bbox 148 1368 281 1409; x_wconf 85' lang='lat' dir='ltr'>deant</span> <span class='ocrx_word' id='word_1_100' title='bbox 309 1368 414 1408; x_wconf 91' lang='lat' dir='ltr'>mihi</span> <span class='ocrx_word' id='word_1_101' title='bbox 441 1368 604 1408; x_wconf 91' lang='lat' dir='ltr'>inimici</span> <span class='ocrx_word' id='word_1_102' title='bbox 630 1369 730 1409; x_wconf 91' lang='lat' dir='ltr'>mei:</span> <span class='ocrx_word' id='word_1_103' title='bbox 755 1370 779 1395; x_wconf 86' lang='lat'>*</span> <span class='ocrx_word' id='word_1_104' title='bbox 806 1374 849 1409; x_wconf 93' lang='lat' dir='ltr'>et</span> <span class='ocrx_word' id='word_1_105' title='bbox 877 1368 982 1409; x_wconf 94' lang='lat' dir='ltr'>dum</span> 
     </span>
     <span class='ocr_line' id='line_1_23' title="bbox 148 1423 981 1475; baseline 0 -11"><span class='ocrx_word' id='word_1_106' title='bbox 148 1426 481 1464; x_wconf 87' lang='lat' dir='ltr'>commoventur</span> <span class='ocrx_word' id='word_1_107' title='bbox 497 1423 636 1475; x_wconf 89' lang='lat' dir='ltr'>pedes</span> <span class='ocrx_word' id='word_1_108' title='bbox 651 1424 747 1473; x_wconf 88' lang='lat' dir='ltr'>mei,</span> <span class='ocrx_word' id='word_1_109' title='bbox 764 1436 896 1475; x_wconf 88' lang='lat' dir='ltr'>super</span> <span class='ocrx_word' id='word_1_110' title='bbox 911 1437 981 1464; x_wconf 92' lang='lat' dir='ltr'>me</span> 
     </span>
     <span class='ocr_line' id='line_1_24' title="bbox 148 1479 591 1529; baseline -0.002 -10"><span class='ocrx_word' id='word_1_111' title='bbox 148 1491 306 1529; x_wconf 84' lang='lat' dir='ltr'>magna</span> <span class='ocrx_word' id='word_1_112' title='bbox 322 1479 459 1519; x_wconf 86' lang='lat' dir='ltr'>locuti</span> <span class='ocrx_word' id='word_1_113' title='bbox 479 1483 591 1519; x_wconf 91' lang='lat' dir='ltr'>sunt.</span> 
     </span>
    </p>

    <p class='ocr_par' dir='ltr' id='par_1_10' title="bbox 147 1534 982 1697">
     <span class='ocr_line' id='line_1_25' title="bbox 201 1534 981 1587; baseline 0.001 -12"><span class='ocrx_word' id='word_1_114' title='bbox 201 1535 419 1584; x_wconf 86' lang='lat' dir='ltr'>Quoniam</span> <span class='ocrx_word' id='word_1_115' title='bbox 439 1546 522 1584; x_wconf 89' lang='lat' dir='ltr'>ego</span> <span class='ocrx_word' id='word_1_116' title='bbox 543 1534 587 1574; x_wconf 94' lang='lat' dir='ltr'>in</span> <span class='ocrx_word' id='word_1_117' title='bbox 607 1534 781 1585; x_wconf 92' lang='lat' dir='ltr'>flagella</span> <span class='ocrx_word' id='word_1_118' title='bbox 799 1537 981 1587; x_wconf 89' lang='lat' dir='ltr'>paratus</span> 
     </span>
     <span class='ocr_line' id='line_1_26' title="bbox 148 1589 982 1642; baseline 0.001 -12"><span class='ocrx_word' id='word_1_119' title='bbox 148 1602 259 1630; x_wconf 89' lang='lat' dir='ltr'>sum:</span> <span class='ocrx_word' id='word_1_120' title='bbox 278 1592 301 1616; x_wconf 85' lang='lat'>*</span> <span class='ocrx_word' id='word_1_121' title='bbox 322 1595 366 1631; x_wconf 94' lang='lat' dir='ltr'>et</span> <span class='ocrx_word' id='word_1_122' title='bbox 385 1589 514 1631; x_wconf 92' lang='lat' dir='ltr'>dolor</span> <span class='ocrx_word' id='word_1_123' title='bbox 533 1603 657 1631; x_wconf 92' lang='lat' dir='ltr'>meus</span> <span class='ocrx_word' id='word_1_124' title='bbox 675 1590 719 1630; x_wconf 91' lang='lat' dir='ltr'>in</span> <span class='ocrx_word' id='word_1_125' title='bbox 739 1593 982 1642; x_wconf 89' lang='lat' dir='ltr'>conspectu</span> 
     </span>
     <span class='ocr_line' id='line_1_27' title="bbox 147 1657 881 1697; baseline 0.004 -13"><span class='ocrx_word' id='word_1_126' title='bbox 147 1657 248 1686; x_wconf 92' lang='lat' dir='ltr'>meo</span> <span class='ocrx_word' id='word_1_127' title='bbox 269 1658 454 1697; x_wconf 82' lang='lat' dir='ltr'><strong>semper.</strong></span> <span class='ocrx_word' id='word_1_128' title='bbox 878 1692 881 1696; x_wconf 57' lang='grc'><em>,</em></span> 
     </span>
    </p>

    <p class='ocr_par' dir='ltr' id='par_1_11' title="bbox 146 1701 981 1853">
     <span class='ocr_line' id='line_1_28' title="bbox 200 1701 981 1751; baseline 0.001 -10"><span class='ocrx_word' id='word_1_129' title='bbox 200 1701 417 1750; x_wconf 90' lang='lat' dir='ltr'>Quoniam</span> <span class='ocrx_word' id='word_1_130' title='bbox 444 1701 718 1751; x_wconf 90' lang='lat' dir='ltr'>iniquitatem</span> <span class='ocrx_word' id='word_1_131' title='bbox 742 1714 886 1743; x_wconf 91' lang='lat' dir='ltr'>meam</span> <span class='ocrx_word' id='word_1_132' title='bbox 910 1715 981 1742; x_wconf 91' lang='lat' dir='ltr'>an-</span> 
     </span>
     <span class='ocr_line' id='line_1_29' title="bbox 146 1756 981 1810; baseline 0.002 -14"><span class='ocrx_word' id='word_1_133' title='bbox 146 1756 374 1798; x_wconf 81' lang='lat' dir='ltr'>nuntiabo:</span> <span class='ocrx_word' id='word_1_134' title='bbox 384 1759 407 1783; x_wconf 89' lang='lat'>*</span> <span class='ocrx_word' id='word_1_135' title='bbox 420 1762 463 1798; x_wconf 94' lang='lat' dir='ltr'>et</span> <span class='ocrx_word' id='word_1_136' title='bbox 478 1756 684 1806; x_wconf 78' lang='lat' dir='ltr'>cogitabo</span> <span class='ocrx_word' id='word_1_137' title='bbox 697 1770 780 1810; x_wconf 92' lang='lat' dir='ltr'>pro</span> <span class='ocrx_word' id='word_1_138' title='bbox 795 1760 981 1810; x_wconf 91' lang='lat' dir='ltr'>peccato</span> 
     </span>
     <span class='ocr_line' id='line_1_30' title="bbox 146 1824 258 1853; baseline 0 -2"><span class='ocrx_word' id='word_1_139' title='bbox 146 1824 258 1853; x_wconf 93' lang='lat' dir='ltr'>meo.</span> 
     </span>
    </p>

    <p class='ocr_par' dir='ltr' id='par_1_12' title="bbox 148 1868 980 2031">
     <span class='ocr_line' id='line_1_31' title="bbox 198 1868 980 1918; baseline 0.005 -11"><span class='ocrx_word' id='word_1_140' title='bbox 198 1868 368 1909; x_wconf 82' lang='lat' dir='ltr'>Inimici</span> <span class='ocrx_word' id='word_1_141' title='bbox 382 1873 530 1909; x_wconf 90' lang='lat' dir='ltr'>autem</span> <span class='ocrx_word' id='word_1_142' title='bbox 543 1868 631 1908; x_wconf 91' lang='lat' dir='ltr'>mei</span> <span class='ocrx_word' id='word_1_143' title='bbox 645 1868 809 1918; x_wconf 86' lang='lat' dir='ltr'>vivunt,</span> <span class='ocrx_word' id='word_1_144' title='bbox 825 1874 869 1910; x_wconf 90' lang='lat' dir='ltr'>et</span> <span class='ocrx_word' id='word_1_145' title='bbox 880 1882 980 1910; x_wconf 91' lang='lat' dir='ltr'>con-</span> 
     </span>
     <span class='ocr_line' id='line_1_32' title="bbox 148 1922 980 1975; baseline 0.004 -13"><span class='ocrx_word' id='word_1_146' title='bbox 148 1922 309 1964; x_wconf 91' lang='lat' dir='ltr'>firmati</span> <span class='ocrx_word' id='word_1_147' title='bbox 335 1929 436 1965; x_wconf 89' lang='lat' dir='ltr'>sunt</span> <span class='ocrx_word' id='word_1_148' title='bbox 462 1935 595 1975; x_wconf 91' lang='lat' dir='ltr'>super</span> <span class='ocrx_word' id='word_1_149' title='bbox 618 1937 703 1964; x_wconf 93' lang='lat' dir='ltr'>me:</span> <span class='ocrx_word' id='word_1_150' title='bbox 722 1926 746 1950; x_wconf 89' lang='lat'>*</span> <span class='ocrx_word' id='word_1_151' title='bbox 767 1930 811 1966; x_wconf 92' lang='lat' dir='ltr'>et</span> <span class='ocrx_word' id='word_1_152' title='bbox 837 1925 980 1966; x_wconf 89' lang='lat' dir='ltr'>multi—</span> 
     </span>
     <span class='ocr_line' id='line_1_33' title="bbox 148 1977 980 2031; baseline 0.001 -12"><span class='ocrx_word' id='word_1_153' title='bbox 148 1978 299 2029; x_wconf 89' lang='lat' dir='ltr'>plicati</span> <span class='ocrx_word' id='word_1_154' title='bbox 318 1984 419 2020; x_wconf 90' lang='lat' dir='ltr'>sunt</span> <span class='ocrx_word' id='word_1_155' title='bbox 440 1979 513 2031; x_wconf 94' lang='lat' dir='ltr'>qui</span> <span class='ocrx_word' id='word_1_156' title='bbox 534 1977 722 2021; x_wconf 91' lang='lat' dir='ltr'>oderunt</span> <span class='ocrx_word' id='word_1_157' title='bbox 736 1993 807 2021; x_wconf 87' lang='lat' dir='ltr'>me</span> <span class='ocrx_word' id='word_1_158' title='bbox 821 1980 980 2031; x_wconf 86' lang='lat' dir='ltr'>inique.</span> 
     </span>
    </p>

    <p class='ocr_par' dir='ltr' id='par_1_13' title="bbox 149 2034 980 2196">
     <span class='ocr_line' id='line_1_34' title="bbox 201 2034 980 2087; baseline 0.003 -13"><span class='ocrx_word' id='word_1_159' title='bbox 201 2034 286 2084; x_wconf 84' lang='lat' dir='ltr'>Qui</span> <span class='ocrx_word' id='word_1_160' title='bbox 313 2034 559 2076; x_wconf 91' lang='lat' dir='ltr'>retribuunt</span> <span class='ocrx_word' id='word_1_161' title='bbox 586 2035 702 2076; x_wconf 89' lang='lat' dir='ltr'>mala</span> <span class='ocrx_word' id='word_1_162' title='bbox 731 2048 812 2087; x_wconf 93' lang='lat' dir='ltr'>pro</span> <span class='ocrx_word' id='word_1_163' title='bbox 840 2036 980 2086; x_wconf 88' lang='lat' dir='ltr'>bonis,</span> 
     </span>
     <span class='ocr_line' id='line_1_35' title="bbox 149 2089 979 2142; baseline 0.001 -11"><span class='ocrx_word' id='word_1_164' title='bbox 149 2089 440 2131; x_wconf 79' lang='lat' dir='ltr'>detrahebant</span> <span class='ocrx_word' id='word_1_165' title='bbox 471 2090 592 2131; x_wconf 90' lang='lat' dir='ltr'>mihi:</span> <span class='ocrx_word' id='word_1_166' title='bbox 619 2092 643 2117; x_wconf 86' lang='grc'>*</span> <span class='ocrx_word' id='word_1_167' title='bbox 677 2091 884 2142; x_wconf 89' lang='lat' dir='ltr'>quoniam</span> <span class='ocrx_word' id='word_1_168' title='bbox 916 2104 979 2132; x_wconf 91' lang='lat' dir='ltr'>se-</span> 
     </span>
     <span class='ocr_line' id='line_1_36' title="bbox 150 2146 589 2196; baseline 0 -10"><span class='ocrx_word' id='word_1_169' title='bbox 150 2146 316 2196; x_wconf 82' lang='lat' dir='ltr'>quebar</span> <span class='ocrx_word' id='word_1_170' title='bbox 334 2146 589 2188; x_wconf 79' lang='lat' dir='ltr'>bonitatem.</span> 
     </span>
    </p>

    <p class='ocr_par' dir='ltr' id='par_1_14' title="bbox 150 2201 980 2300">
     <span class='ocr_line' id='line_1_37' title="bbox 200 2201 980 2253; baseline 0.003 -11"><span class='ocrx_word' id='word_1_171' title='bbox 200 2201 269 2242; x_wconf 92' lang='lat' dir='ltr'>Ne</span> <span class='ocrx_word' id='word_1_172' title='bbox 285 2201 564 2253; x_wconf 90' lang='lat' dir='ltr'>derelinquas</span> <span class='ocrx_word' id='word_1_173' title='bbox 579 2215 649 2243; x_wconf 93' lang='lat' dir='ltr'>me</span> <span class='ocrx_word' id='word_1_174' title='bbox 660 2203 848 2244; x_wconf 86' lang='lat' dir='ltr'>Domine</span> <span class='ocrx_word' id='word_1_175' title='bbox 858 2204 980 2245; x_wconf 90' lang='lat' dir='ltr'>Deus</span> 
     </span>
     <span class='ocr_line' id='line_1_38' title="bbox 150 2257 825 2300; baseline 0.004 -4"><span class='ocrx_word' id='word_1_176' title='bbox 150 2269 288 2297; x_wconf 87' lang='lat' dir='ltr'>meus:</span> <span class='ocrx_word' id='word_1_177' title='bbox 307 2259 330 2284; x_wconf 90' lang='grc'>*</span> <span class='ocrx_word' id='word_1_178' title='bbox 349 2270 404 2298; x_wconf 94' lang='lat' dir='ltr'>ne</span> <span class='ocrx_word' id='word_1_179' title='bbox 425 2257 681 2299; x_wconf 77' lang='lat' dir='ltr'>discesseris</span> <span class='ocrx_word' id='word_1_180' title='bbox 701 2272 726 2299; x_wconf 93' lang='lat' dir='ltr'>a</span> <span class='ocrx_word' id='word_1_181' title='bbox 744 2271 825 2300; x_wconf 90' lang='lat' dir='ltr'>me.</span> 
     </span>
    </p>

    <p class='ocr_par' dir='ltr' id='par_1_15' title="bbox 150 2312 981 2410">
     <span class='ocr_line' id='line_1_39' title="bbox 202 2312 981 2364; baseline 0.003 -12"><span class='ocrx_word' id='word_1_182' title='bbox 202 2312 386 2353; x_wconf 88' lang='lat' dir='ltr'>Intende</span> <span class='ocrx_word' id='word_1_183' title='bbox 413 2313 457 2353; x_wconf 92' lang='lat' dir='ltr'>in</span> <span class='ocrx_word' id='word_1_184' title='bbox 486 2313 751 2364; x_wconf 89' lang='lat' dir='ltr'>adjutorium</span> <span class='ocrx_word' id='word_1_185' title='bbox 772 2328 935 2364; x_wconf 92' lang='lat' dir='ltr'>meum,</span> <span class='ocrx_word' id='word_1_186' title='bbox 957 2316 981 2342; x_wconf 85' lang='lat'>*</span> 
     </span>
     <span class='ocr_line' id='line_1_40' title="bbox 150 2367 796 2410; baseline 0.006 -4"><span class='ocrx_word' id='word_1_187' title='bbox 150 2367 338 2408; x_wconf 84' lang='lat' dir='ltr'>Domine</span> <span class='ocrx_word' id='word_1_188' title='bbox 357 2369 479 2408; x_wconf 91' lang='lat' dir='ltr'>Deus</span> <span class='ocrx_word' id='word_1_189' title='bbox 499 2369 653 2410; x_wconf 83' lang='lat' dir='ltr'>salutis</span> <span class='ocrx_word' id='word_1_190' title='bbox 674 2383 796 2410; x_wconf 85' lang='lat' dir='ltr'>meae.</span> 
     </span>
    </p>
   </div>
   <div class='ocr_carea' id='block_1_3' title="bbox 204 2431 715 2559">
    <p class='ocr_par' dir='ltr' id='par_1_16' title="bbox 204 2431 715 2559">
     <span class='ocr_line' id='line_1_41' title="bbox 204 2431 506 2472; baseline 0.003 -1"><span class='ocrx_word' id='word_1_191' title='bbox 204 2431 357 2472; x_wconf 83' lang='lat' dir='ltr'>Gloria</span> <span class='ocrx_word' id='word_1_192' title='bbox 375 2432 506 2472; x_wconf 90' lang='lat' dir='ltr'>Patri.</span> 
     </span>
     <span class='ocr_line' id='line_1_42' title="bbox 428 2518 715 2559; baseline 0.014 -3"><span class='ocrx_word' id='word_1_193' title='bbox 428 2518 623 2559; x_wconf 80' lang='lat' dir='ltr'>Psahnus</span> <span class='ocrx_word' id='word_1_194' title='bbox 643 2521 715 2559; x_wconf 79' lang='lat'>50.</span> 
     </span>
    </p>
   </div>
   <div class='ocr_carea' id='block_1_4' title="bbox 255 2592 982 2696">
    <p class='ocr_par' dir='ltr' id='par_1_17' title="bbox 255 2592 982 2696">
     <span class='ocr_line' id='line_1_43' title="bbox 255 2592 981 2642; baseline 0.004 -10"><span class='ocrx_word' id='word_1_195' title='bbox 255 2592 418 2633; x_wconf 90' lang='lat' dir='ltr'>iserere</span> <span class='ocrx_word' id='word_1_196' title='bbox 436 2593 522 2633; x_wconf 92' lang='lat' dir='ltr'>mei</span> <span class='ocrx_word' id='word_1_197' title='bbox 540 2594 677 2642; x_wconf 86' lang='lat' dir='ltr'>Deus,</span> <span class='ocrx_word' id='word_1_198' title='bbox 696 2596 720 2621; x_wconf 88' lang='lat'>*</span> <span class='ocrx_word' id='word_1_199' title='bbox 739 2594 981 2635; x_wconf 82' lang='lat' dir='ltr'>secundum</span> 
     </span>
     <span class='ocr_line' id='line_1_44' title="bbox 269 2649 982 2696; baseline 0.001 -8"><span class='ocrx_word' id='word_1_200' title='bbox 269 2661 473 2696; x_wconf 88' lang='lat' dir='ltr'>magnam</span> <span class='ocrx_word' id='word_1_201' title='bbox 491 2649 836 2690; x_wconf 85' lang='lat' dir='ltr'>misericordiam</span> <span class='ocrx_word' id='word_1_202' title='bbox 851 2655 982 2691; x_wconf 90' lang='lat' dir='ltr'>tuam.</span> 
     </span>
    </p>
   </div>
   <div class='ocr_carea' id='block_1_5' title="bbox 1033 249 1869 2699">
    <p class='ocr_par' dir='ltr' id='par_1_18' title="bbox 1034 249 1866 404">
     <span class='ocr_line' id='line_1_45' title="bbox 1087 249 1866 293; baseline 0 -2"><span class='ocrx_word' id='word_1_203' title='bbox 1087 251 1145 291; x_wconf 91' lang='lat' dir='ltr'>Et</span> <span class='ocrx_word' id='word_1_204' title='bbox 1172 249 1414 291; x_wconf 81' lang='lat' dir='ltr'>secundum</span> <span class='ocrx_word' id='word_1_205' title='bbox 1439 250 1763 293; x_wconf 79' lang='lat' dir='ltr'>multitudinem</span> <span class='ocrx_word' id='word_1_206' title='bbox 1790 251 1866 292; x_wconf 90' lang='lat' dir='ltr'>mi-</span> 
     </span>
     <span class='ocr_line' id='line_1_46' title="bbox 1035 306 1866 358; baseline 0.001 -11"><span class='ocrx_word' id='word_1_207' title='bbox 1035 306 1303 348; x_wconf 90' lang='lat' dir='ltr'>serationum</span> <span class='ocrx_word' id='word_1_208' title='bbox 1329 309 1519 356; x_wconf 89' lang='lat' dir='ltr'>tuarum,</span> <span class='ocrx_word' id='word_1_209' title='bbox 1541 307 1566 334; x_wconf 87' lang='lat'>*</span> <span class='ocrx_word' id='word_1_210' title='bbox 1589 306 1688 348; x_wconf 91' lang='lat' dir='ltr'>dele</span> <span class='ocrx_word' id='word_1_211' title='bbox 1714 307 1866 358; x_wconf 80' lang='lat' dir='ltr'>iniqui-</span> 
     </span>
     <span class='ocr_line' id='line_1_47' title="bbox 1034 365 1347 404; baseline -0.003 0"><span class='ocrx_word' id='word_1_212' title='bbox 1034 365 1172 404; x_wconf 80' lang='lat' dir='ltr'>tatem</span> <span class='ocrx_word' id='word_1_213' title='bbox 1192 375 1347 403; x_wconf 88' lang='lat' dir='ltr'>meam.</span> 
     </span>
    </p>

    <p class='ocr_par' dir='ltr' id='par_1_19' title="bbox 1034 418 1867 526">
     <span class='ocr_line' id='line_1_48' title="bbox 1087 418 1867 471; baseline 0.003 -13"><span class='ocrx_word' id='word_1_214' title='bbox 1087 418 1290 471; x_wconf 90' lang='lat' dir='ltr'>Amplius</span> <span class='ocrx_word' id='word_1_215' title='bbox 1322 418 1422 459; x_wconf 86' lang='lat' dir='ltr'>lava</span> <span class='ocrx_word' id='word_1_216' title='bbox 1452 431 1523 460; x_wconf 90' lang='lat' dir='ltr'>me</span> <span class='ocrx_word' id='word_1_217' title='bbox 1551 418 1608 460; x_wconf 89' lang='lat' dir='ltr'>ab</span> <span class='ocrx_word' id='word_1_218' title='bbox 1635 418 1867 470; x_wconf 86' lang='lat' dir='ltr'>iniquitate</span> 
     </span>
     <span class='ocr_line' id='line_1_49' title="bbox 1034 473 1867 526; baseline 0.001 -11"><span class='ocrx_word' id='word_1_219' title='bbox 1034 487 1146 515; x_wconf 91' lang='lat' dir='ltr'>mea:</span> <span class='ocrx_word' id='word_1_220' title='bbox 1157 477 1181 502; x_wconf 88' lang='lat'>*</span> <span class='ocrx_word' id='word_1_221' title='bbox 1193 479 1236 515; x_wconf 91' lang='lat' dir='ltr'>et</span> <span class='ocrx_word' id='word_1_222' title='bbox 1254 487 1279 515; x_wconf 91' lang='lat' dir='ltr'>a</span> <span class='ocrx_word' id='word_1_223' title='bbox 1293 476 1480 526; x_wconf 92' lang='lat' dir='ltr'>peccato</span> <span class='ocrx_word' id='word_1_224' title='bbox 1496 487 1596 515; x_wconf 91' lang='lat' dir='ltr'>meo</span> <span class='ocrx_word' id='word_1_225' title='bbox 1611 473 1776 516; x_wconf 92' lang='lat' dir='ltr'>munda</span> <span class='ocrx_word' id='word_1_226' title='bbox 1785 488 1867 516; x_wconf 90' lang='lat' dir='ltr'>me.</span> 
     </span>
    </p>

    <p class='ocr_par' dir='ltr' id='par_1_20' title="bbox 1036 530 1869 693">
     <span class='ocr_line' id='line_1_50' title="bbox 1088 530 1866 582; baseline 0.001 -11"><span class='ocrx_word' id='word_1_227' title='bbox 1088 530 1304 580; x_wconf 84' lang='lat' dir='ltr'>Quoniam</span> <span class='ocrx_word' id='word_1_228' title='bbox 1322 530 1599 582; x_wconf 86' lang='lat' dir='ltr'>iniquitatem</span> <span class='ocrx_word' id='word_1_229' title='bbox 1621 542 1764 571; x_wconf 90' lang='lat' dir='ltr'>meam</span> <span class='ocrx_word' id='word_1_230' title='bbox 1784 543 1866 581; x_wconf 89' lang='lat' dir='ltr'>ego</span> 
     </span>
     <span class='ocr_line' id='line_1_51' title="bbox 1037 586 1869 638; baseline 0 -11"><span class='ocrx_word' id='word_1_231' title='bbox 1037 588 1275 636; x_wconf 84' lang='lat' dir='ltr'>cognosco:</span> <span class='ocrx_word' id='word_1_232' title='bbox 1311 586 1335 611; x_wconf 86' lang='lat'>*</span> <span class='ocrx_word' id='word_1_233' title='bbox 1373 591 1416 627; x_wconf 92' lang='lat' dir='ltr'>et</span> <span class='ocrx_word' id='word_1_234' title='bbox 1453 588 1687 638; x_wconf 87' lang='lat' dir='ltr'>peccatum</span> <span class='ocrx_word' id='word_1_235' title='bbox 1721 599 1869 627; x_wconf 91' lang='lat' dir='ltr'>meum</span> 
     </span>
     <span class='ocr_line' id='line_1_52' title="bbox 1036 647 1569 693; baseline -0.002 -10"><span class='ocrx_word' id='word_1_236' title='bbox 1036 647 1189 683; x_wconf 88' lang='lat' dir='ltr'>contra</span> <span class='ocrx_word' id='word_1_237' title='bbox 1207 655 1278 683; x_wconf 92' lang='lat' dir='ltr'>me</span> <span class='ocrx_word' id='word_1_238' title='bbox 1298 647 1366 683; x_wconf 92' lang='lat' dir='ltr'>est</span> <span class='ocrx_word' id='word_1_239' title='bbox 1384 655 1569 693; x_wconf 88' lang='lat' dir='ltr'>semper.</span> 
     </span>
    </p>

    <p class='ocr_par' dir='ltr' id='par_1_21' title="bbox 1034 697 1866 906">
     <span class='ocr_line' id='line_1_53' title="bbox 1089 697 1866 750; baseline 0.001 -12"><span class='ocrx_word' id='word_1_240' title='bbox 1089 697 1190 739; x_wconf 89' lang='lat' dir='ltr'>Tibi</span> <span class='ocrx_word' id='word_1_241' title='bbox 1209 697 1292 739; x_wconf 89' lang='lat' dir='ltr'>soli</span> <span class='ocrx_word' id='word_1_242' title='bbox 1315 698 1515 750; x_wconf 82' lang='lat' dir='ltr'>peccavi,</span> <span class='ocrx_word' id='word_1_243' title='bbox 1552 703 1596 739; x_wconf 90' lang='lat' dir='ltr'>et</span> <span class='ocrx_word' id='word_1_244' title='bbox 1613 697 1778 738; x_wconf 80' lang='lat' dir='ltr'>malum</span> <span class='ocrx_word' id='word_1_245' title='bbox 1797 710 1866 739; x_wconf 93' lang='lat' dir='ltr'>co-</span> 
     </span>
     <span class='ocr_line' id='line_1_54' title="bbox 1038 753 1866 806; baseline 0 -12"><span class='ocrx_word' id='word_1_246' title='bbox 1038 767 1131 794; x_wconf 92' lang='lat' dir='ltr'>ram</span> <span class='ocrx_word' id='word_1_247' title='bbox 1147 759 1192 795; x_wconf 94' lang='lat' dir='ltr'>te</span> <span class='ocrx_word' id='word_1_248' title='bbox 1211 754 1308 795; x_wconf 90' lang='lat' dir='ltr'>feci:</span> <span class='ocrx_word' id='word_1_249' title='bbox 1328 754 1351 779; x_wconf 89' lang='lat'>*</span> <span class='ocrx_word' id='word_1_250' title='bbox 1370 759 1419 795; x_wconf 92' lang='lat' dir='ltr'>ut</span> <span class='ocrx_word' id='word_1_251' title='bbox 1442 754 1689 806; x_wconf 88' lang='lat' dir='ltr'>justificeris</span> <span class='ocrx_word' id='word_1_252' title='bbox 1713 753 1758 794; x_wconf 92' lang='lat' dir='ltr'>in</span> <span class='ocrx_word' id='word_1_253' title='bbox 1780 766 1866 794; x_wconf 90' lang='lat' dir='ltr'>ser-</span> 
     </span>
     <span class='ocr_line' id='line_1_55' title="bbox 1034 809 1866 862; baseline 0.001 -12"><span class='ocrx_word' id='word_1_254' title='bbox 1034 809 1238 850; x_wconf 87' lang='lat' dir='ltr'>monibus</span> <span class='ocrx_word' id='word_1_255' title='bbox 1263 810 1367 859; x_wconf 83' lang='lat' dir='ltr'>tuiS,</span> <span class='ocrx_word' id='word_1_256' title='bbox 1395 814 1439 851; x_wconf 93' lang='lat' dir='ltr'>et</span> <span class='ocrx_word' id='word_1_257' title='bbox 1463 810 1613 851; x_wconf 89' lang='lat' dir='ltr'>vincas</span> <span class='ocrx_word' id='word_1_258' title='bbox 1638 822 1738 851; x_wconf 91' lang='lat' dir='ltr'>cum</span> <span class='ocrx_word' id='word_1_259' title='bbox 1761 809 1866 862; x_wconf 82' lang='lat' dir='ltr'>judi-</span> 
     </span>
     <span class='ocr_line' id='line_1_56' title="bbox 1035 865 1159 906; baseline -0.008 0"><span class='ocrx_word' id='word_1_260' title='bbox 1035 865 1159 906; x_wconf 90' lang='lat' dir='ltr'>caris.</span> 
     </span>
    </p>

    <p class='ocr_par' dir='ltr' id='par_1_22' title="bbox 1035 921 1867 1085">
     <span class='ocr_line' id='line_1_57' title="bbox 1087 921 1867 973; baseline 0.001 -11"><span class='ocrx_word' id='word_1_261' title='bbox 1087 922 1203 962; x_wconf 89' lang='lat' dir='ltr'>Ecce</span> <span class='ocrx_word' id='word_1_262' title='bbox 1230 921 1346 962; x_wconf 90' lang='lat' dir='ltr'>enim</span> <span class='ocrx_word' id='word_1_263' title='bbox 1370 921 1415 961; x_wconf 90' lang='lat' dir='ltr'>in</span> <span class='ocrx_word' id='word_1_264' title='bbox 1438 921 1742 973; x_wconf 89' lang='lat' dir='ltr'>iniquitatibus</span> <span class='ocrx_word' id='word_1_265' title='bbox 1767 934 1867 963; x_wconf 92' lang='lat' dir='ltr'>con-</span> 
     </span>
     <span class='ocr_line' id='line_1_58' title="bbox 1035 977 1867 1030; baseline 0.001 -12"><span class='ocrx_word' id='word_1_266' title='bbox 1035 979 1189 1029; x_wconf 87' lang='lat' dir='ltr'>ceptus</span> <span class='ocrx_word' id='word_1_267' title='bbox 1218 990 1329 1018; x_wconf 90' lang='lat' dir='ltr'>sum:</span> <span class='ocrx_word' id='word_1_268' title='bbox 1353 978 1377 1003; x_wconf 89' lang='lat'>*</span> <span class='ocrx_word' id='word_1_269' title='bbox 1401 982 1444 1018; x_wconf 91' lang='lat' dir='ltr'>et</span> <span class='ocrx_word' id='word_1_270' title='bbox 1471 977 1515 1017; x_wconf 93' lang='lat' dir='ltr'>in</span> <span class='ocrx_word' id='word_1_271' title='bbox 1541 978 1738 1030; x_wconf 90' lang='lat' dir='ltr'>peccatis</span> <span class='ocrx_word' id='word_1_272' title='bbox 1767 991 1867 1020; x_wconf 93' lang='lat' dir='ltr'>con-</span> 
     </span>
     <span class='ocr_line' id='line_1_59' title="bbox 1036 1033 1528 1085; baseline -0.004 -10"><span class='ocrx_word' id='word_1_273' title='bbox 1036 1033 1152 1085; x_wconf 83' lang='lat' dir='ltr'>cepit</span> <span class='ocrx_word' id='word_1_274' title='bbox 1171 1046 1242 1075; x_wconf 92' lang='lat' dir='ltr'>me</span> <span class='ocrx_word' id='word_1_275' title='bbox 1260 1038 1400 1074; x_wconf 92' lang='lat' dir='ltr'>mater</span> <span class='ocrx_word' id='word_1_276' title='bbox 1419 1045 1528 1074; x_wconf 89' lang='lat' dir='ltr'>mea.</span> 
     </span>
    </p>

    <p class='ocr_par' dir='ltr' id='par_1_23' title="bbox 1034 1089 1868 1251">
     <span class='ocr_line' id='line_1_60' title="bbox 1086 1089 1868 1131; baseline 0.001 -2"><span class='ocrx_word' id='word_1_277' title='bbox 1086 1090 1203 1130; x_wconf 90' lang='lat' dir='ltr'>Ecce</span> <span class='ocrx_word' id='word_1_278' title='bbox 1227 1089 1341 1130; x_wconf 91' lang='lat' dir='ltr'>enim</span> <span class='ocrx_word' id='word_1_279' title='bbox 1365 1089 1597 1130; x_wconf 88' lang='lat' dir='ltr'>veritatem</span> <span class='ocrx_word' id='word_1_280' title='bbox 1619 1089 1824 1131; x_wconf 79' lang='lat' dir='ltr'>dilexisti:</span> <span class='ocrx_word' id='word_1_281' title='bbox 1843 1091 1868 1118; x_wconf 84' lang='grc'>*</span> 
     </span>
     <span class='ocr_line' id='line_1_61' title="bbox 1034 1145 1866 1198; baseline 0.001 -12"><span class='ocrx_word' id='word_1_282' title='bbox 1034 1145 1201 1186; x_wconf 90' lang='lat' dir='ltr'>incerta</span> <span class='ocrx_word' id='word_1_283' title='bbox 1235 1150 1278 1186; x_wconf 91' lang='lat' dir='ltr'>et</span> <span class='ocrx_word' id='word_1_284' title='bbox 1312 1145 1486 1186; x_wconf 84' lang='lat' dir='ltr'>occulta</span> <span class='ocrx_word' id='word_1_285' title='bbox 1518 1145 1745 1198; x_wconf 80' lang='lat' dir='ltr'>sapientiae</span> <span class='ocrx_word' id='word_1_286' title='bbox 1777 1151 1866 1187; x_wconf 88' lang='lat' dir='ltr'>tuae</span> 
     </span>
     <span class='ocr_line' id='line_1_62' title="bbox 1034 1200 1634 1251; baseline -0.002 -11"><span class='ocrx_word' id='word_1_287' title='bbox 1034 1201 1325 1242; x_wconf 87' lang='lat' dir='ltr'>manifestasti</span> <span class='ocrx_word' id='word_1_288' title='bbox 1342 1200 1459 1240; x_wconf 89' lang='lat' dir='ltr'>mihi.</span> <span class='ocrx_word' id='word_1_289' title='bbox 1538 1216 1540 1218; x_wconf 96' lang='lat'>·</span> <span class='ocrx_word' id='word_1_290' title='bbox 1631 1249 1634 1251; x_wconf 35' lang='grc'><strong>,</strong></span> 
     </span>
    </p>

    <p class='ocr_par' dir='ltr' id='par_1_24' title="bbox 1035 1255 1867 1408">
     <span class='ocr_line' id='line_1_63' title="bbox 1086 1255 1865 1308; baseline 0.001 -11"><span class='ocrx_word' id='word_1_291' title='bbox 1086 1257 1312 1308; x_wconf 88' lang='lat' dir='ltr'>Asperges</span> <span class='ocrx_word' id='word_1_292' title='bbox 1339 1269 1410 1297; x_wconf 90' lang='lat' dir='ltr'>me</span> <span class='ocrx_word' id='word_1_293' title='bbox 1437 1255 1653 1308; x_wconf 91' lang='lat' dir='ltr'>hyssopo,</span> <span class='ocrx_word' id='word_1_294' title='bbox 1681 1261 1725 1298; x_wconf 92' lang='lat' dir='ltr'>et</span> <span class='ocrx_word' id='word_1_295' title='bbox 1745 1270 1865 1298; x_wconf 90' lang='lat' dir='ltr'>mun-</span> 
     </span>
     <span class='ocr_line' id='line_1_64' title="bbox 1035 1311 1867 1365; baseline 0.001 -12"><span class='ocrx_word' id='word_1_296' title='bbox 1035 1312 1190 1353; x_wconf 91' lang='lat' dir='ltr'>dabor:</span> <span class='ocrx_word' id='word_1_297' title='bbox 1201 1311 1405 1352; x_wconf 82' lang='lat' dir='ltr'>*lavabis</span> <span class='ocrx_word' id='word_1_298' title='bbox 1420 1324 1501 1362; x_wconf 93' lang='lat' dir='ltr'>me,</span> <span class='ocrx_word' id='word_1_299' title='bbox 1518 1317 1561 1353; x_wconf 95' lang='lat' dir='ltr'>et</span> <span class='ocrx_word' id='word_1_300' title='bbox 1576 1324 1708 1365; x_wconf 91' lang='lat' dir='ltr'>super</span> <span class='ocrx_word' id='word_1_301' title='bbox 1720 1313 1867 1354; x_wconf 89' lang='lat' dir='ltr'>nivem</span> 
     </span>
     <span class='ocr_line' id='line_1_65' title="bbox 1035 1367 1289 1408; baseline -0.004 0"><span class='ocrx_word' id='word_1_302' title='bbox 1035 1367 1289 1408; x_wconf 91' lang='lat' dir='ltr'>dealbabor.</span> 
     </span>
    </p>

    <p class='ocr_par' dir='ltr' id='par_1_25' title="bbox 1033 1422 1867 1577">
     <span class='ocr_line' id='line_1_66' title="bbox 1086 1422 1867 1474; baseline 0.001 -11"><span class='ocrx_word' id='word_1_303' title='bbox 1086 1422 1270 1464; x_wconf 91' lang='lat' dir='ltr'>Auditui</span> <span class='ocrx_word' id='word_1_304' title='bbox 1303 1436 1402 1465; x_wconf 91' lang='lat' dir='ltr'>meo</span> <span class='ocrx_word' id='word_1_305' title='bbox 1432 1423 1557 1465; x_wconf 91' lang='lat' dir='ltr'>dabis</span> <span class='ocrx_word' id='word_1_306' title='bbox 1584 1423 1795 1474; x_wconf 80' lang='lat' dir='ltr'>gaudium</span> <span class='ocrx_word' id='word_1_307' title='bbox 1823 1428 1867 1465; x_wconf 92' lang='lat' dir='ltr'>et</span> 
     </span>
     <span class='ocr_line' id='line_1_67' title="bbox 1033 1479 1864 1521; baseline 0.001 -2"><span class='ocrx_word' id='word_1_308' title='bbox 1033 1480 1245 1521; x_wconf 88' lang='lat' dir='ltr'>laetitiam:</span> <span class='ocrx_word' id='word_1_309' title='bbox 1261 1480 1285 1505; x_wconf 86' lang='lat'><strong><em>*</em></strong></span> <span class='ocrx_word' id='word_1_310' title='bbox 1306 1485 1350 1521; x_wconf 93' lang='lat' dir='ltr'>et</span> <span class='ocrx_word' id='word_1_311' title='bbox 1369 1479 1651 1521; x_wconf 82' lang='lat' dir='ltr'>exsultabunt</span> <span class='ocrx_word' id='word_1_312' title='bbox 1669 1492 1772 1521; x_wconf 90' lang='lat' dir='ltr'>ossa</span> <span class='ocrx_word' id='word_1_313' title='bbox 1789 1479 1864 1520; x_wconf 93' lang='lat' dir='ltr'>hu-</span> 
     </span>
     <span class='ocr_line' id='line_1_68' title="bbox 1033 1535 1210 1577; baseline 0 -2"><span class='ocrx_word' id='word_1_314' title='bbox 1033 1535 1210 1577; x_wconf 85' lang='lat' dir='ltr'>miliata.</span> 
     </span>
    </p>

    <p class='ocr_par' dir='ltr' id='par_1_26' title="bbox 1033 1591 1866 1744">
     <span class='ocr_line' id='line_1_69' title="bbox 1085 1591 1866 1644; baseline 0 -12"><span class='ocrx_word' id='word_1_315' title='bbox 1085 1591 1250 1633; x_wconf 87' lang='lat' dir='ltr'>Averte</span> <span class='ocrx_word' id='word_1_316' title='bbox 1283 1591 1441 1633; x_wconf 90' lang='lat' dir='ltr'>faciem</span> <span class='ocrx_word' id='word_1_317' title='bbox 1467 1595 1589 1632; x_wconf 91' lang='lat' dir='ltr'>tuam</span> <span class='ocrx_word' id='word_1_318' title='bbox 1617 1604 1643 1632; x_wconf 89' lang='lat' dir='ltr'>a</span> <span class='ocrx_word' id='word_1_319' title='bbox 1670 1591 1866 1644; x_wconf 86' lang='lat' dir='ltr'>peccatis</span> 
     </span>
     <span class='ocr_line' id='line_1_70' title="bbox 1033 1647 1866 1699; baseline 0.001 -12"><span class='ocrx_word' id='word_1_320' title='bbox 1033 1648 1157 1688; x_wconf 88' lang='lat' dir='ltr'>meis:</span> <span class='ocrx_word' id='word_1_321' title='bbox 1175 1648 1199 1673; x_wconf 88' lang='lat'>*</span> <span class='ocrx_word' id='word_1_322' title='bbox 1219 1653 1263 1689; x_wconf 93' lang='lat' dir='ltr'>et</span> <span class='ocrx_word' id='word_1_323' title='bbox 1288 1661 1441 1689; x_wconf 92' lang='lat' dir='ltr'>omnes</span> <span class='ocrx_word' id='word_1_324' title='bbox 1466 1647 1720 1699; x_wconf 88' lang='lat' dir='ltr'>iniquitates</span> <span class='ocrx_word' id='word_1_325' title='bbox 1745 1660 1866 1689; x_wconf 89' lang='lat' dir='ltr'>meas</span> 
     </span>
     <span class='ocr_line' id='line_1_71' title="bbox 1035 1702 1144 1744; baseline -0.009 0"><span class='ocrx_word' id='word_1_326' title='bbox 1035 1702 1144 1744; x_wconf 89' lang='lat' dir='ltr'>dele.</span> 
     </span>
    </p>

    <p class='ocr_par' dir='ltr' id='par_1_27' title="bbox 1034 1757 1867 1912">
     <span class='ocr_line' id='line_1_72' title="bbox 1086 1757 1866 1804; baseline 0.001 -5"><span class='ocrx_word' id='word_1_327' title='bbox 1086 1759 1174 1799; x_wconf 90' lang='lat' dir='ltr'>Cor</span> <span class='ocrx_word' id='word_1_328' title='bbox 1191 1757 1404 1804; x_wconf 90' lang='lat' dir='ltr'>mundum</span> <span class='ocrx_word' id='word_1_329' title='bbox 1423 1772 1523 1800; x_wconf 93' lang='lat' dir='ltr'>crea</span> <span class='ocrx_word' id='word_1_330' title='bbox 1541 1760 1585 1800; x_wconf 91' lang='lat' dir='ltr'>in</span> <span class='ocrx_word' id='word_1_331' title='bbox 1603 1772 1674 1800; x_wconf 90' lang='lat' dir='ltr'>me</span> <span class='ocrx_word' id='word_1_332' title='bbox 1691 1760 1828 1800; x_wconf 90' lang='lat' dir='ltr'>Deus:</span> <span class='ocrx_word' id='word_1_333' title='bbox 1842 1760 1866 1786; x_wconf 88' lang='lat'><strong><em>*</em></strong></span> 
     </span>
     <span class='ocr_line' id='line_1_73' title="bbox 1035 1815 1867 1867; baseline 0 -12"><span class='ocrx_word' id='word_1_334' title='bbox 1035 1819 1078 1856; x_wconf 93' lang='lat' dir='ltr'>et</span> <span class='ocrx_word' id='word_1_335' title='bbox 1132 1815 1335 1867; x_wconf 91' lang='lat' dir='ltr'>spiritum</span> <span class='ocrx_word' id='word_1_336' title='bbox 1388 1820 1559 1856; x_wconf 92' lang='lat' dir='ltr'>rectum</span> <span class='ocrx_word' id='word_1_337' title='bbox 1611 1818 1772 1857; x_wconf 86' lang='lat' dir='ltr'>innova</span> <span class='ocrx_word' id='word_1_338' title='bbox 1822 1815 1867 1855; x_wconf 94' lang='lat' dir='ltr'>in</span> 
     </span>
     <span class='ocr_line' id='line_1_74' title="bbox 1034 1870 1417 1912; baseline 0 -1"><span class='ocrx_word' id='word_1_339' title='bbox 1034 1870 1276 1912; x_wconf 87' lang='lat' dir='ltr'>visceribus</span> <span class='ocrx_word' id='word_1_340' title='bbox 1296 1871 1417 1912; x_wconf 91' lang='lat' dir='ltr'>meis.</span> 
     </span>
    </p>

    <p class='ocr_par' dir='ltr' id='par_1_28' title="bbox 1034 1926 1867 2079">
     <span class='ocr_line' id='line_1_75' title="bbox 1085 1926 1867 1978; baseline 0.001 -11"><span class='ocrx_word' id='word_1_341' title='bbox 1085 1926 1154 1967; x_wconf 91' lang='lat' dir='ltr'>Ne</span> <span class='ocrx_word' id='word_1_342' title='bbox 1178 1927 1382 1978; x_wconf 84' lang='lat' dir='ltr'>projicias</span> <span class='ocrx_word' id='word_1_343' title='bbox 1407 1940 1477 1968; x_wconf 92' lang='lat' dir='ltr'>me</span> <span class='ocrx_word' id='word_1_344' title='bbox 1499 1939 1525 1967; x_wconf 93' lang='lat' dir='ltr'>a</span> <span class='ocrx_word' id='word_1_345' title='bbox 1543 1927 1653 1968; x_wconf 90' lang='lat' dir='ltr'>facie</span> <span class='ocrx_word' id='word_1_346' title='bbox 1671 1931 1761 1968; x_wconf 91' lang='lat' dir='ltr'>tua:</span> <span class='ocrx_word' id='word_1_347' title='bbox 1779 1927 1804 1952; x_wconf 87' lang='lat'>*</span> <span class='ocrx_word' id='word_1_348' title='bbox 1823 1931 1867 1968; x_wconf 87' lang='lat' dir='ltr'>et</span> 
     </span>
     <span class='ocr_line' id='line_1_76' title="bbox 1034 1982 1866 2034; baseline 0.001 -12"><span class='ocrx_word' id='word_1_349' title='bbox 1034 1982 1244 2034; x_wconf 89' lang='lat' dir='ltr'>Spiritum</span> <span class='ocrx_word' id='word_1_350' title='bbox 1263 1987 1462 2024; x_wconf 89' lang='lat' dir='ltr'>sanctum</span> <span class='ocrx_word' id='word_1_351' title='bbox 1482 1988 1605 2024; x_wconf 91' lang='lat' dir='ltr'>tuum</span> <span class='ocrx_word' id='word_1_352' title='bbox 1623 1995 1678 2024; x_wconf 93' lang='lat' dir='ltr'>ne</span> <span class='ocrx_word' id='word_1_353' title='bbox 1692 1983 1866 2024; x_wconf 83' lang='lat' dir='ltr'>auferas</span> 
     </span>
     <span class='ocr_line' id='line_1_77' title="bbox 1035 2051 1159 2079; baseline -0.008 -1"><span class='ocrx_word' id='word_1_354' title='bbox 1035 2051 1060 2078; x_wconf 92' lang='lat' dir='ltr'>a</span> <span class='ocrx_word' id='word_1_355' title='bbox 1078 2051 1159 2079; x_wconf 91' lang='lat' dir='ltr'>me.</span> 
     </span>
    </p>

    <p class='ocr_par' dir='ltr' id='par_1_29' title="bbox 1033 2093 1866 2246">
     <span class='ocr_line' id='line_1_78' title="bbox 1087 2093 1866 2136; baseline 0 -2"><span class='ocrx_word' id='word_1_356' title='bbox 1087 2093 1244 2135; x_wconf 89' lang='lat' dir='ltr'>Redde</span> <span class='ocrx_word' id='word_1_357' title='bbox 1284 2094 1390 2134; x_wconf 92' lang='lat' dir='ltr'>mihi</span> <span class='ocrx_word' id='word_1_358' title='bbox 1426 2094 1624 2136; x_wconf 82' lang='lat' dir='ltr'>laetitiam</span> <span class='ocrx_word' id='word_1_359' title='bbox 1663 2093 1866 2134; x_wconf 90' lang='lat' dir='ltr'>salutaris</span> 
     </span>
     <span class='ocr_line' id='line_1_79' title="bbox 1033 2149 1865 2202; baseline -0.001 -11"><span class='ocrx_word' id='word_1_360' title='bbox 1033 2150 1112 2191; x_wconf 86' lang='lat' dir='ltr'>tui:</span> <span class='ocrx_word' id='word_1_361' title='bbox 1151 2150 1174 2175; x_wconf 93' lang='lat'>*</span> <span class='ocrx_word' id='word_1_362' title='bbox 1212 2155 1256 2191; x_wconf 88' lang='lat' dir='ltr'>et</span> <span class='ocrx_word' id='word_1_363' title='bbox 1293 2150 1449 2202; x_wconf 91' lang='lat' dir='ltr'>spiritu</span> <span class='ocrx_word' id='word_1_364' title='bbox 1489 2149 1723 2202; x_wconf 92' lang='lat' dir='ltr'>principali</span> <span class='ocrx_word' id='word_1_365' title='bbox 1764 2162 1865 2190; x_wconf 92' lang='lat' dir='ltr'>con-</span> 
     </span>
     <span class='ocr_line' id='line_1_80' title="bbox 1034 2205 1263 2246; baseline 0.004 -1"><span class='ocrx_word' id='word_1_366' title='bbox 1034 2205 1161 2246; x_wconf 90' lang='lat' dir='ltr'>firma</span> <span class='ocrx_word' id='word_1_367' title='bbox 1182 2218 1263 2246; x_wconf 93' lang='lat' dir='ltr'>me.</span> 
     </span>
    </p>

    <p class='ocr_par' dir='ltr' id='par_1_30' title="bbox 1035 2261 1867 2368">
     <span class='ocr_line' id='line_1_81' title="bbox 1085 2261 1867 2313; baseline -0.003 -11"><span class='ocrx_word' id='word_1_368' title='bbox 1085 2261 1270 2302; x_wconf 89' lang='lat' dir='ltr'>Docebo</span> <span class='ocrx_word' id='word_1_369' title='bbox 1302 2261 1478 2313; x_wconf 91' lang='lat' dir='ltr'>iniquos</span> <span class='ocrx_word' id='word_1_370' title='bbox 1506 2261 1600 2302; x_wconf 85' lang='lat' dir='ltr'>vias</span> <span class='ocrx_word' id='word_1_371' title='bbox 1630 2265 1743 2302; x_wconf 90' lang='lat' dir='ltr'>tuas:</span> <span class='ocrx_word' id='word_1_372' title='bbox 1770 2261 1795 2286; x_wconf 89' lang='lat'>*</span> <span class='ocrx_word' id='word_1_373' title='bbox 1823 2264 1867 2301; x_wconf 93' lang='lat' dir='ltr'>et</span> 
     </span>
     <span class='ocr_line' id='line_1_82' title="bbox 1035 2316 1641 2368; baseline -0.002 -12"><span class='ocrx_word' id='word_1_374' title='bbox 1035 2317 1157 2368; x_wconf 91' lang='lat' dir='ltr'>impii</span> <span class='ocrx_word' id='word_1_375' title='bbox 1177 2316 1234 2357; x_wconf 88' lang='lat' dir='ltr'>ad</span> <span class='ocrx_word' id='word_1_376' title='bbox 1252 2322 1296 2358; x_wconf 94' lang='lat' dir='ltr'>te</span> <span class='ocrx_word' id='word_1_377' title='bbox 1317 2318 1641 2358; x_wconf 90' lang='lat' dir='ltr'>convertentur.</span> 
     </span>
    </p>

    <p class='ocr_par' dir='ltr' id='par_1_31' title="bbox 1034 2371 1866 2534">
     <span class='ocr_line' id='line_1_83' title="bbox 1086 2371 1866 2422; baseline -0.001 -10"><span class='ocrx_word' id='word_1_378' title='bbox 1086 2372 1246 2413; x_wconf 91' lang='lat' dir='ltr'>Libera</span> <span class='ocrx_word' id='word_1_379' title='bbox 1264 2385 1334 2413; x_wconf 93' lang='lat' dir='ltr'>me</span> <span class='ocrx_word' id='word_1_380' title='bbox 1356 2372 1411 2413; x_wconf 93' lang='lat' dir='ltr'>de</span> <span class='ocrx_word' id='word_1_381' title='bbox 1431 2371 1713 2422; x_wconf 86' lang='lat' dir='ltr'>sanguinibus</span> <span class='ocrx_word' id='word_1_382' title='bbox 1732 2371 1866 2420; x_wconf 93' lang='lat' dir='ltr'>Deus,</span> 
     </span>
     <span class='ocr_line' id='line_1_84' title="bbox 1035 2427 1866 2482; baseline -0.001 -14"><span class='ocrx_word' id='word_1_383' title='bbox 1035 2428 1156 2482; x_wconf 88' lang='lat' dir='ltr'>Deus</span> <span class='ocrx_word' id='word_1_384' title='bbox 1182 2428 1334 2469; x_wconf 80' lang='lat' dir='ltr'>salutis</span> <span class='ocrx_word' id='word_1_385' title='bbox 1359 2441 1484 2469; x_wconf 84' lang='lat' dir='ltr'>meae:</span> <span class='ocrx_word' id='word_1_386' title='bbox 1509 2429 1533 2453; x_wconf 86' lang='lat'>*</span> <span class='ocrx_word' id='word_1_387' title='bbox 1559 2432 1602 2469; x_wconf 91' lang='lat' dir='ltr'>et</span> <span class='ocrx_word' id='word_1_388' title='bbox 1628 2427 1866 2468; x_wconf 83' lang='lat' dir='ltr'>exsultabit</span> 
     </span>
     <span class='ocr_line' id='line_1_85' title="bbox 1034 2483 1671 2534; baseline 0 -11"><span class='ocrx_word' id='word_1_389' title='bbox 1034 2483 1181 2534; x_wconf 90' lang='lat' dir='ltr'>lingua</span> <span class='ocrx_word' id='word_1_390' title='bbox 1199 2497 1297 2525; x_wconf 91' lang='lat' dir='ltr'>mea</span> <span class='ocrx_word' id='word_1_391' title='bbox 1316 2483 1523 2534; x_wconf 88' lang='lat' dir='ltr'>justitiam</span> <span class='ocrx_word' id='word_1_392' title='bbox 1540 2488 1671 2524; x_wconf 90' lang='lat' dir='ltr'>tuam.</span> 
     </span>
    </p>

    <p class='ocr_par' dir='ltr' id='par_1_32' title="bbox 1036 2538 1867 2636">
     <span class='ocr_line' id='line_1_86' title="bbox 1087 2538 1867 2591; baseline 0 -11"><span class='ocrx_word' id='word_1_393' title='bbox 1087 2540 1291 2588; x_wconf 85' lang='lat' dir='ltr'>Domine,</span> <span class='ocrx_word' id='word_1_394' title='bbox 1317 2538 1434 2580; x_wconf 90' lang='lat' dir='ltr'>labia</span> <span class='ocrx_word' id='word_1_395' title='bbox 1456 2551 1554 2579; x_wconf 91' lang='lat' dir='ltr'>mea</span> <span class='ocrx_word' id='word_1_396' title='bbox 1574 2539 1760 2591; x_wconf 88' lang='lat' dir='ltr'>aperies:</span> <span class='ocrx_word' id='word_1_397' title='bbox 1779 2540 1803 2565; x_wconf 88' lang='lat'>*</span> <span class='ocrx_word' id='word_1_398' title='bbox 1823 2543 1867 2580; x_wconf 94' lang='lat' dir='ltr'>et</span> 
     </span>
     <span class='ocr_line' id='line_1_87' title="bbox 1036 2594 1866 2636; baseline -0.001 -1"><span class='ocrx_word' id='word_1_399' title='bbox 1036 2607 1086 2635; x_wconf 92' lang='lat' dir='ltr'>os</span> <span class='ocrx_word' id='word_1_400' title='bbox 1101 2608 1247 2636; x_wconf 91' lang='lat' dir='ltr'>meum</span> <span class='ocrx_word' id='word_1_401' title='bbox 1263 2594 1537 2635; x_wconf 92' lang='lat' dir='ltr'>annuntiabit</span> <span class='ocrx_word' id='word_1_402' title='bbox 1550 2594 1724 2635; x_wconf 92' lang='lat' dir='ltr'>laudem</span> <span class='ocrx_word' id='word_1_403' title='bbox 1734 2600 1866 2636; x_wconf 88' lang='lat' dir='ltr'>tuam.</span> 
     </span>
    </p>

    <p class='ocr_par' dir='ltr' id='par_1_33' title="bbox 1088 2649 1865 2699">
     <span class='ocr_line' id='line_1_88' title="bbox 1088 2649 1865 2699; baseline 0.001 -9"><span class='ocrx_word' id='word_1_404' title='bbox 1088 2651 1304 2699; x_wconf 91' lang='lat' dir='ltr'>Quoniam</span> <span class='ocrx_word' id='word_1_405' title='bbox 1319 2650 1356 2690; x_wconf 93' lang='lat' dir='ltr'>si</span> <span class='ocrx_word' id='word_1_406' title='bbox 1366 2649 1581 2690; x_wconf 92' lang='lat' dir='ltr'>voluisses</span> <span class='ocrx_word' id='word_1_407' title='bbox 1593 2650 1865 2699; x_wconf 81' lang='lat' dir='ltr'>sacrificium,</span> 
     </span>
    </p>
   </div>
   <div class='ocr_carea' id='block_1_6' title="bbox 95 101 1929 2753">
    <p class='ocr_par' dir='ltr' id='par_1_34' title="bbox 95 101 1929 2753">
     <span class='ocr_line' id='line_1_89' title="bbox 95 101 1929 2753; baseline 0 0"><span class='ocrx_word' id='word_1_408' title='bbox 95 101 1929 2753; x_wconf 95' lang='lat' dir='ltr'> </span> 
     </span>
    </p>
   </div>
  </div>
 </body>
</html>
