2040 2944
471 208 676 242 Dominica
699 209 761 243 IV.
787 220 875 253 quae
898 213 1088 255 superfuit
1111 220 1202 257 post
1227 215 1497 259 Epiphaniam.

184 309 258 349 Ad
284 309 458 359 Magnis.
495 310 595 351 Ant.
645 306 849 356 Domine,
877 307 902 333 *
930 308 966 348 si

135 358 217 407 viS,
245 363 376 410 potes
402 372 472 400 me
497 360 725 402 mundare:
753 367 797 404 et
821 363 880 404 ait
898 363 965 405 Je-

135 427 223 455 sus:
242 414 372 464 Volo,
392 415 615 458 mundare.

183 477 236 529 V,
253 478 478 529 Dirigatur
493 480 684 522 Domine
700 483 842 524 oratio
856 496 965 524 mea.

132 539 183 591 R·.
227 534 348 576 Sicut
383 535 608 578 incensum
644 537 687 577 in
725 541 965 591 conspectu

135 594 225 631 tuo.

391 661 706 688 *off-„Q-

358 731 634 782 Dominica
658 733 745 784 IV.

189 809 276 843 quae
301 799 493 843 superfuit
516 803 608 843 post
630 800 902 844 Epiphaniam.

469 860 634 902 Oratio.

130 917 314 1023 Deus,
341 919 415 971 qui
438 932 519 960 nos
542 920 586 960 in
605 922 737 963 tantis
756 925 964 975 periculis

237 975 519 1026 constitutos,
548 990 630 1029 pro
660 978 850 1021 humana
878 982 963 1022 scis

132 1030 370 1081 fragilitate
411 1044 500 1073 non
538 1045 673 1085 posse
709 1034 964 1078 subsistere:

133 1085 191 1128 da
209 1086 337 1128 nobis
357 1087 545 1129 salutem
568 1091 726 1131 mentis
746 1096 790 1132 et
809 1095 963 1145 corpo-

131 1142 206 1193 ris;
224 1147 273 1184 ut
294 1155 356 1193 ea,
377 1156 477 1196 quae
491 1157 574 1197 pro
590 1147 786 1197 peccatis
801 1149 964 1190 nostris

130 1199 340 1251 patimur,
375 1204 419 1241 te
449 1200 700 1253 adjuvante,
727 1203 964 1246 vincamus.

129 1254 215 1296 Per
233 1255 484 1297 Dominum.

129 1332 282 1375 Lectio
307 1333 447 1374 sancti
467 1333 695 1385 Evangelii
721 1337 963 1379 secundum

413 1389 685 1432 Matthaeum.

206 1451 359 1493 Lectio
380 1453 451 1494 vii.
675 1452 780 1503 Cap.
795 1454 831 1492 8.
848 1466 882 1493 c.

130 1504 208 1610 In
226 1509 303 1550 illo
323 1511 540 1563 tempore:
561 1511 841 1554 Ascendente
860 1514 885 1554 J
888 1526 965 1555 esu

198 1565 242 1606 in
270 1566 534 1617 naviculam,
567 1568 709 1609 secuti
737 1574 837 1610 sunt
865 1583 964 1611 eum

132 1619 336 1674 discipuli
365 1624 471 1675 ejus:
501 1628 545 1665 et
572 1636 676 1666 ecce
704 1630 851 1666 motus
876 1639 963 1667 ma-

111 1689 243 1728 ›gnus
261 1678 404 1720 factus
425 1685 492 1721 est
516 1680 561 1720 in
579 1681 706 1731 mari,
734 1681 794 1723 ita
819 1687 868 1723 ut
892 1695 963 1723 na-

131 1733 274 1775 vicula
312 1736 559 1787 operiretur
601 1737 822 1787 fluctibus,
867 1738 963 1791 ipse

131 1802 238 1832 vero
258 1790 515 1834 dormiebat.
543 1793 600 1834 Et
619 1793 799 1845 reliqua.

227 1864 419 1907 Homilia
444 1866 583 1907 sancti
609 1866 866 1918 Hieronymi

417 1922 681 1975 Presby‘ceri.

198 1983 282 2018 Lib.
308 1984 336 2018 1.
362 1983 508 2018 Comm.
532 1982 573 2015 in
597 1992 679 2024 cap.
703 1982 736 2016 8.
761 1982 892 2016 Μ31111.

166 2034 428 2089 „Quintum
447 2035 619 2085 signum
637 2034 757 2085 fecit,
786 2037 962 2087 quando

168 2085 254 2147 ’ζΓ1
277 2091 518 2133 ascendens
533 2103 690 2132 navem
705 2090 760 2132 de
773 2092 962 2144 Caphar-

275 2160 422 2197 naum,
467 2148 609 2189 ventis
650 2148 883 2200 imperavit
919 2154 963 2190 et

132 2205 252 2246 mari.
288 2204 487 2253 Sextum,
517 2202 692 2255 quando
717 2204 761 2244 in
785 2205 962 2256 regione

134 2261 460 2303 Gerasenorum
518 2259 641 2301 dedit
696 2263 962 2312 potestatem

134 2316 408 2359 daemonibus
432 2317 475 2356 in
498 2328 672 2368 porcos.
709 2316 962 2368 Septimum,

134 2373 310 2425 quando
325 2371 574 2424 ingrediens
591 2372 815 2413 civitatem
826 2385 961 2422 suam,

131 2430 423 2482 paralyticum
451 2427 693 2470 secundum
722 2429 892 2469 curavit
919 2429 961 2468 in

131 2484 303 2527 lectulo.
344 2486 516 2526 Primus
549 2484 663 2525 enim
694 2484 961 2535 paraIYticus

98 2560 102 2563 ·
132 2546 199 2582 est
217 2555 328 2594 puer
348 2541 625 2583 centurionis.

415 2606 570 2647 Lectio
590 2605 674 2645 viii.

180 2675 261 2713 pse
280 2675 386 2703 vero
413 2661 675 2711 dormiebat,
704 2666 747 2702 et
766 2662 958 2701 accesse-

200 2724 300 2760 runt
332 2718 388 2760 ad
416 2731 533 2767 eum,
568 2723 611 2759 et
638 2718 959 2758 suscitaverunt

1781 214 1844 249 241
1891 234 1894 268 7

1019 320 1128 358 eum,
1155 308 1365 350 dicentes:
1391 309 1589 359 Domine,
1614 309 1735 350 salva
1753 322 1845 350 nos.
1892 358 1893 362 Ἰ

1018 364 1158 415 Hujus
1193 365 1303 415 signi
1339 369 1493 417 typum
1524 366 1568 406 in
1600 365 1713 406 Jona
1744 365 1845 415 legi-

1018 433 1129 469 muS,
1159 420 1351 472 quando,
1380 421 1538 462 ceteris
1565 421 1844 473 periclitanti-

1018 475 1112 525 bus,
1132 476 1228 528 ipse
1249 480 1428 517 securus
1450 482 1526 526 est,
1547 482 1589 519 et
1609 477 1781 527 dormit,
1802 483 1845 519 et

1018 532 1267 580 suscitatum
1315 537 1358 574 et
1394 533 1578 585 imperio
1617 546 1668 574 ac
1704 546 1844 574 sacra-

1017 589 1165 628 mento
1186 588 1402 640 passienis
1423 601 1513 629 suae
1536 588 1692 630 liberat
1711 590 1843 630 susci-

1017 646 1172 685 tantes.
1231 644 1356 685 Tunc
1394 657 1575 695 surgens
1614 646 1845 697 imperavit

1017 700 1159 741 ventis
1179 705 1223 741 et
1241 701 1360 741 mari.
1388 701 1456 741 Ex
1474 700 1559 742 1100
1578 701 1676 742 1000
1691 701 1844 742 intelli-

1017 756 1158 806 gimus
1185 757 1304 807 quod
1333 769 1483 798 omnes
1513 760 1725 798 creaturae
1751 759 1843 798 sen—

1016 812 1127 853 tiant
1147 812 1412 854 Creatorem.
1441 813 1558 862 Quas
1579 813 1692 854 enim
1710 813 1843 854 incre-

1017 868 1154 920 pavit,
1197 873 1240 909 et
1274 868 1432 920 quibus
1463 869 1711 921 imperavit,
1749 871 1842 909 sen-

1016 924 1130 965 tiunt
1148 925 1453 977 imperantem:
1477 937 1565 966 non
1590 926 1735 965 errore
1758 924 1843 966 1130-

1017 980 1270 1029 reticorum,
1301 981 1374 1031 qui
1403 980 1548 1021 omnia
1576 985 1732 1032 putant
1758 980 1843 1021 ani-

1016 1036 1195 1086 mantia,
1225 1036 1303 1077 sed
1326 1038 1555 1088 maJestate
1582 1036 1843 1085 Conditoris,

1019 1105 1117 1143 quae
1137 1092 1255 1144 apud
1274 1105 1354 1133 nos
1373 1092 1651 1141 insensibilia,
1670 1092 1732 1132 illi
1750 1105 1842 1133 sen-

1017 1147 1160 1189 sibilia
1179 1153 1290 1189 sunt.

1314 1225 1467 1265 Lectio
1488 1225 1542 1265 ix.

1016 1283 1206 1388 Porro
1234 1285 1434 1325 homines
1461 1285 1606 1326 mirati
1634 1290 1750 1334 sunt,
1784 1286 1843 1326 di-

1122 1343 1287 1382 centes:
1332 1341 1482 1390 Qualis
1518 1346 1584 1382 est
1615 1341 1703 1391 hic,
1743 1342 1844 1393 quia
1890 1373 1891 1379 ,

1016 1398 1135 1439 venti
1154 1402 1197 1439 et
1216 1411 1335 1439 mare
1356 1397 1566 1439 obediunt
1586 1396 1647 1438 ei?
1666 1397 1767 1438 Non
1785 1397 1844 1438 di-

1017 1454 1184 1507 scipuli,
1210 1453 1288 1495 sed
1307 1458 1452 1495 nautae
1478 1458 1520 1494 et
1540 1454 1684 1502 ceteri,
1710 1453 1783 1504 qui
1801 1453 1844 1493 in

1015 1510 1116 1551 navi
1137 1515 1273 1559 erant,
1297 1509 1578 1551 mirabantur.
1606 1509 1680 1550 Sin
1700 1514 1845 1550 autem

1018 1566 1114 1618 quis
1139 1566 1414 1607 contentiose
1434 1565 1631 1614 voluerit,
1657 1578 1746 1614 eos,
1772 1566 1844 1616 qui

1015 1622 1303 1670 mirabantur,
1332 1622 1465 1663 fuisse
1495 1621 1752 1673 discipulos,
1782 1634 1844 1662 re-

1016 1678 1350 1734 spondebimus,
1388 1682 1507 1719 recte
1540 1677 1738 1718 homines
1770 1690 1842 1729 ap-

1015 1734 1217 1787 pellatos,
1238 1734 1312 1785 qui
1330 1733 1518 1774 necdum
1537 1735 1750 1774 noverant
1769 1746 1843 1784 po·
1889 1758 1890 1761 =

1014 1790 1196 1832 tentiam
1214 1789 1464 1831 Salvatoris.

1072 1848 1130 1887 Te
1149 1846 1293 1888 Deum
1312 1845 1552 1887 laudamus,
1571 1846 1629 1884 14.

1068 1912 1140 1953 Ad
1156 1911 1319 1953 Bened.
1346 1913 1446 1953 Ant.
1475 1908 1755 1951 Ascendente
1773 1909 1798 1949 J
1801 1921 1839 1950 e·
1887 1957 1890 1961 Δ

1016 1981 1066 2008 511
1085 1968 1108 1993 *
1128 1967 1172 2007 in
1190 1966 1449 2015 naviculam,
1470 1977 1572 2007 0000
1591 1971 1736 2007 11101115
1755 1978 1840 2005 ma·
1887 1976 1890 2010 ς

1014 2037 1124 2074 gnus
1144 2023 1285 2064 factus
1306 2026 1373 2063 est
1392 2022 1436 2062 in
1455 2021 1578 2062 mari:
1601 2026 1644 2062 et
1664 2021 1841 2062 suscita-

1015 2082 1170 2121 verunt
1185 2092 1284 2120 eum
1298 2077 1501 2129 discipuli
1513 2078 1614 2129 ejus,
1633 2077 1842 2118 dicentes:

1015 2136 1214 2184 Domine,
1234 2134 1356 2175 salva
1373 2146 1465 2182 nos,
1484 2135 1688 2184 perimus.

1068 2194 1119 2244 V.
1147 2195 1364 2236 Dominus
1392 2193 1605 2243 regnavit,
1634 2192 1839 2234 decorem

1014 2251 1164 2293 induit.
1222 2253 1273 2305 Ην.
1306 2249 1454 2291 Induit
1481 2249 1695 2289 Dominus
1723 2248 1839 2289 forti-

1014 2308 1221 2357 tudinem,
1242 2312 1285 2348 et
1303 2305 1533 2358 praecinxit
1551 2317 1598 2345 se
1616 2304 1789 2346 virtute.

1064 2367 1136 2408 Ad
1155 2365 1327 2415 Magnis.
1358 2366 1456 2406 Ant.
1484 2365 1687 2414 Domine,
1711 2365 1734 2391 *
1759 2365 1837 2405 sal-

1014 2437 1068 2464 va
1103 2436 1200 2472 nos,
1232 2425 1440 2475 perimus:
1475 2423 1657 2472 impera,
1695 2425 1739 2462 et
1771 2421 1838 2462 fac

1014 2481 1134 2521 Deus
1153 2477 1522 2530 tranquillitatem.

1066 2532 1116 2584 V.
1131 2539 1353 2589 Dirigatur
1368 2537 1557 2578 Domine
1573 2537 1715 2578 oratio
1730 2549 1838 2577 mea.

1013 2595 1063 2634 R.
1102 2596 1222 2636 Sicut
1257 2594 1481 2634 incensum
1518 2593 1560 2633 in
1599 2593 1835 2644 conspectu

1012 2658 1100 2693 tuo.

1338 2722 1342 2724 ,
1372 2710 1579 2736 ψ,-
