2040 2944
160 184 232 228 [38]

160 279 261 320 Non
286 278 400 319 enim
426 275 659 328 accepistis
684 274 887 327 spiritum
907 286 994 315 ser-

160 335 310 376 vitutis
330 336 487 374 iterum
507 332 550 372 in
570 331 744 380 timore,
773 330 852 372 sed
872 343 992 371 acce-

159 392 285 444 pistis
305 390 508 442 spiritum
525 387 777 440 adoptionis
792 386 992 435 filierum,

159 448 202 487 in
238 459 324 498 quo
358 445 615 486 clamamus:
662 442 793 484 Abba
821 443 993 494 (Pater).

159 504 261 556 Ipse
303 502 417 543 enim
460 501 648 554 Spiritus
694 499 994 541 testimenium

159 559 305 601 reddit
325 558 498 611 spiritui
516 562 681 606 nostro,
705 555 825 608 quod
845 568 994 597 sumus

159 615 236 656 filii
250 615 345 656 Dei.
375 615 420 656 Si
440 619 588 655 autem
607 613 695 662 filii,
716 618 759 654 et
777 611 994 654 haeredes:

158 671 359 713 haeredes
393 670 571 723 quidem
600 670 701 719 Dei,
737 668 994 710 cohaeredes

159 733 306 769 autem
335 727 510 769 Christi:
549 727 586 767 si
608 731 755 767 tamen
784 725 993 778 compati-

158 798 272 834 mur,
310 789 358 826 ut
387 789 430 826 et
459 783 851 834 conglorificemur.
894 782 993 822 Exi-

159 842 289 883 stimo
319 841 434 882 enim
463 839 583 892 quod
611 852 699 880 non
723 844 824 880 sunt
846 837 992 880 condi-

158 911 256 949 gnae
283 898 513 950 passienes
543 896 669 948 hujus
696 895 909 948 temporis
937 894 994 935 ad

158 955 350 995 futuram
374 953 573 1004 gleriam,
605 965 703 1005 quae
726 951 994 993 revelabitur

158 1011 202 1051 in
232 1010 370 1052 nobis.
419 1010 535 1051 Nam
568 1008 843 1062 exspectatio
876 1020 993 1049 crea-

157 1070 270 1108 turae
317 1066 632 1108 revelatienem
678 1065 869 1106 filierum
909 1064 993 1105 Dei

161 1125 399 1176 exspectat.

215 1182 261 1231 R.
294 1179 536 1230 Absterget
564 1179 687 1220 Deus
720 1191 898 1219 omnem
934 1177 993 1218 la-

160 1237 341 1278 crimam
373 1235 428 1277 ab
467 1235 604 1277 oculis
641 1237 914 1276 sanctOrum:
951 1238 994 1275 et

159 1295 245 1345 jam
263 1306 351 1334 non
369 1292 451 1333 erit
470 1292 658 1345 amplius
676 1304 819 1343 neque
838 1291 993 1340 luctus,

159 1362 303 1401 neque
337 1348 512 1398 clamor,
546 1348 626 1390 sed
658 1361 739 1389 nec
770 1347 884 1389 ullus
918 1346 993 1388 do-

160 1406 241 1446 lor:
266 1408 286 1429 *
313 1406 530 1455 Queniam
549 1405 699 1457 priera
718 1404 994 1445 transierunt.

164 1459 211 1510 δ’.
254 1462 357 1503 Non
399 1462 610 1510 esurient,
658 1473 802 1512 neque
848 1460 995 1501 sitient

162 1518 359 1571 amplius,
388 1530 531 1570 neque
564 1517 694 1559 cadet
727 1529 859 1569 super
895 1515 995 1557 illos

162 1574 240 1625 sol,
259 1587 403 1627 neque
423 1574 537 1615 ullus
558 1579 703 1615 aestus.
735 1573 962 1623 Queniam.

220 1629 377 1670 Bencd.
408 1630 664 1681 Ifnigenitus
683 1630 768 1671 Dei
786 1629 933 1670 Filius.

470 1686 621 1727 Lectio
644 1684 682 1723 ii.
966 1734 973 1741 .

235 1744 372 1784 cimus
392 1748 539 1785 autem
556 1743 762 1795 queniam
783 1742 993 1794 diligenti-

254 1799 338 1841 bus
356 1800 501 1841 Deum
526 1800 672 1840 omnia
697 1801 994 1852 cooperantur

160 1858 204 1897 in
228 1856 404 1906 bonum,
433 1857 496 1906 iis,
526 1856 599 1908 qui
628 1855 871 1897 secundum
893 1868 992 1908 pro-

162 1913 355 1965 pesitum
381 1913 527 1954 vocati
556 1917 656 1953 sunt
686 1912 836 1953 sancti.
880 1912 995 1953 Nam

164 1981 274 2021 quos
302 1969 545 2021 praescivit,
587 1974 631 2010 et
663 1968 996 2021 praedestinavit

162 2025 411 2066 conformes
439 2025 536 2066 fieri
563 2025 763 2076 imaginis
791 2025 890 2065 Filii
919 2025 995 2074 sui,

162 2087 209 2123 ut
234 2082 290 2123 sit
315 2082 410 2134 ipse
436 2082 754 2133 primogenitus
780 2082 825 2121 in
848 2080 996 2122 multis

161 2137 380 2179 fratribus.
433 2139 554 2188 Quos
587 2142 733 2179 autem
768 2137 996 2190 praedesti-

162 2194 296 2243 navit,
324 2194 406 2235 hos
432 2198 475 2235 et
499 2194 690 2236 vocavit:
719 2199 763 2235 et
788 2206 899 2246 quos
922 2206 996 2234 vo-

164 2250 295 2299 cavit,
323 2250 405 2291 hos
431 2255 475 2291 et
498 2251 763 2302 justificavit:
794 2263 904 2302 quos
925 2263 995 2290 au-

163 2310 253 2346 tem
271 2306 531 2357 justificavit,
551 2306 649 2348 illos
666 2311 709 2348 et
723 2306 996 2357 glorificavit.

164 2361 280 2411 Quid
318 2375 423 2412 ergo
461 2362 656 2404 dicemus
693 2363 751 2404 ad
786 2361 907 2404 haec?
952 2363 997 2404 Si

164 2418 284 2459 Deus
311 2431 393 2470 pro
420 2419 563 2469 nobis,
593 2420 689 2472 quis
714 2424 868 2461 contra
891 2418 996 2460 nos?

164 2474 249 2523 Qui
281 2474 411 2514 etiam
440 2476 622 2527 preprio
650 2475 761 2517 Filio
797 2488 877 2517 suo
908 2489 996 2517 non

164 2530 383 2582 pepercit,
420 2530 498 2572 sed
526 2544 607 2583 pro
635 2532 764 2573 nobis
795 2532 997 2573 omnibus

163 2585 346 2627 tradidit
360 2586 496 2627 illum:
517 2588 740 2639 quemodo
760 2601 848 2629 non
867 2588 997 2629 etiam

164 2655 264 2683 cum
309 2641 385 2683 illo
428 2643 573 2683 emnia
616 2644 744 2685 nobis
789 2642 996 2685 donavit?

164 2698 270 2748 Quis
311 2698 536 2740 accusabit
579 2699 789 2741 adversus
833 2699 998 2741 electos

648 182 859 215 Commune
886 179 1138 221 plurimorum
1164 177 1384 220 Martyrum.

1045 270 1154 313 Dei?
1192 272 1313 313 Deus
1340 271 1414 323 qui
1437 270 1656 322 iustificat,
1689 270 1785 322 quis
1812 273 1880 310 est

1047 329 1121 380 qui
1156 325 1445 370 condemnet?
1508 326 1706 368 Christus
1740 326 1764 366 J
1768 338 1880 374 esus,

1047 385 1121 437 qui
1150 387 1349 426 mortuus
1384 388 1465 433 est,
1511 383 1600 424 imo
1630 382 1704 434 qui
1740 386 1783 423 et
1815 394 1879 422 re-

1046 441 1250 490 surrexit,
1283 441 1357 493 qui
1377 445 1443 481 est
1463 438 1519 480 ad
1539 438 1767 480 dexteram
1784 437 1880 486 Dei,

1049 498 1122 550 qui
1142 498 1273 538 etiam
1291 495 1542 549 interpellat
1561 507 1643 548 pro
1664 493 1802 536 nobis.

1098 555 1148 605 R».
1172 554 1269 595 Viri
1289 553 1429 594 sancti
1447 551 1690 603 gloriosum
1709 550 1878 601 sangui-

1045 623 1146 652 nem
1173 610 1380 651 fuderunt
1407 622 1490 662 pro
1519 607 1729 656 Domino,
1766 619 1880 648 ama-

1045 670 1202 709 verunt
1225 666 1447 708 Christum
1471 665 1516 706 in
1541 664 1632 705 vita
1658 676 1753 713 sua,
1789 663 1880 703 imi·

1045 724 1125 765 tati
1151 728 1253 764 sunt
1279 736 1379 764 eum
1406 722 1450 762 in
1477 725 1620 762 morte
1649 732 1744 760 sua:
1772 714 1795 737 *
1824 719 1882 760 Et

1045 780 1146 822 ideo
1177 781 1364 840 coronas
1397 776 1687 830 triumphales
1714 777 1880 817 merue-

1046 842 1156 878 runt.
1184 832 1233 879 Y.
1253 836 1376 878 Unus
1397 835 1587 888 spiritus,
1608 837 1651 874 et
1668 846 1754 874 una
1768 831 1880 873 fides

1047 898 1140 935 erat
1158 893 1202 934 in
1223 893 1296 934 eis.
1323 893 1379 933 Et
1398 892 1512 933 ideo.

1099 949 1261 991 Bened.
1291 952 1478 1005 Spiritus
1497 950 1637 992 sancti
1655 949 1807 1001 gratia.

1350 1023 1502 1064 Lectio
1523 1023 1577 1062 iii.

1132 1090 1199 1131 uis
1229 1101 1333 1139 ergo
1362 1100 1444 1129 nos
1471 1085 1695 1139 separabit
1722 1098 1748 1127 a
1776 1085 1881 1126 cari-

1150 1148 1241 1187 tate
1263 1142 1446 1187 Christi?
1472 1142 1709 1192 tribulatio,
1735 1155 1790 1183 an
1809 1155 1880 1183 an-

1045 1203 1204 1254 gustia,
1242 1215 1298 1243 an
1325 1201 1480 1250 fames,
1516 1213 1571 1241 an
1598 1198 1792 1248 nuditas,
1827 1211 1882 1239 an

1044 1259 1304 1313 periculum,
1334 1271 1389 1299 an
1412 1256 1684 1310 persecutio,
1712 1268 1768 1296 an
1793 1253 1882 1306 gla-

1047 1315 1168 1358 dius?
1212 1315 1340 1366 (sicut
1381 1314 1593 1366 scriptum
1634 1316 1717 1353 est:
1771 1311 1883 1361 Quia

1046 1377 1230 1426 propter
1258 1377 1302 1413 te
1326 1370 1646 1412 mortificamur
1671 1372 1766 1409 tota
1793 1366 1880 1408 die:

1047 1428 1251 1471 aestimati
1271 1440 1420 1469 sumus
1441 1426 1553 1467 sicut
1573 1437 1680 1466 oves
1701 1423 1882 1465 occisio-

1046 1486 1138 1536 nis.)
1179 1484 1267 1526 Sed
1298 1484 1342 1524 in
1373 1483 1440 1524 his
1474 1480 1676 1523 emnibus
1704 1481 1882 1532 supera-

1045 1555 1142 1583 mus
1162 1545 1347 1594 propter
1367 1552 1480 1588 eum,
1519 1538 1594 1590 qui
1618 1536 1771 1578 dilexit
1789 1548 1882 1577 nos.
1934 1565 1936 1570 ⁸

1048 1599 1204 1640 Certus
1223 1610 1320 1638 sum
1337 1596 1452 1638 enim
1469 1594 1571 1646 quia
1588 1605 1732 1645 neque
1750 1605 1882 1641 mors,

1048 1667 1191 1707 neque
1220 1654 1326 1703 vita,
1359 1664 1503 1704 neque
1530 1649 1707 1701 Angeli,
1739 1661 1883 1701 neque

1047 1711 1336 1763 principatus,
1351 1721 1495 1761 neque
1509 1707 1721 1756 Virtutes,
1739 1717 1883 1757 neque

1047 1767 1264 1817 instantia,
1287 1778 1431 1818 neque
1451 1765 1607 1812 futura,
1635 1774 1779 1814 neque
1797 1761 1883 1802 for-

1047 1823 1203 1874 titudo,
1231 1835 1374 1875 neque
1394 1820 1592 1869 altitudo,
1620 1831 1764 1871 neque
1783 1830 1883 1871 pro-

1048 1880 1241 1930 fundum,
1274 1891 1417 1931 neque
1446 1879 1648 1919 creatura
1676 1874 1761 1916 alia
1787 1875 1883 1927 pet—

1050 1937 1132 1978 erit
1165 1949 1247 1977 nos
1280 1937 1488 1988 separare
1521 1945 1547 1974 a
1579 1931 1761 1973 caritate
1788 1930 1883 1979 Dei,

1051 2007 1150 2046 quae
1185 1997 1252 2034 est
1283 1992 1328 2033 in
1355 1991 1531 2033 Christo
1559 1989 1583 2030 J
1587 2001 1665 2030 esu
1690 1986 1883 2028 Demino

1049 2055 1214 2091 nostro.

1103 2109 1153 2160 R«.
1173 2107 1471 2150 Tradiderunt
1486 2108 1676 2159 cerpora
1691 2117 1769 2146 sua
1783 2116 1883 2156 pro-

1049 2173 1149 2221 pter
1168 2166 1312 2207 Deum
1337 2163 1393 2205 ad
1418 2162 1649 2216 supplicia:
1668 2164 1691 2188 *
1716 2161 1773 2201 Et
1796 2172 1883 2200 me-

1051 2225 1232 2265 ruerunt
1250 2220 1414 2262 habere
1432 2221 1618 2261 corenas
1635 2218 1883 2270 perpetuas.

1051 2272 1101 2324 3²⁷.
1127 2279 1207 2320 Isti
1235 2282 1336 2318 sunt
1365 2276 1439 2328 qui
1469 2276 1681 2317 venerunt
1709 2285 1764 2314 ex
1795 2285 1882 2313 ma-

1050 2349 1136 2387 gna
1154 2333 1446 2382 tribulatiene,
1463 2336 1507 2373 et
1524 2331 1725 2372 laverunt
1745 2328 1882 2369 stolas

1051 2405 1151 2434 suas
1175 2392 1219 2432 in
1240 2389 1450 2441 sanguine
1470 2387 1595 2438 Agni.
1629 2386 1696 2427 Et.
1732 2384 1885 2426 Gleria

1049 2449 1179 2491 Patri.
1207 2448 1275 2488 Et.

1277 2518 1326 2556 In
1354 2517 1404 2555 ΙΙ.
1432 2516 1655 2555 Nocturno.

1103 2586 1202 2624 Ant.
1230 2584 1361 2626 Dabo
1386 2580 1548 2623 sanctis
1567 2579 1676 2621 meis
1695 2580 1718 2605 *
1737 2579 1884 2621 locum

1050 2643 1320 2685 nominatum
1359 2640 1403 2679 in
1439 2649 1576 2688 regno
1611 2636 1756 2677 Patris
1786 2635 1884 2684 mei,

1051 2699 1157 2741 dicit
1176 2697 1402 2739 Deminus.
