2040 2944
579 149 648 183 Die
676 150 724 183 15.
750 150 852 191 Sept.
901 150 940 182 In
969 149 1115 184 Octava
1139 149 1366 184 Nativitatis
1391 150 1432 184 B.
1457 151 1504 185 M.
1529 151 1572 184 V.

403 246 486 286 Die
506 246 564 285 15.
584 245 867 297 Septembris.

221 312 266 350 In
299 311 463 351 Octava
492 309 791 351 Nativitatis
819 310 872 351 B.
902 310 964 351 M.
990 311 1048 351 V.

550 374 713 417 Duplex.

451 435 499 472 In
527 434 556 473 1.
586 435 807 475 Nocturno.

337 494 401 534 De
432 491 622 534 Canticis
651 492 935 534 canticorum.

296 554 447 594 Lectio
469 556 491 595 i.
756 559 859 610 Cap.
877 559 914 597 8.
932 558 968 599 b.

226 623 244 649 ,ν’
276 619 413 666 ->,3*}uae
438 619 505 656 est
527 614 627 664 ista,
654 627 753 667 quae
774 613 972 656 ascendit
992 612 1048 655 de

251 665 306 706 ³*
330 716 339 729 A,
363 670 553 721 deserto,
579 671 747 712 deliciis
767 671 963 720 affluens,
988 670 1047 710 in-

267 728 301 752 ”—
362 731 463 769 nixa
492 741 624 780 super
658 727 868 769 dilectum
897 725 1046 768 suum?

215 785 304 827 Sub
333 784 491 826 arbore
517 784 633 825 malo
660 784 871 825 suscitavi
895 788 954 825 te:
987 783 1047 824 ibi

216 845 424 894 corrupta
444 846 511 883 est
530 846 671 882 mater
691 846 777 891 tua,
802 840 862 882 ibi
882 839 1048 882 violata

216 904 283 940 est
301 899 489 950 genitrix
508 903 593 940 tua.
619 898 741 939 Pone
758 910 829 938 me
844 902 892 939 ut
907 897 1048 948 signa-

217 955 361 997 culum
381 967 515 1008 super
534 967 611 996 cor
630 959 764 1004 tuum,
783 959 832 996 ut
851 954 1047 1005 signacu-

215 1013 305 1054 lum
341 1025 475 1065 super
506 1011 734 1053 brachium
767 1017 906 1053 tuum:
948 1011 1048 1063 quia

216 1070 342 1111 fortis
376 1073 443 1110 est
475 1074 522 1110 ut
554 1081 675 1109 mors
707 1068 902 1110 dilectio:
939 1066 1047 1109 dura

216 1126 328 1167 sicut
347 1125 540 1168 infernus
560 1125 793 1175 aemulatio,
816 1123 1047 1177 lampades

215 1183 306 1233 ejus
343 1181 572 1234 lampades
608 1182 719 1232 ignis
757 1187 890 1234 atque
928 1181 1047 1222 flam-

215 1241 396 1280 marum.

268 1300 318 1351 Rg.
351 1298 499 1341 Hodie
530 1304 633 1340 nata
661 1304 727 1341 est
750 1299 883 1341 beata
907 1299 1047 1350 Virgo

215 1357 354 1397 Maria
387 1366 441 1398 ex
474 1355 683 1408 progenie
715 1355 874 1397 David:
904 1361 926 1383 *
961 1355 1047 1397 Per

217 1426 348 1465 quam
368 1413 484 1454 salus
503 1412 655 1454 mundi
675 1412 956 1454 credentibus
973 1425 1046 1465 ap-

216 1470 377 1522 paruit,
410 1470 530 1521 cujus
560 1469 648 1511 vita
679 1469 875 1520 gloriosa
903 1469 1047 1510 lucem

217 1526 338 1569 dedit
358 1526 532 1568 saeculo.
568 1523 617 1574 V.
637 1526 926 1568 Nativitatem
945 1525 1045 1567 bea-

215 1589 273 1625 tae
292 1584 443 1624 Mariae
462 1583 656 1633 Virginis
676 1596 775 1624 cum
795 1583 957 1634 gaudio
978 1596 1045 1624 ce-

214 1640 444 1682 lebremus.
471 1639 556 1681 Per
575 1653 716 1693 quam.

524 1709 675 1750 Lectio
697 1711 734 1750 ii.

294 1784 393 1824 quae
418 1771 568 1813 multae
593 1784 682 1813 non
706 1772 947 1824 potuerunt
974 1783 1044 1812 ex-

326 1830 548 1879 stinguere
577 1829 820 1878 caritatem,
856 1840 938 1870 nec
967 1828 1044 1869 flu-

213 1885 329 1925 mina
349 1884 536 1926 obruent
555 1885 687 1926 illam:
713 1885 750 1926 si
773 1884 947 1927 dederit
966 1884 1042 1926 ho-

214 1954 287 1982 mo
333 1954 508 1982 omnem
553 1941 843 1983 substantiam
886 1940 1044 1983 domus

214 2010 305 2038 suae
324 2010 407 2050 pro
428 1997 673 2049 dilectione,
700 1999 826 2051 quasi
846 1997 953 2039 nihil
973 1996 1045 2039 de·
1104 2021 1110 2041 J

215 2055 372 2106 spiciet
400 2066 508 2095 eam.
548 2055 684 2096 Soror
712 2060 865 2097 nostra
891 2067 1044 2107 parva,

215 2115 258 2151 et
277 2110 414 2152 ubera
433 2123 521 2152 non
539 2111 688 2153 habet:
710 2111 815 2163 quid
834 2111 1044 2153 faciemus
1104 2117 1105 2122 ’

215 2167 358 2208 sorori
381 2172 545 2209 nostrae
569 2167 613 2208 in
639 2167 711 2209 die
739 2167 915 2220 quando
941 2167 1044 2209 allo-

216 2222 389 2274 quenda
409 2223 498 2265 est?
526 2224 571 2265 Si
590 2237 740 2266 murus
760 2229 837 2274 est,
857 2224 1044 2266 aedifice-

215 2292 311 2319 mus
337 2292 469 2332 super
495 2293 595 2322 eum
620 2280 955 2334 propugnacula
979 2293 1043 2321 ar-

215 2336 385 2385 gentea:
423 2337 459 2376 si
489 2337 650 2378 ostium
679 2342 762 2387 est,
795 2337 1044 2390 compinga-

215 2404 312 2432 mus
329 2391 437 2433 illud
455 2393 618 2435 tabulis
638 2393 839 2435 cedrinis.

270 2449 320 2500 Rv-
357 2452 630 2495 Beatissimae
662 2454 856 2505 Virginis
892 2454 1044 2496 Mariae

215 2508 504 2550 Nativitatem
537 2509 821 2552 devotissime
855 2510 1044 2553 celebre-

215 2578 326 2606 mus:
346 2564 368 2588 *
394 2565 453 2606 Ut
479 2566 576 2618 ipsa
598 2580 680 2619 pro
707 2567 834 2608 nobis
861 2567 1045 2608 interce—

216 2620 292 2663 dat
311 2620 368 2663 ad
386 2621 625 2663 Dominum
641 2623 665 2663 J
669 2635 791 2664 esum
811 2622 1046 2664 Christum.

218 2669 266 2720 V-
309 2677 419 2719 Cum
455 2678 725 2729 jucunditate
759 2679 1047 2721 Nativitatem

1101 244 1247 287 beatae
1266 245 1418 287 Mariae
1432 245 1630 297 Virginis
1650 245 1935 288 devotissime

1102 301 1386 344 celebremus.
1414 303 1483 345 Ut.

1408 370 1561 411 Lectio
1581 370 1636 410 iii.

1186 441 1244 480 go
1272 441 1436 470 murus:
1470 433 1514 470 et
1540 427 1678 470 ubera
1701 441 1799 471 mea
1824 429 1936 471 sicut

1192 485 1337 535 turris,
1359 497 1413 527 ex
1433 497 1522 537 quo
1541 486 1657 527 facta
1673 499 1770 527 sum
1786 498 1935 528 coram

1102 555 1156 584 eo
1185 542 1310 594 quasi
1335 554 1493 595 pacem
1518 542 1756 594 reperiens.
1793 542 1935 584 Vinea

1100 599 1182 640 fuit
1200 599 1387 652 pacifico
1414 599 1457 639 in
1478 611 1545 648 ea,
1575 611 1675 651 quae
1699 598 1834 640 habet
1858 601 1935 652 po·

1099 655 1245 709 pulos:
1264 655 1447 697 tradidit
1467 668 1564 697 eam
1579 654 1850 706 custodibus,
1868 656 1935 697 vir

1101 712 1228 755 affert
1252 725 1334 765 pro
1361 712 1504 754 fructu
1530 713 1622 765 ejus
1645 712 1764 754 mille
1784 714 1934 764 argen-

1100 774 1209 811 teos
1267 769 1411 811 Vinea
1443 782 1542 811 mea
1574 781 1724 811 coram
1754 781 1825 811 me
1857 774 1935 812 est.

1100 826 1220 868 Mille
1252 826 1316 868 tui
1347 826 1541 879 pacifici,
1574 831 1618 868 et
1647 825 1825 868 ducenti
1852 826 1934 877 his,

1102 884 1177 935 qui
1204 883 1459 925 custodiunt
1481 883 1651 925 fructus
1678 884 1780 934 ejus.
1825 884 1934 934 Quae

1100 939 1273 982 habitas
1290 940 1334 981 in
1353 939 1505 990 hortis,
1523 939 1653 982 amici
1671 939 1934 982 auscultant:

1101 997 1170 1038 fac
1194 1009 1265 1038 me
1289 995 1440 1038 audire
1463 1009 1620 1039 vocem
1643 1001 1776 1038 tuam.
1812 997 1934 1049 Fuge

1102 1053 1263 1095 dilecte
1295 1054 1372 1104 mi,
1405 1058 1449 1095 et
1482 1053 1724 1095 assimilare
1758 1055 1933 1107 capreae

1101 1110 1371 1163 hinnuloque
1398 1112 1631 1152 cervorum
1656 1123 1791 1163 super
1812 1123 1934 1152 mon—

1101 1172 1169 1210 tes
1189 1169 1448 1209 aromatum

1156 1227 1204 1267 R.
1232 1225 1452 1266 Gloriosae
1472 1224 1666 1276 Virginis
1691 1224 1843 1266 Mariae
1866 1237 1931 1266 or-

1100 1269 1194 1322 tum
1214 1281 1519 1333 dignissimum
1538 1281 1799 1332 recolamus,
1814 1284 1837 1308 ¹⁸¹
1854 1281 1934 1323 Cu-

1099 1339 1164 1390 jus
1180 1338 1398 1380 Dominus
1418 1337 1711 1380 humilitatem
1729 1338 1934 1391 respexit,

1101 1408 1200 1447 quae
1242 1395 1413 1447 Angelo
1456 1395 1684 1437 nuntiante
1727 1395 1935 1448 concepit

1099 1452 1374 1494 Salvatorem
1391 1450 1554 1494 mundi.
1582 1445 1633 1497 V.
1656 1452 1933 1494 Beatissimae

1100 1509 1293 1560 Virginis
1313 1509 1466 1550 Mariae
1485 1508 1775 1551 Nativitatem
1800 1507 1932 1551 devo-

1099 1566 1268 1608 tissime
1289 1564 1575 1607 celebremus.
1608 1565 1751 1617 Cujus.
1780 1565 1934 1607 Gloria

1099 1622 1230 1664 Patri.
1260 1623 1404 1675 Cujus.

1335 1699 1384 1738 In
1402 1698 1453 1737 II.
1473 1698 1696 1739 Nocturno.

1159 1761 1312 1805 Sermo
1333 1762 1474 1804 sancti
1493 1762 1644 1816 Cyrilli
1661 1762 1874 1816 Episcopi

1365 1819 1667 1862 Alexandrini.

1227 1879 1399 1914 Homilia
1417 1884 1552 1915 contra
1567 1878 1805 1914 Nestorium.

1404 1935 1556 1976 Lectio
1575 1935 1629 1976 iv.

1227 1999 1386 2041 ilarem
1410 1998 1542 2041 video
1566 2003 1731 2040 coetum
1749 1998 1930 2040 Sancto-

1104 2066 1105 2098 }
1142 2104 1185 2123 ἔ
1251 2069 1349 2097 rum
1376 2055 1585 2106 omnium,
1615 2055 1691 2108 qui
1718 2057 1929 2097 convene-

1152 2118 1183 2136 2'
1252 2118 1353 2154 runt
1370 2113 1591 2165 promptis
1609 2112 1775 2162 animis,
1795 2124 1820 2153 a
1835 2124 1930 2153 san-

1100 2174 1170 2212 cta
1208 2175 1252 2212 et
1288 2169 1373 2211 Dei
1405 2169 1547 2211 Matre
1579 2169 1718 2211 Maria
1754 2181 1932 2222 semper

1099 2226 1283 2278 Virgine
1307 2226 1551 2268 convocati.
1583 2225 1701 2267 Laus
1725 2230 1769 2268 et
1791 2225 1933 2277 gloria

1099 2284 1155 2326 sit
1172 2283 1253 2326 tibi
1271 2288 1423 2325 sancta
1437 2283 1641 2332 Trinitas,
1661 2294 1760 2334 quae
1777 2294 1931 2324 omnes

1099 2353 1182 2382 nos
1209 2339 1267 2382 ad
1294 2339 1408 2381 hanc
1436 2338 1742 2382 celebritatem
1770 2351 1931 2380 convo-

1099 2397 1220 2439 casti.
1248 2396 1312 2438 Sit
1332 2396 1464 2438 etiam
1478 2395 1560 2438 tibi
1575 2400 1727 2437 sancta
1743 2395 1827 2436 Dei
1842 2394 1931 2436 Ma-

1098 2459 1166 2496 ter
1180 2453 1288 2496 laus.
1317 2453 1386 2494 Tu
1405 2452 1521 2494 enim
1539 2464 1587 2493 es
1605 2452 1802 2504 pretiosa
1821 2464 1930 2492 mar-

1098 2512 1240 2562 garita
1267 2509 1388 2551 orbis
1417 2510 1647 2550 terrarum:
1686 2513 1735 2550 tu
1761 2508 1931 2561 lampas

1098 2565 1479 2617 inexstinguibilis,
1512 2566 1679 2606 corona
1710 2564 1930 2616 virginita-

1099 2624 1167 2673 tis,
1183 2627 1406 2675 sceptrum
1421 2620 1684 2663 orthodoxae
1699 2621 1815 2671 fidei,
1831 2626 1932 2663 tem-

1099 2680 1223 2733 plum
1242 2677 1562 2728 indissolubile,
1582 2678 1811 2720 continens
1831 2690 1931 2719 eum
