2040 2944
819 187 981 220 Litaniae
1005 186 1242 220 Sanctorum.

176 284 308 380 Pager
328 282 383 324 de
403 284 528 325 coelis
545 284 682 333 Deus,
705 284 914 325 miserere
931 297 1005 337 no-

259 352 308 380 1s.

177 394 260 435 Fili
285 394 560 446 Redemptor
583 394 735 436 mundi
764 396 903 445 Deus,
931 396 1006 436 mi-

228 452 374 492 serere
393 450 532 492 nobis.

176 506 364 558 Spiritus
384 510 534 547 sancte
552 506 684 555 Deus,
704 507 912 547 miserere
931 519 1005 547 no-

227 561 307 603 bis.

176 618 337 659 Sancta
362 617 555 659 Trinitas
579 631 690 659 unus
714 618 854 668 Deus,
882 619 1005 659 mise-

227 675 324 715 rere
343 672 482 714 nobis.

177 729 336 770 Sancta
355 729 503 778 Maria,
523 742 602 771 ora
620 743 703 782 pro
723 729 862 771 nobis.

176 785 337 826 Sancta
354 785 438 826 Dei
460 785 672 835 Genitrix‚

175 840 336 882 Sancta
353 840 492 891 Virgo
512 842 738 892 virginum,

175 896 335 937 Sancte
353 895 552 947 Michael,

175 951 333 992 Sancte
353 951 545 1001 Gabriel,
916 966 1005 994 ora.

174 1007 333 1048 Sancte
352 1006 564 1059 Raphael,
916 1021 1004 1049 ora.

177 1062 340 1104 Omnes
373 1064 512 1104 sancti
544 1064 703 1115 Angeli
738 1070 781 1106 et
810 1064 1004 1106 Archan-

225 1122 321 1172 geli,
342 1125 467 1163 orate
486 1133 569 1174 pro
589 1120 728 1162 nobis.

175 1177 338 1219 Omnes
363 1177 502 1219 sancti
520 1177 752 1218 beaterum
772 1176 1005 1228 spirituum

226 1234 413 1284 ordines,
869 1235 1003 1273 orate.

173 1289 331 1331 Sancte
349 1290 373 1330 J
377 1292 543 1331 oannes
561 1289 776 1342 Baptista,
914 1301 1003 1329 ora.

172 1345 332 1387 Sancte
350 1345 375 1386 J
377 1345 528 1398 oseph,
801 1390 804 1392 ,
915 1356 1003 1385 ora.

173 1400 337 1442 Omnes
365 1401 505 1442 sancti
530 1400 800 1442 Patriarchae
830 1405 873 1441 et
897 1401 1002 1441 Pro-

222 1456 381 1509 phetae,
868 1458 1002 1497 orate.

172 1513 331 1554 Sancte
347 1513 488 1561 Petre‚

172 1568 331 1610 Sancte
349 1567 496 1617 Paule,

171 1624 331 1666 Sancte
349 1623 539 1673 Andrea,

171 1680 330 1721 Sancte
349 1680 374 1720 J
376 1679 526 1730 acobe,

171 1735 330 1777 Sancte
348 1735 373 1776 J
375 1737 551 1785 oannes

171 1791 329 1832 Sancte
347 1790 530 1840 Thoma,

171 1846 330 1888 Sancte
349 1847 373 1887 J
375 1846 525 1894 acobe‚

170 1902 328 1944 Sancte
346 1902 560 1955 Philippe,

171 1958 328 2000 Sancte
346 1958 682 2008 Bartholomaee,

171 2014 330 2055 Sancte
348 2013 568 2064 Matthaee,

171 2069 330 2110 Sancte
346 2069 508 2119 Simon,

170 2124 328 2166 Sancte
347 2125 585 2174 Thaddaee,

170 2181 329 2222 Sancte
347 2180 525 2230 Mathia,

170 2236 329 2278 Sancte
348 2236 566 2286 Barnaba,

171 2292 328 2334 Sancte
348 2293 479 2341 Luca,
912 2306 999 2334 ora.

170 2347 329 2389 Sancte
348 2349 506 2396 Marce,
912 2362 999 2390 ora.

171 2403 334 2444 Omnes
354 2404 494 2445 sancti
512 2405 721 2456 Apestoli
742 2410 786 2447 et
803 2405 998 2456 Evange-

222 2459 346 2509 listae,
366 2462 490 2501 orate
509 2473 592 2512 pro
612 2460 749 2502 nobis.

172 2514 334 2555 Omnes
375 2516 514 2557 sancti
554 2516 770 2569 Discipuli
810 2516 999 2565 Domini,

224 2572 347 2612 orate
366 2584 449 2623 pro
468 2571 608 2613 nobis.

171 2625 333 2667 Omnes
352 2627 492 2668 sancti
511 2628 786 2676 Innocentes,

169 2681 327 2722 Sancte
345 2682 577 2734 Stephane,

917 799 1004 827 ΟῙῊ.

918 854 1005 882 Ora.

916 910 1004 938 Ora.

914 1524 1002 1552 Ora.

914 1580 1002 1608 Ol'a.

913 1636 1002 1664 Ol‘a.

914 1691 1001 1720 Ol‘a.

913 1747 1001 1775 Ora.

913 1803 1001 1832 Ol'a.

912 1859 1000 1888 Ol‘a.

912 1915 1000 1944 Ora.

912 1971 1000 2000 Ora.

911 2027 1000 2056 Ora.

912 2083 1000 2111 Ora.

912 2138 1000 2167 01⁸3.

912 2194 999 2222 Ora.

912 2250 999 2279 Ol‘fl.

863 2629 998 2668 orate.

908 2694 996 2723 ora.

1058 285 1217 326 Sancte
1235 286 1453 336 Laurenti,
1474 299 1552 327 ora
1569 299 1651 338 pro
1670 286 1809 327 nobis.

1058 341 1216 382 Sancte
1235 342 1449 391 Vincenti,
1798 356 1885 384 ora.

1058 396 1207 437 Sancti
1222 397 1416 438 Fabiane
1437 403 1480 439 et
1496 398 1766 449 Sebastiane,
1792 401 1885 439 ora-

1109 457 1154 493 te
1172 465 1255 504 pro
1276 453 1414 494 nobis.

1058 508 1206 549 Sancti
1225 509 1248 548 J
1251 511 1414 550 oannes
1434 515 1478 550 et
1495 509 1640 559 Paule,

1059 564 1206 605 Sancti
1226 565 1385 605 Cosma
1405 570 1448 606 et
1466 565 1689 614 Damiane,

1058 619 1204 661 Sancti
1225 620 1411 661 Gervasi
1431 625 1474 661 et
1492 621 1674 670 Protasi,

1059 675 1221 717 Omnes
1241 676 1379 717 sancti
1398 676 1623 728 Martyres,

1058 731 1215 772 Sancte
1235 731 1454 780 Silvester,

1057 788 1215 829 Sancte
1237 788 1435 838 Gregori,

1057 843 1216 884 Sancte
1236 843 1454 893 Ambrosi,

1056 899 1216 941 Sancte
1235 900 1490 950 Augustine,

1057 955 1215 997 Sancte
1234 956 1514 1008 Hieronyme,

1057 1011 1214 1052 Sancte
1232 1011 1430 1061 Martine,
1798 1025 1885 1053 ora.

1056 1067 1214 1107 Sancte
1233 1067 1428 1116 Nicolae,
1797 1080 1885 1108 ora.

1058 1122 1221 1164 Omnes
1258 1123 1396 1164 sancti
1425 1122 1663 1163 Pontifices
1700 1128 1742 1164 et
1775 1123 1884 1163 Con-

1749 1181 1884 1220 orate.

1750 1237 1884 1276 orate.

1796 1303 1884 1331 ora.

1795 1359 1883 1387 ora.

1796 1414 1884 1442 ora.

1751 512 1885 551 orate.

1749 568 1885 607 orate.

1751 623 1885 662 orate.

1751 679 1885 718 orate.

1797 745 1885 774 ora.

1798 801 1885 829 ora.

1796 857 1885 884 ora.

1796 913 1884 940 ora.

1799 968 1886 997 ora.

1108 1178 1310 1227 sessores,

1057 1234 1219 1275 Omnes
1240 1235 1379 1275 sancti
1398 1235 1630 1283 Doctores,

1055 1290 1213 1331 Sancte
1233 1290 1408 1338 Anteni,

1055 1346 1213 1387 Sancte
1234 1345 1484 1395 Benedicte,

1055 1401 1215 1442 Sancte
1234 1401 1470 1450 Bernarde,

1055 1457 1213 1498 Sancte
1232 1457 1473 1506 Dominice,
1796 1469 1883 1498 ora.

1054 1512 1213 1554 Sancte
1232 1513 1476 1563 Francisce,
1795 1525 1883 1554 ora.

1055 1568 1218 1609 Omnes
1244 1569 1383 1609 sancti
1405 1568 1668 1610 Sacerdotes
1693 1574 1735 1610 et
1758 1568 1881 1610 Levi-

1105 1629 1175 1672 tae,
1197 1626 1321 1664 orate
1340 1637 1423 1676 pro
1442 1624 1582 1665 nobis.

1055 1679 1217 1720 Omnes
1234 1680 1374 1720 sancti
1387 1679 1591 1720 Monachi
1607 1684 1650 1720 et
1665 1680 1881 1727 Eremstae,

1747 1738 1881 1776 orate.

1792 1804 1879 1832 ora.

1793 1859 1879 1887 ora.

1791 1915 1878 1943 ora.

1791 1971 1879 1999 ora.

1788 2025 1877 2054 ora.

1053 1790 1213 1831 Sancta
1231 1790 1370 1831 Maria
1388 1790 1656 1841 Magdalena,

1053 1846 1210 1886 Sancta
1229 1846 1413 1896 Agatha,

1052 1901 1211 1942 Sancta
1230 1902 1375 1951 Lucia,

1052 1957 1211 1998 Sancta
1229 1957 1390 2007 Agnes,

1052 2013 1211 2054 Sancta
1232 2013 1417 2062 Caecssia,

1052 2069 1211 2110 Sancta
1230 2068 1474 2118 Catharina,
1791 2081 1878 2110 ora.

1054 2125 1212 2165 Sancta
1230 2125 1474 2174 Anastasia,
1791 2137 1878 2165 ora.

1054 2180 1216 2221 Omnes
1240 2185 1403 2221 sanctae
1422 2180 1626 2231 Virgines
1646 2185 1689 2222 et
1707 2179 1878 2228 Viduae,

1744 2238 1878 2277 orate.

1053 2293 1215 2333 Omnes
1230 2292 1377 2333 Sancti
1393 2296 1436 2333 et
1451 2292 1623 2333 Sanctae
1637 2292 1731 2341 Dei,
1748 2291 1876 2333 inter-

1104 2347 1246 2389 cedite
1265 2360 1347 2399 pro
1366 2347 1505 2388 nobis.

1050 2404 1273 2456 Propitius
1307 2409 1419 2453 esto,
1459 2416 1592 2456 parce
1629 2403 1756 2444 nobis
1789 2403 1876 2444 Do-

1102 2472 1228 2508 mme,

1050 2514 1272 2566 Propitius
1288 2519 1394 2563 esto,
1410 2514 1568 2556 exaudi
1582 2527 1664 2555 nos
1678 2515 1875 2555 Domine.

1011 2585 1014 2589 ·
1051 2570 1121 2611 Ab
1142 2570 1259 2610 omni
1278 2570 1405 2619 malo,
1424 2570 1563 2611 libera
1581 2583 1662 2611 nos
1677 2570 1873 2611 Demine.

1727 2625 1874 2665 libera.

1726 2680 1874 2721 libera.

1050 2626 1120 2667 Ab
1142 2626 1258 2667 omni
1276 2628 1471 2677 peccato,

1049 2681 1120 2723 Ab
1139 2682 1203 2721 ira
1221 2686 1306 2731 tua,
