2040 2944
715 199 924 232 Commune
952 198 1063 232 unius
1088 199 1277 241 Martyris.

194 296 361 338 Servite
387 295 579 337 Domino
604 295 648 335 in
673 295 846 336 timore:
873 294 896 319 *
925 299 968 335 et

145 352 358 395 exsultate
379 353 419 394 ei
438 365 537 393 cum
555 354 757 393 tremore.

195 408 528 461 Apprehendite
575 407 862 460 disciplinam,
897 419 968 447 ne-

145 465 320 518 quando
358 466 571 506 irascatur
603 464 836 513 Dominus,
868 463 891 488 *
926 467 969 504 et

143 522 333 575 pereatis
353 521 408 563 de
427 521 498 562 via
517 522 637 572 justa.

196 578 305 619 Cum
331 578 543 619 exarserit
567 577 611 617 in
635 576 758 618 brevi
782 576 847 616 ira
867 576 968 627 ejus,

143 635 166 660 *
190 634 309 676 beati
328 647 480 676 omnes
501 634 575 685 qui
595 631 822 674 confidunt
840 632 884 672 in
904 644 968 673 eo.

124 686 126 690 ’
200 693 297 731 Ant.
327 690 572 732 praedicans
591 691 863 742 praeceptum
881 688 967 729 Do-

143 748 258 797 mini,
279 747 539 789 constitutus
561 750 627 788 est
645 746 688 786 in
706 749 855 786 monte
875 757 967 785 san-

146 809 216 845 cto
237 805 337 856 ejus.

199 862 297 900 Ant.
332 861 447 901 Voce
474 872 573 901 mea
599 860 623 884 *
650 858 706 900 ad
732 858 969 899 Dominum
1029 870 1037 913 s

145 916 342 957 clamavi:
363 921 406 958 et
421 915 642 957 exaudivit
660 928 730 957 me
746 914 801 956 de
820 919 968 955 monte
1027 933 1042 937 0
1060 930 1062 933 ·
1093 927 1108 932 ”
1145 939 1157 941 <

145 978 296 1014 sancto
316 986 406 1014 suo.

432 1027 629 1081 Psalmus
658 1029 692 1066 3.

149 1077 382 1183 Domine
418 1084 523 1137 quid
558 1083 836 1136 multiplicati
870 1088 970 1124 sunt

250 1143 324 1195 qui
351 1141 560 1184 tribulant
586 1140 677 1182 me?
706 1141 729 1166 *
757 1140 882 1181 multi
909 1140 970 1180 in-

146 1203 329 1251 surgunt
348 1198 581 1240 adversum
599 1210 680 1238 me.

196 1256 323 1297 Multi
338 1255 490 1297 dicunt
510 1255 666 1296 animae
681 1266 807 1295 meae:
826 1253 849 1278 *
868 1253 970 1294 Non

146 1318 213 1355 est
231 1312 348 1354 salus
366 1312 452 1365 ipsi
470 1312 514 1352 in
534 1311 630 1352 Deo
651 1311 752 1362 ejus,

196 1370 265 1411 Tu
309 1373 454 1410 autem
500 1367 688 1408 Domine
740 1367 970 1418 susceptor

145 1439 268 1468 meus
290 1438 347 1475 eS,
366 1426 389 1450 *
408 1424 549 1475 gloria
572 1436 680 1474 mea,
704 1428 748 1465 et
773 1423 970 1464 exaltans

146 1487 278 1536 caput
296 1494 452 1523 meum.

197 1539 321 1580 Voce
336 1551 434 1579 mea
448 1537 505 1579 ad
519 1537 757 1578 Dominum
773 1536 970 1577 clamavi:

145 1596 168 1620 *
198 1600 242 1637 et
269 1593 491 1636 exaudivit
517 1606 587 1635 me
616 1593 671 1635 de
698 1597 847 1634 monte
876 1605 970 1632 san-

147 1656 219 1692 cto
248 1664 338 1692 suo.

199 1708 292 1758 Ego
313 1706 516 1756 dormivi,
543 1711 586 1748 et
605 1708 839 1758 soporatus
859 1718 970 1746 sum:

146 1765 169 1789 *
194 1768 237 1805 et
261 1763 500 1813 exsurrexi,
525 1763 627 1814 quia
645 1762 860 1802 Dominus
880 1774 970 1802 sus—

147 1820 264 1872 cepit
283 1831 364 1860 me.

197 1876 299 1917 Non
335 1874 500 1917 timebo
536 1873 671 1915 millia
706 1874 859 1926 populi
891 1874 968 1915 cir-

147 1932 393 1974 cumdantis
417 1944 502 1972 me:
521 1931 543 1956 *
565 1934 750 1981 exsurge
771 1931 970 1980 Domine,

149 1989 317 2031 salvum
335 2001 405 2029 me
425 1988 494 2028 fac
514 1988 634 2028 Deus
652 1999 787 2028 meus.

199 2045 415 2096 Quoniam
450 2049 499 2085 tu
529 2043 785 2096 percussisti
817 2056 969 2085 omnes

147 2101 430 2144 adversantes
445 2099 550 2140 mihi
566 2100 658 2141 sine
674 2100 852 2141 causa:*
869 2099 970 2141 den-

145 2163 212 2200 tes
230 2159 515 2211 peccatorum
534 2156 789 2197 contrivisti.

198 2215 377 2256 Domini
397 2218 463 2255 est
483 2212 614 2254 salus:
633 2213 656 2238 *
681 2217 725 2254 et
743 2226 875 2265 super
893 2215 969 2265 po-

145 2271 296 2323 pulum
315 2276 439 2312 tuum
458 2268 708 2310 benedictio
728 2274 813 2310 tua.

201 2326 297 2366 Ant.
344 2328 464 2368 Voce
504 2338 602 2366 mea
643 2325 699 2366 ad
735 2325 971 2366 Dominum

147 2382 346 2423 clamavi:
366 2388 408 2424 et
424 2381 645 2424 exaudivit
664 2394 734 2422 me
750 2381 805 2422 de
823 2386 970 2423 monte

147 2443 298 2480 sancto
318 2453 408 2481 suo.

201 2488 250 2538 V·
289 2495 440 2536 Gloria
471 2499 514 2536 et
548 2493 716 2535 honore
749 2494 971 2534 coronasti

148 2563 247 2591 eum
281 2551 480 2592 Domine.
533 2551 579 2601 1³2.
614 2551 670 2591 Et
707 2550 971 2591 constituisti

148 2619 247 2647 eum
266 2619 396 2659 super
413 2609 548 2660 opera
562 2609 769 2647 manuum
787 2607 972 2647 tuarum.

206 2660 329 2704 Pater
349 2668 508 2705 noster.

203 2716 442 2758 Absolutio.
472 2718 645 2760 Exaudi
663 2719 862 2759 Domine.

1077 290 1127 337 V·
1151 294 1263 336 Jube
1284 295 1454 336 domne.

1079 348 1237 389 Bened.
1268 351 1579 393 Benedictione
1600 354 1824 404 perpetua.

1077 414 1279 448 Lectiones
1306 423 1509 458 sequentes
1536 416 1561 449 l.
1588 417 1696 451 Noct.
1724 418 1851 459 legun-

1026 467 1086 495 tur
1106 462 1141 495 in
1161 462 1275 496 'Festo
1297 463 1474 506 Martyris
1497 471 1531 497 ct
1550 464 1757 499 Pontifici&

1079 514 1118 547 ln
1151 514 1265 548 Festo
1298 523 1421 549 autem
1453 516 1605 559 Mai-tyr.
1636 528 1710 550 non
1744 518 1850 551 l'ont.

1026 563 1203 604 leguntur
1228 575 1313 606 quae
1344 564 1501 597 inferius
1533 565 1671 607 positae
1700 573 1785 599 sunt
1814 566 1849 600 in

1027 611 1226 645 Communi
1255 612 1403 655 plurim.
1430 612 1535 646 Mart.
1559 611 1627 655 [37]

1130 678 1194 716 De
1214 674 1398 716 Actibus
1418 676 1746 728 Apostolorum.

1156 742 1306 782 Lectio
1328 741 1350 781 i.
1485 742 1667 792 Capffl).
1681 741 1718 781 d.

1033 844 1042 851 ,.
1106 806 1109 808 ’
1202 801 1353 842 Mileto
1387 801 1547 842 Paulus
1583 803 1760 843 mittens
1796 803 1848 843 E-

1105 860 1109 866 “
1155 858 1157 866 ‘
1203 857 1406 910 phesum,
1449 859 1623 900 vocavit
1664 860 1849 911 majores

1203 919 1307 956 natu
1347 914 1567 955 Ecclesiae.
1627 916 1711 965 Qui
1752 929 1850 956 cum

1022 973 1244 1012 venissent
1263 970 1319 1011 ad
1339 983 1452 1020 eum,
1482 976 1524 1012 et
1548 971 1675 1012 simul
1695 977 1850 1021 essent,

1024 1027 1132 1068 dixit
1162 1028 1237 1068 eis:
1274 1028 1369 1069 Vos
1398 1028 1517 1068 scitis
1546 1041 1571 1068 a
1599 1029 1739 1080 prima
1769 1028 1850 1078 die,

1024 1097 1109 1135 qua
1132 1084 1352 1134 ingressus
1377 1097 1472 1124 sum
1489 1085 1531 1124 in
1551 1084 1719 1135 Asiam,
1749 1087 1851 1137 qua-

1023 1140 1120 1181 liter
1148 1140 1375 1181 vobiscum
1408 1154 1487 1193 per
1520 1154 1648 1182 omne
1677 1147 1851 1194 tempus

1023 1197 1193 1246 fuerim,
1232 1197 1424 1238 serviens
1451 1197 1642 1238 Domino
1676 1211 1775 1239 cum
1808 1211 1850 1239 o-

1023 1253 1110 1293 mni
1132 1253 1384 1302 humilitate,
1405 1258 1447 1294 et
1466 1253 1668 1303 lacrimis,
1697 1260 1740 1295 et
1761 1259 1850 1296 ten-

1023 1309 1281 1359 tationibus,
1324 1323 1422 1361 quae
1459 1310 1565 1351 mihi
1600 1311 1851 1352 acciderunt
1899 1358 1901 1362 f

1024 1379 1077 1407 ex
1112 1366 1279 1407 insidiis
1311 1366 1584 1408 Judaeorum:
1627 1367 1849 1419 quemodo

1023 1422 1128 1463 nihil
1149 1422 1440 1464 subtraxerim
1459 1423 1639 1474 utilium,
1670 1437 1756 1476 quo
1775 1425 1850 1464 mi-

1022 1492 1104 1520 nus
1119 1480 1421 1521 annuntiarem
1435 1480 1570 1530 vobis,
1587 1485 1630 1522 et
1645 1480 1851 1522 docerem

1023 1548 1103 1576 vos
1128 1536 1314 1588 publice,
1344 1541 1387 1577 et
1405 1549 1484 1589 per
1504 1536 1672 1586 domos,
1700 1537 1850 1578 testifi-

1024 1605 1127 1632 cans
1155 1592 1335 1642 Juda'eis,
1372 1598 1503 1645 atque
1533 1593 1779 1635 Gentilibus
1807 1594 1850 1634 in

1023 1649 1165 1690 Deum
1203 1649 1524 1701 poenitentiam‚
1567 1655 1610 1691 et
1642 1649 1775 1691 fidem
1807 1651 1850 1690 in

1023 1706 1259 1746 Dominum
1300 1711 1500 1746 nostrum
1541 1707 1565 1746 J
1569 1719 1691 1747 esum
1732 1706 1850 1747 Chri-

1024 1767 1149 1804 stum.
1193 1762 1249 1803 Et
1274 1775 1387 1803 nunc
1412 1775 1514 1803 ecce
1541 1762 1741 1813 alligatus
1768 1775 1849 1813 ego

1024 1819 1190 1870 spiritu,
1210 1817 1323 1859 vado
1346 1818 1389 1858 in
1407 1818 1662 1860 Jerusalem:
1689 1832 1787 1871 quae
1807 1819 1849 1859 in

1024 1887 1075 1916 ea
1090 1878 1271 1916 ventura
1291 1875 1376 1915 sint
1395 1874 1509 1924 mihi,
1527 1876 1750 1925 ignorans:
1770 1876 1850 1916 nisi

1026 1930 1144 1983 quod
1170 1931 1355 1983 Spiritus
1383 1937 1560 1973 sanctus
1592 1945 1671 1984 per
1699 1945 1850 1973 omnes

1023 1988 1222 2029 civitates
1247 1987 1351 2028 mihi
1370 1990 1657 2040 protestatur,
1687 1988 1850 2030 dicens:

1024 2044 1230 2096 quoniam
1263 2044 1434 2085 vincula
1469 2050 1512 2086 et
1546 2044 1850 2086 tribulationes

1022 2101 1046 2141 J
1050 2100 1308 2152 erosolymis
1327 2113 1397 2142 me
1416 2106 1604 2142 manent.
1640 2100 1727 2142 Sed
1745 2100 1849 2141 nihil

1022 2157 1179 2198 horum
1203 2158 1373 2198 vereor:
1412 2170 1492 2198 nec
1520 2157 1633 2198 facio
1662 2157 1849 2198 animam

1022 2226 1165 2254 meam
1179 2213 1486 2265 pretiosiorem
1499 2226 1630 2265 quam
1644 2226 1725 2262 me,
1737 2212 1851 2254 dum-

1022 2269 1155 2310 modo
1176 2273 1475 2310 consummem
1496 2282 1671 2310 cursum
1693 2282 1850 2319 meum,

1024 2330 1067 2366 et
1085 2325 1372 2366 ministerium
1392 2325 1528 2374 verbi,
1557 2325 1677 2377 quod
1700 2326 1849 2378 accepi

1023 2394 1048 2422 a
1062 2381 1253 2422 Domino
1270 2381 1294 2421 J
1297 2394 1384 2430 esu,
1411 2381 1637 2423 testificari
1656 2382 1850 2433 Evange-

1023 2437 1128 2478 lium
1146 2438 1299 2488 gratiae
1319 2438 1412 2479 Dei.

1081 2495 1128 2545 R:-
1152 2495 1242 2535 Iste
1262 2498 1438 2535 sanctus
1461 2507 1544 2546 pro
1563 2494 1660 2545 lege
1678 2495 1763 2536 Dei
1783 2494 1849 2535 sui

1024 2550 1208 2591 certavit
1240 2562 1380 2601 usque
1413 2549 1469 2591 ad
1499 2556 1706 2600 mortem,
1749 2555 1792 2592 et
1824 2563 1849 2590 a

1024 2606 1170 2648 verbis
1212 2606 1447 2658 impiorum
1491 2619 1579 2648 non
1619 2607 1781 2648 timuit:
1828 2609 1849 2632 *

1024 2662 1250 2704 Fundatus
1275 2662 1389 2703 enim
1410 2668 1503 2704 erat
1528 2676 1661 2715 supra
1679 2663 1848 2703 firmam

1023 2723 1206 2771 petram.
1231 2715 1277 2765 Y.
1291 2719 1382 2761 Iste
1403 2723 1469 2760 est
1490 2720 1564 2771 qui
1584 2717 1848 2771 contempsit
