2040 2944
171 164 271 209 [150]

511 259 673 298 Oratio.

178 314 410 420 Protege
429 323 617 364 Domine
631 323 846 376 populum
863 329 997 373 tuum,

274 385 317 422 et
341 379 658 432 Apostolorum
684 382 859 422 tuorum
879 381 998 422 Petri

171 442 214 478 et
234 436 374 486 Pauli,
404 442 447 478 et
472 436 656 478 aliorum
679 437 998 490 Apostolorum

170 493 414 545 patrocinio
444 492 757 543 confidentem,
784 495 999 547 perpetua

170 548 424 591 defensione
445 551 667 591 conserva.

252 635 376 664 mnes
391 623 537 665 Sancti
550 623 624 674 tui,
645 625 895 675 quaesumus
909 623 997 665 Do-

269 680 399 730 mine,
422 693 503 721 nos
523 680 686 733 ubique
707 679 925 730 adiuvent:
950 685 999 722 ut

170 735 274 777 dum
298 739 450 778 eorum
473 737 628 778 merita
650 736 898 785 recolimus,
923 750 997 789 pa-

168 793 353 834 trocinia
371 793 623 835 sentiamus:
643 798 686 835 et
704 806 861 846 pacem
877 798 998 834 tuam

167 849 330 890 nostris
355 848 548 891 concede
569 842 855 902 temporibus,
880 854 923 891 et
942 848 997 891 ab

167 905 366 946 Ecclesia
393 911 469 948 tua
502 911 703 948 cunctam
733 905 898 958 repelle
926 918 996 947 ne-

170 962 365 1013 quitiam:
391 963 488 1013 iter‚
515 968 653 1013 actus,
679 968 724 1004 et
747 962 998 1004 voluntates

167 1024 353 1069 nostras,
371 1024 414 1061 et
429 1020 623 1061 omnium
638 1019 899 1061 famulorum
911 1021 999 1061 tuo-

167 1088 282 1125 rum,
318 1076 362 1116 in
396 1076 547 1118 salutis
580 1082 669 1118 tuae
701 1076 997 1129 prosperitate

169 1131 377 1184 dispone:
430 1132 785 1174 benefactoribus
836 1132 997 1174 nostris

169 1189 433 1240 sempiterna
447 1189 564 1230 bona
580 1189 783 1239 retribue,
804 1194 847 1230 et
863 1188 996 1230 omni-

167 1244 249 1286 bus
292 1244 494 1287 fidelibus
540 1245 757 1287 defunctis
801 1245 998 1297 requiem

169 1302 378 1343 aeternam
406 1302 611 1344 concede.
644 1302 728 1343 Per
749 1302 997 1343 Dominum.

331 1387 410 1429 Ad
429 1388 834 1439 completorium.

228 1460 315 1498 Ave
335 1455 483 1496 Maria.
511 1461 557 1495 ut
578 1469 718 1506 supra.

230 1519 280 1568 Y.
301 1520 519 1562 Converte
546 1532 627 1561 nos
650 1519 771 1560 Deus
795 1518 997 1560 salutaris

168 1582 329 1618 noster.
375 1581 423 1631 R.
445 1576 502 1616 Et
526 1577 674 1618 averte
697 1576 807 1616 iram
829 1581 950 1617 tuam
973 1589 999 1616 a

167 1633 306 1675 nobis.

228 1694 276 1743 Y.
297 1694 419 1735 Deus
438 1693 482 1734 in
500 1692 774 1744 adjutorium.

433 1770 631 1810 l'salmus
659 1772 742 1809 128.

202 1856 254 1884 a·
279 1841 374 1881 aepe
402 1830 762 1881 expugnaverunt
788 1841 858 1869 me
887 1841 912 1869 a
939 1829 996 1880 ju-

194 1912 207 1928 1.
225 1883 262 1932 ,⁴⁴⁴
295 1888 473 1926 ventute
509 1897 625 1934 mea,
666 1886 689 1910 *
731 1884 848 1926 dicat
883 1897 998 1926 nunc

294 1941 442 1982 Israel.

221 2001 350 2054 Saepe
385 2004 743 2055 expugnaverunt
777 2015 846 2043 me
881 2015 907 2042 a
938 2003 996 2054 ju-

170 2061 349 2099 ventute
370 2071 481 2100 mea:
504 2060 527 2084 *
552 2059 711 2100 etenim
733 2071 820 2099 non
843 2060 996 2111 potue-

171 2119 270 2156 runt
288 2115 404 2156 mihi.

222 2175 363 2228 Supra
387 2175 567 2218 dorsum
591 2189 738 2217 meum
762 2175 997 2217 fabricave-

172 2236 272 2294 runt
290 2235 560 2284 peccatores:
584 2235 607 2259 *
626 2232 1000 2286 prolongaverunt

172 2289 444 2338 imquitatem
465 2303 598 2330 suam.

250 2347 463 2390 Dominus
488 2351 624 2402 justus
651 2351 842 2392 concidit
866 2352 999 2391 cervi-

174 2415 247 2443 ces
282 2408 584 2456 peccatorum:
620 2408 643 2431 *
681 2406 1001 2449 confundantur

175 2464 218 2500 et
242 2464 552 2503 convertantur
574 2466 815 2505 retrorsum
838 2476 1000 2512 omnes,

176 2515 249 2567 qui
270 2515 455 2558 oderunt
474 2518 588 2560 Sion.

230 2576 354 2618 Fiant
382 2578 492 2619 sicut
521 2579 683 2620 foenum
711 2583 947 2622 tectorum:
977 2580 1000 2604 *

177 2633 296 2684 quod
311 2634 566 2686 priusquam
582 2636 802 2686 evellatur,
819 2636 1002 2677 exaruit:

226 2692 293 2733 De
333 2706 419 2745 quo
462 2707 549 2735 non
589 2694 786 2748 implevit
826 2709 1002 2737 manum

676 164 851 197 Officium
877 174 1039 207 parvum
1063 164 1103 197 B.
1129 164 1261 198 Mariae
1287 164 1389 206 Virg.

1052 273 1175 302 suam
1202 260 1283 312 qui>
1300 261 1440 311 metit,
1467 262 1492 288 *
1519 266 1563 303 et
1588 262 1729 304 sinum
1754 276 1881 304 suum

1053 317 1127 369 qui
1146 317 1393 371 manipulos
1412 317 1587 369 colligit.

1103 375 1159 416 Et
1175 387 1262 416 non
1278 374 1482 416 dixerunt
1496 374 1571 426 qui
1582 375 1879 428 praeteribant:

1052 431 1311 473 Benedictio
1345 431 1523 472 Domini
1557 443 1689 484 super
1721 444 1820 473 vos:
1856 433 1879 458 *

1051 486 1355 529 benediximus
1378 487 1505 529 vobis
1527 487 1571 527 in
1589 487 1763 529 nomine
1782 487 1880 528 Dfii.

1107 543 1259 585 Gloria
1283 544 1413 586 Patri.

1319 606 1519 647 Psalmus
1542 608 1624 646 129.

1059 659 1165 763 De
1182 658 1413 711 profundis
1431 658 1616 700 clamavi
1633 657 1690 699 ad
1709 662 1752 699 te
1768 657 1880 698 Dfie:

1146 717 1169 742 *
1182 715 1370 756 Domine
1387 714 1546 756 exaudi
1557 727 1713 757 vocem
1722 726 1879 755 meam:

1102 771 1229 814 Fiant
1257 785 1383 814 aures
1410 777 1498 813 tuae
1531 771 1828 820 intendenteS,
1855 771 1880 797 *

1051 829 1096 869 in
1115 841 1272 870 vocem
1292 828 1617 881 deprecationis
1635 841 1757 869 meae.

1102 885 1148 927 Si
1175 885 1428 937 iniquitates
1457 884 1764 927 observaveris
1791 883 1880 925 Do-

1051 942 1182 983 mine:
1202 943 1225 967 *
1243 942 1433 983 Domine
1453 942 1549 994 quis
1570 939 1819 983 sustinebit?

1105 999 1216 1049 Quia
1244 998 1363 1051 apud
1390 1003 1434 1040 te
1461 998 1718 1051 propitiatio
1749 1002 1829 1039 est:
1856 998 1880 1024 ¹⁸¹

1052 1060 1096 1096 et
1119 1060 1302 1108 propter
1325 1055 1469 1107 legem
1492 1059 1613 1096 tuam
1632 1053 1817 1095 sustinui
1835 1058 1880 1094 te

1051 1112 1251 1153 Domine.

1103 1167 1316 1209 Sustinuit
1353 1168 1498 1209 anima
1533 1180 1631 1209 mea
1666 1167 1711 1207 in
1743 1165 1880 1207 verbo

1053 1225 1157 1277 ejus:
1176 1227 1200 1252 *
1215 1225 1410 1277 speravit
1431 1225 1573 1265 anima
1591 1236 1689 1265 mea
1705 1223 1750 1264 in
1767 1223 1880 1264 Dfio.

1103 1282 1145 1322 A
1178 1281 1381 1322 custodia
1413 1283 1627 1322 matutina
1655 1292 1795 1331 usque
1824 1278 1881 1320 ad

1051 1342 1240 1379 noctem:
1258 1340 1281 1365 *
1297 1342 1446 1390 speret
1463 1337 1602 1378 Israel
1616 1337 1660 1377 in
1677 1335 1880 1377 Domino.

1105 1394 1217 1444 Quia
1240 1394 1359 1447 apud
1377 1394 1614 1435 Dominum
1636 1392 1880 1434 misericor-

1052 1450 1138 1492 dia:
1166 1452 1190 1478 *
1218 1457 1262 1492 et
1296 1451 1476 1503 copiosa
1507 1449 1626 1503 apud
1653 1462 1753 1490 eum
1781 1447 1879 1490 red-

1052 1507 1227 1559 emptio.

1103 1563 1160 1605 Et
1175 1564 1270 1616 ipse
1283 1563 1470 1605 redimet
1483 1562 1630 1612 Israel,
1640 1563 1664 1590 *
1676 1574 1731 1603 ex
1745 1561 1880 1603 omni-

1054 1619 1136 1662 bus
1155 1620 1458 1672 iniquitatibus
1479 1620 1579 1671 ejus.

1104 1677 1257 1718 Gloria
1280 1677 1411 1719 Patri.

1316 1740 1514 1779 Psahnus
1535 1741 1626 1779 130.

1146 1791 1291 1834 omine
1322 1804 1410 1832 non
1443 1795 1510 1832 est
1542 1789 1779 1831 exaltatum
1804 1800 1880 1830 cor

1153 1861 1313 1890 meum:
1332 1850 1355 1875 *
1374 1859 1516 1899 neque
1532 1846 1635 1887 elati
1649 1850 1749 1887 sunt
1764 1844 1879 1886 oculi

1049 1905 1145 1946 mei.

1101 1961 1258 2014 Neque
1274 1960 1495 2002 ambulavi
1509 1960 1552 2000 in
1566 1958 1747 2010 magnis:
1765 1958 1788 1984 *
1806 1970 1877 1999 ne-

1052 2031 1136 2070 que
1157 2018 1200 2058 in
1218 2016 1489 2059 mirabilibus
1509 2029 1641 2069 super
1658 2028 1739 2056 me.

1103 2074 1148 2116 Si
1184 2087 1271 2115 non
1305 2072 1524 2114 humiliter
1558 2071 1818 2114 sentiebam:
1855 2070 1878 2095 *

1052 2130 1131 2172 sed
1151 2130 1341 2172 exaltavi
1360 2130 1549 2171 animam
1567 2141 1724 2170 meam:

1104 2187 1223 2229 Sicut
1243 2186 1486 2228 ablactatus
1505 2191 1571 2227 est
1590 2197 1722 2238 super
1740 2187 1878 2224 matre

1053 2258 1141 2293 sua,
1165 2246 1187 2270 *
1211 2245 1272 2286 ita
1295 2243 1523 2285 retributio
1547 2242 1591 2283 in
1611 2241 1753 2282 anima
1771 2252 1879 2280 mea.

1103 2301 1260 2354 Speret
1286 2299 1423 2341 Israel
1455 2300 1499 2340 in
1527 2298 1737 2347 Domino,
1770 2298 1793 2323 *
1826 2309 1880 2337 ex

1052 2357 1138 2399 hoc
1157 2370 1272 2399 nunc
1292 2362 1335 2398 et
1353 2369 1495 2408 usque
1514 2356 1558 2396 in
1577 2353 1796 2396 saeculum.

1107 2413 1260 2455 Gloria
1286 2413 1416 2455 Patri.

1366 2472 1576 2522 Hymnus.

1189 2529 1372 2576 ementO,
1392 2538 1537 2566 rerum
1558 2523 1780 2573 Conditor,

1209 2582 1361 2624 Nostri
1382 2580 1502 2634 quod
1522 2580 1626 2622 olim
1646 2579 1855 2633 corporis,

1131 2639 1311 2680 Sacrata
1330 2637 1383 2679 ab
1404 2636 1502 2678 alvo
1523 2636 1717 2687 Virginis

1133 2694 1368 2736 Nascendo
1388 2693 1573 2734 formam
1592 2691 1842 2745 sumpseris.
