2040 2944
730 228 934 267 Dominica
958 228 1002 262 II.
1029 222 1217 262 Octobris.

1768 228 1832 265 169

127 342 232 380 ram,
253 334 296 372 et
315 329 669 372 exclamaverunt
682 326 799 368 tubis
815 326 955 376 signo-

128 399 235 437 rum,
256 391 300 428 et
319 386 618 428 clamaverunt
635 384 679 424 in
699 382 870 424 coelum.

177 451 229 502 R.
257 447 502 500 Adaperiat
519 445 746 487 Dominus.
765 444 852 485 162.

376 560 381 564 ,
435 518 587 560 Lectio
608 517 647 558 ii.

128 579 293 685 Tunc
329 580 549 624 ordinavit
581 578 718 620 Judas
754 578 873 619 viros
909 582 957 618 ut
1013 606 1020 619 ,-

226 640 472 692 pugnarent
507 636 717 678 adversus
749 647 843 684 eos,
883 635 958 686 qui

129 700 252 738 erant
278 695 323 736 in
351 707 469 744 arce,
503 693 643 734 donec
672 690 958 733 emundarent

129 757 292 794 sancta.
332 751 390 792 Et
422 749 554 800 elegit
582 747 836 790 sacerd6tes
865 748 957 788 sine

128 807 319 858 macula,
357 806 631 848 voluntatem
666 804 878 846 habentes
914 803 958 844 in

128 864 226 917 lege
251 864 350 905 Dei:
378 868 421 905 et
445 861 767 904 mundaverunt
791 865 958 910 sancta,

130 926 174 963 et
206 920 398 963 tulerunt
429 918 600 972 lapides
631 917 958 960 contaminatio-

129 978 195 1019 nis
218 978 263 1019 in
286 977 433 1019 locum
452 975 734 1017 immundum.
767 975 824 1015 Et
845 973 957 1025 cogi-

112 1037 241 1076 ·tavit
294 1033 349 1076 de
401 1032 528 1074 altari
583 1031 958 1080 holocaustorum,

131 1090 252 1143 quod
271 1089 551 1143 profanatum
571 1094 678 1138 erat,
705 1087 810 1140 quid
830 1087 884 1128 de
905 1100 958 1128 eo

131 1148 306 1190 faceret.
346 1148 403 1188 Et
434 1145 586 1187 incidit
617 1145 701 1186 illis
731 1144 960 1186 consilium

129 1204 296 1246 bonurn
335 1208 384 1244 ut
422 1202 701 1244 destruerent
736 1200 859 1242 illud:
905 1213 960 1241 ne

130 1261 243 1302 forte
287 1260 372 1301 illis
418 1264 536 1302 esset
579 1259 623 1299 in
662 1257 960 1311 opprobrium,

132 1317 234 1370 quia
266 1317 672 1359 contaminaverunt
706 1312 815 1355 illud
847 1313 959 1355 Gen-

130 1379 214 1424 teS‚
244 1379 287 1416 et
313 1373 508 1415 demoliti
535 1377 636 1413 sunt
660 1371 780 1412 illud.
821 1370 877 1412 Et
896 1383 959 1411 re-

131 1432 375 1484 posuerunt
413 1428 587 1486 lapides
624 1428 669 1469 in
704 1431 853 1469 monte
886 1426 960 1468 do-

131 1500 228 1528 mus
247 1487 291 1528 in
308 1487 410 1528 loco
430 1491 551 1539 apto,
579 1484 871 1537 quoadusque
890 1496 960 1524 ve-

130 1546 244 1642 giret
290 1543 529 1596 propheta,
582 1546 625 1584 et
670 1539 962 1594 responderet

164 1613 188 1642 e
208 1613 282 1642 eis.

184 1663 238 1716 131.
262 1660 483 1704 Exaudiat
499 1660 727 1702 Dominus.
745 1660 832 1700 162.

437 1729 589 1771 Lectio
609 1729 664 1770 iii.

135 1790 235 1897 Et
272 1798 536 1849 acceperunt
566 1793 737 1847 lapides
769 1795 962 1843 integros

231 1852 474 1895 secundum
486 1852 641 1903 legem,
663 1855 707 1892 et
720 1848 962 1891 aedificave-

133 1914 235 1952 runt
254 1909 392 1951 altare
411 1921 575 1950 novum
590 1906 831 1949 secundum
845 1904 963 1953 illud,

136 1965 257 2020 quod
284 1966 365 2007 fuit
391 1966 530 2019 prius:
566 1969 609 2006 et
636 1963 964 2005 aedificaverunt

137 2027 304 2073 sancta,
331 2027 375 2064 et
395 2035 494 2079 quae
512 2022 624 2063 intra
644 2020 824 2062 domum
842 2022 965 2060 erant

135 2080 411 2121 intrinsecus:
435 2083 479 2120 et
499 2078 657 2126 aedem,
677 2081 720 2118 et
740 2076 852 2117 atria
870 2087 963 2116 san-

137 2137 450 2178 ctificaverunt.
511 2135 569 2176 Et
619 2134 815 2175 fecerunt
859 2144 965 2174 vasa

137 2198 288 2235 sancta
315 2205 448 2242 nova,
478 2196 522 2233 et
548 2190 786 2232 intulerunt
810 2187 965 2231 cande-

136 2249 323 2300 labrum,
357 2254 401 2291 et
430 2248 567 2290 altare
597 2248 891 2296 incensorum,
923 2250 966 2286 et

136 2320 333 2348 mensam
351 2307 395 2347 in
415 2304 639 2357 templum.
666 2304 724 2345 Et
741 2304 966 2343 incensum

137 2365 380 2416 posuerunt
406 2374 537 2414 super
567 2360 718 2408 altare,
747 2363 791 2400 et
815 2370 964 2399 accen-

139 2419 297 2461 derunt
310 2419 522 2466 lucernas,
544 2429 642 2469 quae
662 2417 795 2467 su'per
811 2413 965 2455 cande-

138 2475 311 2517 labrum
334 2479 472 2523 erant,
499 2479 542 2514 et
565 2471 769 2513 lucebant
793 2470 837 2510 in
861 2474 965 2510 tem-

139 2531 227 2584 plo.
263 2532 321 2572 Et
345 2531 588 2583 posuerunt
615 2539 746 2580 super
772 2537 968 2566 mensam

139 2600 288 2640 panes,
308 2591 352 2628 et
367 2584 672 2639 appenderunt
685 2582 793 2630 vela,
810 2586 854 2622 et
868 2589 967 2622 con-

142 2645 469 2685 summaverunt
503 2642 649 2683 Omnia
681 2642 836 2692 opera,
870 2649 968 2689 quae

142 2699 344 2741 fecerant.

198 2757 250 2808 Rt·
274 2758 539 2810 Congregati
558 2762 669 2799 sunt.
688 2757 775 2797 162.

296 2901 360 2926 Pars
376 2900 545 2925 Autumnalis.

1243 328 1292 367 In
1310 328 1360 367 ΙΙ.
1380 328 1602 368 Noeturno.

1010 392 1075 432 Ex
1090 390 1203 432 libro
1219 392 1358 433 sancti
1374 391 1607 442 Augustini
1621 391 1833 443 Episcopi

1236 447 1291 489 de
1312 447 1497 489 Civitate
1516 447 1610 488 Dei.

1063 517 1214 560 Lectio
1234 518 1286 560 iv.
1486 518 1577 561 Lib.
1594 520 1651 560 18.
1668 531 1701 561 c.
1717 518 1783 559 45.

1016 631 1022 636 ν
1051 583 1382 641 grosteaquam
1400 594 1505 632 gens
1524 582 1548 622 J
1551 581 1677 623 uda'ea
1699 581 1834 634 coepit

1016 661 1022 667 ·
1053 640 1119 690 ιζ’-ελ
1141 650 1229 679 non
1256 637 1419 679 habere
1447 637 1704 690 prophetas,
1735 651 1833 690 pro-

1016 693 1021 701 *
1051 684 1088 705 '
1141 693 1348 735 culdubio
1382 693 1574 735 deterior
1604 695 1718 736 faeta
1750 699 1832 744 est,
1885 707 1888 710 ·

1010 762 1062 791 eo
1083 750 1250 791 scilicet
1267 752 1483 802 tempore,
1513 763 1599 802 quo
1621 763 1667 792 se
1688 753 1833 803 spera-

1009 806 1085 848 bat
1103 807 1347 848 instaurato
1368 807 1550 859 templo,
1579 812 1680 859 post
1700 807 1832 860 capti-

1010 863 1202 912 vitatem,
1223 876 1322 915 quae
1343 863 1422 905 fuit
1440 864 1484 904 in
1500 862 1754 915 Babyloma,
1774 863 1834 904 fu·
1886 877 1888 881 ’

1009 923 1151 961 turam
1180 933 1276 962 esse
1301 920 1537 961 meliorem.
1575 919 1647 961 Sic
1673 920 1834 972 quippe

1010 976 1283 1027 intelligebat
1315 976 1506 1029 pepulus
1534 975 1607 1017 ille
1636 975 1835 1025 carnalis,

1013 1032 1132 1085 quod
1163 1034 1503 1086 praenuntiatum
1536 1037 1603 1074 est
1637 1045 1716 1085 per
1749 1033 1834 1083 Ag-

1010 1092 1155 1141 gaeum
1180 1089 1460 1142 prophetam,
1489 1089 1721 1131 dicentem:
1749 1089 1835 1130 Ma-

1010 1160 1096 1198 gna
1116 1146 1197 1188 erit
1216 1146 1354 1197 gloria
1374 1145 1531 1187 domus
1550 1146 1674 1187 istius
1693 1147 1835 1186 novis-

1011 1204 1132 1244 simae
1155 1202 1254 1255 plus
1279 1215 1409 1254 quam
1431 1203 1595 1255 primae.
1633 1202 1762 1252 Quod
1782 1202 1837 1243 de

1011 1273 1127 1301 novo
1180 1260 1445 1300 testamento
1504 1258 1669 1300 dictum
1722 1271 1837 1307 esse,

1011 1317 1144 1370 paulo
1171 1315 1370 1368 superius
1400 1314 1735 1365 demonstravit,
1763 1314 1838 1356 ubi

1012 1374 1072 1415 ait
1113 1375 1264 1426 aperte
1306 1372 1526 1413 Christum
1565 1374 1838 1424 promittens:

1011 1430 1069 1471 Et
1095 1429 1284 1471 movebo
1314 1441 1465 1470 omnes
1491 1429 1669 1470 Gentes:
1698 1433 1742 1469 et
1768 1429 1837 1468 ve-

1012 1487 1102 1585 giet
1151 1485 1427 1528 desideratus
1477 1485 1644 1527 cunctis
1691 1484 1837 1526 Genti-

1042 1556 1105 1584 us.

1070 1605 1121 1658 Rz.
1140 1604 1360 1657 Impetum
1378 1603 1661 1644 inimicorum.
1679 1603 1766 1643 163.

1327 1673 1478 1716 Lectio
1499 1687 1536 1716 v.

1100 1739 1240 1780 alibus
1283 1738 1397 1779 enim
1439 1737 1588 1778 electis
1636 1737 1841 1777 Gentium

1109 1794 1267 1837 domus
1290 1795 1375 1835 Dei
1405 1792 1647 1834 aedificatur
1673 1805 1753 1845 per
1779 1798 1839 1834 te-

1015 1854 1277 1893 stamentum
1295 1863 1459 1892 novum
1477 1848 1698 1902 lapidibus
1717 1849 1839 1898 vivis,

1013 1909 1143 1959 longe
1179 1907 1425 1959 gloriosior,
1463 1918 1594 1958 quam
1628 1905 1840 1957 templum

1014 1964 1123 2007 illud
1151 1965 1247 2014 fuit,
1276 1962 1397 2016 quod
1425 1976 1450 2004 a
1478 1975 1581 2013 rege
1608 1961 1840 2003 Salomone

1015 2024 1316 2064 constructum
1335 2024 1412 2069 est,
1433 2024 1476 2061 et
1494 2024 1597 2072 post
1617 2018 1840 2070 captivita—

1014 2084 1104 2121 tem
1122 2079 1423 2119 instauratum.
1456 2076 1643 2127 Propter
1667 2074 1752 2115 hoc
1777 2086 1839 2114 er-

1015 2148 1072 2186 go
1095 2147 1177 2175 nec
1201 2132 1441 2186 prophetas
1465 2144 1519 2173 ex
1544 2130 1619 2172 illo
1640 2132 1839 2182 tempore

1015 2191 1168 2232 habuit
1190 2189 1264 2231 illa
1287 2201 1408 2240 gens:
1437 2187 1515 2229 sed
1539 2187 1685 2228 multis
1709 2184 1840 2227 cladi-

1015 2247 1098 2289 bus
1118 2247 1283 2288 afflicta
1302 2250 1369 2286 est
1388 2244 1443 2285 ab
1463 2242 1713 2294 alienigenis
1732 2242 1840 2292 regi-

1015 2303 1115 2353 bus,
1152 2303 1347 2355 ipsisque
1378 2299 1607 2349 Romanis,
1643 2311 1697 2340 ne
1728 2298 1840 2339 hanc

1016 2359 1171 2411 Aggaei
1187 2357 1466 2411 prophetiam
1484 2356 1528 2396 in
1543 2355 1618 2396 illa
1632 2355 1840 2396 instaura-

1015 2416 1136 2457 tione
1158 2413 1311 2465 templi
1336 2412 1588 2464 opinaretur
1606 2410 1840 2463 impletam.

1015 2472 1119 2513 Non
1140 2470 1279 2511 multo
1305 2469 1419 2510 enim
1436 2473 1556 2520 post,
1582 2466 1839 2508 adveniente

1017 2526 1288 2574 Alexandro,
1312 2523 1540 2576 subjugata
1558 2528 1638 2565 est:
1665 2520 1839 2574 quando

1019 2584 1102 2625 etsi
1125 2582 1243 2624 nulla
1268 2581 1383 2622 facta
1405 2585 1473 2622 est
1495 2579 1700 2628 vastatio,
1738 2578 1839 2629 quo-

1018 2640 1135 2682 niam
1152 2651 1240 2679 non
1259 2641 1360 2678 sunt
1378 2637 1473 2677 ausi
1492 2636 1532 2677 ei
1551 2637 1769 2681 resistere,
1797 2635 1840 2672 et

1018 2696 1120 2737 ideo
1139 2695 1360 2747 placatum
1379 2691 1580 2733 facillime
1599 2687 1762 2730 subditi
1776 2698 1838 2727 re-

1020 2753 1244 2804 ceperunt3
1283 2761 1372 2790 non
1404 2753 1497 2789 erat
1526 2752 1671 2788 tamen
1702 2741 1841 2795 gloria

1595 2876 1636 2907 12
