2040 2944
193 174 283 218 [132]

195 271 296 324 quia
315 270 399 311 sibi
417 269 478 310 nil
497 269 670 317 retinet,
696 268 842 309 omnia
866 280 944 308 sua
964 267 1023 308 di-

194 327 375 380 spergit,
421 325 497 366 dat
533 323 819 377 pauperibus,
863 324 1026 376 justitia

195 385 284 435 ejus
308 387 455 423 manet
478 381 522 422 in
542 380 753 422 saeculum
771 380 932 421 saeculi.
969 380 1026 421 Et

192 440 288 480 haec
314 443 382 480 est
402 438 577 490 sapiens
596 436 670 477 illa
690 436 873 478 stultitia
894 449 1025 488 quam

192 496 247 537 de
267 497 501 546 sycomoro
519 492 780 546 publicanus
801 493 926 544 quasi
940 492 1024 532 fru-

193 557 311 593 ctum
336 551 439 592 vitae
465 550 646 600 legerat:
674 554 802 601 rapta
819 547 1024 590 videlicet

191 607 394 655 reddere,
423 605 603 658 propria
630 605 894 657 relinquere,
927 604 1024 644 visi-

191 663 295 706 bilia
314 664 610 711 contemnere,
633 675 716 714 pro
735 660 1025 702 invisibilibus

193 720 324 761 etiam
360 719 475 760 mori
513 718 784 768 desiderare,
831 719 1026 769 seipsum

192 776 428 826 abnegare,
458 780 501 816 et
526 775 631 826 erS,
662 774 736 826 qui
759 773 948 815 necdum
966 773 1024 814 vi-

193 833 360 880 deatur,
379 831 559 872 Domini
578 830 766 881 vestigia
786 830 911 882 sequi
925 842 1024 870 con-

193 891 431 941 cupiscere.
490 888 551 927 Te
575 887 729 927 Deum.
758 887 817 926 14.

555 957 759 986 {3522ss
787 970 790 971 ν

485 1025 536 1064 In
558 1024 727 1065 Octava
747 1019 750 1022 ⁴

278 1082 641 1132 Dedicationis
673 1080 942 1131 Ecclesiae.

514 1156 702 1207 Duplex.

243 1219 381 1253 Omnia
410 1224 451 1254 ut
476 1221 515 1253 in
541 1221 618 1263 die,
651 1225 793 1263 praeter
816 1221 1022 1255 Lectiones

190 1268 235 1301 ΙΙ.
260 1267 460 1301 Nocturni.

213 1336 283 1375 Ex
301 1333 503 1386 Epistola
521 1332 664 1385 prima
683 1331 823 1372 sancti
840 1330 999 1372 Felicis

452 1389 589 1441 Papae
611 1387 765 1440 quarti.

312 1453 369 1487 De
397 1452 577 1486 Consecr.
604 1453 690 1487 dist.
717 1453 744 1487 1.
771 1463 852 1496 cap„
873 1453 902 1486 2.

495 1504 647 1545 Lectio
669 1506 721 1544 iv.

196 1580 239 1610 [1
264 1557 630 1606 abernaculum
648 1557 851 1608 Moysen,
876 1554 1025 1596 Domi—

196 1607 238 1668 [ᾗ
264 1607 313 1670 {2}ss
331 1629 388 1657 no
404 1614 702 1668 praecipiente,
721 1613 878 1654 fecisse
900 1616 943 1653 et
963 1623 1027 1652 sa-

195 1664 309 1696 *3⁷⁷³
331 1674 496 1720 crasse,
526 1683 626 1711 cum
650 1681 803 1710 mensa
829 1673 872 1710 et
900 1667 1027 1708 altari

194 1729 299 1779 ejus,
327 1733 370 1769 et
390 1726 548 1769 ceteris
567 1726 684 1767 vasis
705 1730 749 1767 et
767 1723 1027 1766 utensilibus

194 1785 251 1826 ad
271 1784 466 1826 divinum
485 1782 651 1824 cultum
671 1780 951 1834 explendum,
969 1780 1026 1821 le-

194 1841 353 1891 gimus:
379 1845 423 1881 et
442 1852 530 1880 non
550 1838 693 1879 solum
713 1837 870 1879 divinis
889 1837 1028 1889 preci—

194 1897 277 1938 bus
303 1909 354 1938 ea
379 1897 595 1944 sacrasse,
625 1894 704 1936 sed
730 1894 861 1935 etiam
889 1892 1027 1934 sancti

195 1953 282 1994 olei
296 1952 512 2001 unctione,
524 1950 715 1992 Domino
730 1949 916 2001 jubente,
931 1961 1026 2001 per-

194 2009 342 2050 linisse
378 2008 591 2049 novimus.
647 2006 844 2056 Qualiter
881 2010 1027 2046 autem

194 2065 291 2106 haec
319 2065 435 2106 facta
462 2064 563 2114 sint,
597 2068 640 2104 et
673 2061 898 2114 quomodo
931 2061 1028 2113 ipsa

195 2134 320 2162 sacra
351 2133 441 2162 non
475 2119 564 2170 alii,
606 2132 738 2171 quam
772 2117 1027 2159 sacerdotes

195 2190 319 2218 sacra
346 2177 554 2218 unctione
581 2174 781 2223 delibuti,
817 2173 1026 2214 Domino-

197 2246 280 2285 que
311 2246 410 2274 cum
437 2231 635 2274 vestibus
664 2230 826 2272 sanctis
856 2230 1027 2279 sacrati,

195 2293 239 2330 et
252 2289 419 2330 Levitae
436 2288 696 2337 tractabant,
717 2285 928 2335 ferebant,
949 2285 1026 2327 eri-

194 2343 356 2395 gebant
375 2349 419 2385 et
443 2343 738 2397 deponebant:
762 2342 806 2382 in
832 2342 939 2394 ipsis
965 2341 1026 2382 in-

195 2400 508 2450 stitutionibus,
530 2413 628 2452 quae
643 2399 819 2451 jubente
834 2398 1026 2438 Domino

195 2458 458 2507 conscriptae
493 2461 593 2497 sunt
624 2468 704 2508 per
735 2454 938 2505 Moysen,
983 2454 1026 2494 in

194 2512 292 2562 lege
311 2511 488 2552 Domini
507 2514 733 2563 reperitur.

249 2569 300 2619 R.
326 2567 566 2609 Orantibus
584 2568 627 2608 in
646 2569 757 2610 1000.
785 2565 883 2618 [118]

686 174 729 207 In
755 173 901 207 Octava
926 173 1196 207 Dedicutionis
1221 173 1417 208 Ecclesiae.

1386 270 1540 311 Lectio
1560 283 1598 310 v.

1165 327 1323 369 ualiter
1349 341 1454 379 ergo
1479 326 1641 378 David,
1671 340 1824 378 regum
1849 328 1911 380 pi-

1182 385 1373 434 issimus,
1393 383 1726 436 amplificaverit
1746 383 1911 425 cultum

1078 441 1172 490 Dei,
1193 445 1237 482 et
1255 441 1468 493 templum
1482 440 1675 481 Domino
1690 439 1911 481 aedificare

1079 497 1284 546 voluerit,
1310 496 1390 538 sed
1409 501 1593 549 propter
1611 495 1798 536 multum
1817 497 1911 537 san-

1078 553 1254 604 guinem
1274 566 1404 605 quem
1419 552 1645 602 effuderat,
1663 551 1912 605 prohibitus

1080 614 1157 658 est,
1196 615 1239 651 et
1272 609 1368 661 ipse
1405 608 1645 659 collegerat
1683 610 1912 660 expensas:

1079 665 1288 706 Salomon
1319 677 1511 717 quoque,
1542 664 1657 705 filius
1686 664 1776 716 ejus
1803 663 1912 717 idip-

1080 735 1192 771 sum,
1229 721 1349 773 quod
1376 721 1472 773 ipse
1496 721 1643 762 facere
1669 721 1913 772 optaverat,

1080 777 1256 829 jubente
1277 782 1321 818 et
1339 776 1576 818 auxiliante
1594 777 1693 818 Deo
1715 776 1913 829 perfecit,

1081 838 1125 875 et
1142 833 1357 886 templum
1382 846 1482 874 cum
1506 833 1649 883 altari,
1679 837 1723 874 et
1745 832 1914 885 reliqua

1080 889 1137 931 ad
1174 889 1370 931 divinum
1412 889 1578 930 cultum
1613 887 1914 941 peragendum

1081 946 1370 987 consecravit:
1402 946 1446 986 in
1472 945 1587 986 libro
1612 945 1786 995 Regum
1811 944 1914 996 legi-

1080 1007 1163 1043 tur.
1207 1002 1332 1044 Fecit
1363 1014 1469 1052 ergo
1498 1001 1707 1043 Salomon
1733 1001 1779 1041 in
1806 1003 1913 1043 tem-

1079 1071 1190 1110 pore
1210 1058 1285 1100 illo
1306 1058 1592 1100 festivitatem
1611 1056 1848 1107 celebrem,
1870 1062 1915 1099 et

1081 1115 1223 1156 omnis
1255 1114 1394 1155 Israel
1427 1127 1527 1155 cum
1559 1125 1633 1163 e0,
1677 1113 1913 1155 multitudo

1079 1184 1238 1222 magna
1270 1170 1325 1212 ab
1358 1170 1544 1212 introitu
1575 1169 1737 1211 Emath
1773 1182 1914 1222 usque

1081 1227 1138 1268 ad
1162 1227 1306 1268 rivum
1324 1226 1526 1278 AEgypti,
1553 1238 1702 1267 coram
1721 1226 1913 1267 Domino

1079 1284 1178 1324 Deo
1206 1288 1359 1324 nostro
1388 1287 1560 1335 septem
1587 1281 1756 1332 diebuS,
1785 1286 1830 1323 et
1850 1294 1913 1323 se-

1080 1344 1202 1391 ptem
1223 1339 1390 1388 diebus,
1409 1339 1455 1379 id
1475 1342 1552 1388 est,
1580 1337 1914 1389 quatuordecim

1081 1395 1247 1444 diebus,
1268 1399 1311 1437 et
1330 1395 1374 1435 in
1393 1394 1464 1436 die
1484 1396 1642 1436 octava
1661 1393 1824 1436 dimisit
1837 1395 1914 1446 po-

1079 1451 1222 1503 pulos.

1129 1514 1180 1565 n.
1213 1511 1250 1552 o
1273 1524 1415 1563 quam.
1443 1511 1541 1563 [118]

1379 1593 1534 1634 Lectio
1554 1594 1609 1634 vi.

1218 1663 1275 1697 De
1302 1662 1463 1697 Conscc.
1489 1663 1576 1698 dist.
1603 1663 1631 1697 1.
1657 1673 1687 1697 0.
1713 1662 1763 1698 17.

1081 1715 1432 1822 Solemnitates
1482 1717 1811 1759 dedicationum
1847 1729 1914 1758 ec-

1173 1774 1405 1816 clesiarum
1434 1779 1478 1815 et
1505 1772 1804 1823 sacerdotum,
1833 1785 1914 1826 per

1081 1831 1276 1882 singulos
1295 1843 1435 1872 annos
1457 1829 1710 1872 solemniter
1729 1834 1831 1871 sunt
1846 1841 1912 1871 ce-

1079 1886 1317 1936 lebrandae,
1335 1887 1433 1939 ipso
1448 1886 1642 1927 Domino
1663 1885 1914 1938 exemplum

1081 1944 1231 1992 dante,
1261 1943 1335 1996 qui
1360 1943 1418 1984 ad
1441 1943 1601 1985 festum
1624 1941 1913 1984 dedicationis

1080 1999 1251 2052 templi,
1285 1999 1488 2041 omnibus
1518 1998 1566 2040 id
1587 1997 1779 2040 faciendi
1804 1996 1913 2040 dans

1081 2056 1276 2105 formam,
1293 2068 1394 2096 cum
1408 2055 1588 2108 reliquis
1603 2054 1781 2107 populis
1799 2055 1913 2095 eam—

1081 2112 1182 2153 dem
1206 2112 1492 2153 festivitAtem
1517 2110 1819 2152 celebraturus
1843 2122 1913 2151 ve-

1080 2169 1154 2218 nit,
1173 2168 1287 2209 sicut
1310 2167 1523 2220 scriptum
1550 2171 1633 2208 est:
1659 2166 1795 2207 Facta
1813 2170 1915 2207 sunt

1082 2224 1276 2266 encaenia
1302 2224 1347 2264 in
1372 2224 1395 2264 J
1399 2223 1673 2275 erosolymis,
1702 2226 1747 2264 et
1773 2222 1914 2263 hiems

1081 2285 1185 2330 erat,
1207 2285 1250 2321 et
1269 2279 1524 2321 ambulabat
1539 2280 1564 2320 J
1567 2291 1666 2321 esus
1685 2279 1730 2319 in
1745 2278 1913 2330 templo

1080 2337 1123 2377 in
1142 2336 1317 2389 porticu
1335 2336 1592 2377 Salomonis.
1618 2333 1748 2384 Quod
1767 2339 1913 2375 autem

1082 2397 1183 2434 octo
1205 2391 1361 2433 diebus
1379 2391 1573 2433 encaenia
1589 2391 1676 2431 sint
1691 2390 1913 2432 celebran-

1082 2449 1153 2498 da,
1180 2449 1223 2489 in
1243 2447 1356 2489 libro
1375 2448 1564 2498 Regum,
1592 2449 1774 2499 peracta
1795 2445 1913 2488 dedi-

1082 2505 1256 2546 catione
1275 2503 1438 2556 templi‚
1458 2503 1698 2555 reperietis.

1132 2566 1183 2617 Rz.
1209 2565 1338 2605 Mane
1358 2575 1551 2614 surgens.
1580 2563 1677 2615 [118]

787 2654 1315 2712 &effla——
