2040 2944
158 189 227 223 248

387 282 469 322 Die
488 281 554 321 28.
573 280 773 331 Augusti.

162 348 205 389 S.
231 344 503 396 Augustini
530 341 761 394 Episcopi,
797 340 920 381 Conf.
952 345 995 381 et

448 399 563 439 Eccl.
587 399 713 439 Doct.

496 456 661 499 Duplex.

215 509 351 544 Omnia
382 509 428 543 de
456 508 602 542 Comm.
632 507 742 542 Conf.
771 507 881 541 Pont.
912 507 996 551 [49],

162 564 303 603 praeter
327 557 540 600 sequentia.

214 611 257 644 In
283 610 455 652 utrisque
480 608 598 651 Vesp.
624 607 674 641 ad
698 606 855 650 Magnif.

215 663 315 702 Ant.
338 663 375 702 O
395 662 565 703 Doctor
586 661 764 713 Optime,
783 660 997 701 Ecclesiae

162 724 328 761 sanctae
362 719 527 767 lumen,
568 717 700 759 beate
736 717 997 767 Augustine,

162 777 322 819 divinae
367 775 476 826 legis
522 776 709 823 amator,
756 772 998 825 deprecare

162 846 244 886 pro
264 832 393 874 nobis
414 831 572 872 Filium
590 831 685 872 Dei.

502 890 667 930 Oratio.

241 949 369 991 desto
400 947 797 1001 supplicationibus
825 946 999 996 nostris,

277 1007 557 1058 omnipotens
590 1005 728 1045 Deus:
761 1009 805 1045 et
839 1003 999 1055 quibus

164 1062 372 1104 fiduciam
398 1060 632 1114 sperandae
654 1061 836 1114 pietatis
861 1059 999 1100 indul-

164 1132 253 1171 ges,
273 1118 574 1160 intercedente
594 1117 727 1159 beato
749 1118 1000 1167 Augustino

165 1176 430 1217 Confessore
480 1179 557 1216 tuo
608 1179 742 1225 atque
789 1172 1002 1214 Pontifice

165 1234 389 1274 consuetae
418 1230 734 1272 misericordiae
759 1229 904 1271 tribue
929 1228 1001 1270 be-

166 1291 322 1340 nignus
342 1288 558 1330 effectum.
586 1288 671 1328 Per
690 1286 941 1328 Dominum.

222 1350 266 1383 In
301 1349 327 1383 I.
361 1348 572 1382 Nocturno.
612 1346 714 1380 Lect.
750 1344 1001 1391 Sapientiam.

169 1398 215 1432 de
241 1398 386 1433 Comm.
411 1396 522 1430 Doct.
534 1396 604 1440 [62]

397 1461 447 1500 In
474 1461 525 1499 ΙΙ.
553 1459 778 1499 Nocturno.

472 1519 625 1561 Lectio
646 1519 698 1558 iv.

178 1593 300 1628 ιη’
322 1581 564 1629 ugustinus‚
584 1578 778 1629 Tagaste
797 1578 840 1618 in
856 1576 1005 1618 Africa

188 1637 255 1694 ’ζᾶ
339 1635 536 1677 honestis
569 1634 826 1688 parentibus
859 1638 1004 1682 natus,

229 1687 238 1702 ¹
340 1705 392 1733 ac
428 1705 538 1744 puer
582 1691 808 1733 docilitate
845 1690 1006 1740 ingenii

170 1749 365 1801 aequales
390 1748 522 1799 longe
551 1751 784 1801 superans,
811 1747 937 1789 brevi
962 1749 1005 1787 ό-

171 1805 344 1847 mnibus
377 1805 579 1846 doctrina
611 1804 875 1846 antecelluit.
917 1802 1005 1844 Ad-

172 1863 388 1910 olescens,
426 1860 531 1902 dum
568 1866 687 1902 esset
724 1860 1006 1910 Carthagine,

172 1919 215 1959 in
239 1917 585 1958 Manichaeorum
611 1917 818 1958 haeresim
844 1915 1008 1958 incidit.

172 1975 335 2016 P0stea
381 1974 572 2014 Romam
616 1974 860 2027 profectus,
906 1971 1008 2014 inde

174 2030 474 2072 Mediolanum
492 2031 652 2072 missus
674 2036 722 2072 ut
742 2030 1009 2071 rhetoricam

174 2087 369 2135 doceret,
395 2099 495 2128 cum
514 2086 574 2128 ibi
594 2087 800 2139 frequens
820 2085 1008 2127 Ambro-

174 2144 226 2184 sii
245 2143 445 2196 episcopi
461 2148 580 2185 esset
595 2142 780 2192 auditor,
801 2143 892 2194 ejus
906 2144 1008 2195 epe-

173 2213 222 2240 ra
240 2200 445 2241 incensus
469 2198 617 2241 studio
645 2200 876 2242 catholicae
895 2198 1010 2247 fidei,

175 2269 314 2297 annos
341 2261 470 2298 natus
500 2257 677 2307 triginta
704 2262 796 2298 tres
827 2256 882 2297 ab
910 2255 1009 2308 ipso

177 2312 439 2364 baptizatur.
479 2313 703 2354 Reversus
731 2313 775 2353 in
805 2313 1011 2361 Africam,

177 2382 278 2410 cum
303 2368 516 2419 religiene
545 2370 647 2411 vitae
677 2368 1011 2411 sanctimoniam

177 2425 456 2475 conjungens,
477 2438 502 2465 a
519 2425 699 2467 Valerio
719 2431 838 2467 notae
856 2425 1011 2466 sancti-

177 2481 281 2522 tatis
302 2483 515 2533 episcopo
535 2482 814 2534 Hipponensi
832 2481 1012 2534 presby·

177 2541 245 2578 ter
264 2536 406 2578 factus
427 2543 505 2578 est.
543 2538 641 2587 Quo
664 2540 867 2590 tempore
894 2538 1013 2578 fami-

178 2593 282 2634 liam
297 2593 486 2634 instituit
502 2593 820 2644 religiosorum,
837 2593 1013 2645 quibus-

180 2662 279 2691 cum
323 2649 443 2690 victu
495 2651 716 2690 communi
766 2649 1014 2701 eodemque

180 2705 301 2747 cultu
316 2710 455 2754 utens,
472 2718 550 2746 eos
565 2705 622 2746 ad
636 2706 896 2758 apostolicae
911 2706 1015 2746 vitae

484 183 555 216 Dic
572 183 627 216 28.
646 181 823 224 Augusti.
851 182 886 215 S.
907 180 1117 223 Augustini
1135 180 1273 222 Episc.,
1292 179 1401 213 Conf.
1420 183 1456 213 et
1474 178 1583 212 Doct.

1046 278 1349 332 doctrinaeque
1387 278 1666 331 disciplinam
1703 277 1881 327 diligen-

1046 336 1214 377 tissime
1242 335 1484 378 erudiebat.
1521 335 1609 377 Sed
1638 348 1738 377 cum
1767 333 1881 384 vige-

1047 398 1114 434 ret
1141 392 1488 434 Manichaeorum
1519 391 1722 441 haeresis,
1753 388 1882 431 vehe-

1047 449 1236 490 mentius
1255 449 1299 490 in
1314 449 1434 490 illam
1449 448 1595 490 invehi
1610 447 1758 500 coepit,
1777 446 1882 487 For-

1047 508 1336 558 tunatumque
1364 504 1706 547 haeresiarcham
1736 502 1884 545 confu-

1047 562 1169 603 tavit.

1106 621 1156 672 Rt·
1178 619 1331 659 Inveni
1357 617 1504 659 David
1528 629 1705 658 servum
1727 628 1885 666 meum,

1051 674 1150 716 oleo
1178 680 1332 716 sancto
1357 687 1458 716 meo
1482 673 1588 715 unxi
1614 686 1729 715 eum:
1757 672 1884 713 *Ma-

1051 744 1132 772 nus
1148 732 1264 773 enim
1278 744 1377 773 mea
1392 730 1673 772 auxiliabitur
1689 729 1740 771 ei.
1759 723 1811 776 V.
1819 728 1889 769 Ni·

1051 787 1111 828 hil
1126 788 1332 840 proficiet
1346 788 1547 828 inimicus
1562 787 1607 827 in
1623 799 1688 835 eo,
1704 790 1749 828 et
1769 784 1888 826 filius

1051 844 1295 896 iniquitatis
1313 857 1402 886 non
1426 843 1605 885 nocebit
1625 843 1675 884 ei.
1720 842 1888 885 ManuS.

1368 900 1523 941 Lectio
1543 914 1581 941 v.

1153 969 1204 998 ac
1233 956 1468 1008 Augustini
1499 956 1667 1008 pietate
1696 955 1889 996 comme-

1170 1018 1241 1054 tus
1266 1013 1489 1062 Valerius,
1518 1025 1619 1054 eum
1643 1011 1890 1063 adjutorem

1054 1069 1254 1111 adhibuit
1283 1068 1553 1122 episcopalis
1583 1067 1729 1109 officii.
1770 1065 1891 1108 Nihil

1054 1126 1129 1167 illo
1163 1126 1244 1167 fuit
1276 1125 1497 1175 humilius,
1529 1124 1637 1165 nihil
1669 1123 1890 1165 continen-

1054 1183 1152 1225 tius.
1173 1182 1335 1224 Lectus
1355 1195 1408 1224 ac
1423 1183 1610 1223 vestitus
1624 1179 1891 1229 moderatus,

1056 1239 1249 1290 vulgaris
1259 1251 1423 1286 mensa,
1436 1250 1568 1290 quam
1580 1249 1755 1290 semper
1766 1248 1893 1277 sacra

1056 1295 1125 1337 vel
1151 1295 1342 1337 lectione
1367 1294 1438 1336 vel
1464 1293 1765 1346 disputatione
1791 1305 1891 1334 con·

1057 1351 1216 1393 diebat.
1258 1351 1402 1392 Tanta
1435 1349 1707 1401 benignitate
1736 1349 1818 1390 fuit
1848 1348 1893 1389 in
1951 1396 1954 1399 .

1056 1411 1293 1461 pauperes,
1324 1412 1389 1457 ut,
1422 1419 1522 1448 cum
1546 1419 1636 1448 non
1662 1409 1780 1447 esset
1809 1404 1894 1446 alia

1057 1464 1260 1514 facultas,
1297 1476 1424 1505 sacra
1451 1476 1558 1505 vasa
1586 1463 1809 1513 frangeret
1836 1460 1894 1503 ad

1058 1523 1211 1563 eorum
1230 1521 1427 1573 inopiam
1449 1518 1795 1562 sustentandam.
1814 1518 1894 1560 Fe-

1057 1578 1292 1627 minarum,
1320 1582 1364 1618 et
1383 1577 1427 1617 in
1447 1576 1510 1617 eis
1530 1575 1713 1625 sororis,
1743 1579 1788 1617 et
1812 1574 1894 1615 fra-

1059 1635 1139 1676 tris
1166 1634 1286 1684 filiae,
1315 1632 1652 1675 contubernium
1676 1630 1894 1673 familiari-

1058 1693 1284 1742 tatemque
1304 1689 1476 1731 vitavit:
1498 1689 1664 1742 quippe
1684 1688 1759 1740 qui
1779 1687 1899 1729 dice-·

1059 1752 1137 1796 ret,
1155 1747 1237 1788 etsi
1252 1748 1517 1799 propinquae
1531 1745 1738 1787 mulieres
1753 1745 1896 1796 suspe-

1061 1809 1144 1845 ctae
1163 1816 1251 1845 non
1272 1807 1436 1852 essent,
1455 1807 1604 1844 tamen
1623 1814 1724 1854 quae
1743 1801 1801 1842 ad
1820 1813 1896 1842 eas

1061 1860 1344 1908 ventitarent,
1364 1871 1500 1912 posse
1519 1858 1818 1910 suspicienem
1837 1856 1895 1898 ef-

1061 1916 1206 1958 ficere.
1242 1915 1424 1956 Nullum
1451 1915 1583 1956 finem
1610 1914 1714 1956 fecit
1738 1911 1896 1966 praedi-

1062 1972 1193 2014 candi
1212 1972 1297 2013 Dei
1317 1971 1517 2020 verbum,
1537 1971 1622 2011 nisi
1639 1970 1764 2021 gravi
1782 1982 1896 2011 mor-

1062 2028 1121 2070 bo
1155 2029 1409 2081 oppressus.
1458 2027 1709 2069 Haereticos
1741 2027 1897 2079 perpe·
1934 2069 1937 2072 ,

1062 2090 1140 2126 tuo
1160 2085 1402 2126 insectatus
1423 2088 1466 2125 et
1484 2096 1635 2125 coram
1649 2088 1694 2125 et
1709 2082 1898 2135 scriptis,

1064 2153 1116 2182 ac
1147 2140 1268 2182 nullo
1307 2140 1408 2181 loco
1442 2152 1601 2192 passus
1635 2141 1898 2188 consistere,

1063 2197 1260 2239 Africam
1286 2209 1311 2237 a
1330 2195 1691 2246 Manichaeorum,
1717 2195 1898 2237 Donati-

1064 2256 1243 2303 starum,
1257 2252 1603 2303 Pelagianorum,
1623 2252 1899 2304 aliorumque

1065 2311 1284 2363 praeterea
1307 2309 1618 2350 haereticorum
1642 2311 1791 2350 errore
1811 2320 1899 2348 ma-

1064 2379 1150 2418 gna
1169 2379 1223 2407 ex
1243 2371 1369 2418 parte
1388 2364 1602 2406 liberavit.

1117 2423 1167 2474 R.
1201 2422 1336 2463 Posui
1369 2421 1633 2472 adjutorium
1662 2433 1795 2473 super
1823 2433 1899 2472 po-

1066 2481 1251 2526 tentem,
1299 2483 1342 2520 et
1383 2477 1573 2519 exaltavi
1614 2476 1804 2519 electum
1845 2475 1900 2518 de

1067 2535 1198 2588 plebe
1240 2547 1352 2575 mea:
1386 2534 1409 2558 *
1449 2534 1605 2574 Manus
1647 2534 1762 2574 enim
1802 2546 1902 2574 mea

1069 2591 1348 2633 auxiliabitur
1383 2590 1433 2631 ei.
1487 2582 1536 2634 V.
1574 2590 1728 2631 Inveni
1755 2589 1902 2631 David

1068 2660 1244 2689 servum
1275 2659 1437 2695 meum,
1480 2645 1579 2687 oleo
1614 2652 1768 2688 sancto
1800 2659 1900 2688 meo

1069 2704 1175 2746 unxi
1199 2716 1309 2745 eum.
1346 2702 1513 2743 Manus.
