2040 2944
523 176 592 209 Die
618 176 669 208 223.
696 176 793 209 Nov.
842 175 876 208 S.
903 176 1111 209 Clementis
1141 176 1257 217 l'apze
1284 182 1319 209 et
1348 176 1451 209 Mart.

130 272 175 312 in
201 271 346 324 capite
375 272 467 323 ejus
494 273 703 313 corenam
731 271 787 313 de
814 271 963 324 lapide

130 327 340 380 pretieso.
368 327 602 380 Expressa.

219 389 372 431 Lectio
395 389 478 428 viii.
691 389 793 429 Can.
809 389 872 428 27.

131 427 387 552 Quisnam
432 449 499 486 est
543 443 687 486 fidelis
728 457 882 486 servus
920 449 964 486 et

231 501 445 554 prudens,
475 514 607 554 quem
630 501 857 543 constituit
875 501 963 542 De-

129 557 273 599 minus
284 571 366 611 sup
371 570 417 600 er
426 557 636 599 familiam
646 556 792 599 suam?
805 558 962 607 Quam-

132 628 264 667 quam
281 615 325 656 in
345 617 579 656 commune
598 627 679 656 nos
703 614 760 656 ad
778 613 964 656 indefes-

131 684 227 713 sam
251 671 489 722 vigilantiae
515 684 665 712 curam
690 670 964 712 adhortetur:

132 728 372 781 specialem
398 732 547 769 tamen
578 727 733 780 pepuli
759 728 964 780 principi-

130 784 226 834 buS,
249 784 296 826 id
315 789 392 834 est,
417 784 652 837 episcopis,
675 785 719 825 in
739 789 964 836 exspecta-

131 840 252 882 tiene
284 839 567 892 adventuque
600 853 680 881 suo
709 840 964 882 sollicitudi-

132 909 234 939 nem
259 896 450 938 mandat.
490 897 622 939 Hunc
650 897 765 938 enim
789 910 965 938 servum

133 953 310 995 fidelem
329 958 464 1005 atque
482 953 764 1006 prudentem,
792 955 965 1006 praepe-

133 1010 266 1052 situm
283 1009 459 1051 familiae
479 1010 708 1061 signifieat,
731 1009 966 1051 commoda

133 1071 266 1118 atque
291 1066 505 1108 utilitates
531 1067 755 1108 commissi
781 1066 866 1109 sibi
888 1068 965 1119 pe-

133 1122 226 1175 puli
260 1124 496 1164 curantem.
555 1123 639 1173 Qui
670 1123 707 1164 si
740 1122 860 1165 dicto
893 1126 965 1164 ali-

134 1177 277 1229 dienS,
306 1184 350 1221 et
374 1180 612 1232 praeceptis
638 1179 850 1231 obediens
875 1180 966 1228 erit,

132 1235 179 1277 id
207 1241 292 1286 est,
324 1236 362 1277 si
390 1235 604 1278 doctrinae
633 1236 967 1289 opportunitate

134 1297 180 1335 et
195 1293 382 1335 veritate
405 1292 579 1334 infirma
603 1293 851 1342 confirmet,
881 1291 966 1334 dis-

134 1352 266 1402 rupta
293 1348 558 1399 consolidet,
591 1349 835 1402 depravata
867 1361 967 1390 con-

134 1407 295 1456 vertat,
324 1410 368 1447 et
390 1405 576 1447 verbum
599 1406 703 1447 vitae
726 1406 771 1446 in
795 1405 966 1447 aeterni-

133 1461 236 1504 tatis
254 1461 401 1504 cibum
419 1461 589 1503 alendae
604 1462 781 1503 familiae
797 1462 968 1514 dispen-

135 1517 228 1569 dat,
256 1523 389 1570 atque
414 1518 512 1560 haec
537 1531 688 1570 agens,
716 1519 873 1571 hisque
892 1520 967 1559 im-

134 1588 312 1617 morans
337 1574 712 1627 deprehendatur:
737 1575 924 1626 gloriam
943 1588 968 1616 a

135 1631 327 1673 Demino
358 1635 584 1684 tamquam
613 1631 895 1685 dispensator
922 1632 968 1672 fi-

137 1687 248 1729 delis
269 1692 312 1729 et
330 1687 504 1729 villicus
523 1687 643 1730 utilis
662 1690 968 1741 consequetur,

137 1748 182 1786 et
202 1756 336 1796 super
356 1744 502 1785 emnia
524 1743 643 1786 bona
662 1745 968 1795 constituetur3

135 1799 183 1842 id
210 1805 296 1851 est,
327 1800 372 1841 in
389 1800 474 1842 Dei
501 1800 640 1852 gleria
668 1801 968 1852 collocabitur,

138 1856 240 1908 quia
257 1855 364 1897 nihil
379 1856 435 1898 sit
448 1856 575 1907 ultra,
596 1857 717 1909 quod
730 1858 886 1900 melius
901 1858 969 1899 sit.

190 1914 241 1966 R.
265 1913 351 1954 Hic
373 1917 441 1954 est
463 1925 567 1954 vere
586 1913 764 1966 Martyr‚
790 1914 866 1966 qui
884 1927 968 1967 pro

139 1969 302 2011 Christi
336 1969 511 2011 nemine
548 1970 806 2021 sanguinem
842 1983 970 2011 suum

138 2025 266 2068 fudit:
288 2027 310 2050 *
329 2025 415 2076 Qui
437 2025 577 2067 minas
596 2026 788 2078 judicum
812 2039 901 2068 non
918 2029 969 2069 ti-

137 2082 262 2132 muit,
294 2094 376 2123 nec
406 2083 595 2124 terrenae
624 2081 847 2134 dignitatis
879 2082 968 2134 gle-

137 2138 248 2180 riam
267 2138 482 2191 quaesivit,
507 2138 587 2180 sed
606 2138 664 2180 ad
683 2138 881 2180 coelestia
905 2151 968 2180 re-

137 2207 223 2245 gna
254 2194 466 2248 pervenit.
503 2187 554 2239 XI.
581 2194 754 2237 Justum
787 2195 970 2237 deduxit

137 2251 354 2292 Deminus
374 2263 455 2304 per
475 2251 567 2292 vias
588 2256 744 2302 rectas,
765 2256 808 2293 et
826 2253 968 2294 osten-

140 2306 205 2348 dit
234 2307 298 2348 illi
328 2320 511 2358 regnum
541 2307 636 2349 Dei.
674 2308 770 2358 Qui.
818 2307 971 2349 Gleria

139 2363 270 2404 Patri.
298 2364 392 2414 Qui.
420 2378 423 2380 “
475 2372 489 2379 “

309 2426 385 2460 Pro
410 2426 445 2461 S.
470 2427 671 2461 Felicitate
695 2427 803 2462 Mart.

206 2479 359 2523 Sermo
379 2481 520 2523 sancti
540 2481 745 2532 Gregorii
762 2481 909 2533 Papae.

302 2536 361 2569 Ex
377 2535 549 2569 Homilia
564 2536 593 2569 3.
610 2536 649 2569 in
666 2536 811 2578 Evang.

444 2584 595 2624 Lectio
616 2585 670 2623 ix.

226 2641 326 2681 eata
342 2639 566 2691 Felicitas,
595 2642 716 2692 cujus
741 2639 874 2681 hedie
899 2652 971 2681 na-

246 2695 388 2738 talitia
412 2696 704 2747 celebramus,
731 2701 902 2748 septem
923 2695 971 2736 fi-

298 2837 362 2861 Pars
378 2837 548 2862 Autumnalis.

1783 179 1849 215 457

1015 271 1098 313 lios
1118 271 1181 312 sic
1199 277 1304 324 post
1323 285 1371 313 se
1390 273 1534 314 timuit
1548 273 1675 314 vivos
1695 273 1739 314 in
1758 287 1847 315 car-

1015 341 1071 369 ne
1098 327 1363 380 relinquere,
1397 329 1510 371 sicut
1544 330 1742 372 carnales
1774 344 1848 384 pa-

1016 386 1163 426 rentes
1183 384 1327 427 solent
1343 388 1555 436 metuere,
1574 399 1629 428 ne
1648 389 1849 428 mertuos

1016 443 1299 493 praemittant.
1326 442 1378 482 In
1396 443 1718 494 persecutionis
1735 443 1849 485 enim

1016 496 1170 539 labere
1191 495 1476 550 deprehensa,
1502 499 1694 540 filierum
1713 499 1851 541 corda

1016 554 1060 594 in
1088 555 1239 595 amere
1274 556 1477 606 supernae
1504 556 1662 607 patriae
1690 555 1849 609 praedi-

1018 609 1159 651 cando
1180 610 1424 661 roboravit,
1450 616 1494 653 et
1512 613 1746 664 parturivit
1765 615 1849 666 spi-

1017 667 1114 716 ritu,
1136 679 1248 718 quos
1265 680 1395 709 carne
1410 670 1659 720 pepererat;
1678 675 1727 711 ut
1739 683 1850 722 prae-

1018 723 1240 765 dicatiene
1259 726 1437 776 pareret
1455 725 1564 776 Deo,
1588 739 1699 778 quos
1720 739 1851 768 carne

1018 782 1252 832 pepererat
1278 780 1456 822 mundo.
1492 782 1720 834 Numquid
1747 795 1850 834 ergo

1018 836 1130 878 hanc
1151 837 1358 878 feminam
1378 838 1618 890 Martyrem
1642 838 1851 881 dixerim?

1018 893 1106 934 Sed
1125 893 1224 946 plus
1247 906 1378 946 quam
1394 894 1647 947 Martyrem:
1668 908 1767 947 quae
1787 908 1851 937 se-

1019 955 1141 1002 ptem
1167 949 1426 1002 pigneribus
1452 950 1509 992 ad
1534 964 1717 1003 regnum
1742 965 1852 1005 prae-

1018 1007 1181 1057 missis,
1206 1012 1275 1049 tot
1298 1013 1398 1049 ante
1423 1020 1470 1049 se
1493 1011 1695 1050 mertuos
1715 1014 1851 1050 trans-

1018 1063 1147 1105 misit.
1176 1063 1250 1105 Ad
1268 1077 1447 1116 poenam
1467 1065 1608 1116 prima
1622 1066 1753 1115 venit,
1773 1065 1853 1107 sed

1019 1120 1220 1172 pervenit
1240 1123 1410 1162 octava.

1076 1178 1135 1217 Te
1154 1176 1298 1217 Deum
1316 1176 1558 1218 laudamus.
1578 1179 1637 1218 14.

1284 1254 1363 1295 Ad
1389 1254 1586 1297 Laudes

1228 1317 1277 1347 et
1316 1322 1412 1355 per
1448 1312 1644 1346 Horas.

1074 1370 1173 1410 Ant.
1194 1370 1222 1409 1.
1253 1369 1419 1410 Orante
1443 1373 1597 1410 sancto
1618 1369 1853 1420 Clemente,

1020 1426 1044 1452 *
1063 1424 1269 1478 apparuit
1289 1424 1328 1466 ei
1347 1425 1501 1476 Agnus
1521 1425 1616 1467 Dei.

1074 1482 1142 1521 Ps.
1165 1481 1379 1522 Deminus
1400 1482 1612 1533 regnavit.
1632 1483 1691 1524 15.

1074 1543 1109 1582 2.
1136 1542 1235 1583 Non
1254 1542 1365 1583 meis
1385 1543 1555 1584 meritis
1570 1545 1594 1571 *
1609 1542 1666 1585 ad
1684 1556 1765 1585 vos
1784 1557 1854 1585 me

1021 1598 1139 1640 misit
1183 1598 1417 1648 Dominus,
1473 1599 1631 1640 vestris
1678 1600 1854 1641 corenis

1020 1654 1283 1707 participem
1303 1655 1410 1696 fieri.

1076 1711 1112 1749 3.
1142 1710 1245 1752 Vidi
1268 1723 1403 1763 supra
1420 1716 1616 1753 montem
1636 1712 1659 1737 *
1678 1712 1855 1762 Agnum

1021 1771 1227 1818 stantem,
1265 1767 1321 1808 de
1350 1766 1432 1809 sub
1462 1768 1583 1818 cujus
1611 1767 1726 1820 pede
1755 1768 1853 1809 fons

1021 1823 1147 1865 vivus
1167 1825 1355 1865 emanat.

1078 1883 1115 1921 4.
1144 1882 1213 1921 De
1237 1880 1319 1922 sub
1346 1881 1468 1933 cujus
1491 1879 1607 1933 pede
1626 1881 1649 1907 *
1672 1881 1771 1923 fons
1795 1882 1854 1923 vi-

1022 1949 1103 1978 vus
1134 1938 1324 1986 emanat,
1351 1936 1542 1978 fluminis
1566 1939 1758 1990 impetus
1783 1938 1855 1979 lae-

1021 1992 1160 2034 tificat
1180 1993 1405 2035 civitatem
1422 1993 1518 2035 Dei.

1079 2052 1117 2090 5.
1156 2051 1318 2091 Omnes
1349 2055 1504 2101 gentes
1535 2050 1559 2075 *
1591 2062 1671 2102 per
1700 2064 1856 2103 gyrum

1023 2104 1305 2148 crediderunt
1328 2105 1502 2147 Christo
1522 2106 1725 2148 Demino.

1081 2171 1341 2223 Capitulum.
1618 2167 1640 2206 J
1644 2180 1705 2207 ac.
1722 2168 1750 2205 1.
1768 2166 1804 2205 b.

1022 2228 1231 2334 Beatus
1258 2234 1340 2283 vir,
1369 2233 1444 2285 qui
1472 2232 1626 2274 suffert
1652 2233 1855 2275 tentatie-

1128 2302 1243 2331 nem:
1278 2289 1486 2342 queniam
1515 2302 1614 2330 cum
1640 2289 1855 2341 probatus

1022 2345 1165 2395 fuerit,
1177 2346 1364 2398 accipiet
1375 2347 1585 2387 corenam
1595 2345 1709 2396 vitae,
1724 2358 1856 2397 quam

1022 2401 1277 2454 repromisit
1295 2402 1416 2443 Deus
1436 2400 1716 2452 diligentibus
1736 2414 1795 2443 se.

1340 2464 1548 2513 Hymnus.

1123 2527 1269 2568 nvicte
1287 2526 1465 2578 Martyr,
1484 2526 1661 2568 unicum

1154 2582 1298 2624 Patris
1318 2585 1496 2624 secutus
1513 2582 1683 2632 Filium,

1128 2639 1271 2680 Victis
1289 2634 1534 2691 triumphas
1552 2638 1764 2687 hestibus,

1129 2695 1285 2736 Victor
1303 2694 1452 2736 fruens
1471 2694 1737 2736 coelestibus.

1606 2825 1649 2857 30
