<?xml version="1.0" encoding="UTF-8"?>
<!DOCTYPE html PUBLIC "-//W3C//DTD XHTML 1.0 Transitional//EN"
    "http://www.w3.org/TR/xhtml1/DTD/xhtml1-transitional.dtd">
<html xmlns="http://www.w3.org/1999/xhtml" xml:lang="en" lang="en">
 <head>
  <title>
</title>
<meta http-equiv="Content-Type" content="text/html;charset=utf-8" />
  <meta name='ocr-system' content='tesseract 3.04.00' />
  <meta name='ocr-capabilities' content='ocr_page ocr_carea ocr_par ocr_line ocrx_word'/>
</head>
<body>
  <div class='ocr_page' id='page_1' title='image "./p4breviariumroma00cathuoft_0536.png"; bbox 0 0 2040 2944; ppageno 0'>
   <div class='ocr_carea' id='block_1_1' title="bbox 655 187 1395 231">
    <p class='ocr_par' dir='ltr' id='par_1_1' title="bbox 655 187 1395 231">
     <span class='ocr_line' id='line_1_1' title="bbox 655 187 1395 231; baseline -0.003 -8"><span class='ocrx_word' id='word_1_1' title='bbox 655 189 867 223; x_wconf 80' lang='lat' dir='ltr'>Commune</span> <span class='ocrx_word' id='word_1_2' title='bbox 894 188 1149 231; x_wconf 88' lang='lat' dir='ltr'>plurimorum</span> <span class='ocrx_word' id='word_1_3' title='bbox 1174 187 1395 231; x_wconf 78' lang='lat' dir='ltr'><strong>Martyrum.</strong></span> 
     </span>
    </p>
   </div>
   <div class='ocr_carea' id='block_1_2' title="bbox 166 283 1000 734">
    <p class='ocr_par' dir='ltr' id='par_1_2' title="bbox 166 283 998 441">
     <span class='ocr_line' id='line_1_2' title="bbox 220 283 998 335; baseline -0.005 -7"><span class='ocrx_word' id='word_1_4' title='bbox 220 283 269 335; x_wconf 62' lang='lat' dir='ltr'>Y.</span> <span class='ocrx_word' id='word_1_5' title='bbox 294 284 526 326; x_wconf 83' lang='lat' dir='ltr'>Laetamini</span> <span class='ocrx_word' id='word_1_6' title='bbox 552 284 596 325; x_wconf 92' lang='lat' dir='ltr'>in</span> <span class='ocrx_word' id='word_1_7' title='bbox 617 283 826 333; x_wconf 91' lang='lat' dir='ltr'>Domino,</span> <span class='ocrx_word' id='word_1_8' title='bbox 855 288 899 325; x_wconf 91' lang='lat' dir='ltr'>et</span> <span class='ocrx_word' id='word_1_9' title='bbox 927 296 998 325; x_wconf 82' lang='lat' dir='ltr'>ex-</span> 
     </span>
     <span class='ocr_line' id='line_1_3' title="bbox 166 340 998 394; baseline -0.004 -10"><span class='ocrx_word' id='word_1_10' title='bbox 166 343 325 385; x_wconf 88' lang='lat' dir='ltr'>sultate</span> <span class='ocrx_word' id='word_1_11' title='bbox 350 341 460 393; x_wconf 91' lang='lat' dir='ltr'>justi.</span> <span class='ocrx_word' id='word_1_12' title='bbox 503 343 555 394; x_wconf 68' lang='lat' dir='ltr'>R.</span> <span class='ocrx_word' id='word_1_13' title='bbox 585 341 643 383; x_wconf 90' lang='lat' dir='ltr'>Et</span> <span class='ocrx_word' id='word_1_14' title='bbox 675 340 923 391; x_wconf 69' lang='lat' dir='ltr'>gloriamini</span> <span class='ocrx_word' id='word_1_15' title='bbox 955 352 998 381; x_wconf 92' lang='lat' dir='ltr'>o·</span> 
     </span>
     <span class='ocr_line' id='line_1_4' title="bbox 166 397 584 441; baseline -0.007 0"><span class='ocrx_word' id='word_1_16' title='bbox 166 412 289 441; x_wconf 91' lang='lat' dir='ltr'>mnes</span> <span class='ocrx_word' id='word_1_17' title='bbox 310 398 418 439; x_wconf 89' lang='lat' dir='ltr'>recti</span> <span class='ocrx_word' id='word_1_18' title='bbox 438 397 584 439; x_wconf 90' lang='lat' dir='ltr'>corde.</span> 
     </span>
    </p>

    <p class='ocr_par' dir='ltr' id='par_1_3' title="bbox 166 458 1000 734">
     <span class='ocr_line' id='line_1_5' title="bbox 220 458 1000 512; baseline -0.006 -10"><span class='ocrx_word' id='word_1_19' title='bbox 220 462 289 502; x_wconf 66' lang='lat' dir='ltr'>Ad</span> <span class='ocrx_word' id='word_1_20' title='bbox 335 462 506 512; x_wconf 76' lang='lat' dir='ltr'>Magnis.</span> <span class='ocrx_word' id='word_1_21' title='bbox 550 462 650 501; x_wconf 75' lang='lat' dir='ltr'>Ant.</span> <span class='ocrx_word' id='word_1_22' title='bbox 694 458 886 499; x_wconf 86' lang='lat' dir='ltr'>Istorum</span> <span class='ocrx_word' id='word_1_23' title='bbox 933 461 1000 498; x_wconf 86' lang='lat' dir='ltr'>est</span> 
     </span>
     <span class='ocr_line' id='line_1_6' title="bbox 167 513 998 566; baseline -0.004 -9"><span class='ocrx_word' id='word_1_24' title='bbox 167 516 280 558; x_wconf 90' lang='lat' dir='ltr'>enim</span> <span class='ocrx_word' id='word_1_25' title='bbox 299 516 322 540; x_wconf 89' lang='lat'>*</span> <span class='ocrx_word' id='word_1_26' title='bbox 342 527 525 565; x_wconf 88' lang='lat' dir='ltr'>regnum</span> <span class='ocrx_word' id='word_1_27' title='bbox 546 514 776 563; x_wconf 86' lang='lat' dir='ltr'>coelorum,</span> <span class='ocrx_word' id='word_1_28' title='bbox 806 513 880 566; x_wconf 92' lang='lat' dir='ltr'>qui</span> <span class='ocrx_word' id='word_1_29' title='bbox 899 526 998 554; x_wconf 92' lang='lat' dir='ltr'>con-</span> 
     </span>
     <span class='ocr_line' id='line_1_7' title="bbox 166 570 999 624; baseline -0.004 -11"><span class='ocrx_word' id='word_1_30' title='bbox 166 573 441 624; x_wconf 82' lang='lat' dir='ltr'>tempserunt</span> <span class='ocrx_word' id='word_1_31' title='bbox 468 571 602 613; x_wconf 88' lang='lat' dir='ltr'>vitam</span> <span class='ocrx_word' id='word_1_32' title='bbox 626 570 794 620; x_wconf 90' lang='lat' dir='ltr'>mundi,</span> <span class='ocrx_word' id='word_1_33' title='bbox 833 575 876 612; x_wconf 90' lang='lat' dir='ltr'>et</span> <span class='ocrx_word' id='word_1_34' title='bbox 902 582 999 622; x_wconf 87' lang='lat' dir='ltr'>per-</span> 
     </span>
     <span class='ocr_line' id='line_1_8' title="bbox 166 626 999 680; baseline -0.004 -10"><span class='ocrx_word' id='word_1_35' title='bbox 166 631 379 670; x_wconf 77' lang='lat' dir='ltr'>venerunt</span> <span class='ocrx_word' id='word_1_36' title='bbox 398 627 454 670; x_wconf 93' lang='lat' dir='ltr'>ad</span> <span class='ocrx_word' id='word_1_37' title='bbox 473 628 656 680; x_wconf 68' lang='lat' dir='ltr'>praemia</span> <span class='ocrx_word' id='word_1_38' title='bbox 671 627 803 678; x_wconf 83' lang='lat' dir='ltr'>regni,</span> <span class='ocrx_word' id='word_1_39' title='bbox 828 631 871 668; x_wconf 92' lang='lat' dir='ltr'>et</span> <span class='ocrx_word' id='word_1_40' title='bbox 885 626 999 667; x_wconf 76' lang='lat' dir='ltr'>lave-</span> 
     </span>
     <span class='ocr_line' id='line_1_9' title="bbox 166 682 1000 734; baseline -0.005 -7"><span class='ocrx_word' id='word_1_41' title='bbox 166 690 267 727; x_wconf 89' lang='lat' dir='ltr'>runt</span> <span class='ocrx_word' id='word_1_42' title='bbox 291 685 430 727; x_wconf 88' lang='lat' dir='ltr'>stolas</span> <span class='ocrx_word' id='word_1_43' title='bbox 455 697 555 725; x_wconf 89' lang='lat' dir='ltr'>suas</span> <span class='ocrx_word' id='word_1_44' title='bbox 580 684 623 724; x_wconf 93' lang='lat' dir='ltr'>in</span> <span class='ocrx_word' id='word_1_45' title='bbox 643 683 854 734; x_wconf 87' lang='lat' dir='ltr'>sanguine</span> <span class='ocrx_word' id='word_1_46' title='bbox 875 682 1000 733; x_wconf 90' lang='lat' dir='ltr'>Agni.</span> 
     </span>
    </p>
   </div>
   <div class='ocr_carea' id='block_1_3' title="bbox 167 762 1003 1157">
    <p class='ocr_par' dir='ltr' id='par_1_4' title="bbox 167 762 1003 1157">
     <span class='ocr_line' id='line_1_10' title="bbox 291 762 882 815; baseline -0.008 -10"><span class='ocrx_word' id='word_1_47' title='bbox 291 766 374 805; x_wconf 79' lang='lat' dir='ltr'>Pro</span> <span class='ocrx_word' id='word_1_48' title='bbox 396 762 592 815; x_wconf 87' lang='lat' dir='ltr'>pluribus</span> <span class='ocrx_word' id='word_1_49' title='bbox 613 762 738 803; x_wconf 81' lang='lat' dir='ltr'>Mart.</span> <span class='ocrx_word' id='word_1_50' title='bbox 758 762 882 802; x_wconf 83' lang='lat' dir='ltr'>Pont.</span> 
     </span>
     <span class='ocr_line' id='line_1_11' title="bbox 500 827 663 868; baseline -0.012 0"><span class='ocrx_word' id='word_1_51' title='bbox 500 827 663 868; x_wconf 78' lang='lat' dir='ltr'>Oratio.</span> 
     </span>
     <span class='ocr_line' id='line_1_12' title="bbox 250 886 1001 939; baseline -0.004 -9"><span class='ocrx_word' id='word_1_52' title='bbox 250 890 448 930; x_wconf 85' lang='lat' dir='ltr'>catorum</span> <span class='ocrx_word' id='word_1_53' title='bbox 475 887 719 939; x_wconf 92' lang='lat' dir='ltr'>Martyrum</span> <span class='ocrx_word' id='word_1_54' title='bbox 747 886 1001 939; x_wconf 83' lang='lat' dir='ltr'>pariterque</span> 
     </span>
     <span class='ocr_line' id='line_1_13' title="bbox 271 945 1001 996; baseline -0.001 -11"><span class='ocrx_word' id='word_1_55' title='bbox 271 945 534 986; x_wconf 84' lang='lat' dir='ltr'>Pontificum</span> <span class='ocrx_word' id='word_1_56' title='bbox 552 948 604 988; x_wconf 89' lang='lat' dir='ltr'>N.</span> <span class='ocrx_word' id='word_1_57' title='bbox 627 949 670 985; x_wconf 89' lang='lat' dir='ltr'>et</span> <span class='ocrx_word' id='word_1_58' title='bbox 688 947 737 987; x_wconf 91' lang='lat' dir='ltr'>N.</span> <span class='ocrx_word' id='word_1_59' title='bbox 758 955 854 993; x_wconf 87' lang='lat' dir='ltr'>nos,</span> <span class='ocrx_word' id='word_1_60' title='bbox 886 945 1001 996; x_wconf 86' lang='lat' dir='ltr'>qua&#39;e-</span> 
     </span>
     <span class='ocr_line' id='line_1_14' title="bbox 167 1000 1003 1051; baseline -0.001 -8"><span class='ocrx_word' id='word_1_61' title='bbox 167 1014 317 1043; x_wconf 91' lang='lat' dir='ltr'>sumus</span> <span class='ocrx_word' id='word_1_62' title='bbox 336 1001 540 1051; x_wconf 89' lang='lat' dir='ltr'>Domine,</span> <span class='ocrx_word' id='word_1_63' title='bbox 572 1000 685 1042; x_wconf 89' lang='lat' dir='ltr'>festa</span> <span class='ocrx_word' id='word_1_64' title='bbox 704 1002 923 1042; x_wconf 89' lang='lat' dir='ltr'>tueantur:</span> <span class='ocrx_word' id='word_1_65' title='bbox 958 1004 1003 1042; x_wconf 90' lang='lat' dir='ltr'>et</span> 
     </span>
     <span class='ocr_line' id='line_1_15' title="bbox 169 1056 1001 1100; baseline -0.004 0"><span class='ocrx_word' id='word_1_66' title='bbox 169 1061 321 1100; x_wconf 89' lang='lat' dir='ltr'>eorum</span> <span class='ocrx_word' id='word_1_67' title='bbox 337 1056 615 1099; x_wconf 84' lang='lat' dir='ltr'>commendet</span> <span class='ocrx_word' id='word_1_68' title='bbox 633 1057 776 1098; x_wconf 89' lang='lat' dir='ltr'>oratio</span> <span class='ocrx_word' id='word_1_69' title='bbox 791 1058 1001 1098; x_wconf 84' lang='lat' dir='ltr'>veneran-</span> 
     </span>
     <span class='ocr_line' id='line_1_16' title="bbox 169 1114 836 1157; baseline -0.004 0"><span class='ocrx_word' id='word_1_70' title='bbox 169 1115 235 1157; x_wconf 89' lang='lat' dir='ltr'>da.</span> <span class='ocrx_word' id='word_1_71' title='bbox 263 1115 348 1156; x_wconf 90' lang='lat' dir='ltr'>Per</span> <span class='ocrx_word' id='word_1_72' title='bbox 368 1114 614 1156; x_wconf 85' lang='lat' dir='ltr'>Dominum</span> <span class='ocrx_word' id='word_1_73' title='bbox 625 1118 836 1155; x_wconf 89' lang='lat' dir='ltr'>nostrum.</span> 
     </span>
    </p>
   </div>
   <div class='ocr_carea' id='block_1_4' title="bbox 287 1193 882 1300">
    <p class='ocr_par' dir='ltr' id='par_1_5' title="bbox 287 1193 882 1300">
     <span class='ocr_line' id='line_1_17' title="bbox 287 1193 882 1237; baseline -0.008 0"><span class='ocrx_word' id='word_1_74' title='bbox 287 1196 330 1237; x_wconf 87' lang='lat' dir='ltr'>Si</span> <span class='ocrx_word' id='word_1_75' title='bbox 351 1208 436 1236; x_wconf 92' lang='lat' dir='ltr'>non</span> <span class='ocrx_word' id='word_1_76' title='bbox 459 1195 616 1235; x_wconf 89' lang='lat' dir='ltr'>fuerint</span> <span class='ocrx_word' id='word_1_77' title='bbox 636 1193 882 1234; x_wconf 81' lang='lat' dir='ltr'>Pontifices.</span> 
     </span>
     <span class='ocr_line' id='line_1_18' title="bbox 502 1259 664 1300; baseline -0.006 0"><span class='ocrx_word' id='word_1_78' title='bbox 502 1259 664 1300; x_wconf 79' lang='lat' dir='ltr'>Oratio.</span> 
     </span>
    </p>
   </div>
   <div class='ocr_carea' id='block_1_5' title="bbox 169 1312 1159 1421">
    <p class='ocr_par' dir='ltr' id='par_1_6' title="bbox 169 1312 1159 1421">
     <span class='ocr_line' id='line_1_19' title="bbox 169 1312 1159 1421; baseline 0 -61"><span class='ocrx_word' id='word_1_79' title='bbox 169 1314 351 1421; x_wconf 83' lang='lat' dir='ltr'>DeuS‚</span> <span class='ocrx_word' id='word_1_80' title='bbox 390 1318 463 1371; x_wconf 86' lang='lat' dir='ltr'>qui</span> <span class='ocrx_word' id='word_1_81' title='bbox 490 1331 571 1360; x_wconf 93' lang='lat' dir='ltr'>nos</span> <span class='ocrx_word' id='word_1_82' title='bbox 599 1316 805 1359; x_wconf 79' lang='lat' dir='ltr'>concedis</span> <span class='ocrx_word' id='word_1_83' title='bbox 833 1319 1003 1359; x_wconf 92' lang='lat' dir='ltr'>sancto·</span> <span class='ocrx_word' id='word_1_84' title='bbox 1069 1312 1159 1360; x_wconf 32' lang='grc' dir='ltr'>ἰὴ»,</span> 
     </span>
    </p>
   </div>
   <div class='ocr_carea' id='block_1_6' title="bbox 270 1374 1000 1428">
    <p class='ocr_par' dir='ltr' id='par_1_7' title="bbox 270 1374 1000 1428">
     <span class='ocr_line' id='line_1_20' title="bbox 270 1374 1000 1428; baseline 0.001 -12"><span class='ocrx_word' id='word_1_85' title='bbox 270 1389 366 1416; x_wconf 92' lang='lat' dir='ltr'>rum</span> <span class='ocrx_word' id='word_1_86' title='bbox 380 1375 624 1428; x_wconf 90' lang='lat' dir='ltr'>Martyrum</span> <span class='ocrx_word' id='word_1_87' title='bbox 638 1375 811 1416; x_wconf 88' lang='lat' dir='ltr'>tuorum</span> <span class='ocrx_word' id='word_1_88' title='bbox 828 1375 879 1416; x_wconf 90' lang='lat' dir='ltr'>N.</span> <span class='ocrx_word' id='word_1_89' title='bbox 892 1379 935 1415; x_wconf 87' lang='lat' dir='ltr'>et</span> <span class='ocrx_word' id='word_1_90' title='bbox 948 1374 1000 1417; x_wconf 89' lang='lat' dir='ltr'>N.</span> 
     </span>
    </p>
   </div>
   <div class='ocr_carea' id='block_1_7' title="bbox 169 1430 1104 1474">
    <p class='ocr_par' dir='ltr' id='par_1_8' title="bbox 169 1430 1104 1474">
     <span class='ocr_line' id='line_1_21' title="bbox 169 1430 1104 1474; baseline -0.001 -2"><span class='ocrx_word' id='word_1_91' title='bbox 169 1431 366 1474; x_wconf 87' lang='lat' dir='ltr'>natalitia</span> <span class='ocrx_word' id='word_1_92' title='bbox 382 1431 545 1473; x_wconf 88' lang='lat' dir='ltr'>colere:</span> <span class='ocrx_word' id='word_1_93' title='bbox 565 1431 622 1473; x_wconf 88' lang='lat' dir='ltr'>da</span> <span class='ocrx_word' id='word_1_94' title='bbox 636 1430 764 1472; x_wconf 90' lang='lat' dir='ltr'>nobis</span> <span class='ocrx_word' id='word_1_95' title='bbox 779 1431 823 1471; x_wconf 91' lang='lat' dir='ltr'>in</span> <span class='ocrx_word' id='word_1_96' title='bbox 840 1432 1006 1472; x_wconf 82' lang='lat' dir='ltr'>aeterna</span> <span class='ocrx_word' id='word_1_97' title='bbox 1060 1440 1063 1443; x_wconf 84' lang='grc'><em>·</em></span> <span class='ocrx_word' id='word_1_98' title='bbox 1090 1430 1104 1431; x_wconf 68' lang='grc'><em>”</em></span> 
     </span>
    </p>
   </div>
   <div class='ocr_carea' id='block_1_8' title="bbox 169 1487 1006 1959">
    <p class='ocr_par' dir='ltr' id='par_1_9' title="bbox 169 1487 1006 1959">
     <span class='ocr_line' id='line_1_22' title="bbox 169 1487 1005 1530; baseline 0 -1"><span class='ocrx_word' id='word_1_99' title='bbox 169 1487 441 1530; x_wconf 83' lang='lat' dir='ltr'>beatitudine</span> <span class='ocrx_word' id='word_1_100' title='bbox 488 1487 543 1529; x_wconf 91' lang='lat' dir='ltr'>de</span> <span class='ocrx_word' id='word_1_101' title='bbox 589 1489 743 1529; x_wconf 90' lang='lat' dir='ltr'>eorum</span> <span class='ocrx_word' id='word_1_102' title='bbox 793 1487 1005 1529; x_wconf 88' lang='lat' dir='ltr'>societate</span> 
     </span>
     <span class='ocr_line' id='line_1_23' title="bbox 170 1544 983 1595; baseline -0.002 -9"><span class='ocrx_word' id='word_1_103' title='bbox 170 1544 375 1595; x_wconf 83' lang='lat' dir='ltr'>gaudere.</span> <span class='ocrx_word' id='word_1_104' title='bbox 412 1544 498 1586; x_wconf 92' lang='lat' dir='ltr'>Per</span> <span class='ocrx_word' id='word_1_105' title='bbox 517 1544 756 1586; x_wconf 91' lang='lat' dir='ltr'>Dominum</span> <span class='ocrx_word' id='word_1_106' title='bbox 774 1548 983 1585; x_wconf 90' lang='lat' dir='ltr'>nostrum.</span> 
     </span>
     <span class='ocr_line' id='line_1_24' title="bbox 443 1621 727 1663; baseline 0 -2"><span class='ocrx_word' id='word_1_107' title='bbox 443 1622 542 1663; x_wconf 84' lang='lat' dir='ltr'>Alia</span> <span class='ocrx_word' id='word_1_108' title='bbox 563 1621 727 1663; x_wconf 86' lang='lat' dir='ltr'>Oratio.</span> 
     </span>
     <span class='ocr_line' id='line_1_25' title="bbox 259 1680 1006 1733; baseline -0.003 -10"><span class='ocrx_word' id='word_1_109' title='bbox 259 1694 351 1731; x_wconf 89' lang='lat' dir='ltr'>eus,</span> <span class='ocrx_word' id='word_1_110' title='bbox 382 1680 456 1733; x_wconf 92' lang='lat' dir='ltr'>qui</span> <span class='ocrx_word' id='word_1_111' title='bbox 479 1693 561 1722; x_wconf 94' lang='lat' dir='ltr'>nos</span> <span class='ocrx_word' id='word_1_112' title='bbox 587 1682 730 1722; x_wconf 85' lang='lat' dir='ltr'>annua</span> <span class='ocrx_word' id='word_1_113' title='bbox 754 1681 1006 1722; x_wconf 87' lang='lat' dir='ltr'>sanctorum</span> 
     </span>
     <span class='ocr_line' id='line_1_26' title="bbox 274 1737 1001 1789; baseline 0 -11"><span class='ocrx_word' id='word_1_114' title='bbox 274 1737 518 1789; x_wconf 90' lang='lat' dir='ltr'>Martyrum</span> <span class='ocrx_word' id='word_1_115' title='bbox 536 1739 713 1779; x_wconf 89' lang='lat' dir='ltr'>tuorum</span> <span class='ocrx_word' id='word_1_116' title='bbox 732 1738 783 1779; x_wconf 88' lang='lat' dir='ltr'>N.</span> <span class='ocrx_word' id='word_1_117' title='bbox 807 1741 851 1779; x_wconf 91' lang='lat' dir='ltr'>et</span> <span class='ocrx_word' id='word_1_118' title='bbox 863 1738 914 1778; x_wconf 91' lang='lat' dir='ltr'>N.</span> <span class='ocrx_word' id='word_1_119' title='bbox 934 1749 1001 1778; x_wconf 88' lang='lat' dir='ltr'>so-</span> 
     </span>
     <span class='ocr_line' id='line_1_27' title="bbox 171 1792 1006 1846; baseline -0.001 -12"><span class='ocrx_word' id='word_1_120' title='bbox 171 1794 395 1836; x_wconf 90' lang='lat' dir='ltr'>lemnitate</span> <span class='ocrx_word' id='word_1_121' title='bbox 414 1793 627 1835; x_wconf 83' lang='lat' dir='ltr'>laetificas:</span> <span class='ocrx_word' id='word_1_122' title='bbox 647 1792 842 1835; x_wconf 78' lang='lat' dir='ltr'>concede</span> <span class='ocrx_word' id='word_1_123' title='bbox 860 1795 1006 1846; x_wconf 85' lang='lat' dir='ltr'>propi-</span> 
     </span>
     <span class='ocr_line' id='line_1_28' title="bbox 172 1850 1006 1903; baseline -0.001 -11"><span class='ocrx_word' id='word_1_124' title='bbox 172 1851 274 1901; x_wconf 80' lang='lat' dir='ltr'>tius3</span> <span class='ocrx_word' id='word_1_125' title='bbox 293 1855 341 1892; x_wconf 94' lang='lat' dir='ltr'>ut</span> <span class='ocrx_word' id='word_1_126' title='bbox 362 1863 548 1903; x_wconf 92' lang='lat' dir='ltr'>quorum</span> <span class='ocrx_word' id='word_1_127' title='bbox 567 1850 809 1901; x_wconf 77' lang='lat' dir='ltr'>gaudemus</span> <span class='ocrx_word' id='word_1_128' title='bbox 827 1850 1006 1900; x_wconf 81' lang='lat' dir='ltr'>meritis,</span> 
     </span>
     <span class='ocr_line' id='line_1_29' title="bbox 173 1906 968 1959; baseline -0.001 -11"><span class='ocrx_word' id='word_1_129' title='bbox 173 1907 466 1949; x_wconf 71' lang='lat' dir='ltr'>accendamur</span> <span class='ocrx_word' id='word_1_130' title='bbox 486 1906 709 1959; x_wconf 79' lang='lat' dir='ltr'>exemplis.</span> <span class='ocrx_word' id='word_1_131' title='bbox 736 1907 821 1948; x_wconf 89' lang='lat' dir='ltr'>Per</span> <span class='ocrx_word' id='word_1_132' title='bbox 840 1907 968 1947; x_wconf 78' lang='lat' dir='ltr'>Dfim.</span> 
     </span>
    </p>
   </div>
   <div class='ocr_carea' id='block_1_9' title="bbox 337 1987 842 2030">
    <p class='ocr_par' dir='ltr' id='par_1_10' title="bbox 337 1987 842 2030">
     <span class='ocr_line' id='line_1_30' title="bbox 337 1987 842 2030; baseline 0.002 -1"><span class='ocrx_word' id='word_1_133' title='bbox 337 1988 426 2029; x_wconf 83' lang='lat' dir='ltr'>Ad</span> <span class='ocrx_word' id='word_1_134' title='bbox 452 1987 842 2030; x_wconf 80' lang='lat' dir='ltr'>Matutinum.</span> 
     </span>
    </p>
   </div>
   <div class='ocr_carea' id='block_1_10' title="bbox 174 2049 1007 2155">
    <p class='ocr_par' dir='ltr' id='par_1_11' title="bbox 174 2049 1007 2155">
     <span class='ocr_line' id='line_1_31' title="bbox 228 2049 1007 2102; baseline -0.001 -11"><span class='ocrx_word' id='word_1_135' title='bbox 228 2052 347 2093; x_wconf 81' lang='lat' dir='ltr'>lnvit.</span> <span class='ocrx_word' id='word_1_136' title='bbox 390 2053 559 2101; x_wconf 85' lang='lat' dir='ltr'><strong>Regem</strong></span> <span class='ocrx_word' id='word_1_137' title='bbox 586 2049 831 2102; x_wconf 74' lang='lat' dir='ltr'>Martyrum</span> <span class='ocrx_word' id='word_1_138' title='bbox 857 2049 1007 2091; x_wconf 83' lang='lat' dir='ltr'>Domi-</span> 
     </span>
     <span class='ocr_line' id='line_1_32' title="bbox 174 2105 784 2155; baseline 0 -8"><span class='ocrx_word' id='word_1_139' title='bbox 174 2109 324 2155; x_wconf 87' lang='lat' dir='ltr'>num‚*</span> <span class='ocrx_word' id='word_1_140' title='bbox 358 2107 518 2149; x_wconf 85' lang='lat' dir='ltr'>Venite</span> <span class='ocrx_word' id='word_1_141' title='bbox 538 2105 784 2148; x_wconf 81' lang='lat' dir='ltr'>adoremus.</span> 
     </span>
    </p>
   </div>
   <div class='ocr_carea' id='block_1_11' title="bbox 224 2166 976 2415">
    <p class='ocr_par' dir='ltr' id='par_1_12' title="bbox 224 2166 976 2415">
     <span class='ocr_line' id='line_1_33' title="bbox 224 2166 856 2217; baseline -0.002 -9"><span class='ocrx_word' id='word_1_142' title='bbox 224 2169 290 2208; x_wconf 88' lang='lat' dir='ltr'>l’s.</span> <span class='ocrx_word' id='word_1_143' title='bbox 318 2169 483 2217; x_wconf 86' lang='lat' dir='ltr'>Venite,</span> <span class='ocrx_word' id='word_1_144' title='bbox 512 2166 791 2210; x_wconf 76' lang='lat' dir='ltr'>exsultemus.</span> <span class='ocrx_word' id='word_1_145' title='bbox 819 2167 856 2207; x_wconf 89' lang='lat'>2.</span> 
     </span>
     <span class='ocr_line' id='line_1_34' title="bbox 482 2242 694 2292; baseline 0 -11"><span class='ocrx_word' id='word_1_146' title='bbox 482 2242 694 2292; x_wconf 79' lang='lat' dir='ltr'>Hymnus.</span> 
     </span>
     <span class='ocr_line' id='line_1_35' title="bbox 302 2305 976 2359; baseline -0.001 -12"><span class='ocrx_word' id='word_1_147' title='bbox 302 2306 440 2348; x_wconf 87' lang='lat' dir='ltr'>hristo</span> <span class='ocrx_word' id='word_1_148' title='bbox 460 2306 690 2359; x_wconf 81' lang='lat' dir='ltr'>profusum</span> <span class='ocrx_word' id='word_1_149' title='bbox 708 2305 976 2357; x_wconf 86' lang='lat' dir='ltr'>sanguinem,</span> 
     </span>
     <span class='ocr_line' id='line_1_36' title="bbox 331 2362 886 2415; baseline 0 -11"><span class='ocrx_word' id='word_1_150' title='bbox 331 2364 387 2405; x_wconf 84' lang='lat' dir='ltr'>Et</span> <span class='ocrx_word' id='word_1_151' title='bbox 405 2363 649 2415; x_wconf 90' lang='lat' dir='ltr'>Martyrum</span> <span class='ocrx_word' id='word_1_152' title='bbox 668 2362 886 2413; x_wconf 84' lang='lat' dir='ltr'>victorias,</span> 
     </span>
    </p>
   </div>
   <div class='ocr_carea' id='block_1_12' title="bbox 278 2418 907 2527">
    <p class='ocr_par' dir='ltr' id='par_1_13' title="bbox 278 2418 907 2527">
     <span class='ocr_line' id='line_1_37' title="bbox 278 2418 907 2471; baseline 0.002 -12"><span class='ocrx_word' id='word_1_153' title='bbox 278 2419 556 2471; x_wconf 88' lang='lat' dir='ltr'>Dignamque</span> <span class='ocrx_word' id='word_1_154' title='bbox 576 2418 691 2460; x_wconf 90' lang='lat' dir='ltr'>coelo</span> <span class='ocrx_word' id='word_1_155' title='bbox 711 2418 907 2461; x_wconf 80' lang='lat' dir='ltr'>lauream</span> 
     </span>
     <span class='ocr_line' id='line_1_38' title="bbox 279 2475 881 2527; baseline 0 -11"><span class='ocrx_word' id='word_1_156' title='bbox 279 2475 413 2517; x_wconf 87' lang='lat' dir='ltr'>Laetis</span> <span class='ocrx_word' id='word_1_157' title='bbox 432 2478 668 2527; x_wconf 85' lang='lat' dir='ltr'>sequamur</span> <span class='ocrx_word' id='word_1_158' title='bbox 687 2475 881 2518; x_wconf 90' lang='lat' dir='ltr'>vocibus.</span> 
     </span>
    </p>
   </div>
   <div class='ocr_carea' id='block_1_13' title="bbox 230 2539 926 2761">
    <p class='ocr_par' dir='ltr' id='par_1_14' title="bbox 230 2539 926 2761">
     <span class='ocr_line' id='line_1_39' title="bbox 230 2539 738 2590; baseline 0.002 -10"><span class='ocrx_word' id='word_1_159' title='bbox 230 2540 419 2582; x_wconf 88' lang='lat' dir='ltr'>Terrore</span> <span class='ocrx_word' id='word_1_160' title='bbox 439 2540 556 2581; x_wconf 84' lang='lat' dir='ltr'>victo</span> <span class='ocrx_word' id='word_1_161' title='bbox 578 2539 738 2590; x_wconf 70' lang='lat' dir='ltr'>saeculi,</span> 
     </span>
     <span class='ocr_line' id='line_1_40' title="bbox 279 2596 926 2649; baseline 0 -12"><span class='ocrx_word' id='word_1_162' title='bbox 279 2597 516 2648; x_wconf 81' lang='lat' dir='ltr'>Poenisque</span> <span class='ocrx_word' id='word_1_163' title='bbox 535 2596 694 2648; x_wconf 88' lang='lat' dir='ltr'>spretis</span> <span class='ocrx_word' id='word_1_164' title='bbox 715 2597 926 2649; x_wconf 84' lang='lat' dir='ltr'>corporis,</span> 
     </span>
     <span class='ocr_line' id='line_1_41' title="bbox 279 2652 875 2705; baseline 0.002 -12"><span class='ocrx_word' id='word_1_165' title='bbox 279 2652 435 2694; x_wconf 89' lang='lat' dir='ltr'>Mortis</span> <span class='ocrx_word' id='word_1_166' title='bbox 454 2665 591 2697; x_wconf 82' lang='lat' dir='ltr'>sacrae</span> <span class='ocrx_word' id='word_1_167' title='bbox 612 2653 875 2705; x_wconf 80' lang='lat' dir='ltr'>compendio</span> 
     </span>
     <span class='ocr_line' id='line_1_42' title="bbox 280 2708 882 2761; baseline -0.002 -11"><span class='ocrx_word' id='word_1_168' title='bbox 280 2709 429 2750; x_wconf 91' lang='lat' dir='ltr'>Vitam</span> <span class='ocrx_word' id='word_1_169' title='bbox 447 2708 622 2750; x_wconf 90' lang='lat' dir='ltr'>beatam</span> <span class='ocrx_word' id='word_1_170' title='bbox 642 2709 882 2761; x_wconf 88' lang='lat' dir='ltr'>possident.</span> 
     </span>
    </p>
   </div>
   <div class='ocr_carea' id='block_1_14' title="bbox 1106 281 1791 683">
    <p class='ocr_par' dir='ltr' id='par_1_15' title="bbox 1106 281 1791 683">
     <span class='ocr_line' id='line_1_43' title="bbox 1106 281 1713 334; baseline 0 -11"><span class='ocrx_word' id='word_1_171' title='bbox 1106 281 1359 324; x_wconf 80' lang='lat' dir='ltr'>Traduntur</span> <span class='ocrx_word' id='word_1_172' title='bbox 1377 281 1467 333; x_wconf 87' lang='lat' dir='ltr'>igni</span> <span class='ocrx_word' id='word_1_173' title='bbox 1484 281 1713 334; x_wconf 84' lang='lat' dir='ltr'>Martyres,</span> 
     </span>
     <span class='ocr_line' id='line_1_44' title="bbox 1156 337 1713 392; baseline -0.004 -12"><span class='ocrx_word' id='word_1_174' title='bbox 1156 339 1213 380; x_wconf 89' lang='lat' dir='ltr'>Et</span> <span class='ocrx_word' id='word_1_175' title='bbox 1231 337 1474 392; x_wconf 84' lang='lat' dir='ltr'>bestiarum</span> <span class='ocrx_word' id='word_1_176' title='bbox 1492 337 1713 380; x_wconf 70' lang='lat' dir='ltr'>dontibus:</span> 
     </span>
     <span class='ocr_line' id='line_1_45' title="bbox 1156 394 1679 446; baseline 0.002 -11"><span class='ocrx_word' id='word_1_177' title='bbox 1156 395 1341 436; x_wconf 89' lang='lat' dir='ltr'>Armata</span> <span class='ocrx_word' id='word_1_178' title='bbox 1360 394 1487 437; x_wconf 88' lang='lat' dir='ltr'>saevit</span> <span class='ocrx_word' id='word_1_179' title='bbox 1505 394 1679 446; x_wconf 81' lang='lat' dir='ltr'>ungulis</span> 
     </span>
     <span class='ocr_line' id='line_1_46' title="bbox 1157 451 1703 493; baseline -0.002 0"><span class='ocrx_word' id='word_1_180' title='bbox 1157 451 1359 493; x_wconf 90' lang='lat' dir='ltr'>Tortoris</span> <span class='ocrx_word' id='word_1_181' title='bbox 1378 451 1521 492; x_wconf 90' lang='lat' dir='ltr'>insani</span> <span class='ocrx_word' id='word_1_182' title='bbox 1538 464 1703 493; x_wconf 85' lang='lat' dir='ltr'>manus.</span> 
     </span>
     <span class='ocr_line' id='line_1_47' title="bbox 1107 515 1699 569; baseline -0.003 -10"><span class='ocrx_word' id='word_1_183' title='bbox 1107 516 1284 559; x_wconf 88' lang='lat' dir='ltr'>Nudata</span> <span class='ocrx_word' id='word_1_184' title='bbox 1303 515 1500 569; x_wconf 88' lang='lat' dir='ltr'>pendent</span> <span class='ocrx_word' id='word_1_185' title='bbox 1518 518 1699 567; x_wconf 87' lang='lat' dir='ltr'>viscera,</span> 
     </span>
     <span class='ocr_line' id='line_1_48' title="bbox 1157 573 1789 625; baseline -0.003 -9"><span class='ocrx_word' id='word_1_186' title='bbox 1157 573 1341 625; x_wconf 86' lang='lat' dir='ltr'>Sanguis</span> <span class='ocrx_word' id='word_1_187' title='bbox 1361 576 1560 614; x_wconf 89' lang='lat' dir='ltr'>sacratus</span> <span class='ocrx_word' id='word_1_188' title='bbox 1578 573 1789 615; x_wconf 79' lang='lat' dir='ltr'>funditur:</span> 
     </span>
     <span class='ocr_line' id='line_1_49' title="bbox 1157 629 1791 683; baseline -0.002 -10"><span class='ocrx_word' id='word_1_189' title='bbox 1157 630 1246 673; x_wconf 90' lang='lat' dir='ltr'>Sed</span> <span class='ocrx_word' id='word_1_190' title='bbox 1266 631 1526 683; x_wconf 77' lang='lat' dir='ltr'>permanent</span> <span class='ocrx_word' id='word_1_191' title='bbox 1543 629 1791 672; x_wconf 86' lang='lat' dir='ltr'>immobiles</span> 
     </span>
    </p>
   </div>
   <div class='ocr_carea' id='block_1_15' title="bbox 1109 686 1889 974">
    <p class='ocr_par' dir='ltr' id='par_1_16' title="bbox 1158 686 1671 739">
     <span class='ocr_line' id='line_1_50' title="bbox 1158 686 1671 739; baseline -0.004 -10"><span class='ocrx_word' id='word_1_192' title='bbox 1158 687 1276 729; x_wconf 79' lang='lat' dir='ltr'>Vitae</span> <span class='ocrx_word' id='word_1_193' title='bbox 1295 686 1500 739; x_wconf 75' lang='lat' dir='ltr'>perennis</span> <span class='ocrx_word' id='word_1_194' title='bbox 1520 686 1671 737; x_wconf 90' lang='lat' dir='ltr'>gratia.</span> 
     </span>
    </p>

    <p class='ocr_par' dir='ltr' id='par_1_17' title="bbox 1109 750 1889 917">
     <span class='ocr_line' id='line_1_51' title="bbox 1109 750 1889 804; baseline -0.004 -10"><span class='ocrx_word' id='word_1_195' title='bbox 1109 754 1172 794; x_wconf 87' lang='lat' dir='ltr'>Te</span> <span class='ocrx_word' id='word_1_196' title='bbox 1195 764 1311 793; x_wconf 91' lang='lat' dir='ltr'>nunc</span> <span class='ocrx_word' id='word_1_197' title='bbox 1329 750 1606 804; x_wconf 79' lang='lat' dir='ltr'>Redemptor</span> <span class='ocrx_word' id='word_1_198' title='bbox 1628 753 1889 803; x_wconf 67' lang='lat' dir='ltr'>quaesumus»,</span> 
     </span>
     <span class='ocr_line' id='line_1_52' title="bbox 1159 807 1727 859; baseline -0.004 -9"><span class='ocrx_word' id='word_1_199' title='bbox 1159 809 1218 850; x_wconf 89' lang='lat' dir='ltr'>Ut</span> <span class='ocrx_word' id='word_1_200' title='bbox 1237 807 1482 859; x_wconf 76' lang='lat' dir='ltr'>Martyrum</span> <span class='ocrx_word' id='word_1_201' title='bbox 1503 807 1727 849; x_wconf 90' lang='lat' dir='ltr'>consortio</span> 
     </span>
     <span class='ocr_line' id='line_1_53' title="bbox 1157 863 1806 917; baseline -0.006 -11"><span class='ocrx_word' id='word_1_202' title='bbox 1157 865 1321 915; x_wconf 88' lang='lat' dir='ltr'>Jungas</span> <span class='ocrx_word' id='word_1_203' title='bbox 1340 866 1575 917; x_wconf 89' lang='lat' dir='ltr'>precantes</span> <span class='ocrx_word' id='word_1_204' title='bbox 1595 863 1806 906; x_wconf 79' lang='lat' dir='ltr'>servulos.</span> 
     </span>
    </p>

    <p class='ocr_par' dir='ltr' id='par_1_18' title="bbox 1158 920 1878 974">
     <span class='ocr_line' id='line_1_54' title="bbox 1158 920 1878 974; baseline 0 -12"><span class='ocrx_word' id='word_1_205' title='bbox 1158 922 1211 962; x_wconf 92' lang='lat' dir='ltr'>In</span> <span class='ocrx_word' id='word_1_206' title='bbox 1230 921 1497 974; x_wconf 78' lang='lat' dir='ltr'>sempiterna</span> <span class='ocrx_word' id='word_1_207' title='bbox 1517 920 1689 963; x_wconf 70' lang='lat' dir='ltr'>saecula.</span> <span class='ocrx_word' id='word_1_208' title='bbox 1724 920 1878 962; x_wconf 87' lang='lat' dir='ltr'>Amen.</span> 
     </span>
    </p>
   </div>
   <div class='ocr_carea' id='block_1_16' title="bbox 1289 994 1649 1033">
    <p class='ocr_par' dir='ltr' id='par_1_19' title="bbox 1289 994 1649 1033">
     <span class='ocr_line' id='line_1_55' title="bbox 1289 994 1649 1033; baseline -0.003 0"><span class='ocrx_word' id='word_1_209' title='bbox 1289 994 1339 1032; x_wconf 90' lang='lat' dir='ltr'>In</span> <span class='ocrx_word' id='word_1_210' title='bbox 1366 994 1397 1033; x_wconf 90' lang='grc' dir='ltr'>Ι.</span> <span class='ocrx_word' id='word_1_211' title='bbox 1425 994 1649 1033; x_wconf 79' lang='lat' dir='ltr'>Nocturno.</span> 
     </span>
    </p>
   </div>
   <div class='ocr_carea' id='block_1_17' title="bbox 1055 1056 1891 1222">
    <p class='ocr_par' dir='ltr' id='par_1_20' title="bbox 1055 1056 1891 1222">
     <span class='ocr_line' id='line_1_56' title="bbox 1109 1056 1891 1108; baseline -0.003 -10"><span class='ocrx_word' id='word_1_212' title='bbox 1109 1060 1209 1099; x_wconf 78' lang='lat' dir='ltr'>Ant.</span> <span class='ocrx_word' id='word_1_213' title='bbox 1240 1058 1376 1099; x_wconf 86' lang='lat' dir='ltr'>Secus</span> <span class='ocrx_word' id='word_1_214' title='bbox 1397 1056 1611 1098; x_wconf 83' lang='lat' dir='ltr'>decursus</span> <span class='ocrx_word' id='word_1_215' title='bbox 1635 1058 1849 1108; x_wconf 89' lang='lat' dir='ltr'>aquarum</span> <span class='ocrx_word' id='word_1_216' title='bbox 1867 1056 1891 1082; x_wconf 86' lang='lat'>*</span> 
     </span>
     <span class='ocr_line' id='line_1_57' title="bbox 1055 1112 1891 1167; baseline -0.004 -11"><span class='ocrx_word' id='word_1_217' title='bbox 1055 1113 1272 1167; x_wconf 85' lang='lat' dir='ltr'>plantavit</span> <span class='ocrx_word' id='word_1_218' title='bbox 1303 1116 1478 1155; x_wconf 88' lang='lat' dir='ltr'>vineam</span> <span class='ocrx_word' id='word_1_219' title='bbox 1509 1113 1739 1165; x_wconf 89' lang='lat' dir='ltr'>justorum,</span> <span class='ocrx_word' id='word_1_220' title='bbox 1777 1117 1821 1154; x_wconf 90' lang='lat' dir='ltr'>et</span> <span class='ocrx_word' id='word_1_221' title='bbox 1847 1112 1891 1153; x_wconf 92' lang='lat' dir='ltr'>in</span> 
     </span>
     <span class='ocr_line' id='line_1_58' title="bbox 1056 1169 1859 1222; baseline -0.002 -10"><span class='ocrx_word' id='word_1_222' title='bbox 1056 1171 1154 1222; x_wconf 88' lang='lat' dir='ltr'>lege</span> <span class='ocrx_word' id='word_1_223' title='bbox 1172 1170 1352 1212; x_wconf 85' lang='lat' dir='ltr'>Domini</span> <span class='ocrx_word' id='word_1_224' title='bbox 1371 1170 1451 1212; x_wconf 88' lang='lat' dir='ltr'>fuit</span> <span class='ocrx_word' id='word_1_225' title='bbox 1470 1169 1676 1212; x_wconf 83' lang='lat' dir='ltr'>voluntas</span> <span class='ocrx_word' id='word_1_226' title='bbox 1697 1171 1859 1211; x_wconf 88' lang='lat' dir='ltr'>eorum.</span> 
     </span>
    </p>
   </div>
   <div class='ocr_carea' id='block_1_18' title="bbox 1059 1236 1897 2760">
    <p class='ocr_par' dir='ltr' id='par_1_21' title="bbox 1059 1236 1894 1518">
     <span class='ocr_line' id='line_1_59' title="bbox 1348 1236 1598 1278; baseline 0.004 -2"><span class='ocrx_word' id='word_1_227' title='bbox 1348 1236 1549 1278; x_wconf 89' lang='lat' dir='ltr'>Psalmus</span> <span class='ocrx_word' id='word_1_228' title='bbox 1569 1238 1598 1277; x_wconf 91' lang='lat'>1.</span> 
     </span>
     <span class='ocr_line' id='line_1_60' title="bbox 1063 1295 1892 1348; baseline -0.002 -10"><span class='ocrx_word' id='word_1_229' title='bbox 1063 1301 1068 1303; x_wconf 50' lang='lat'><strong><em>⁴</em></strong></span> <span class='ocrx_word' id='word_1_230' title='bbox 1093 1304 1140 1329; x_wconf 41' lang='lat'>³³²2*-</span> <span class='ocrx_word' id='word_1_231' title='bbox 1159 1298 1294 1338; x_wconf 73' lang='lat' dir='ltr'>*eatus</span> <span class='ocrx_word' id='word_1_232' title='bbox 1309 1295 1385 1345; x_wconf 88' lang='lat' dir='ltr'>vir,</span> <span class='ocrx_word' id='word_1_233' title='bbox 1408 1295 1481 1348; x_wconf 91' lang='lat' dir='ltr'>qui</span> <span class='ocrx_word' id='word_1_234' title='bbox 1500 1308 1589 1337; x_wconf 91' lang='lat' dir='ltr'>non</span> <span class='ocrx_word' id='word_1_235' title='bbox 1609 1295 1717 1337; x_wconf 91' lang='lat' dir='ltr'>abiit</span> <span class='ocrx_word' id='word_1_236' title='bbox 1730 1295 1774 1336; x_wconf 92' lang='lat' dir='ltr'>in</span> <span class='ocrx_word' id='word_1_237' title='bbox 1792 1307 1892 1336; x_wconf 92' lang='lat' dir='ltr'>con-</span> 
     </span>
     <span class='ocr_line' id='line_1_61' title="bbox 1096 1341 1893 1407; baseline 0 -14"><span class='ocrx_word' id='word_1_238' title='bbox 1096 1341 1164 1407; x_wconf 38' lang='lat' dir='ltr'>si</span> <span class='ocrx_word' id='word_1_239' title='bbox 1188 1352 1285 1394; x_wconf 85' lang='lat' dir='ltr'>silio</span> <span class='ocrx_word' id='word_1_240' title='bbox 1305 1352 1552 1405; x_wconf 82' lang='lat' dir='ltr'>impiorum,</span> <span class='ocrx_word' id='word_1_241' title='bbox 1578 1357 1622 1393; x_wconf 90' lang='lat' dir='ltr'>et</span> <span class='ocrx_word' id='word_1_242' title='bbox 1640 1352 1683 1393; x_wconf 92' lang='lat' dir='ltr'>in</span> <span class='ocrx_word' id='word_1_243' title='bbox 1704 1352 1774 1393; x_wconf 88' lang='lat' dir='ltr'>via</span> <span class='ocrx_word' id='word_1_244' title='bbox 1793 1364 1893 1405; x_wconf 87' lang='lat' dir='ltr'>pec-</span> 
     </span>
     <span class='ocr_line' id='line_1_62' title="bbox 1094 1406 1894 1459; baseline -0.002 -8.058"><span class='ocrx_word' id='word_1_245' title='bbox 1070 1406 1107 1423; x_wconf 68' lang='grc'>’“</span> <span class='ocrx_word' id='word_1_246' title='bbox 1127 1411 1159 1430; x_wconf 54' lang='lat'>“³</span> <span class='ocrx_word' id='word_1_247' title='bbox 1188 1411 1386 1451; x_wconf 90' lang='lat' dir='ltr'>catorum</span> <span class='ocrx_word' id='word_1_248' title='bbox 1419 1422 1507 1450; x_wconf 92' lang='lat' dir='ltr'>non</span> <span class='ocrx_word' id='word_1_249' title='bbox 1540 1409 1680 1459; x_wconf 88' lang='lat' dir='ltr'>stetit,</span> <span class='ocrx_word' id='word_1_250' title='bbox 1713 1409 1736 1434; x_wconf 92' lang='lat'>*</span> <span class='ocrx_word' id='word_1_251' title='bbox 1770 1413 1814 1450; x_wconf 91' lang='lat' dir='ltr'>et</span> <span class='ocrx_word' id='word_1_252' title='bbox 1849 1408 1894 1450; x_wconf 92' lang='lat' dir='ltr'>in</span> 
     </span>
     <span class='ocr_line' id='line_1_63' title="bbox 1059 1464 1811 1518; baseline -0.003 -10"><span class='ocrx_word' id='word_1_253' title='bbox 1059 1465 1270 1508; x_wconf 86' lang='lat' dir='ltr'>cathedra</span> <span class='ocrx_word' id='word_1_254' title='bbox 1288 1464 1561 1518; x_wconf 33' lang='lat' dir='ltr'>pestilentiae.</span> <span class='ocrx_word' id='word_1_255' title='bbox 1572 1478 1661 1507; x_wconf 91' lang='lat' dir='ltr'>non</span> <span class='ocrx_word' id='word_1_256' title='bbox 1680 1464 1811 1506; x_wconf 88' lang='lat' dir='ltr'>sedit:</span> 
     </span>
    </p>

    <p class='ocr_par' dir='ltr' id='par_1_22' title="bbox 1059 1521 1895 1677">
     <span class='ocr_line' id='line_1_64' title="bbox 1110 1521 1894 1573; baseline -0.003 -9"><span class='ocrx_word' id='word_1_257' title='bbox 1110 1521 1199 1564; x_wconf 90' lang='lat' dir='ltr'>Sed</span> <span class='ocrx_word' id='word_1_258' title='bbox 1212 1522 1256 1563; x_wconf 90' lang='lat' dir='ltr'>in</span> <span class='ocrx_word' id='word_1_259' title='bbox 1270 1522 1368 1573; x_wconf 90' lang='grc'><strong>1636</strong></span> <span class='ocrx_word' id='word_1_260' title='bbox 1379 1522 1558 1563; x_wconf 83' lang='lat' dir='ltr'>Domini</span> <span class='ocrx_word' id='word_1_261' title='bbox 1571 1521 1776 1563; x_wconf 80' lang='lat' dir='ltr'>voluntas</span> <span class='ocrx_word' id='word_1_262' title='bbox 1792 1522 1894 1573; x_wconf 85' lang='lat' dir='ltr'>ejus,</span> 
     </span>
     <span class='ocr_line' id='line_1_65' title="bbox 1059 1577 1895 1630; baseline 0 -10"><span class='ocrx_word' id='word_1_263' title='bbox 1059 1579 1082 1605; x_wconf 90' lang='lat'>*</span> <span class='ocrx_word' id='word_1_264' title='bbox 1099 1583 1142 1620; x_wconf 89' lang='lat' dir='ltr'>et</span> <span class='ocrx_word' id='word_1_265' title='bbox 1162 1579 1206 1619; x_wconf 92' lang='lat' dir='ltr'>in</span> <span class='ocrx_word' id='word_1_266' title='bbox 1224 1578 1322 1630; x_wconf 91' lang='grc'><strong>1636</strong></span> <span class='ocrx_word' id='word_1_267' title='bbox 1338 1579 1429 1630; x_wconf 89' lang='lat' dir='ltr'>ejus</span> <span class='ocrx_word' id='word_1_268' title='bbox 1447 1577 1733 1620; x_wconf 86' lang='lat' dir='ltr'>meditabitur</span> <span class='ocrx_word' id='word_1_269' title='bbox 1753 1577 1824 1620; x_wconf 89' lang='lat' dir='ltr'>die</span> <span class='ocrx_word' id='word_1_270' title='bbox 1843 1590 1895 1620; x_wconf 89' lang='lat' dir='ltr'>ac</span> 
     </span>
     <span class='ocr_line' id='line_1_66' title="bbox 1059 1640 1201 1677; baseline -0.007 0"><span class='ocrx_word' id='word_1_271' title='bbox 1059 1640 1201 1677; x_wconf 87' lang='lat' dir='ltr'>nocte.</span> 
     </span>
    </p>

    <p class='ocr_par' dir='ltr' id='par_1_23' title="bbox 1060 1691 1896 1914">
     <span class='ocr_line' id='line_1_67' title="bbox 1110 1691 1896 1744; baseline 0.001 -11"><span class='ocrx_word' id='word_1_272' title='bbox 1110 1692 1168 1733; x_wconf 90' lang='lat' dir='ltr'>Et</span> <span class='ocrx_word' id='word_1_273' title='bbox 1197 1691 1279 1733; x_wconf 87' lang='lat' dir='ltr'>erit</span> <span class='ocrx_word' id='word_1_274' title='bbox 1306 1696 1532 1744; x_wconf 86' lang='lat' dir='ltr'>tamquam</span> <span class='ocrx_word' id='word_1_275' title='bbox 1558 1691 1742 1742; x_wconf 88' lang='lat' dir='ltr'>lignum,</span> <span class='ocrx_word' id='word_1_276' title='bbox 1775 1691 1896 1744; x_wconf 92' lang='lat' dir='ltr'>quod</span> 
     </span>
     <span class='ocr_line' id='line_1_68' title="bbox 1060 1747 1895 1801; baseline 0.001 -12"><span class='ocrx_word' id='word_1_277' title='bbox 1060 1748 1307 1801; x_wconf 88' lang='lat' dir='ltr'>plantatum</span> <span class='ocrx_word' id='word_1_278' title='bbox 1321 1752 1389 1789; x_wconf 91' lang='lat' dir='ltr'>est</span> <span class='ocrx_word' id='word_1_279' title='bbox 1402 1761 1530 1790; x_wconf 85' lang='lat' dir='ltr'>secus</span> <span class='ocrx_word' id='word_1_280' title='bbox 1541 1747 1754 1790; x_wconf 79' lang='lat' dir='ltr'>decursus</span> <span class='ocrx_word' id='word_1_281' title='bbox 1769 1749 1895 1801; x_wconf 87' lang='lat' dir='ltr'>aqua·</span> 
     </span>
     <span class='ocr_line' id='line_1_69' title="bbox 1060 1803 1896 1857; baseline 0.001 -12"><span class='ocrx_word' id='word_1_282' title='bbox 1060 1818 1174 1855; x_wconf 88' lang='lat' dir='ltr'>rum,</span> <span class='ocrx_word' id='word_1_283' title='bbox 1198 1805 1221 1831; x_wconf 88' lang='lat'>*</span> <span class='ocrx_word' id='word_1_284' title='bbox 1251 1804 1373 1857; x_wconf 92' lang='lat' dir='ltr'>quod</span> <span class='ocrx_word' id='word_1_285' title='bbox 1400 1804 1591 1846; x_wconf 86' lang='lat' dir='ltr'>fructum</span> <span class='ocrx_word' id='word_1_286' title='bbox 1619 1817 1746 1846; x_wconf 89' lang='lat' dir='ltr'>suum</span> <span class='ocrx_word' id='word_1_287' title='bbox 1774 1803 1896 1847; x_wconf 87' lang='lat' dir='ltr'>dabit</span> 
     </span>
     <span class='ocr_line' id='line_1_70' title="bbox 1060 1862 1442 1914; baseline 0 -12"><span class='ocrx_word' id='word_1_288' title='bbox 1060 1862 1104 1902; x_wconf 89' lang='lat' dir='ltr'>in</span> <span class='ocrx_word' id='word_1_289' title='bbox 1122 1863 1326 1914; x_wconf 82' lang='lat' dir='ltr'>tempore</span> <span class='ocrx_word' id='word_1_290' title='bbox 1344 1874 1442 1903; x_wconf 87' lang='lat' dir='ltr'>suo:</span> 
     </span>
    </p>

    <p class='ocr_par' dir='ltr' id='par_1_24' title="bbox 1061 1917 1897 2073">
     <span class='ocr_line' id='line_1_71' title="bbox 1112 1917 1897 1970; baseline 0 -11"><span class='ocrx_word' id='word_1_291' title='bbox 1112 1919 1170 1960; x_wconf 89' lang='lat' dir='ltr'>Et</span> <span class='ocrx_word' id='word_1_292' title='bbox 1197 1917 1350 1959; x_wconf 89' lang='lat' dir='ltr'>folium</span> <span class='ocrx_word' id='word_1_293' title='bbox 1375 1919 1466 1970; x_wconf 89' lang='lat' dir='ltr'>ejus</span> <span class='ocrx_word' id='word_1_294' title='bbox 1490 1930 1579 1959; x_wconf 92' lang='lat' dir='ltr'>non</span> <span class='ocrx_word' id='word_1_295' title='bbox 1606 1917 1785 1959; x_wconf 73' lang='lat' dir='ltr'>defluet:</span> <span class='ocrx_word' id='word_1_296' title='bbox 1804 1917 1828 1944; x_wconf 82' lang='lat'>*</span> <span class='ocrx_word' id='word_1_297' title='bbox 1852 1921 1897 1959; x_wconf 87' lang='lat' dir='ltr'>et</span> 
     </span>
     <span class='ocr_line' id='line_1_72' title="bbox 1063 1974 1895 2028; baseline 0 -12"><span class='ocrx_word' id='word_1_298' title='bbox 1063 1974 1209 2016; x_wconf 88' lang='lat' dir='ltr'>omnia</span> <span class='ocrx_word' id='word_1_299' title='bbox 1229 1978 1520 2028; x_wconf 76' lang='lat' dir='ltr'>quaecumque</span> <span class='ocrx_word' id='word_1_300' title='bbox 1539 1974 1685 2026; x_wconf 83' lang='lat' dir='ltr'>faciet,</span> <span class='ocrx_word' id='word_1_301' title='bbox 1712 1986 1895 2027; x_wconf 84' lang='lat' dir='ltr'>prospe-</span> 
     </span>
     <span class='ocr_line' id='line_1_73' title="bbox 1061 2031 1286 2073; baseline -0.004 0"><span class='ocrx_word' id='word_1_302' title='bbox 1061 2031 1286 2073; x_wconf 81' lang='lat' dir='ltr'>rabuntur.</span> 
     </span>
    </p>

    <p class='ocr_par' dir='ltr' id='par_1_25' title="bbox 1062 2086 1897 2243">
     <span class='ocr_line' id='line_1_74' title="bbox 1112 2086 1897 2141; baseline -0.001 -12"><span class='ocrx_word' id='word_1_303' title='bbox 1112 2088 1215 2130; x_wconf 92' lang='lat' dir='ltr'>Non</span> <span class='ocrx_word' id='word_1_304' title='bbox 1231 2088 1294 2130; x_wconf 89' lang='lat' dir='ltr'>sic</span> <span class='ocrx_word' id='word_1_305' title='bbox 1308 2088 1441 2141; x_wconf 87' lang='lat' dir='ltr'>impii,</span> <span class='ocrx_word' id='word_1_306' title='bbox 1455 2100 1545 2129; x_wconf 92' lang='lat' dir='ltr'>non</span> <span class='ocrx_word' id='word_1_307' title='bbox 1565 2087 1642 2129; x_wconf 88' lang='lat' dir='ltr'>sic:</span> <span class='ocrx_word' id='word_1_308' title='bbox 1657 2087 1681 2114; x_wconf 84' lang='lat'>*</span> <span class='ocrx_word' id='word_1_309' title='bbox 1701 2086 1781 2129; x_wconf 86' lang='lat' dir='ltr'>sed</span> <span class='ocrx_word' id='word_1_310' title='bbox 1797 2091 1897 2128; x_wconf 90' lang='lat' dir='ltr'>tam-</span> 
     </span>
     <span class='ocr_line' id='line_1_75' title="bbox 1063 2143 1896 2198; baseline -0.001 -13"><span class='ocrx_word' id='word_1_311' title='bbox 1063 2157 1193 2197; x_wconf 90' lang='lat' dir='ltr'>quam</span> <span class='ocrx_word' id='word_1_312' title='bbox 1213 2144 1369 2198; x_wconf 82' lang='lat' dir='ltr'>pulviS‚</span> <span class='ocrx_word' id='word_1_313' title='bbox 1396 2157 1527 2197; x_wconf 89' lang='lat' dir='ltr'>quem</span> <span class='ocrx_word' id='word_1_314' title='bbox 1545 2143 1720 2197; x_wconf 86' lang='lat' dir='ltr'>projicit</span> <span class='ocrx_word' id='word_1_315' title='bbox 1739 2148 1896 2185; x_wconf 90' lang='lat' dir='ltr'>ventus</span> 
     </span>
     <span class='ocr_line' id='line_1_76' title="bbox 1062 2201 1379 2243; baseline -0.003 -1"><span class='ocrx_word' id='word_1_316' title='bbox 1062 2214 1087 2242; x_wconf 90' lang='lat' dir='ltr'>a</span> <span class='ocrx_word' id='word_1_317' title='bbox 1105 2201 1217 2243; x_wconf 89' lang='lat' dir='ltr'>facie</span> <span class='ocrx_word' id='word_1_318' title='bbox 1236 2206 1379 2243; x_wconf 88' lang='lat' dir='ltr'>terrae.</span> 
     </span>
    </p>

    <p class='ocr_par' dir='ltr' id='par_1_26' title="bbox 1061 2256 1895 2423">
     <span class='ocr_line' id='line_1_77' title="bbox 1113 2256 1895 2309; baseline -0.004 -10"><span class='ocrx_word' id='word_1_319' title='bbox 1113 2257 1222 2299; x_wconf 91' lang='lat' dir='ltr'>Ideo</span> <span class='ocrx_word' id='word_1_320' title='bbox 1250 2270 1339 2299; x_wconf 93' lang='lat' dir='ltr'>non</span> <span class='ocrx_word' id='word_1_321' title='bbox 1363 2260 1596 2308; x_wconf 79' lang='lat' dir='ltr'>resurgent</span> <span class='ocrx_word' id='word_1_322' title='bbox 1618 2256 1740 2309; x_wconf 86' lang='lat' dir='ltr'>impii</span> <span class='ocrx_word' id='word_1_323' title='bbox 1766 2256 1810 2296; x_wconf 91' lang='lat' dir='ltr'>in</span> <span class='ocrx_word' id='word_1_324' title='bbox 1837 2257 1895 2307; x_wconf 92' lang='lat' dir='ltr'>ju-</span> 
     </span>
     <span class='ocr_line' id='line_1_78' title="bbox 1062 2312 1895 2367; baseline -0.001 -12"><span class='ocrx_word' id='word_1_325' title='bbox 1062 2313 1192 2356; x_wconf 89' lang='lat' dir='ltr'>dicio:</span> <span class='ocrx_word' id='word_1_326' title='bbox 1217 2314 1241 2340; x_wconf 89' lang='lat'>*</span> <span class='ocrx_word' id='word_1_327' title='bbox 1269 2327 1413 2366; x_wconf 90' lang='lat' dir='ltr'>neque</span> <span class='ocrx_word' id='word_1_328' title='bbox 1438 2315 1698 2367; x_wconf 85' lang='lat' dir='ltr'>peccatores</span> <span class='ocrx_word' id='word_1_329' title='bbox 1724 2312 1768 2353; x_wconf 91' lang='lat' dir='ltr'>in</span> <span class='ocrx_word' id='word_1_330' title='bbox 1795 2325 1895 2354; x_wconf 91' lang='lat' dir='ltr'>con-</span> 
     </span>
     <span class='ocr_line' id='line_1_79' title="bbox 1061 2370 1407 2423; baseline 0.003 -12"><span class='ocrx_word' id='word_1_331' title='bbox 1061 2370 1161 2412; x_wconf 89' lang='lat' dir='ltr'>cilio</span> <span class='ocrx_word' id='word_1_332' title='bbox 1181 2371 1407 2423; x_wconf 86' lang='lat' dir='ltr'>justorum.</span> 
     </span>
    </p>

    <p class='ocr_par' dir='ltr' id='par_1_27' title="bbox 1061 2426 1895 2582">
     <span class='ocr_line' id='line_1_80' title="bbox 1114 2426 1895 2478; baseline -0.003 -10"><span class='ocrx_word' id='word_1_333' title='bbox 1114 2427 1333 2478; x_wconf 90' lang='lat' dir='ltr'>Quoniam</span> <span class='ocrx_word' id='word_1_334' title='bbox 1366 2427 1489 2468; x_wconf 91' lang='lat' dir='ltr'>novit</span> <span class='ocrx_word' id='word_1_335' title='bbox 1524 2426 1741 2467; x_wconf 92' lang='lat' dir='ltr'>Dominus</span> <span class='ocrx_word' id='word_1_336' title='bbox 1779 2426 1895 2467; x_wconf 86' lang='lat' dir='ltr'>viam</span> 
     </span>
     <span class='ocr_line' id='line_1_81' title="bbox 1061 2482 1895 2535; baseline -0.002 -10"><span class='ocrx_word' id='word_1_337' title='bbox 1061 2485 1290 2535; x_wconf 89' lang='lat' dir='ltr'>justorum:</span> <span class='ocrx_word' id='word_1_338' title='bbox 1309 2484 1332 2509; x_wconf 89' lang='lat'>*</span> <span class='ocrx_word' id='word_1_339' title='bbox 1354 2488 1399 2526; x_wconf 90' lang='lat' dir='ltr'>et</span> <span class='ocrx_word' id='word_1_340' title='bbox 1425 2483 1508 2525; x_wconf 88' lang='lat' dir='ltr'>iter</span> <span class='ocrx_word' id='word_1_341' title='bbox 1535 2482 1771 2535; x_wconf 90' lang='lat' dir='ltr'>impiorum</span> <span class='ocrx_word' id='word_1_342' title='bbox 1797 2495 1895 2535; x_wconf 88' lang='lat' dir='ltr'>per·</span> 
     </span>
     <span class='ocr_line' id='line_1_82' title="bbox 1062 2540 1152 2582; baseline 0 -1"><span class='ocrx_word' id='word_1_343' title='bbox 1062 2540 1152 2582; x_wconf 87' lang='lat' dir='ltr'>ibit.</span> 
     </span>
    </p>

    <p class='ocr_par' dir='ltr' id='par_1_28' title="bbox 1062 2595 1896 2760">
     <span class='ocr_line' id='line_1_83' title="bbox 1115 2595 1896 2648; baseline 0.001 -13"><span class='ocrx_word' id='word_1_344' title='bbox 1115 2596 1213 2635; x_wconf 78' lang='lat' dir='ltr'>Ant.</span> <span class='ocrx_word' id='word_1_345' title='bbox 1252 2595 1389 2637; x_wconf 86' lang='lat' dir='ltr'>Secus</span> <span class='ocrx_word' id='word_1_346' title='bbox 1428 2595 1640 2637; x_wconf 81' lang='lat' dir='ltr'>decursus</span> <span class='ocrx_word' id='word_1_347' title='bbox 1681 2597 1896 2648; x_wconf 87' lang='lat' dir='ltr'>aquarum</span> 
     </span>
     <span class='ocr_line' id='line_1_84' title="bbox 1062 2651 1895 2706; baseline -0.002 -12"><span class='ocrx_word' id='word_1_348' title='bbox 1062 2652 1277 2706; x_wconf 87' lang='lat' dir='ltr'>plantavit</span> <span class='ocrx_word' id='word_1_349' title='bbox 1304 2653 1477 2693; x_wconf 86' lang='lat' dir='ltr'>vineam</span> <span class='ocrx_word' id='word_1_350' title='bbox 1510 2652 1741 2703; x_wconf 80' lang='lat' dir='ltr'>justorum,</span> <span class='ocrx_word' id='word_1_351' title='bbox 1778 2656 1822 2694; x_wconf 90' lang='lat' dir='ltr'>et</span> <span class='ocrx_word' id='word_1_352' title='bbox 1852 2651 1895 2692; x_wconf 91' lang='lat' dir='ltr'>in</span> 
     </span>
     <span class='ocr_line' id='line_1_85' title="bbox 1062 2708 1896 2760; baseline -0.002 -10"><span class='ocrx_word' id='word_1_353' title='bbox 1062 2710 1159 2760; x_wconf 90' lang='lat' dir='ltr'>lege</span> <span class='ocrx_word' id='word_1_354' title='bbox 1185 2708 1361 2750; x_wconf 90' lang='lat' dir='ltr'>Domini</span> <span class='ocrx_word' id='word_1_355' title='bbox 1391 2708 1471 2749; x_wconf 91' lang='lat' dir='ltr'>fuit</span> <span class='ocrx_word' id='word_1_356' title='bbox 1498 2708 1703 2750; x_wconf 81' lang='lat' dir='ltr'>voluntas</span> <span class='ocrx_word' id='word_1_357' title='bbox 1732 2710 1896 2749; x_wconf 89' lang='lat' dir='ltr'>eorum.</span> 
     </span>
    </p>
   </div>
   <div class='ocr_carea' id='block_1_19' title="bbox 99 127 1959 2815">
    <p class='ocr_par' dir='ltr' id='par_1_29' title="bbox 99 127 1959 2815">
     <span class='ocr_line' id='line_1_86' title="bbox 99 127 1959 2815; baseline 0 0"><span class='ocrx_word' id='word_1_358' title='bbox 99 127 1959 2815; x_wconf 95' lang='lat' dir='ltr'> </span> 
     </span>
    </p>
   </div>
  </div>
 </body>
</html>
