2040 2944
400 175 472 209 Die
500 175 548 209 17.
575 176 672 209 Nov.
720 177 755 209 S.
782 175 962 218 Gregorii
985 174 1265 216 Thaumaturgi
1291 174 1418 216 Episc.
1442 177 1477 207 et
1503 174 1610 207 Conf.

140 271 291 320 electa,
319 268 611 321 quadraginta
635 270 850 309 annorum
874 270 971 321 spa-

138 327 214 376 tio,
234 338 286 368 ea
304 325 498 375 caritate,
521 324 767 377 prudentia,
787 330 830 366 et
848 337 972 376 regu-

138 383 244 424 laris
270 381 516 434 disciplinae
541 380 688 422 studio
712 394 871 422 munus
896 380 971 423 ob-

139 440 229 490 ivit,
254 443 303 480 ut
322 437 573 480 coen6bium
592 437 812 487 religiosae
830 437 971 490 perfe-

139 495 296 537 ctionis
313 493 584 536 domicilium
594 492 828 535 videretur.
842 493 971 535 Utro-

138 551 272 603 bique
308 563 434 601 vero,
479 549 583 591 licet
623 553 741 590 esset
778 549 973 590 omnium

137 612 278 649 mater
298 611 343 648 et
360 607 581 656 magistra,
609 605 804 646 emnium
823 610 972 646 tamen

137 663 315 704 minima
338 661 494 703 haberi
513 660 708 711 volebat,
737 674 789 702 ac
814 660 972 702 demis-

138 720 263 761 si6ne
280 718 379 772 pari
391 718 636 759 ministram
655 729 704 758 se
724 716 971 759 exhibebat.

139 776 238 825 Quo
263 774 443 817 liberius
463 774 562 815 Deo
586 775 775 823 vacaret,
801 773 971 824 vigiliis,

140 831 424 880 abstinentia,
470 829 658 882 aliisque
703 829 972 872 cruciatibus

139 900 303 940 corpus
332 886 503 928 afflixit:
531 887 795 938 semperque
823 887 891 927 sui
918 889 971 927 si-

137 943 268 993 milis,
299 955 473 984 morum
487 944 492 950 '
504 942 817 992 innocentiam,
853 955 971 983 man-

137 998 431 1048 suetudinem,
458 1011 510 1040 ac
531 998 790 1050 patientiam
811 1000 971 1050 praetu-

135 1055 186 1098 lit
204 1055 480 1107 singularem.
512 1054 822 1095 Proximorum
841 1054 972 1096 saluti

138 1112 257 1154 omni
293 1124 380 1164 ope
415 1110 602 1160 studuit,
638 1111 816 1163 piaeque
853 1123 971 1152 curae

137 1168 369 1220 copiosum
400 1167 591 1209 fructum
619 1167 779 1208 retulit.
823 1167 972 1208 Divini

137 1224 299 1266 amoris
335 1223 379 1266 vi
419 1223 673 1276 frequentes
718 1223 971 1275 patiebatur

138 1283 328 1331 extases,
362 1279 677 1331 altissimaeque
703 1279 971 1332 contempla-

136 1338 269 1379 tionis
289 1341 333 1379 et
352 1335 512 1379 divinae
526 1335 700 1377 unionis
716 1334 882 1377 donum
896 1335 970 1377 ob-

137 1394 277 1436 tinuit.

189 1454 239 1506 R.
266 1449 472 1491 Dilexisti
503 1448 729 1501 Justitiam,
762 1454 806 1491 et
838 1448 972 1490 odisti

136 1506 429 1558 iniquitatem:
454 1510 476 1534 *
502 1505 749 1557 Propterea
775 1505 900 1547 unxit
926 1510 971 1547 te

137 1563 278 1612 Deus,
322 1562 444 1604 Deus
489 1566 611 1611 tuus,
657 1561 757 1602 eleo
794 1561 971 1603 laetitiae.

137 1615 188 1668 V.
213 1619 405 1671 Propter
430 1617 678 1667 veritatem,
705 1622 749 1659 et
771 1630 969 1659 mansue-

137 1674 348 1724 tudinem,
369 1678 413 1716 et
430 1673 653 1726 justitiam.
679 1673 934 1726 Propterea.

439 1733 592 1775 Lectio
614 1734 666 1774 vi.

227 1792 247 1829 t
287 1786 494 1828 meritum
529 1785 850 1838 acceptissimae
887 1786 970 1827 sibi

260 1856 439 1896 sponsae
472 1842 672 1884 Christus
705 1841 970 1892 ostenderet,

137 1901 182 1941 in
209 1899 345 1942 corde
370 1898 604 1941 Gertrudis
629 1898 863 1950 iucundam
888 1898 972 1940 sibi
1067 1941 1125 1962 β

139 1969 237 1998 esse
259 1955 533 1997 mansi6nem
550 1956 741 1996 testatus
760 1959 839 1996 est.
870 1954 970 1995 Dei-

137 2025 292 2065 param
310 2011 541 2063 Virginem
563 2011 701 2052 veluti
722 2015 909 2052 matrem
928 2015 972 2052 et

138 2071 400 2110 curatricem
432 2080 458 2109 a
486 2067 591 2108 Jesu
622 2068 852 2119 acceptam
882 2067 970 2119 pie-

137 2127 230 2167 tate
256 2126 484 2177 praecipua
509 2122 883 2176 prosequebatur,
915 2123 971 2164 ab

139 2183 280 2233 eaque
298 2180 438 2222 multa
452 2179 625 2232 accepit
641 2178 867 2221 beneficia.
895 2179 971 2219 Er-

138 2249 194 2288 ga
230 2236 548 2278 divinissimum
579 2234 868 2276 Eucharistiae
906 2248 970 2276 sa-

92 2298 109 2302 ‘
139 2295 411 2335 eramentum
438 2297 483 2334 et
512 2291 767 2345 passienem
794 2291 973 2333 D6mini

138 2354 262 2391 tanto
277 2351 427 2391 amore
443 2361 542 2390 cum
556 2347 669 2398 grati
690 2347 823 2388 animi
841 2360 972 2389 sensu

140 2405 426 2455 afficiebatur,
449 2409 498 2446 ut
522 2403 742 2445 interdum
761 2403 972 2445 uberibus

138 2461 331 2502 lacrimis
358 2460 708 2514 perfunderetur.
745 2459 972 2501 Just6rum

140 2517 317 2567 animas,
335 2516 633 2569 piacularibus
649 2516 835 2557 flammis
850 2515 970 2557 addi-

140 2578 250 2622 ctas,
278 2572 548 2625 quotidianis
574 2572 783 2614 subsidiis
807 2577 851 2614 et
875 2574 970 2624 pre-

140 2628 263 2670 cibus
283 2628 471 2680 juvabat.
502 2629 641 2670 Multa
661 2628 719 2670 ad
738 2628 970 2669 confoven-

142 2685 244 2726 dam
262 2684 474 2737 pietatem
491 2685 681 2738 scripsit.
714 2684 972 2726 Divinarum

1792 172 1858 207 437

1024 268 1157 309 etiam
1188 268 1506 310 revelatic'mum
1539 273 1582 310 et
1608 267 1857 321 prophetiae

1025 324 1144 366 dono
1174 324 1342 366 claruit.
1381 325 1584 377 Denique
1612 325 1855 375 flagrantis-

1025 380 1136 422 simo
1151 380 1236 421 Dei
1255 383 1403 423 amore
1423 382 1572 433 potius
1594 393 1725 432 quam
1743 393 1857 421 mor-

1023 436 1082 478 bo
1106 437 1406 487 languescens,
1431 450 1545 479 anno
1566 438 1743 480 Domini
1766 437 1856 478 mil-

1023 493 1178 534 lesimo
1224 492 1526 535 ducentesimo
1572 494 1856 545 nonagesimo

1025 549 1222 591 secundo
1258 550 1349 591 vita
1386 549 1589 591 decessit.
1635 550 1857 591 Miraculis

1024 606 1176 647 vivens
1200 610 1244 648 et
1267 611 1372 658 post
1394 611 1584 648 mortem
1603 620 1628 648 a
1646 607 1744 648 Deo
1765 606 1857 647 illu-

1025 664 1165 704 strata
1184 666 1262 703 est.

1077 727 1128 778 R».
1155 722 1407 765 Afferentur
1426 723 1549 775 Regi.
1567 723 1644 775 [91]

1076 791 1121 824 In
1144 790 1209 824 HI.
1227 790 1426 824 Nocturno
1452 791 1624 824 Homilia
1648 791 1687 823 in
1709 791 1853 833 Evang.

1025 837 1159 873 Simile
1177 836 1250 872 erit
1265 845 1427 879 regnum
1443 836 1638 871 coelerum.
1653 838 1700 872 dc
1719 840 1854 873 codem

1026 886 1229 920 Communi
1249 886 1276 920 1.
1293 886 1391 919 loco.
1419 884 1490 927 [93]

1207 941 1299 1002 &Die
1319 962 1378 1002 17.
1397 940 1676 1002 ffovembris.

1025 1030 1069 1071 S.
1084 1029 1312 1080 Gregorii
1326 1028 1696 1078 'thaumaturgi
1715 1029 1854 1080 Episc.

1265 1091 1308 1127 et
1329 1085 1615 1126 Confessoris.

1308 1150 1569 1193 Semiduplex.

1079 1208 1217 1242 Omnia
1243 1207 1290 1241 de
1313 1207 1517 1260 Communi
1534 1206 1643 1242 Conf.
1658 1204 1767 1239 Pont.
1787 1201 1856 1244 [49]

1024 1260 1166 1299 praeter
1190 1260 1402 1298 sequentia.

1366 1311 1529 1351 Oratio.

1115 1378 1151 1416 a,
1168 1367 1420 1417 quaesumus
1431 1368 1710 1418 omnipotens
1720 1366 1857 1407 Deus:

1026 1369 1111 1475 D
1144 1426 1194 1463 ut
1213 1421 1333 1463 beati
1353 1422 1558 1472 Gregorii
1579 1422 1856 1463 Confesseris

1025 1478 1089 1520 tui
1108 1482 1241 1530 atque
1259 1478 1488 1520 Pontificis
1513 1477 1765 1520 veneranda
1790 1491 1857 1518 so-

1023 1534 1239 1584 lemnitas,
1264 1539 1309 1576 et
1333 1534 1616 1576 devotionem
1635 1534 1764 1576 nobis
1784 1537 1855 1574 au-

1023 1595 1126 1641 geat
1146 1596 1189 1632 et
1209 1590 1406 1632 salutem.
1434 1591 1519 1632 Per
1537 1591 1787 1632 Deminum.

1078 1664 1122 1698 In
1150 1664 1177 1698 1.
1210 1664 1411 1698 Nocturno
1444 1664 1649 1698 Lectiones
1682 1664 1729 1698 de
1760 1664 1857 1699 Scri-

1026 1717 1139 1755 ptura
1164 1716 1398 1747 occurrente.

1257 1781 1306 1819 In
1327 1780 1378 1819 11.
1400 1780 1623 1819 Nocturno.

1329 1844 1480 1885 Lectio
1500 1844 1553 1884 iv.

1072 1951 1077 1955 ᾖ
1144 1897 1359 1948 regorius
1391 1897 1699 1938 Neocaesareae
1726 1897 1858 1938 Ponti

1059 1953 1152 2013 δυ
1178 1956 1417 2007 episcopus
1442 1954 1675 1995 sanctitate
1696 1952 1857 1994 doctri-

1089 2011 1149 2031 ¹²
1176 2012 1321 2062 naque
1353 2010 1549 2060 illustris,
1582 2009 1717 2060 signis
1749 2021 1856 2050 vero

1025 2080 1077 2109 ac
1095 2067 1319 2108 miraculis
1341 2067 1482 2108 multo
1501 2066 1726 2115 illustrior,
1752 2078 1856 2117 quo-

1024 2137 1122 2164 rum
1144 2122 1424 2164 multitudine
1447 2128 1580 2175 atque
1599 2122 1858 2174 praestantia

1024 2179 1381 2230 Thaumaturgus
1415 2179 1665 2232 appellatus
1698 2183 1781 2227 est,
1815 2182 1859 2219 et

1026 2236 1166 2277 sancti
1180 2235 1333 2276 Basilii
1350 2235 1604 2277 testimonio
1624 2247 1724 2276 cum
1737 2234 1857 2286 Moy-

1026 2304 1084 2342 se,
1102 2291 1341 2344 Prophetis
1366 2296 1409 2333 et
1427 2290 1658 2343 Apostolis
1681 2303 1857 2342 compa-

1025 2350 1162 2398 ratus;
1180 2352 1388 2398 montem,
1410 2347 1484 2399 qui
1503 2347 1704 2389 ecclesiae
1723 2346 1858 2387 aedifi-

1026 2404 1247 2445 cationem
1260 2403 1541 2456 impediebat,
1557 2403 1757 2444 oraticne
1771 2402 1858 2444 alio

1025 2459 1260 2502 transtulit.
1287 2460 1401 2502 Item
1414 2459 1634 2512 paludem,
1648 2459 1762 2501 inter
1776 2459 1858 2499 fra-

1025 2522 1116 2558 tres
1148 2528 1326 2557 causam
1355 2515 1692 2566 discordiarum,
1723 2515 1858 2557 exsic-

1026 2572 1152 2614 cavit.
1188 2572 1357 2624 Lycum
1383 2572 1581 2622 fluvium,
1610 2571 1856 2624 perniciose

1025 2641 1157 2679 agros
1189 2627 1490 2678 inundantem,
1526 2628 1674 2670 defixo
1712 2626 1768 2668 ad
1803 2626 1855 2666 ri-

1024 2698 1145 2738 pam,
1183 2697 1271 2736 quo
1307 2684 1651 2734 sustentabatur,
1684 2681 1856 2730 baculo,
