2040 2944
679 218 718 251 In
746 215 870 251 Festis
896 226 964 259 per
988 213 1142 247 Annum
1168 212 1218 246 ad
1242 211 1418 245 Primam.

207 327 287 356 vus
306 319 448 355 autem
475 317 574 353 tuus
598 307 883 351 exercebatur
906 306 949 347 in
968 306 1025 357 ju-

206 368 535 412 stificatienibus
554 366 650 408 tuis.

256 426 369 467 Nam
389 430 432 466 et
450 420 696 465 testimenia
710 425 785 461 tua
799 418 1025 460 meditatio

206 495 302 523 mea
331 486 409 522 est:
428 481 450 506 *
471 484 513 520 et
541 477 769 519 consilium
796 487 942 516 meum
969 475 1026 525 ju-

207 537 487 579 stificationes
507 540 605 575 tuae.

258 591 455 634 Adhaesit
478 590 727 643 pavimento
752 588 894 628 anima
917 599 1027 628 mea:

207 651 229 674 ¹⁸¹
263 648 431 689 vivifica
468 660 537 687 me
575 644 814 687 secundum
846 642 1027 684 verbum

207 710 337 746 tuum.

257 760 363 801 Vias
382 772 502 801 meas
527 756 762 804 enuntiavi,
788 761 830 797 et
855 754 1028 796 exaudi-

207 816 261 857 sti
288 828 371 857 me:
398 816 421 841 *
451 814 561 856 doce
597 827 666 855 me
702 811 1028 864 justificatienes

206 878 313 914 tuas.

259 928 387 969 Viam
406 925 757 978 justificatic'mum
780 925 952 965 tuarum
970 924 1029 963 in-

209 989 327 1026 strue
354 996 438 1024 me:
458 984 480 1008 *
500 987 543 1024 et
572 980 810 1023 exercebor
837 980 879 1020 in
903 979 1028 1020 mira-

207 1039 367 1082 bilibus
386 1040 481 1080 tuis.

260 1095 523 1136 Dormitavit
551 1093 692 1134 anima
719 1105 815 1134 mea
840 1104 933 1144 prae
957 1093 1030 1132 tae-

211 1151 297 1193 dio:
316 1152 339 1176 *
359 1150 567 1192 confirma
586 1162 654 1190 me
674 1149 717 1189 in
736 1148 881 1190 verbis
900 1148 996 1189 tuis.

260 1207 389 1248 Viam
413 1205 651 1258 iniquitatis
677 1207 831 1245 amove
856 1217 881 1245 a
904 1217 989 1245 me:
1008 1205 1031 1229 *

213 1268 255 1305 et
274 1262 328 1304 de
346 1263 442 1313 lege
461 1267 535 1303 tua
552 1262 758 1303 miserere
777 1260 873 1302 mei.

261 1319 391 1360 Viam
428 1317 623 1359 veritatis
661 1317 789 1367 elegi:
821 1316 843 1341 *
876 1315 1033 1367 judicia

211 1380 285 1416 tua
304 1387 391 1415 non
411 1387 505 1415 sum
526 1373 697 1415 oblitus.

263 1430 443 1472 Adhaesi
457 1429 715 1471 testimeniis
731 1429 816 1470 tuis
831 1428 1033 1470 Demine:

211 1487 234 1512 *
254 1487 343 1528 noli
361 1500 429 1527 me
450 1485 724 1527 confundere.
977 1529 979 1531 ,

264 1543 392 1584 Viam
424 1542 729 1583 mandatorum
757 1543 931 1582 tuerum
964 1553 1034 1581 cu-

213 1599 339 1648 curri,
358 1600 380 1624 *
400 1611 498 1640 cum
517 1598 710 1640 dilatasti
729 1610 805 1639 cor
823 1610 979 1638 meum.

260 1666 345 1699 Ant.
372 1672 601 1708 competens.

262 1755 518 1806 Capitulum.
713 1757 739 1794 1.
760 1756 868 1795 Tim.
893 1758 917 1795 l.
939 1756 976 1796 d.

212 1817 369 1923 Regi
385 1822 644 1863 saeculorum
659 1822 893 1863 immortali
913 1827 956 1863 et
975 1822 1035 1862 in-

319 1878 487 1926 visibili,
507 1877 588 1918 soli
602 1878 698 1919 Deo
713 1877 865 1927 honor,
885 1883 927 1919 et
945 1878 1035 1927 glo-

215 1934 277 1974 ria
295 1934 337 1973 in
358 1934 516 1975 saecula
536 1934 806 1975 saeculerum.
834 1935 987 1976 Amen.

266 1992 311 2042 Rg.
341 1990 437 2031 Deo
455 1990 627 2038 gratias.

265 2048 311 2098 Ra
333 2046 391 2085 br.
421 2045 590 2087 Christe
604 2046 685 2087 Fili
699 2047 782 2088 Dei
801 2047 898 2095 vivi,
914 2051 935 2075 *
960 2047 1035 2088 Mi-

215 2102 359 2142 serere
379 2101 514 2143 nobis.
543 2103 592 2143 lit
615 2104 837 2154 repetitur:
863 2103 1035 2145 Christe

216 2157 295 2197 Fili
306 2157 387 2198 Dei
398 2157 495 2206 vivi,
513 2157 719 2199 miserere
734 2158 872 2200 nobis.
887 2156 937 2207 V.
953 2160 1036 2210 Qui

217 2212 343 2253 sedes
367 2213 422 2254 ad
447 2213 671 2255 dexteram
690 2215 843 2256 Patris.
879 2217 929 2268 R.
959 2216 1035 2256 Mi-

217 2270 360 2310 serere
392 2269 528 2310 nobis.
566 2265 613 2317 V.
647 2270 798 2311 GlOria
825 2271 960 2321 Patri,
993 2277 1036 2313 et

217 2323 338 2372 Filio,
357 2330 400 2366 et
414 2325 589 2377 Spiritui
609 2331 772 2367 sancto.
799 2330 847 2381 152.
865 2327 1035 2369 Christe

217 2379 297 2420 Fili
316 2380 399 2421 Dei
418 2381 513 2430 vivi,
531 2382 736 2424 miserere
755 2383 893 2424 nobis.

270 2444 315 2494 V.
339 2448 536 2499 Exsurge
555 2450 740 2500 Christe,
765 2451 921 2503 adjuva
944 2466 1035 2494 nos.

217 2507 266 2558 R».
299 2505 355 2545 Et
385 2504 519 2546 libera
551 2519 630 2547 nos
661 2513 844 2560 propter
876 2522 1035 2551 nomen

216 2565 349 2601 tuum.

271 2628 417 2662 Preces.
451 2630 561 2675 Kyrie
587 2631 741 2667 eleison.
769 2644 855 2677 quac
880 2645 955 2669 non
982 2635 1035 2668 di-

218 2680 353 2710 cuntur
384 2676 421 2709 in
453 2677 599 2721 Duplie.
632 2691 701 2714 nec
732 2682 831 2716 infra
862 2682 941 2717 Oct.
970 2683 1036 2716 ha-

218 2724 353 2757 bentur
377 2735 490 2767 supra
518 2726 553 2759 in
577 2727 788 2763 Dominica.
814 2730 866 2763 23.

1133 303 1183 355 V.
1219 304 1437 346 Dominus
1470 303 1709 345 vobiscum.
1756 303 1807 355 R.
1852 301 1910 342 Et

1078 375 1176 404 cum
1197 362 1354 415 spiritu
1372 365 1461 402 tuo.

1183 428 1379 469 Oremus.
1641 427 1805 468 Oratio.

1081 483 1314 589 Demine
1346 482 1467 523 Deus
1502 481 1803 532 omnipotens,
1837 479 1910 531 qui

1182 539 1238 580 ad
1267 537 1531 591 principium
1558 535 1685 587 hujus
1713 535 1800 577 diei
1828 547 1909 576 nos

1078 598 1307 648 pervenire
1344 594 1503 636 fecisti:
1544 597 1622 634 tua
1658 604 1741 633 nos
1776 591 1910 633 hedie

1079 652 1200 693 salva
1219 652 1395 699 virtute,
1419 655 1467 691 ut
1486 650 1530 690 in
1548 649 1632 690 hac
1652 648 1723 690 die
1743 647 1801 689 ad
1818 647 1910 689 nul-

1078 709 1168 749 lum
1180 708 1448 749 declinemus
1459 707 1704 759 peccatum,
1715 704 1795 746 sed
1802 717 1911 746 sem-

1079 777 1158 817 per
1186 764 1243 805 ad
1270 769 1391 805 tuam
1424 762 1632 814 justitiam
1664 760 1911 802 faciendam

1081 826 1232 862 nostra
1249 819 1494 872 procedant
1513 818 1704 870 elequia,
1725 817 1911 869 dirigan-

1080 882 1151 918 tur
1171 876 1460 927 cogitationes
1480 880 1524 917 et
1544 877 1691 927 opera.
1720 874 1805 915 Per
1823 874 1912 915 De-

1080 933 1246 974 minum
1265 937 1475 974 nostrum.
1507 933 1556 984 Ra
1574 931 1729 972 Amen.

1132 984 1182 1035 V.
1223 989 1440 1029 Dominus
1482 987 1723 1030 vobiscum.
1770 989 1821 1041 R.
1856 986 1914 1028 Et

1082 1058 1182 1087 cum
1202 1045 1358 1097 spiritu
1376 1050 1465 1086 tuo.

1132 1096 1182 1148 V.
1193 1101 1516 1143 Benedicamus
1527 1100 1732 1141 Demino.
1752 1101 1804 1153 R.
1815 1099 1914 1141 Deo

1082 1158 1256 1208 gratias.

1133 1222 1283 1256 Deinde
1310 1221 1348 1255 in
1371 1220 1501 1255 Choro
1523 1221 1666 1263 legitur
1685 1222 1914 1267 Martyrolo-
1946 1245 1949 1248 >

1082 1271 1196 1313 gium.
1241 1270 1288 1303 Et
1319 1269 1475 1313 quando
1507 1270 1673 1304 dicenda
1698 1275 1757 1306 est
1784 1271 1914 1306 Prima

1083 1319 1129 1353 de
1147 1318 1188 1352 B.
1207 1318 1339 1358 Maria,
1364 1318 1607 1361 praeponitur
1623 1318 1801 1354 Lectioni
1817 1319 1914 1354 Mar—

1082 1366 1278 1410 tyrologii.

1135 1423 1277 1457 Postea
1300 1421 1643 1457 Hebdomadarius
1669 1422 1763 1457 dicit

1134 1468 1185 1520 V.
1201 1473 1401 1515 Pretiesa
1416 1473 1459 1514 in
1476 1475 1718 1525 conspectu
1729 1471 1917 1513 Demini.

1086 1531 1134 1582 Rg.
1154 1530 1276 1571 Mors
1295 1531 1549 1571 sanctorum
1569 1530 1671 1581 ejus.

1135 1593 1183 1628 Et
1206 1592 1383 1627 absolute
1409 1592 1492 1626 sine
1518 1590 1691 1626 Oremus.

1421 1648 1584 1690 Oratio.

1085 1700 1286 1808 Sancta
1317 1703 1475 1754 Maria,
1509 1708 1553 1746 et
1586 1715 1740 1745 omnes
1771 1702 1920 1744 Sancti

1173 1759 1450 1802 intercedant
1475 1773 1559 1813 pro
1587 1759 1716 1801 nobis
1746 1758 1803 1800 ad
1830 1759 1919 1800 Do-

1087 1818 1266 1858 minum:
1302 1822 1351 1858 ut
1383 1829 1465 1858 nos
1496 1818 1746 1858 mereamur
1777 1815 1833 1857 ab
1867 1827 1920 1857 eo

1088 1873 1284 1925 adjuvari
1304 1878 1347 1914 et
1372 1873 1547 1923 salvari,
1574 1873 1649 1926 qui
1667 1872 1775 1914 vivit
1794 1876 1838 1914 et
1856 1884 1920 1914 re-

1087 1935 1192 1980 gnat
1210 1930 1253 1970 in
1273 1930 1435 1971 saecula
1454 1929 1730 1971 saeculerum.

1138 1987 1187 2037 R.
1219 1986 1372 2027 Amen.

1138 2037 1188 2089 V.
1208 2042 1331 2084 Deus
1350 2043 1393 2082 in
1414 2042 1679 2094 adjuterium
1698 2054 1845 2083 meum
1859 2041 1920 2082 in·

1087 2098 1231 2140 tende.
1262 2099 1312 2151 Ru
1339 2099 1528 2140 DOmine
1548 2098 1605 2140 ad
1625 2097 1920 2150 adiuvandum

1087 2167 1157 2196 me
1178 2155 1346 2196 festina.

1139 2220 1185 2253 Et
1210 2218 1351 2253 dicitur
1375 2224 1446 2254 ter:
1473 2220 1608 2255 ultimo
1631 2221 1789 2256 additur

1140 2271 1292 2312 Gloria
1310 2271 1441 2312 Patri.
1468 2272 1590 2313 Sicut
1609 2276 1713 2313 erat.

1151 2332 1282 2383 Kyrie
1315 2332 1491 2373 eleison.
1533 2332 1706 2373 Christe
1743 2330 1920 2372 eleison.

1099 2388 1225 2440 Kyrie
1245 2388 1420 2429 eleison.

1140 2444 1270 2485 Pater
1289 2450 1450 2486 noster.
1471 2453 1654 2488 secreto.

1142 2496 1191 2546 V.
1207 2501 1265 2542 Et
1285 2514 1338 2542 ne
1359 2514 1440 2541 nos
1459 2500 1642 2542 inducas
1657 2500 1701 2541 in
1716 2500 1919 2542 tentatio-

1089 2568 1198 2597 nem.
1225 2558 1275 2610 Ιζν.
1297 2557 1384 2598 Sed
1402 2557 1541 2598 libera
1560 2569 1642 2598 nos
1661 2569 1686 2597 a
1704 2556 1832 2597 malo.

1141 2607 1191 2659 V.
1222 2613 1413 2665 Respice
1446 2614 1488 2654 in
1520 2625 1673 2655 servos
1701 2617 1803 2654 tuos
1830 2612 1918 2653 Do-

1089 2668 1219 2717 mine,
1248 2674 1292 2710 et
1314 2669 1357 2709 in
1378 2671 1514 2722 Opera
1533 2674 1624 2718 tua,
1649 2674 1694 2710 et
1713 2668 1852 2718 dirige
1873 2668 1919 2708 fi-

1090 2723 1171 2764 lios
1191 2726 1354 2765 cerum.
1383 2729 1433 2780 Ru
1452 2726 1508 2767 Et
1527 2726 1583 2767 sit
1602 2724 1814 2778 splendor
1829 2725 1918 2765 De-
