2040 2944
623 201 798 235 Officium
824 212 987 244 parvum
1011 202 1052 235 Β.
1077 202 1208 236 Mariae
1235 204 1336 244 virg.

182 297 298 339 Ecce
318 309 406 338 non
425 297 679 339 dormitabit
696 310 839 350 neque
859 296 957 339 dor-

129 354 244 404 miet,
262 354 286 379 *
308 353 382 406 qui
401 354 594 395 custodit
613 354 760 395 Israel.

181 414 395 456 Dominus
425 414 619 456 custodit
645 420 709 464 te,
741 415 956 456 Dominus

129 471 350 523 protectio
366 476 452 522 tua,
471 474 494 499 *
515 484 648 524 super
663 484 840 513 manum
854 472 955 513 dex-

129 531 268 569 teram
286 532 417 569 tuam.
496 567 498 570 ,
835 532 841 539 ’

179 583 264 625 Per
289 584 405 626 diem
429 584 495 626 sol
518 597 607 626 non
630 590 728 626 uret
750 589 810 626 te:
835 586 859 611 *
884 598 955 627 ne-

129 652 214 692 que
232 640 334 682 luna
351 654 431 694 per
448 646 634 683 noctem.

179 697 392 739 Dominus
433 697 626 740 custodit
660 703 705 740 te
743 698 799 740 ab
838 700 956 741 omni

127 753 262 795 malo:
297 756 321 780 *
359 754 578 796 custodiat
613 755 802 796 animam
835 760 955 797 tuam

126 809 352 852 Dominus

177 866 395 908 Dominus
410 867 630 916 custodiat
646 868 873 910 introitum
890 874 953 911 tu-

126 936 219 972 um,
260 929 304 965 et
340 925 503 965 exitum
539 930 680 966 tuum:
718 927 742 952 *
779 938 834 967 ex
868 925 954 968 hoc

125 991 251 1029 nunc,
279 985 323 1022 et
349 994 490 1032 usque
517 981 561 1021 in
589 982 809 1023 saeculum.

178 1044 328 1086 Gloria
346 1046 476 1087 Patri.

390 1130 587 1170 Psalmus
608 1132 685 1170 121.

185 1194 342 1234 aetatus
376 1206 472 1234 sum
502 1194 547 1235 in
577 1193 664 1245 his,
701 1208 800 1247 quae
833 1195 952 1238 dicta

223 1254 323 1290 sunt
340 1249 459 1292 mihi:
476 1251 500 1277 *
518 1250 563 1291 in
582 1250 762 1292 domum
775 1252 952 1293 Domini

123 1304 293 1347 ibimus.

174 1366 348 1409 Stantes
373 1373 497 1409 erant
519 1367 657 1420 pedes
682 1369 831 1419 nostri,
858 1371 882 1396 *
907 1370 951 1411 in

124 1423 244 1464 atriis
263 1423 349 1464 tuis
367 1424 621 1466 Jerusalem.

173 1483 425 1535 Jerusalem,
446 1498 544 1538 quae
565 1485 808 1528 aedificatur
827 1493 876 1529 ut
895 1490 949 1529 ci-

122 1539 250 1581 vitas:
280 1541 303 1566 *
332 1542 452 1594 cujus
479 1542 758 1596 participatio
789 1544 878 1596 ejus
906 1544 950 1585 in

121 1595 323 1649 idipsum.
392 1643 393 1646 Ἴ

173 1657 282 1700 Illuc
319 1659 434 1700 enim
469 1660 760 1702 ascenderunt
796 1660 948 1710 tribus,

121 1713 261 1756 tribus
288 1715 482 1757 Domini:
511 1718 534 1744 *
562 1717 862 1758 testimonium
888 1718 947 1758 Is-

121 1770 212 1811 rael
246 1770 303 1812 ad
336 1771 635 1814 confitendum
669 1773 834 1814 nomini
859 1774 947 1815 Do-

120 1839 237 1868 mim.

174 1888 284 1938 Quia
310 1889 398 1931 illic
427 1890 635 1932 sederunt
663 1890 791 1932 sedes
819 1891 862 1931 in
890 1892 946 1942 ju-

123 1942 248 1994 dicio,
267 1946 291 1971 *
311 1945 440 1988 sedes
454 1960 585 1999 super
601 1946 779 1988 domum
792 1946 947 1988 David.

173 2005 346 2056 Rogate
372 2020 470 2058 quae
496 2007 553 2049 ad
578 2021 732 2061 pacem
758 2013 858 2049 sunt
880 2008 945 2049 Je-

120 2061 324 2159 {usalemz
345 2065 369 2090 *
389 2068 432 2106 et
450 2064 718 2107 abundantia
736 2065 946 2116 diligenti-

152 2131 203 2158 us
223 2123 282 2160 te:

172 2178 269 2220 Fiat
288 2193 376 2232 pax
399 2180 443 2221 in
465 2182 626 2224 virtute
649 2187 738 2224 tua:
762 2184 786 2209 *
810 2187 854 2223 et
875 2181 946 2223 ab·

121 2234 329 2277 undantia
347 2237 391 2277 in
410 2238 602 2280 turribus
621 2239 718 2280 tuis.

173 2295 360 2349 Propter
386 2299 542 2341 fratres
566 2313 705 2350 meos,
734 2305 778 2342 et
803 2300 947 2353 proxi-

122 2364 218 2393 mos
232 2366 366 2404 meos,
383 2356 405 2380 *
422 2355 635 2408 loquebar
648 2370 804 2410 pacem
821 2356 875 2397 de
889 2361 947 2397 te:

173 2412 361 2467 Propter
380 2415 558 2458 domum
577 2417 754 2458 Domini
770 2417 854 2458 Dei
874 2429 947 2458 no-

123 2467 212 2517 stri,
231 2470 254 2494 *
275 2473 457 2522 quaesivi
474 2472 591 2515 bona
609 2473 698 2515 tibi.

177 2533 327 2575 Gloria
344 2536 474 2578 Patri.

180 2615 275 2655 Ant.
303 2616 440 2657 Maria
462 2615 599 2665 Virgo
628 2620 855 2668 assumpta
882 2621 948 2657 est

125 2665 182 2707 ad
218 2667 455 2711 aethereum
490 2671 748 2721 thalamum,
784 2672 827 2712 in
860 2684 947 2723 quo

125 2722 222 2763 Rex
240 2736 391 2775 regum
411 2726 585 2768 stellato
605 2728 730 2769 sedet
750 2727 872 2769 solio.

1062 299 1320 349 Capitulum.
1508 301 1639 341 Eccli.
1659 302 1723 340 24.
1744 301 1782 341 b.

1089 363 1106 400 t
1129 359 1192 401 sic
1214 361 1258 401 in
1275 361 1380 403 Sion
1398 362 1571 404 firmata
1594 376 1701 413 sum,
1725 368 1769 405 et
1791 364 1835 405 in

1115 416 1289 458 civitate
1329 419 1600 460 sanctificata
1636 420 1834 462 similiter

1008 471 1217 523 requievi,
1243 479 1286 514 et
1308 474 1352 514 in
1371 475 1614 516 Jerusalem
1636 478 1834 528 potestas

1007 540 1116 568 mea.
1164 534 1214 573 R,
1244 529 1340 571 Deo
1368 531 1542 582 gratias.

1062 584 1111 635 V.
1145 575 1316 627 Diffusa
1353 592 1419 628 est
1453 589 1594 639 gratia
1630 589 1673 630 in
1706 589 1834 631 labiis

1007 641 1106 681 tuis.
1155 646 1207 697 Rg.
1244 643 1487 696 Propterea
1526 644 1750 688 benedixit
1789 652 1833 688 te

1007 696 1128 738 Deus
1156 698 1199 739 in
1227 701 1449 741 aeternum.

1062 755 1194 806 Kyrie
1226 756 1401 798 eleison.
1458 757 1629 800 Christe
1659 759 1834 802 eleison.

1010 812 1144 863 Kyrie
1164 811 1339 854 eleison.

1060 864 1110 915 V.
1148 868 1363 911 Dominus
1399 871 1638 914 vobiscum.
1694 876 1743 926 R.
1778 875 1834 916 Et

1007 936 1106 965 cum
1126 926 1282 978 spiritu
1299 932 1389 968 tuo.

1346 988 1508 1029 Oratio.

1095 1054 1182 1092 eus,
1209 1044 1282 1095 qui
1306 1044 1459 1086 salutis
1479 1047 1665 1097 aeternae,
1690 1047 1832 1088 beatae

1116 1098 1267 1141 Mariae
1317 1101 1565 1152 virginitate
1612 1102 1832 1153 foecunda,

1004 1152 1196 1197 humano
1232 1158 1381 1207 generi
1416 1159 1598 1210 praemia
1629 1160 1832 1211 praestiti-

1005 1210 1079 1250 sti:
1111 1211 1273 1262 tr1'bue,
1307 1216 1576 1265 quaesumus3
1613 1220 1661 1256 ut
1692 1216 1833 1268 ipsam

1004 1279 1086 1318 pro
1119 1267 1246 1309 nobis
1279 1270 1552 1312 intercedere
1584 1272 1832 1322 sentiamus,

1004 1335 1083 1374 per
1109 1337 1239 1376 quam
1262 1328 1499 1368 meruimus
1525 1330 1749 1369 auctorem
1773 1329 1831 1369 vi-

1003 1383 1061 1420 tae
1095 1383 1337 1434 suscipere,
1369 1383 1606 1425 Dominum
1633 1391 1831 1426 nostrum

1002 1435 1027 1475 J
1030 1448 1152 1477 esum
1172 1437 1393 1480 Christum
1411 1440 1569 1481 Filium
1588 1446 1726 1482 tuum:
1749 1442 1832 1492 Qui

1002 1496 1149 1533 tecum
1168 1495 1275 1536 vivit
1294 1501 1337 1537 et
1355 1502 1518 1548 regnat.

1282 1570 1349 1606 Ad
1375 1570 1561 1607 Sextam.

1061 1631 1153 1670 Ave
1172 1626 1319 1667 Maria.

1058 1688 1107 1738 V.
1131 1687 1252 1728 Deus
1272 1687 1316 1727 in
1335 1687 1608 1739 adjutorium.

1058 1754 1268 1805 Hymnus.
1298 1750 1524 1793 Memento.
1552 1749 1657 1802 [154]

1055 1812 1155 1852 Ant.
1183 1812 1231 1851 In
1250 1808 1444 1850 odorem.

1266 1882 1464 1923 Psalmus
1484 1884 1567 1923 122.

1006 1938 1180 1989 <Ur
1206 1944 1250 1981 te
1277 1939 1419 1981 levavi
1449 1939 1601 1981 oculos
1628 1954 1770 1991 meos,
1803 1944 1826 1968 *

1006 1987 1137 2064 fs),
1169 1996 1242 2047 qui
1261 1995 1432 2037 habitas
1452 1996 1496 2036 in
1516 1996 1650 2037 coelis.

1059 2050 1118 2075 '³⁴³¹'
1138 2061 1140 2063 ·
1200 2053 1315 2093 Ecce
1332 2052 1445 2093 sicut
1461 2052 1575 2093 oculi
1590 2055 1827 2103 servorum,

1000 2110 1023 2134 *
1042 2109 1085 2149 in
1105 2108 1305 2150 manibus
1326 2108 1601 2150 dominorum
1621 2111 1809 2159 suorum,

1051 2165 1171 2206 Sicut
1203 2165 1318 2206 oculi
1350 2164 1519 2206 ancillae
1552 2166 1596 2205 in
1626 2165 1826 2208 manibus

1001 2221 1191 2262 dominae
1214 2234 1320 2262 suae:
1343 2222 1366 2246 *
1389 2221 1450 2263 ita
1473 2221 1589 2263 oculi
1612 2222 1751 2263 nostri
1770 2222 1826 2264 ad

999 2278 1237 2318 Dominum
1271 2278 1414 2318 Deum
1449 2283 1648 2319 nostrum
1685 2278 1826 2320 donec

1000 2334 1257 2375 misereatur
1284 2333 1433 2375 nostri.

1051 2390 1259 2431 Miserere
1291 2390 1431 2431 nostri
1456 2390 1665 2440 Domine,
1700 2391 1825 2432 mise-

1001 2448 1097 2487 rere
1118 2446 1270 2487 nostri:
1293 2449 1317 2472 *
1342 2447 1442 2498 quia
1462 2447 1647 2488 multum
1670 2447 1825 2500 repleti

1001 2515 1149 2543 sumus
1169 2501 1466 2554 despectione:

982 2578 985 2582 ·
1053 2559 1163 2609 Quia
1185 2558 1369 2599 multum
1396 2559 1565 2611 repleta
1592 2565 1659 2601 est
1684 2560 1824 2600 anima

1000 2620 1168 2656 nostra:
1199 2617 1223 2641 *
1256 2614 1543 2667 opprobrium
1571 2615 1823 2657 abundanti-

1000 2670 1092 2719 bus,
1113 2676 1156 2712 et
1176 2670 1402 2723 despectio
1423 2672 1634 2724 superbis.

1053 2727 1203 2768 Gloria
1222 2727 1351 2768 Patri.
