2040 2944
714 201 823 234 Fcria
842 201 1007 234 secunda
1028 203 1074 235 ad
1093 203 1253 237 Laudes.
1797 199 1841 233 49

199 290 413 340 Queniam
427 291 470 331 in
484 295 528 332 te
542 291 729 332 Demine
744 292 932 344 speravi:
947 292 970 318 *

145 350 195 388 tu
209 346 415 388 exaudies
430 359 499 388 me
507 347 694 395 Domine
701 348 821 389 Deus
836 361 969 389 meus.

199 403 312 452 Quia
330 402 437 444 dixi:
463 403 710 455 Nequando
736 407 968 456 supergau-

147 458 278 500 deant
297 459 401 500 mihi
424 460 586 500 inimici
612 460 716 501 mei:
743 461 767 486 *
796 466 838 502 et
866 460 969 502 dum

147 518 478 558 commoventur
492 515 628 569 pedes
641 517 736 567 mei,
753 529 885 569 super
899 530 969 559 me

146 585 302 622 magna
322 571 458 614 locuti
477 578 586 614 sunt.

199 629 414 678 Quoniam
433 642 515 680 ego
536 629 580 670 in
599 629 769 679 flagella
790 633 968 682 paratus
1027 663 1033 686 ,Ξ

147 698 258 726 sum:
277 686 300 710 *
321 690 364 727 et
384 685 510 727 dolor
528 699 651 727 meus
671 686 714 726 in
730 688 969 739 conspectu
1026 684 1063 747 ἐξ
1081 684 1089 693 '
1109 684 1115 688 ⁴

145 754 244 783 meo
265 754 448 794 semper.

199 798 412 848 Quoniam
439 798 710 850 iniquitatem
736 812 877 840 meam
898 812 968 840 an-

146 853 373 896 nuntiabo:
388 855 411 879 *
423 859 466 896 et
477 855 681 905 cogitabo
692 868 773 908 pro
784 857 968 907 peccato

146 924 257 952 meo.

197 968 365 1008 Inimici
381 973 526 1009 autem
540 968 626 1009 mei
637 968 796 1018 vivunt,
812 973 855 1009 et
870 981 968 1009 con-

146 1024 306 1066 firmati
325 1029 424 1066 sunt
445 1037 575 1076 super
602 1037 691 1065 me:
719 1025 742 1049 *
768 1030 811 1066 et
829 1024 968 1066 multi-

145 1079 294 1133 plicati
315 1086 414 1122 sunt
435 1081 508 1132 qui
528 1080 714 1122 oderunt
729 1094 797 1122 me
812 1081 969 1133 inique.

199 1137 282 1186 Qui
310 1137 554 1179 retribuunt
580 1136 693 1178 mala
719 1150 801 1189 pro
832 1137 969 1187 bonis,

147 1192 435 1235 detrahebant
461 1193 584 1234 mihi:
616 1194 639 1218 *
674 1194 877 1246 quoniam
906 1207 968 1235 se-

147 1249 312 1304 quebar
331 1249 582 1291 bonitatem.

196 1305 264 1347 Ne
279 1305 555 1358 derelinquas
571 1319 640 1347 me
650 1306 837 1347 Domine
849 1306 969 1347 Deus

145 1374 287 1403 meus:
307 1363 330 1388 *
350 1375 404 1403 ne
425 1362 677 1404 discesseris
691 1376 723 1403 a
742 1375 822 1403 me.

196 1418 380 1460 Intende
405 1419 449 1459 in
473 1418 734 1471 adjutorium
758 1432 919 1469 meum,
946 1420 969 1444 *

145 1474 332 1516 Domine
351 1475 471 1516 Deus
491 1474 642 1517 sallitis
662 1488 782 1516 meae.

197 1535 294 1576 Ant.
320 1535 483 1577 Revela
497 1535 687 1578 Domino
708 1536 821 1577 viam
839 1542 969 1578 tuam.

194 1599 277 1640 Per
298 1599 482 1641 Annum.
512 1597 561 1648 V.
586 1601 772 1642 Domine
791 1601 835 1641 in
855 1601 969 1642 coelo

145 1656 445 1697 misericordia
462 1661 548 1698 tua.
573 1659 622 1710 R'·
646 1658 702 1698 Et
715 1658 875 1699 veritas
895 1662 970 1698 tua

145 1725 284 1764 usque
303 1712 360 1754 ad
378 1712 526 1754 nubes.

195 1777 280 1818 Pro
308 1791 392 1818 uno
415 1779 535 1820 Mart.
572 1774 620 1826 V.
651 1778 802 1819 Gloria
827 1783 870 1820 et
895 1778 969 1819 ho-

147 1835 254 1875 nere
274 1834 495 1875 coronasti
511 1847 610 1876 eum
624 1835 821 1876 Demine.
848 1838 895 1888 R'·
914 1835 971 1876 Et

147 1890 408 1931 constituisti
437 1903 536 1931 eum
564 1903 695 1943 super
723 1893 858 1943 Opera
883 1893 970 1931 ma-

145 1959 279 1987 nuum
297 1949 480 1988 tuarum.

196 2011 281 2051 Pro
310 2011 463 2063 plurib.
491 2011 610 2052 Mart.
659 2006 707 2057 Y.
742 2012 971 2053 Laetamini

146 2067 190 2107 in
209 2067 411 2118 Domino,
431 2072 475 2109 et
493 2068 708 2110 exsultate
722 2069 831 2120 justi.
853 2071 897 2121 Rg.
915 2069 971 2109 Et

147 2121 391 2173 gloriamini
410 2136 561 2166 omnes
581 2125 690 2166 recti
709 2125 854 2166 corde.

196 2190 281 2230 Pro
322 2189 441 2229 Conf.
477 2190 600 2230 Pom.
641 2195 683 2230 et
721 2204 805 2231 non
844 2191 965 2233 Pont.

144 2240 194 2292 V.
220 2245 396 2287 Amavit
423 2259 521 2287 eum
539 2246 763 2297 Dominus,
784 2252 828 2288 et
847 2250 969 2289 orna-

147 2301 209 2342 vit
237 2314 346 2343 eum.
379 2302 427 2353 Ra
459 2302 625 2344 Stolam
652 2302 804 2353 gloriae
831 2303 971 2346 induit

148 2369 257 2398 eum.

201 2430 283 2470 Pro
299 2443 382 2470 una
398 2430 565 2470 Sancta.
598 2423 643 2474 N'.
661 2428 816 2480 Specie
831 2433 906 2470 tua
926 2434 969 2470 et

147 2482 470 2535 pulchritudine
488 2490 573 2527 tua.
595 2485 643 2535 K.
659 2484 852 2535 Intende,
871 2487 968 2537 pro-

148 2551 276 2593 spere
294 2540 497 2592 procede,
518 2546 561 2582 et
581 2554 724 2591 regna.

353 2660 448 2665 -—**-r
466 2657 592 2669 ἅνω
615 2662 667 2664 *ψ
681 2662 764 2664 ⁷—

1276 314 1352 355 Ad
1378 315 1584 356 Laudes.

1069 379 1117 429 v.
1151 383 1270 424 Deus
1287 384 1331 424 in
1349 384 1619 436 adjuterium.
1648 386 1706 426 15.

1070 458 1231 497 Quando
1272 469 1346 492 non
1386 461 1631 502 assignantur
1667 462 1835 504 propriae

1019 507 1105 540 Ant.
1124 507 1262 540 dicitur
1278 507 1363 540 Ant.
1386 506 1574 541 Miserere.

1286 576 1477 616 psalmus
1501 579 1570 616 50.

1118 669 1139 694 s„
1165 639 1338 680 iserere
1367 640 1452 681 mei
1480 641 1614 691 Deus⁷
1640 642 1663 667 *
1693 645 1840 682 Secl'm-

1026 741 1028 755 γ
1196 695 1298 736 dum
1350 709 1550 746 magnam
1602 698 1840 739 misericer-

1166 750 1169 771 ἒ
1196 750 1311 791 diam
1327 757 1456 793 tuam.

1073 811 1129 851 Et
1156 812 1394 853 secundum
1420 813 1738 855 multitudinem
1767 816 1840 855 mi-

1022 867 1286 909 serationum
1310 871 1496 919 tuarum,
1522 870 1544 895 *
1569 869 1664 911 dele
1692 871 1840 923 iniqui-

1021 924 1156 964 tatem
1173 937 1325 965 meam.

1075 984 1273 1036 Amplius
1307 985 1404 1026 lava
1435 999 1504 1027 me
1535 986 1588 1028 ab
1617 987 1841 1039 iniquitate

1021 1053 1133 1080 mea:
1150 1041 1172 1065 *
1190 1046 1232 1082 et
1243 1054 1268 1081 a
1281 1044 1464 1093 peccato
1475 1056 1573 1083 meo
1588 1043 1748 1084 munda
1763 1057 1842 1084 me.

1075 1101 1288 1149 Queniam
1306 1102 1576 1154 iniquitatem
1599 1116 1740 1144 meam
1761 1117 1841 1153 ego

1023 1159 1261 1206 cognosco:
1295 1158 1318 1183 *
1354 1164 1397 1200 et
1435 1161 1663 1211 peccatum
1699 1173 1842 1201 meum

1023 1218 1174 1254 contra
1192 1227 1262 1255 me
1282 1220 1347 1256 est
1366 1227 1548 1267 semper.

1074 1273 1173 1315 Tibi
1197 1274 1278 1315 soli
1298 1276 1494 1327 peccavi,
1523 1281 1566 1317 et
1592 1276 1752 1317 malum
1773 1289 1840 1317 co-

1022 1343 1115 1370 ram
1133 1335 1176 1371 te
1196 1331 1292 1371 feci:
1317 1332 1340 1356 *
1364 1337 1411 1373 ut
1429 1332 1671 1383 justificeris
1695 1332 1737 1372 in
1757 1345 1840 1373 ser-

1022 1386 1221 1428 monibus
1249 1388 1349 1437 tuis,
1378 1393 1421 1429 et
1439 1389 1586 1429 vincas
1615 1401 1711 1430 cum
1739 1388 1840 1440 judi-

1023 1455 1145 1483 caris.

1074 1504 1188 1545 Ecce
1215 1505 1327 1545 enim
1353 1505 1396 1545 in
1420 1504 1716 1556 iniquitatibus
1744 1517 1841 1546 con-

1023 1562 1174 1612 ceptus
1197 1574 1309 1602 sum:
1339 1561 1361 1586 *
1391 1566 1434 1602 et
1452 1561 1495 1601 in
1522 1562 1714 1613 peccatis
1744 1574 1840 1602 con-

1023 1617 1139 1669 cepit
1155 1630 1224 1658 me
1244 1622 1382 1659 mater
1401 1630 1508 1658 mea.

1074 1677 1188 1718 Ecce
1208 1678 1323 1718 enim
1341 1678 1569 1719 veritatem
1590 1677 1794 1718 dilexisti:
1817 1678 1840 1702 *

1021 1733 1186 1775 incerta
1219 1739 1262 1775 et
1294 1733 1466 1775 occulta
1501 1734 1723 1785 sapientiae
1753 1739 1839 1775 tuae

1021 1789 1307 1831 manifestasti
1326 1789 1440 1830 mihi.

1074 1850 1294 1903 Asperges
1321 1863 1390 1891 me
1417 1850 1625 1903 hyss6p0‚
1655 1855 1697 1892 et
1723 1863 1840 1890 mun-

1023 1906 1177 1948 dabor:
1187 1908 1210 1932 *
1221 1906 1386 1948 lavabis
1400 1920 1481 1957 me,
1498 1912 1540 1949 et
1554 1920 1684 1959 super
1699 1907 1841 1947 nivem

1023 1962 1273 2004 dealbabor.

1074 2023 1254 2065 Auditui
1281 2036 1380 2065 meo
1416 2022 1539 2064 dabis
1567 2022 1771 2073 gaudium
1799 2027 1842 2063 et

1022 2079 1235 2121 laetitiam:
1254 2080 1277 2105 *
1299 2085 1342 2121 et
1359 2079 1636 2121 exsultabunt
1652 2091 1751 2120 ossa
1767 2079 1839 2120 hu-

1022 2136 1195 2177 miliata.

1074 2197 1237 2238 Averte
1270 2196 1424 2237 faciem
1450 2200 1569 2249 tuam
1598 2207 1622 2235 a
1650 2195 1840 2247 peccatis

1021 2252 1148 2293 meis:
1171 2253 1194 2278 *
1220 2257 1263 2294 et
1287 2264 1436 2293 omnes
1455 2251 1703 2303 iniquitates
1722 2263 1840 2292 meas

1023 2308 1130 2350 dele.

1075 2368 1160 2410 Cor
1177 2367 1384 2409 mundum
1399 2380 1499 2409 crea
1519 2368 1563 2408 in
1581 2380 1651 2408 me
1664 2367 1801 2408 Deus:
1815 2367 1838 2392 *

1022 2430 1065 2466 et
1118 2424 1317 2476 spiritum
1369 2429 1535 2465 rectum
1587 2425 1745 2464 innova
1797 2423 1839 2462 in

1020 2480 1257 2522 visceribus
1278 2480 1396 2521 meis.

1072 2541 1139 2582 Ne
1161 2540 1362 2593 projicias
1381 2552 1450 2581 me
1470 2552 1495 2580 a
1513 2539 1622 2581 facie
1644 2545 1735 2581 tua:
1754 2540 1777 2564 *
1797 2543 1839 2579 et

1021 2597 1227 2649 Spiritum
1246 2600 1443 2637 sanctum
1460 2601 1582 2637 tuum
1598 2608 1652 2636 ne
1670 2595 1837 2636 auferas

1022 2666 1047 2693 a
1065 2665 1145 2693 me.

1073 2711 1226 2755 Redde
1265 2711 1370 2755 mihi
1409 2711 1604 2755 laetitiam
1639 2708 1837 2753 salutaris
