2040 2944
602 204 705 238 Infra
732 204 918 239 Octavam
941 205 1210 240 Dedicationis
1236 207 1432 241 Ecclesiae.

163 303 376 354 cupatur),
410 303 520 344 ficus
556 303 678 344 fatua
715 304 884 346 dicitur.
935 305 992 346 Et

162 356 316 399 eadem
349 358 568 400 dominica
602 372 728 409 crux,
771 373 869 412 quae
902 374 990 402 cre-

162 412 316 454 dentes
345 414 422 455 alit
448 419 496 456 ut
520 415 646 465 ficus,
675 416 730 457 ab
754 416 991 458 incredulis

159 468 366 511 irridetur
383 475 432 512 ut
451 471 582 512 fatua.
642 473 700 514 Te
722 472 877 514 Deum.
906 475 966 514 14.

420 547 733 576 'rw-

357 619 388 659 S
417 629 443 659 e
469 630 504 659 x
531 619 554 660 t
581 629 612 660 a
656 620 697 660 D
726 620 744 660 i
773 630 799 660 e

402 676 512 715 infra
534 675 756 716 Octavam.

214 744 259 777 In
291 744 317 778 Ι.
347 744 547 778 Nocturno
577 744 782 777 Lectiones
816 743 862 776 de
893 742 991 776 Scri—

161 796 275 835 ptura
300 796 532 826 occurrente.

390 852 439 890 In
462 852 512 890 II.
537 852 762 895 Nocturno.

206 910 272 950 De
299 909 510 950 Sermone
540 908 680 949 sancti
707 909 943 960 Augustini

202 967 210 970 “
462 964 686 1017 Episcopi.

278 1026 337 1060 Ex
362 1026 479 1061 Serm.
502 1028 576 1062 256.
603 1028 650 1061 de
675 1027 875 1070 Tempore.

465 1080 616 1120 Lectio
638 1080 691 1119 iv.

168 1136 374 1199 ff-jx
400 1132 505 1174 dum
523 1145 684 1174 novam
701 1134 990 1175 constructio-

164 1200 171 1237 ,ζ
195 1166 271 1244 ῃ]
294 1202 395 1230 110111
427 1194 592 1230 sanctae
628 1189 754 1240 huius
792 1189 991 1231 ecclesiae

164 1238 271 1269 *4
293 1245 480 1287 libenter
525 1245 810 1296 attendimus,
859 1259 991 1297 quam

160 1301 308 1343 divino
345 1302 512 1342 nomini
548 1301 682 1343 hodie
720 1301 990 1352 dedicamus,

159 1357 403 1399 invenimus
436 1371 462 1400 a
488 1357 616 1400 nobis
645 1358 797 1399 deberi
826 1363 869 1400 et
892 1359 990 1399 Deo

158 1419 313 1456 nostro
343 1414 580 1455 maximam
605 1414 796 1464 laudem,
826 1419 870 1456 et
896 1427 990 1455 san-

160 1470 300 1512 ctitati
317 1475 477 1513 vestrae
498 1472 740 1521 congruum
760 1470 815 1512 de
830 1470 991 1513 divinae

160 1525 318 1568 domus
380 1527 673 1568 aedificatione
733 1529 991 1568 sermonem.

160 1582 286 1624 Tunc
327 1587 475 1624 autem
515 1595 661 1624 sermo
703 1587 855 1624 noster
891 1585 991 1624 eon-

160 1651 295 1690 gruus
314 1639 408 1689 erit,
430 1639 468 1679 si
485 1639 530 1679 in
548 1652 596 1680 se
616 1638 784 1690 aliquid
803 1638 991 1680 aedifica-

159 1694 292 1735 tionis
310 1694 483 1745 habeat,
504 1693 625 1746 quod
639 1694 818 1736 utilitati
832 1694 990 1735 anima-

160 1763 258 1791 rum
282 1752 545 1801 vestrarum,
572 1751 671 1792 Deo
699 1763 780 1792 vos
808 1751 991 1791 interius

161 1805 424 1856 aedificante,
445 1807 661 1859 proficiat.
693 1806 825 1857 Quod
843 1806 913 1848 hic
931 1807 990 1847 fa-

161 1867 281 1904 etum
307 1862 598 1915 corporaliter
623 1862 823 1904 videmus
846 1863 890 1903 in
917 1875 990 1915 pa-

159 1917 359 1968 rietibus,
388 1918 645 1971 spiritaliter
671 1918 749 1959 fiat
772 1919 817 1959 in
841 1919 991 1960 menti-

160 1973 259 2016 bus:
288 1979 332 2016 et
358 1974 476 2026 quod
500 1974 571 2015 1110
594 1974 838 2027 perfectum
857 1975 991 2015 cerni-

160 2043 257 2071 mus
276 2030 319 2071 in
335 2029 556 2082 lapidibus
573 2035 616 2071 et
629 2030 769 2081 lignis,
789 2030 874 2071 hoc
889 2030 990 2072 aedi-

160 2085 321 2127 ficante
352 2086 493 2136 gratia
524 2086 623 2135 Dei,
664 2086 918 2138 perficiatur
949 2086 992 2127 in

162 2141 424 2195 corporibus
447 2142 617 2183 vestris.

214 2199 266 2251 Rz.
293 2197 532 2239 Orantibus
550 2197 595 2238 in
613 2198 725 2241 loco.
753 2198 850 2251 [118]

470 2257 623 2298 Lectio
644 2271 682 2298 v.

247 2315 517 2368 rincipaliter
556 2328 661 2366 ergo
698 2315 861 2366 gratias
894 2317 992 2366 aga·

257 2385 355 2413 mus
391 2372 584 2413 Domino
621 2372 719 2412 Deo
756 2376 926 2421 nostro,
967 2384 993 2412 a

165 2440 252 2478 quo
273 2432 340 2469 est
359 2441 489 2469 omne
513 2428 665 2469 datum
689 2427 920 2479 optimum,
950 2431 994 2468 et

166 2495 294 2524 omne
329 2483 494 2525 donum
525 2483 784 2536 perfectum3
828 2487 871 2524 et
903 2483 992 2534 ejus

164 2538 407 2581 bonitatem
446 2544 542 2581 tota
584 2538 730 2580 cordis
766 2538 993 2580 alacritate

164 2593 409 2645 laudemus,
440 2595 645 2647 quoniam
665 2594 721 2635 ad
741 2595 993 2635 construen-

166 2649 268 2691 dam
286 2650 418 2692 istam
439 2651 619 2692 domum
639 2651 863 2701 orationis,
889 2649 993 2691 fide-

165 2705 270 2746 lium
290 2708 470 2748 suorum
487 2707 683 2749 visitavit
702 2707 904 2756 animum,
924 2718 993 2747 ex-

320 2848 383 2873 Pars
400 2849 568 2874 Autumnalis.

1044 306 1196 347 citavit
1224 306 1445 356 affectum,
1480 308 1730 358 surrogavit
1758 310 1874 349 auxi-

1042 361 1159 411 lium,
1176 362 1407 414 inspiravit
1421 363 1611 404 necdum
1625 364 1874 405 volentibus

1043 422 1091 458 ut
1109 418 1283 467 vellent,
1303 418 1468 470 adjuvit
1488 419 1617 461 bonae
1635 420 1875 461 voluntatis

1045 475 1230 515 conatus
1262 479 1310 515 ut
1341 475 1550 517 facerent:
1589 489 1641 517 ao
1678 489 1758 528 per
1790 476 1876 517 hoc

1043 530 1179 579 Deus,
1205 531 1278 582 qui
1299 533 1508 583 operatur
1527 532 1571 572 in
1590 532 1680 572 suis
1701 537 1744 573 et
1762 532 1875 574 velle

1045 590 1088 626 et
1118 586 1332 637 perficere
1369 600 1450 639 pro
1488 587 1606 629 bona
1638 588 1875 638 voluntate,

1043 641 1140 682 haec
1170 643 1315 683 omnia
1342 643 1438 695 ipse
1468 644 1618 695 coepit,
1656 644 1752 696 ipse
1779 658 1875 697 per-

1043 697 1157 738 fecit.
1218 700 1268 750 Rg.
1289 698 1326 739 Ο
1348 712 1489 751 quam.
1514 700 1610 751 [118]

1351 764 1503 803 Lectio
1525 765 1577 804 vi.

1130 824 1149 860 t
1161 820 1263 871 quia
1282 821 1418 872 opera
1436 820 1554 862 bona
1572 822 1616 861 in
1633 824 1875 874 conspectu
1924 846 1927 848 -

1143 889 1224 917 suo
1257 889 1497 928 numquam
1529 889 1627 919 esse
1659 879 1876 930 permittit

1043 931 1203 981 inania,
1231 931 1435 974 fidelibus
1459 933 1564 983 suis,
1595 933 1753 985 quibus
1774 947 1875 986 ope-

1043 987 1241 1029 rantibus
1269 988 1460 1040 praebuit
1487 989 1662 1030 virtutis
1697 1003 1788 1031 suae
1817 991 1875 1031 fa-

1044 1045 1216 1093 vorem,
1269 1044 1434 1086 tribuet
1485 1045 1746 1097 condignam
1792 1059 1874 1098 pro

1042 1103 1165 1141 tanta
1196 1101 1454 1152 operatione
1483 1102 1744 1143 mercedem.
1786 1102 1875 1143 Ad-

1043 1155 1128 1196 huc
1161 1156 1349 1208 amplius
1382 1157 1564 1208 agendae
1593 1163 1694 1199 sunt
1721 1159 1875 1209 gratiae

1042 1212 1140 1253 Deo
1160 1217 1324 1253 nostro.
1352 1213 1480 1254 Hanc
1500 1214 1616 1255 enim
1635 1214 1874 1263 ecclesiam,

1044 1280 1175 1319 quam
1211 1268 1315 1309 fecit
1351 1269 1516 1310 nomini
1554 1283 1634 1311 suo
1668 1271 1874 1320 construi,

1042 1324 1145 1364 fecit
1182 1324 1312 1365 etiam
1346 1326 1599 1366 sanctorum
1631 1326 1875 1378 Martyrum

1043 1379 1239 1431 reliquiis
1260 1381 1447 1432 amplius
1467 1381 1686 1423 honorari.

1101 1435 1152 1486 Ra.
1175 1436 1304 1477 Mane
1322 1450 1515 1488 surgens.
1544 1438 1641 1490 [118]

1272 1514 1322 1551 In
1342 1513 1413 1551 III.
1434 1513 1657 1551 Nocturno.

1046 1575 1199 1616 Lectio
1225 1575 1365 1616 sancti
1384 1575 1610 1626 Evangelii
1634 1576 1875 1618 secundum

1371 1631 1549 1672 Lucam.

1150 1691 1304 1731 Lectio
1326 1690 1406 1731 vii.⁴
1593 1690 1695 1740 Cap.
1716 1690 1773 1728 19.

1043 1738 1120 1844 In
1147 1742 1222 1783 1110
1250 1744 1466 1795 tempore:
1494 1744 1722 1798 Ingressus
1746 1744 1771 1784 J
1774 1757 1874 1786 esus

1109 1798 1446 1851 perambulabat
1469 1799 1494 1839 J
1497 1799 1655 1841 ericho.
1688 1799 1745 1841 Et
1771 1813 1874 1842 ecce

1044 1855 1110 1895 vir
1133 1855 1309 1896 nomine
1329 1854 1557 1896 Zachaeus:
1592 1859 1635 1896 et
1661 1855 1733 1896 hic
1759 1856 1873 1908 prin-

1045 1923 1149 1963 ceps
1181 1915 1275 1952 erat
1306 1910 1657 1963 publicanorum,
1703 1917 1746 1952 et
1777 1912 1874 1964 ipse

1045 1966 1179 2008 dives.
1218 1967 1275 2008 Et
1293 1967 1472 2019 reliqua.

1086 2038 1152 2078 De
1179 2035 1372 2076 Homilia
1398 2036 1675 2078 Venerabilis
1703 2031 1839 2078 Bedae

1328 2091 1591 2144 Prestteri.

1167 2152 1250 2187 Lib.
1274 2151 1304 2184 5.
1330 2150 1423 2193 Cap.
1447 2149 1499 2183 77.
1524 2149 1563 2183 in
1590 2149 1678 2182 Luc.
1705 2148 1756 2182 19.

1047 2206 1178 2267 [ΓΤ
1204 2216 1302 2244 cum
1326 2205 1519 2244 venisset
1544 2203 1602 2245 ad
1625 2204 1786 2252 locum,
1807 2217 1874 2245 su-

1046 2248 1054 2320 {j
1082 2275 1150 2309 ῃ
1174 2259 1364 2311 spiciens
1374 2259 1399 2299 J
1401 2272 1501 2300 esus
1511 2259 1622 2300 vidit
1631 2259 1763 2300 illum.
1781 2261 1876 2301 Per-

1140 2312 1150 2337 -’
1175 2314 1403 2356 ambulans
1440 2315 1614 2357 Jericho
1655 2315 1874 2366 Salvator,

1044 2371 1164 2412 venit
1199 2370 1256 2411 ad
1286 2370 1451 2425 locum,
1490 2370 1566 2412 ubi
1597 2375 1874 2424 praecurrens

1046 2425 1260 2467 Zachaeus
1297 2428 1576 2478 sycomorum
1610 2426 1874 2469 conscende-

1046 2486 1128 2523 rat:
1162 2482 1263 2534 quia
1289 2482 1434 2522 missis
1462 2495 1542 2534 per
1569 2483 1780 2525 mundum
1808 2483 1875 2524 sui

1046 2538 1169 2579 verbi
1195 2538 1491 2590 praeconibus,
1525 2539 1568 2579 in
1594 2539 1753 2590 quibus
1778 2539 1874 2591 ipse

1046 2595 1249 2634 nimirum
1268 2598 1311 2635 et
1329 2593 1593 2646 loquebatur
1614 2599 1656 2636 et
1674 2595 1780 2644 ibat,
1803 2607 1873 2635 ve-

1046 2650 1110 2690 nit
1129 2649 1186 2691 ad
1202 2649 1416 2702 populum
1434 2650 1668 2700 nationum,
1689 2650 1762 2702 qui
1777 2661 1872 2701 pas-

1047 2706 1184 2747 sionis
1210 2706 1301 2757 ejus
1326 2705 1414 2747 fide
1437 2706 1523 2757 jam
1546 2705 1741 2748 sublimis
1765 2706 1873 2746 exsi-
