2040 2944
607 185 715 218 Dom.
744 185 785 218 H.
813 186 891 219 Oet.
940 187 1194 221 Maternitatis
1222 189 1260 222 Β,
1288 190 1332 222 M.
1356 190 1398 222 Y.

151 281 330 334 superni
353 281 506 333 ignara
529 282 700 324 consilii
725 282 783 324 ad
804 282 981 325 inusita-

149 341 220 378 tos
252 339 437 390 paveret
468 338 644 388 affatus,
686 339 808 392 quod
843 339 889 380 in
929 353 981 381 ea

149 393 425 446 operandum
454 399 547 436 erat
573 408 599 436 a
622 395 789 448 Spiritu
814 401 980 446 sancto,

149 450 372 503 colloquio
393 450 550 493 didicit
569 451 786 503 angelico,
805 465 887 495 nec
906 453 979 495 da-

147 519 299 548 mnum
323 507 511 549 credidit
535 507 720 560 pudoris
744 509 830 550 Dei
850 509 979 550 Geni-

146 563 235 605 trix
251 576 357 606 mox
374 563 532 606 futura.
561 564 649 606 Cur
669 565 784 606 enim
804 565 860 607 de
879 578 979 608 con-

147 620 363 673 ceptienis
399 621 596 663 novitate
640 621 863 674 desperet,
910 623 979 664 cui

146 676 381 719 efficientia
399 677 455 719 de
470 677 688 719 Altissimi
702 679 863 721 virtute
878 692 978 732 pro-

145 733 354 775 mittitur?
376 734 670 776 Confirmatur
691 735 911 777 credentis
930 736 976 776 fi-

145 789 226 831 des
256 790 388 832 etiam
419 791 661 843 praeeiintis
694 792 977 834 attestatione

143 846 353 888 miraculi.
412 847 615 889 Donatur
651 847 882 890 Elisabeth
917 849 977 889 in-

145 903 327 956 opinata
345 903 627 954 foecunditaS,
655 909 704 946 ut
728 905 804 958 qui
823 907 976 947 conce-

142 964 269 1012 ptum
293 959 479 1002 dederat
503 961 658 1012 sterili,
685 961 869 1003 daturus
888 975 977 1004 non

143 1014 419 1059 dubitaretur
456 1022 500 1059 θῖ
536 1018 720 1070 Virgini.
778 1019 977 1061 Verbum

141 1072 275 1124 igitur
293 1073 379 1114 Dei
402 1073 559 1124 Filius,
589 1075 663 1127 qui
688 1075 733 1116 in
756 1075 975 1128 principio

143 1133 238 1170 erat
264 1129 385 1182 apud
404 1130 566 1181 Deum,
594 1143 676 1183 per
704 1144 835 1184 quem
860 1131 976 1173 facta

142 1190 244 1227 sunt
263 1185 420 1236 emnia,
440 1191 485 1228 et
504 1187 597 1228 sine
618 1200 706 1240 quo
726 1188 890 1230 factum
909 1193 977 1230 θεῖ

142 1241 265 1292 nihil,
306 1247 491 1295 propter
527 1243 806 1286 liberandum
837 1244 974 1286 homi-

140 1311 243 1396 ssem
270 1298 325 1340 ab
355 1301 521 1341 aeterna
547 1306 708 1351 morte,
741 1301 884 1343 factus
909 1307 976 1343 est

174 1367 290 1396 omo.
468 1381 486 1393 2.

193 1414 244 1465 Re,
265 1411 694 1464 Gloriesae'Virginis
713 1413 865 1455 Mariae
883 1416 973 1457 Ma-

139 1468 393 1511 ternitatem
402 1468 703 1520 dignissimam
711 1470 975 1513 recolamus:

141 1529 164 1554 *
192 1525 323 1577 Cujus
348 1526 566 1567 Deminus
590 1525 883 1569 humilitatem
908 1541 972 1570 re-

140 1581 296 1633 spexit,
317 1594 417 1634 quae
431 1582 606 1634 Angelo
626 1583 853 1625 nuntiante
872 1596 972 1625 con-

141 1638 259 1691 cepit
283 1638 559 1681 Salvatorem
582 1639 745 1680 mundi.
782 1635 831 1687 V.
853 1640 972 1681 Chri-

140 1698 210 1735 sto
235 1697 443 1736 canamus
467 1694 653 1746 gloriam
675 1695 719 1736 in
745 1695 828 1737 hac
847 1709 973 1738 sacra

141 1750 419 1793 solemnitate
467 1751 682 1793 mirabilis
735 1751 972 1794 Genitricis

140 1807 235 1849 Dei.
263 1808 405 1860 Cujus.

450 1864 602 1905 Lectio
623 1878 660 1904 v.

274 1919 392 1955 Serm.
408 1921 438 1954 2.
458 1921 504 1955 de
522 1921 651 1955 Nativ.
671 1920 838 1954 Domini.

141 1965 412 2070 Ingreditur
430 1977 529 2019 haec
541 1978 692 2018 infima
705 1978 728 2018 J
732 1990 834 2019 esus
851 1978 969 2019 Chri-

193 2037 287 2074 stus
305 2033 522 2075 Dominus
541 2039 692 2076 noster
712 2034 767 2076 de
787 2034 889 2076 coeli
907 2047 971 2076 se-

141 2087 197 2130 de
217 2088 503 2140 descendens,
524 2095 568 2132 et
588 2103 613 2132 a
632 2092 818 2143 paterna
831 2091 972 2142 gleria

139 2157 229 2186 non
257 2145 486 2196 recedens,
514 2159 631 2188 novo
657 2147 829 2197 ordine,
856 2160 971 2189 nova

139 2201 368 2243 nativitate
387 2205 632 2253 generatus.
659 2204 790 2246 Novo
807 2202 971 2252 ordine,

141 2257 243 2308 quia
262 2258 492 2300 invisibilis
511 2259 556 2300 in
576 2260 682 2310 suis,
707 2259 892 2301 visibilis
911 2260 970 2300 fa-

140 2318 236 2355 ctus
256 2319 323 2355 est
343 2315 386 2354 in
405 2315 583 2356 nostris:
602 2316 970 2368 incomprehensi-

140 2368 241 2411 bilis
255 2370 395 2412 veluit
410 2371 741 2424 comprehendi:
757 2377 857 2414 ante
873 2374 972 2413 tem-

139 2438 249 2477 pora
275 2439 474 2477 manens,
506 2440 605 2470 esse
633 2429 770 2480 coepit
795 2429 839 2468 in
864 2429 969 2469 tem-

139 2494 260 2533 pore.
286 2482 416 2524 Nova
439 2488 585 2526 autem
606 2485 835 2526 nativitate
854 2484 970 2535 geni-

139 2542 210 2579 tus
230 2543 311 2580 est:
331 2541 571 2592 conceptus
591 2553 617 2581 a
630 2540 823 2591 Virgine,
842 2545 970 2581 natus

141 2606 196 2634 ex
226 2594 426 2645 Virgine,
465 2596 558 2637 sine
595 2598 793 2648 paternae
828 2595 970 2636 carnis

141 2650 506 2702 concupiscentia,
525 2652 619 2693 sine
637 2653 847 2693 maternae
864 2651 969 2692 inte-

1768 189 1863 234 [283]

1033 284 1198 326 minum
1216 285 1490 328 Salvatorem
1514 286 1615 328 talis
1641 291 1765 328 ortus
1790 287 1862 329 de-

1034 340 1179 391 cebat,
1208 341 1283 393 qui
1309 346 1353 384 et
1379 342 1422 383 in
1447 355 1494 384 se
1513 342 1696 385 haberet
1714 343 1863 385 huma-

1034 410 1102 438 nae
1123 397 1382 440 substantiae
1401 403 1618 451 naturam,
1648 405 1691 442 et
1714 400 1862 443 huma-

1033 466 1102 494 nae
1135 455 1277 495 carnis
1309 455 1637 507 inquinamenta
1663 460 1863 500 nesciret.

1034 509 1170 562 Origo
1191 511 1428 562 dissimilis,
1448 512 1529 554 sed
1547 516 1703 555 natura
1723 517 1862 556 consi-

1032 566 1164 607 milis:
1179 567 1371 609 humano
1388 582 1470 610 usu
1481 574 1525 610 et
1536 569 1863 621 consuetudine,

1034 623 1156 675 quod
1182 624 1416 675 credimus,
1445 631 1581 667 caret:
1610 625 1690 668 sed
1716 626 1863 668 divina

1031 682 1256 730 potestate
1277 681 1511 723 subnixum
1530 687 1607 732 est,
1628 682 1748 735 quod
1764 683 1862 725 Vir-

1031 748 1089 785 go
1127 737 1398 790 conceperit,
1442 738 1581 790 Virgo
1622 740 1862 791 pepererit,

1031 791 1171 844 Virgo
1190 794 1491 846 permanserit.

1083 865 1134 916 R.
1160 863 1404 905 Benedicta
1430 864 1521 905 filia
1543 869 1591 906 tu
1615 877 1640 906 a
1658 865 1862 916 Demino,

1033 919 1134 970 quia
1157 932 1238 971 per
1259 924 1303 961 te
1328 920 1518 961 fructum
1541 921 1644 962 vitae
1670 934 1862 963 commu-

1030 975 1286 1017 nicavimus:
1326 980 1349 1003 *
1386 976 1487 1018 Sola
1526 977 1619 1019 sine
1657 978 1861 1031 exemplo

1031 1031 1236 1083 placuisti
1250 1033 1443 1074 Demino
1458 1038 1610 1075 nostro
1622 1034 1647 1075 J
1650 1047 1727 1075 esu
1744 1035 1862 1076 Chri-

1032 1092 1114 1129 sto.
1150 1084 1201 1136 V.
1224 1088 1413 1131 Nostras
1442 1089 1779 1142 deprecationes
1806 1104 1861 1133 ne

1031 1144 1251 1198 despicias
1270 1145 1315 1186 in
1334 1146 1673 1188 necessitatibus
1689 1147 1861 1197 nostris,

1030 1206 1074 1242 et
1106 1214 1131 1242 a
1162 1201 1370 1254 periculis
1405 1203 1573 1244 cunctis
1610 1202 1748 1245 libera
1779 1216 1861 1245 nos

1029 1261 1181 1299 sancta
1199 1258 1284 1300 Dei
1304 1258 1515 1300 Genitrix.
1543 1259 1656 1300 Sola.

1323 1346 1474 1386 Lectio
1496 1346 1547 1385 vi.

1117 1414 1287 1467 pertuit
1319 1419 1368 1456 ut
1403 1415 1591 1466 primam
1623 1415 1859 1458 Genitricis

1137 1471 1435 1522 integritatem
1467 1473 1686 1514 nascentis
1719 1473 1858 1514 incor-

1027 1527 1176 1579 ruptio
1198 1527 1457 1578 custodiret,
1485 1533 1528 1570 et
1547 1528 1859 1581 complacitum

1027 1583 1112 1625 sibi
1130 1583 1370 1626 claustrum
1389 1584 1572 1637 puderis
1593 1591 1636 1627 et
1656 1586 1857 1627 sanctita-

1025 1639 1083 1680 tis
1103 1639 1344 1692 hospitium
1363 1640 1499 1681 divini
1513 1641 1700 1693 Spiritus
1719 1641 1858 1683 virtus

1024 1696 1169 1738 infusa
1188 1700 1399 1747 servaret,
1429 1710 1528 1750 quae
1548 1701 1765 1740 statuerat
1784 1697 1857 1739 de-

1023 1754 1137 1806 jecta
1170 1755 1355 1804 erigere,
1389 1754 1615 1795 confracta
1649 1753 1857 1803 solidare,

1026 1814 1069 1851 et
1085 1809 1345 1863 superandis
1361 1809 1503 1851 carnis
1517 1809 1735 1851 illecebris
1749 1811 1855 1852 mul-

1024 1866 1269 1918 tiplicatam
1287 1865 1514 1918 pudicitiae
1538 1865 1703 1907 donare
1722 1866 1855 1909 virtu-

1024 1927 1128 1973 tem3
1147 1927 1195 1964 ut
1208 1921 1446 1973 virginitas,
1468 1935 1568 1974 quae
1586 1922 1630 1963 in
1651 1922 1746 1963 aliis
1765 1935 1855 1964 non

1023 1981 1199 2031 peterat
1210 1978 1332 2020 salva
1343 1991 1440 2020 esse
1450 1978 1714 2029 generando,
1729 1979 1856 2021 fieret

1024 2035 1119 2076 aliis
1156 2034 1383 2076 imitabilis
1416 2034 1700 2076 renascendo.
1754 2035 1854 2076 Hoc

1023 2091 1168 2144 ipsum
1187 2096 1348 2140 autem,
1375 2090 1495 2143 quod
1515 2090 1715 2132 Christus
1734 2091 1855 2132 nasci

1024 2147 1144 2198 eligit
1177 2160 1231 2189 ex
1258 2146 1455 2197 Virgine,
1487 2159 1632 2188 nonne
1664 2149 1855 2199 apparet

1024 2203 1248 2245 altissimae
1276 2203 1410 2244 fuisse
1438 2202 1638 2251 rationis,
1665 2207 1714 2244 ut
1741 2202 1853 2243 scili-

1024 2264 1095 2301 cet
1114 2259 1307 2300 humano
1330 2259 1481 2309 generi
1499 2263 1647 2300 natam
1667 2258 1854 2299 salutem

1024 2315 1227 2357 diabolus
1246 2315 1480 2365 ignoraret,
1501 2319 1545 2355 et
1564 2314 1780 2366 spirituali
1794 2314 1852 2355 la-

1022 2373 1143 2412 tente
1172 2372 1407 2422 conceptu,
1448 2382 1578 2422 quem
1604 2382 1693 2411 non
1721 2370 1852 2411 alium

1023 2426 1194 2469 videret
1214 2439 1345 2479 quam
1363 2426 1484 2476 alios»,
1507 2438 1596 2467 non
1616 2426 1743 2468 aliter
1762 2427 1851 2467 cre-

1024 2483 1148 2524 deret
1179 2488 1329 2524 natum
1361 2494 1458 2523 esse
1492 2494 1624 2534 quam
1657 2479 1850 2523 ceteros?

1006 2566 1008 2569 -
1024 2538 1153 2589 Quod
1172 2544 1220 2580 ut
1239 2539 1381 2587 fieret,
1402 2538 1546 2579 editus
1566 2543 1633 2579 est
1652 2537 1850 2578 Christus

1023 2608 1078 2636 ex
1097 2595 1296 2645 Virgine,
1317 2606 1449 2646 quam
1467 2594 1655 2646 Spiritus
1675 2597 1849 2633 sanctus

1022 2649 1307 2699 foecundavit;
1354 2655 1397 2691 et
1433 2662 1533 2691 cum
1568 2649 1611 2689 in
1649 2647 1849 2689 emnibus

140 2705 314 2755 gritatis
342 2706 510 2757 injuria3
544 2708 646 2759 quia
674 2708 868 2748 futurum
895 2706 970 2748 ho·
1022 2706 1233 2748 matribus
1252 2718 1341 2747 non
1360 2705 1438 2747 fiat
1457 2705 1549 2746 sine
1568 2703 1739 2757 peccati
1758 2715 1848 2743 sor-
