2040 2944
192 175 286 219 [268]

191 278 338 326 putas,
373 271 511 321 major
546 273 613 310 est
643 268 687 309 in
718 279 855 318 regno
889 265 1020 308 coelo-

191 328 310 371 rum?
347 329 403 370 Et
430 327 610 378 reliqua.

330 397 516 440 Homilia
544 395 684 437 sancti
711 395 736 435 J
739 394 892 436 oannis

451 452 766 506 Chrysostomj.

331 522 387 555 Ex
409 520 580 555 Homilia
606 521 662 554 10.
688 520 726 553 in
752 519 884 554 Matth.

205 582 301 631 1³<if‘f„.=
331 575 476 626 idete,
500 588 554 617 ne
579 573 870 616 contemnatis
888 585 1023 614 unum

274 627 334 685 25³³*
366 633 420 674 de
444 632 640 686 parvulis
664 631 770 672 istis.
806 629 1023 671 Parvulos

202 691 258 715 '2²'ss
290 689 342 714 Ξ
366 702 453 731 non
487 691 638 738 aetate,
674 688 754 730 sed
785 687 1024 728 multorum

194 747 484 789 aestimatione
510 745 765 798 appellavit;
790 747 1023 797 pauperes,

192 805 380 856 inquam,
401 804 588 854 ignotos,
605 804 865 854 ceterosque
881 801 1023 854 hujus-

191 861 324 911 modi,
348 874 459 914 quos
481 859 607 901 multi
627 860 924 909 contemnunt,
951 857 1025 911 qui

192 921 347 960 revera
361 917 534 971 parvuli
550 929 638 958 non
653 921 764 966 sunt,
781 929 880 957 cum
896 915 1024 958 Crea-

192 975 301 1017 toris
322 975 514 1016 omnium
534 974 661 1016 amici
675 974 776 1015 sint:
797 986 909 1026 quos
928 974 1025 1027 ipse

193 1032 331 1073 multo
366 1032 504 1082 magis
537 1031 879 1074 venerabiliores
911 1031 1024 1080 facit,

194 1089 358 1131 dicens:
378 1089 490 1140 Quia
505 1089 662 1140 Angeli
678 1090 830 1130 eorum
850 1101 1025 1141 semper

192 1146 343 1189 vident
374 1146 531 1188 faciem
562 1146 705 1188 Patris
737 1145 839 1195 mei,
875 1146 950 1197 qui
981 1145 1025 1186 in

193 1203 317 1244 coelis
346 1208 424 1245 est.

251 1267 301 1317 Rg.
315 1265 607 1307 Machabaeus.
626 1264 730 1317 [261]

487 1332 639 1374 Lectio
660 1332 743 1372 viii.

288 1404 360 1433 inc
370 1391 648 1433 manifestum
663 1396 741 1440 est,
758 1390 860 1443 quia
873 1403 1025 1432 omnes

311 1449 458 1490 Sancti
474 1448 670 1499 Angelos
685 1447 887 1489 habeant.
906 1446 1025 1500 Apo-

197 1506 336 1548 stolus
365 1507 495 1547 etiam
524 1507 585 1547 ait
613 1505 668 1547 de
695 1505 894 1554 muliere,
922 1506 1026 1557 quo-

196 1563 313 1604 niam
348 1563 547 1605 velamen
586 1561 747 1604 debeat
782 1560 946 1603 habere
982 1560 1026 1601 in

197 1620 342 1673 capite
358 1625 541 1673 propter
555 1619 766 1670 Angelos;
781 1623 825 1660 et
834 1618 1026 1671 Moyses:

195 1676 355 1719 Statuit
383 1677 509 1726 fines,
540 1677 698 1729 inquit,
727 1675 934 1717 Gentium
962 1688 1026 1716 se-

196 1734 388 1775 cundum
403 1737 630 1775 numerum
647 1733 917 1784 Angelorum
933 1731 1027 1773 Dei.

198 1790 282 1831 Hie
302 1803 407 1831 vero
431 1803 519 1831 non
540 1790 594 1832 de
616 1789 796 1840 Angelis
823 1788 1041 1842 simplici--

197 1851 264 1888 ter
291 1847 466 1897 dicitur,
494 1846 573 1888 sed
600 1846 654 1888 de
677 1846 858 1897 Angelis
886 1845 1026 1887 excel-

197 1903 387 1945 lentibus
399 1908 531 1956 atque
542 1904 768 1956 supremis.
782 1902 901 1944 Nihil
913 1901 1028 1943 enim

197 1959 315 2001 aliud
335 1959 604 2011 designatur,
632 1972 746 2009 cum,
772 1959 943 2009 faciem,
968 1958 1027 2000 di-

198 2022 285 2066 cat,
321 2017 463 2059 Patris
501 2017 587 2058 mei
624 2017 860 2070 aspiciunt,
897 2029 1029 2069 quam

198 2086 366 2115 summa
402 2074 564 2115 fiducia
607 2076 759 2115 eorum
802 2078 846 2115 et
885 2073 1029 2115 honor

197 2133 458 2183 praecipuus.

255 2194 305 2245 R.
318 2192 387 2233 Tu
406 2193 607 2234 Domine.
626 2192 735 2245 [262]

508 2259 660 2301 Lectio
681 2259 734 2299 ix.
989 2305 995 2311 ⁶

203 2313 400 2420 Vides,
434 2324 543 2370 quot
577 2318 823 2370 quibusque
855 2316 1028 2358 rat-ioni-

320 2373 403 2415 bus
428 2375 483 2415 ad
511 2374 774 2417 modestiam
803 2379 846 2415 et
874 2372 931 2415 ad
959 2386 1028 2414 cu-

200 2443 293 2471 ram
318 2431 565 2471 tenuiorum
591 2431 774 2473 fratrum
799 2443 881 2472 nos
908 2432 1029 2471 revo-

201 2484 294 2528 cat?
326 2487 541 2528 Infantem
564 2488 607 2527 in
627 2487 772 2529 medio
796 2487 962 2535 statuit.
986 2491 1030 2527 et

201 2542 324 2585 dixit:
352 2543 611 2584 Efficiamini
637 2544 749 2586 sicut
772 2543 958 2596 parvuli:
987 2547 1031 2584 et

202 2600 466 2651 quicumque
493 2599 626 2640 talem
659 2600 901 2653 susceperit
933 2601 1029 2652 par-

201 2656 360 2704 vulum,
379 2668 449 2696 me
466 2656 688 2707 suscipiet:
707 2662 752 2697 ‘et
767 2657 1030 2708 quicumque

202 2712 316 2754 hunc
336 2711 709 2761 scandalizaverit,
729 2714 925 2753 extrema
940 2711 1031 2752 luet

638 174 808 207 Sabbato
836 172 933 206 infra
959 172 1037 206 Oct.
1063 172 1097 206 S.
1122 172 1262 214 Angcli
1288 155 1482 206 Custodis.

1076 264 1306 318 supplicia:
1323 268 1375 305 et
1398 262 1749 305 scandalizantes
1770 263 1907 305 homi-

1074 334 1170 370 nes,
1200 321 1331 363 etiam
1355 320 1393 362 si
1417 319 1518 362 loco
1542 321 1750 362 manuum
1775 325 1908 372 atque

1075 379 1304 421 oculorum
1321 377 1451 419 nobis
1471 382 1629 427 essent,
1649 376 1908 419 abscindere

1075 436 1214 487 iussin
1234 434 1505 486 Angelorum
1525 446 1703 487 quoque
1722 434 1908 476 auctori-

1074 495 1177 542 tate,
1206 492 1280 544 qui
1301 491 1384 533 hos
1406 493 1561 533 tenues
1584 491 1743 532 fratres
1766 492 1908 532 tutan-

1075 554 1157 599 tur,
1176 554 1225 590 ut
1244 561 1322 590 eos
1341 550 1611 597 veneremur,
1630 546 1826 600 impellit.

1134 611 1193 652 Te
1212 610 1357 652 Deum
1374 609 1615 651 laudamus.
1634 610 1694 650 14.

1200 706 1394 749 Sabbato
1423 706 1537 747 infra
1565 705 1780 747 Octavam

1239 772 1283 813 S.
1302 770 1485 822 Angeli
1505 769 1746 812 custodis.

1134 838 1176 872 In
1209 837 1235 872 I.
1264 837 1464 872 Nocturno
1496 835 1702 871 Lectiones
1736 835 1783 870 de
1814 835 1912 870 Scri-

1083 892 1195 930 ptura
1220 890 1454 920 occurrente.

1317 958 1366 996 In
1384 957 1435 996 11.
1455 956 1679 995 Noeturno.

1205 1024 1359 1064 Sermo
1388 1019 1528 1062 sancti
1555 1018 1782 1061 Ambrosii

1383 1077 1608 1131 Episcopi.

1135 1145 1286 1186 Lectio
1308 1145 1360 1185 iv.
1473 1148 1591 1183 Serm.
1610 1147 1637 1181 1.
1655 1147 1701 1181 de
1719 1146 1861 1180 Eliseo.

1116 1217 1175 1264 (ξιζι
1196 1207 1374 1250 ostium
1418 1205 1632 1248 tumultus
1673 1203 1911 1246 bellicosos

1082 1269 1088 1296 ι’
1152 1286 1170 1298 1
1197 1276 1199 1314 3
1231 1265 1408 1306 minime
1422 1263 1577 1304 timere
1592 1261 1816 1310 debemus,
1829 1272 1912 1302 nec

1091 1322 1093 1331 ⁴
1119 1311 1138 1330 ’ἑ
1197 1315 1202 1331 ”
1231 1320 1471 1374 quamlibet
1484 1320 1763 1360 numerosam
1777 1315 1912 1359 hosti-

1078 1392 1151 1420 um
1170 1377 1495 1420 multitudinem
1512 1374 1763 1417 formidare.
1795 1374 1911 1424 Quo-

1078 1435 1211 1485 niam,
1243 1435 1356 1476 sicut
1388 1434 1449 1475 ait
1478 1431 1742 1486 Apostolus,
1773 1431 1912 1482 major

1079 1496 1146 1533 est
1173 1491 1247 1543 qui
1272 1491 1315 1531 in
1339 1489 1468 1531 nobis
1494 1494 1578 1539 est,
1608 1501 1740 1540 quam
1766 1487 1841 1540 qui
1867 1487 1911 1528 in

1078 1547 1257 1589 mundo:
1285 1547 1370 1589 hoc
1397 1551 1481 1596 est,
1509 1545 1734 1599 potentior
1761 1548 1829 1586 est
1854 1543 1912 1586 ad

1078 1604 1378 1658 protegendos
1422 1602 1610 1645 famulos
1651 1614 1755 1643 suos
1791 1600 1912 1643 Chri-

1079 1669 1191 1713 stus,
1225 1675 1356 1715 quam
1389 1660 1590 1703 diabolus
1621 1658 1678 1701 ad
1706 1658 1911 1710 instigan-

1080 1718 1163 1762 dos
1187 1719 1404 1760 inimicos:
1429 1717 1629 1770 quamvis
1655 1716 1770 1757 enim
1793 1713 1914 1757 idem

1080 1775 1284 1818 diabolus
1321 1774 1500 1826 colligat
1539 1773 1623 1815 sibi
1656 1772 1828 1821 turbas,
1869 1775 1913 1813 et

1080 1833 1246 1875 crudeli
1274 1846 1347 1875 eas
1376 1837 1516 1874 armet
1546 1829 1733 1880 insania,
1764 1834 1912 1870 tamen

1079 1890 1206 1932 facile
1227 1889 1521 1938 destruuntur,
1543 1888 1645 1940 quia
1658 1884 1912 1928 melioribus

1079 1946 1295 2000 populum
1316 1959 1458 1987 -suum
1490 1944 1694 1986 Salvator
1730 1942 1911 1984 circum-

1081 2003 1157 2046 dat
1189 2002 1372 2044 auxiliis.
1417 2002 1494 2043 Ait
1526 2001 1641 2043 enim
1673 1998 1912 2052 Propheta:

1079 2061 1294 2102 Immittet
1309 2058 1526 2110 Angelum
1541 2057 1756 2099 Dominus
1770 2055 1814 2096 in
1833 2054 1911 2096 cir-

1081 2117 1201 2159 cuitu
1233 2116 1480 2158 timentium
1518 2127 1636 2164 eum,
1675 2117 1719 2155 et
1756 2111 1913 2165 eripiet

1081 2187 1170 2216 eos.
1208 2172 1339 2225 Quod
1367 2173 1404 2214 si
1432 2170 1628 2224 Angelus
1655 2169 1834 2211 Domini
1861 2167 1911 2210 ti-

1080 2233 1249 2273 mentes
1294 2243 1394 2272 eum
1435 2229 1490 2271 de
1526 2227 1734 2281 periculis
1772 2225 1912 2278 eripit,

1081 2301 1167 2330 non
1197 2292 1348 2340 potest
1374 2287 1528 2328 timere
1556 2283 1807 2332 barbarum,
1837 2282 1912 2334 qui

1080 2344 1274 2386 timuerit
1302 2343 1587 2385 Salvatorem.

1140 2406 1189 2457 R».
1201 2405 1324 2446 Vivit
1343 2405 1439 2457 ipse
1458 2403 1685 2445 Dominus.
1704 2399 1808 2452 [261]

1399 2475 1551 2516 Lectio
1572 2489 1610 2516 v.

1152 2536 1258 2571 Idem
1284 2536 1321 2570 in
1346 2537 1466 2581 Epist.
1493 2537 1542 2571 ad
1563 2537 1690 2578 Hebr.,
1715 2547 1798 2580 cap.
1824 2536 1852 2571 1.

1090 2585 1245 2709 Quid
1281 2594 1470 2643 miraris,
1508 2593 1545 2633 si
1577 2592 1688 2633 Fffio
1722 2590 1911 2631 ministe-

1203 2653 1315 2693 rium
1351 2649 1559 2692 exhibent
1595 2647 1770 2698 Angeli,
1813 2659 1912 2687 cum

1083 2710 1214 2751 etiam
1236 2713 1400 2750 nostrae
1420 2706 1573 2748 salutis
1592 2705 1816 2746 ministros
1833 2714 1912 2744 eos
