2040 2944
810 221 1011 255 Dominica
1038 220 1080 254 V.
1106 218 1295 254 Octobris.

199 321 263 362 fas
282 334 434 363 carnes
452 322 668 373 porcinas,
688 317 847 368 flagris,
868 321 912 358 et
928 318 1020 358 tau—

200 378 284 419 reis
310 378 539 420 cruciatos
575 376 698 417 Unus
724 378 871 415 autem
897 385 950 414 ex
974 372 1020 413 il-

198 434 265 483 lis,
295 434 368 485 qui
393 438 486 475 erat
510 432 694 484 primus,
722 430 784 471 sic
805 429 879 471 ait:
908 428 1022 479 Quid

199 490 375 542 quaeris,
404 494 447 530 et
475 488 580 540 quid
605 487 671 529 vis
701 485 870 528 discere
898 498 923 526 a
948 498 1022 526 no-

198 545 286 587 bis?
332 545 473 597 parati
512 557 662 585 sumus
698 542 826 591 mori,
866 541 1022 592 magis,

199 614 327 653 quam
359 601 525 653 patrias
553 600 636 641 Dei
668 599 788 649 leges
819 596 1023 651 praevari—

198 658 297 698 cari.
337 658 481 698 Iratus
506 659 654 708 itaque
684 667 762 696 rex
787 654 911 707 jussit
936 665 1023 694 sar-

197 714 380 765 tagines,
414 719 458 755 et
486 713 597 754 ollas
627 714 772 753 aeneas
801 709 1023 752 succendi:

199 769 357 822 quibus
383 770 531 811 statim
555 768 793 813 succensis,
818 766 957 819 jussit,
983 766 1023 807 ei

199 827 272 878 qui
291 827 412 879 prior
430 826 573 867 fuerat
591 826 780 873 locutus,
809 822 1025 876 amputari

196 883 402 934 linguam:
422 887 476 931 et,
497 887 596 924 cute
615 881 772 934 capitis
790 880 1024 928 abstracta,

198 952 388 981 summas
421 951 598 991 quoque
630 950 784 979 manus
816 942 859 978 et
886 935 1024 988 pedes

198 997 238 1038 ei
258 994 505 1048 praescindi,
524 994 681 1037 ceteris
701 995 791 1046 eius
807 992 1024 1042 fratribus,

199 1058 243 1094 et
267 1058 406 1094 matre
434 1050 775 1104 inspicientibus.
823 1050 895 1099 Et,
926 1061 1025 1090 cum

198 1109 282 1160 jam
301 1121 380 1161 per
399 1108 544 1150 omnia
563 1107 726 1149 inutilis
743 1106 883 1148 factus
898 1110 1024 1155 esset,

198 1165 322 1217 jussit
353 1165 498 1216 ignem
530 1164 773 1213 admoveri,
807 1168 850 1204 et
881 1161 1025 1204 adhuc

199 1222 439 1274 spirantem
463 1220 622 1263 torreri
647 1220 690 1260 in
718 1219 954 1270 sartagine:
980 1219 1024 1258 in

200 1290 287 1329 qua
319 1291 419 1319 cum
452 1277 526 1319 diu
564 1276 846 1326 cruciaretur,
892 1274 1025 1316 ceteri

199 1347 285 1375 una
311 1347 411 1375 cum
435 1338 574 1375 matre
598 1333 785 1374 invicem
810 1344 857 1374 se
881 1331 1023 1373 horta-

200 1389 360 1432 bantur
376 1390 490 1431 mori
507 1389 690 1431 fortiter.

253 1459 303 1511 Rg.
339 1455 605 1506 Congregati
636 1460 736 1496 sunt
763 1454 923 1496 inimici
950 1466 1024 1495 no-

202 1513 295 1562 stri,
328 1518 371 1554 et
402 1512 644 1563 gloriantur
676 1511 719 1551 in
745 1511 905 1553 virtute
933 1523 1025 1551 sua:

201 1571 379 1611 contere
408 1568 710 1610 fortitudinem
737 1567 911 1609 illorum
938 1567 1025 1608 Do-

200 1626 331 1676 mine,
360 1631 403 1668 et
429 1625 633 1678 disperge
658 1624 772 1666 illos:
794 1627 818 1651 *
843 1624 903 1666 Ut
926 1636 1024 1675 cog-

200 1684 401 1733 noscant,
439 1682 539 1735 quia
575 1694 664 1723 non
701 1686 767 1723 est
805 1681 915 1722 alius
953 1681 1027 1732 qui

201 1743 367 1792 pugnet
401 1752 483 1792 pro
520 1738 663 1788 nobis,
707 1738 790 1779 nisi
824 1742 872 1779 tu
906 1737 1027 1779 Deus

201 1800 362 1837 noster.
408 1793 460 1845 V.
490 1796 708 1848 Disperge
739 1794 838 1836 illos
870 1795 913 1835 in
945 1794 1026 1835 vir-

201 1855 295 1894 tute
314 1858 405 1901 tua,
434 1857 478 1894 et
501 1851 678 1894 destrue
702 1864 780 1893 eos
802 1852 1028 1904 protector

202 1910 351 1946 noster
391 1905 589 1946 Domine.
650 1905 710 1946 Ut
749 1905 1027 1955 cognoscant.

207 1960 359 2002 Gloria
376 1961 507 2002 Patri.
534 1961 593 2003 Ut
612 1962 891 2012 cognoscant.

435 2049 484 2087 In
503 2048 553 2087 11.
573 2047 796 2087 Nocturno.

203 2111 356 2151 Sermo
377 2109 515 2151 sancti
535 2109 738 2160 Gregorii
752 2109 1029 2151 Nazianzeni.

348 2177 479 2212 Oratio
497 2177 556 2210 20.
575 2176 621 2210 de
640 2176 886 2210 Machabzcis.

504 2233 654 2274 Lectio
675 2233 727 2273 iv.

220 2292 517 2359 ⁴ff-leazarus
542 2292 747 2345 primitiae
778 2294 930 2333 eorum
957 2293 1030 2345 qui

215 2363 223 2403 4ς
246 2350 312 2409 ,ἑζ-(ῥ
337 2347 408 2389 hic
426 2354 525 2391 ante
543 2348 762 2390 Christum
781 2354 882 2391 sunt
900 2350 1030 2402 passi,

220 2406 304 2431 4
339 2405 711 2457 quemadmodum
759 2411 863 2459 post
910 2406 1030 2447 Chri-

206 2466 322 2503 stum
350 2461 607 2513 Stephanus.
653 2463 697 2503 Is
724 2463 791 2504 vir
819 2468 862 2504 et
890 2464 1029 2504 sacer-

207 2516 289 2559 dos
309 2522 352 2559 et
371 2530 515 2567 senex,
536 2531 669 2560 canus
692 2519 872 2571 capillis,
897 2532 1031 2561 canus

207 2579 251 2616 et
290 2574 536 2627 prudentia,
578 2576 699 2627 prius
737 2575 914 2628 quidem
948 2589 1030 2628 pro

206 2630 373 2684 populo
389 2631 664 2673 sacrificabat
679 2637 722 2673 et
735 2631 904 2673 orabat:
918 2645 1033 2673 nunc

208 2693 354 2730 autem
381 2690 665 2740 semetipsum
693 2688 882 2730 hostiam
909 2688 1032 2730 obtu-

207 2744 256 2787 lit
288 2745 385 2790 Deo
418 2744 780 2796 perfectissimam
811 2744 869 2787 ad
899 2747 1034 2787 totius

1074 312 1228 366 populi
1254 312 1566 365 expiationem,
1593 311 1783 352 faustum
1811 322 1899 352 cer-

1074 369 1248 411 taminis
1273 369 1461 418 initium,
1490 367 1548 409 ad
1574 367 1693 420 quod
1716 367 1899 419 loquens

1075 426 1242 479 pariter
1285 438 1336 467 ac
1378 430 1529 467 tacens
1575 423 1900 466 cohortabatur.

1076 483 1247 525 Obtulit
1289 487 1435 525 autem
1478 487 1522 524 et
1561 481 1677 523 filios
1713 485 1899 534 septem,

1076 553 1167 581 suae
1204 539 1370 581 fructus
1407 538 1669 591 disciplinae,
1710 537 1901 580 hostiam

1076 596 1311 646 viventem,
1340 600 1551 645 sanctam,
1579 593 1900 646 beneplacitam

1076 653 1190 702 Deo,
1219 652 1337 694 omni
1364 651 1495 702 legali
1520 650 1735 693 sacrificio
1760 649 1900 703 splen-

1078 709 1294 751 didiorem
1327 714 1371 750 et
1402 709 1639 761 puriorem:
1673 720 1771 759 quae
1801 711 1902 748 sunt

1077 767 1192 808 enim
1218 766 1423 816 filiorum,
1455 765 1513 807 ad
1540 769 1711 818 patrem
1740 763 1902 813 referri,

1077 823 1377 876 aequissimum
1395 835 1446 864 ac
1466 821 1749 875 justissimum
1767 825 1845 862 est.

1130 896 1180 947 Rt·
1212 892 1431 945 Impetum
1462 890 1735 932 inimicorum
1767 902 1822 931 ne
1852 889 1901 931 ti-

1077 948 1287 990 mueritis:
1306 949 1523 989 memores
1543 949 1700 997 estote,
1722 948 1901 999 quomo-

1078 1005 1136 1046 do
1161 1004 1270 1046 salvi
1293 1004 1398 1046 facti
1420 1008 1520 1046 sunt
1538 1007 1688 1056 patres
1706 1002 1859 1044 nostri:
1881 1003 1903 1028 *

1078 1062 1135 1103 Et
1162 1073 1276 1102 nunc
1304 1060 1541 1102 clamemus
1572 1059 1617 1100 in
1645 1058 1823 1109 coelum,
1860 1063 1903 1100 et

1077 1117 1354 1159 miserebitur
1397 1116 1536 1158 nostri
1576 1115 1698 1157 Deus
1741 1119 1903 1157 noster.

1079 1171 1131 1223 V.
1174 1174 1443 1215 Mementote
1487 1171 1750 1213 mirabilium
1794 1172 1904 1222 ejus,

1081 1243 1180 1282 quae
1213 1230 1317 1271 fecit
1343 1228 1580 1279 Pharaoni,
1617 1233 1661 1270 et
1694 1227 1904 1270 exercitui

1078 1288 1168 1339 ejus
1187 1286 1231 1327 in
1250 1286 1361 1327 Mari
1379 1285 1525 1327 rubro.
1552 1284 1619 1327 Et.

1390 1375 1544 1417 Lectio
1563 1389 1601 1415 v.

1082 1442 1171 1548 Ibi
1206 1448 1299 1485 tum
1335 1441 1537 1493 generosi
1568 1445 1612 1482 et
1642 1439 1906 1491 magnanimi

1142 1499 1285 1553 pueri,
1313 1500 1542 1551 generosae
1570 1497 1722 1539 matris
1746 1496 1906 1538 nobilis

1078 1556 1238 1610 proles,
1255 1555 1435 1607 gloriosi
1448 1554 1644 1596 veritatis
1658 1565 1905 1606 propugna-

1078 1615 1214 1662 tores,
1238 1610 1446 1654 Antiochi
1468 1609 1746 1664 temporibus
1765 1609 1904 1652 excel-

1080 1670 1236 1719 siores,
1273 1668 1366 1711 veri
1396 1667 1606 1709 Mosaicae
1637 1666 1747 1718 legis
1779 1665 1905 1708 disci-

1079 1726 1182 1780 puli,
1195 1727 1480 1779 paternorum
1495 1726 1657 1766 rituum
1672 1723 1906 1765 observan-

1079 1783 1254 1833 tissimi,
1290 1785 1498 1823 numerus
1535 1779 1654 1833 apud
1688 1779 1906 1822 Hebraeos

1079 1838 1332 1889 laudabilis,
1365 1843 1409 1880 et
1435 1842 1618 1891 propter
1647 1836 1906 1889 septenariae

1082 1896 1242 1949 quietis
1307 1894 1564 1947 mysterium
1625 1892 1907 1943 venerabilis,

1080 1966 1214 1995 unum
1234 1952 1467 2005 spiranteS,
1490 1963 1624 1992 unum
1643 1952 1907 2002 spectantes,

1081 2023 1216 2052 unum
1253 2008 1362 2050 illud
1399 2007 1456 2050 ad
1487 2007 1623 2050 vitam
1658 2006 1742 2048 iter
1776 2018 1906 2058 agno-

1082 2068 1270 2115 scentes,
1291 2070 1339 2107 ut
1357 2069 1546 2107 mortem
1563 2063 1647 2105 Dei
1665 2075 1799 2104 causa
1818 2075 1908 2104 sus-

1083 2125 1292 2176 ciperent:
1313 2134 1402 2163 non
1419 2121 1562 2162 minus
1583 2119 1736 2170 animis
1753 2119 1909 2161 fratres

1083 2192 1215 2232 quam
1234 2177 1513 2231 corporibus,
1541 2177 1654 2218 inter
1676 2189 1723 2218 se
1744 2179 1909 2217 mutuae

1082 2235 1235 2278 mortis
1254 2235 1414 2276 aemuli:
1434 2247 1461 2276 o
1481 2246 1574 2276 rem
1593 2231 1909 2275 admirandam!

1082 2293 1301 2334 tormenta
1338 2291 1462 2343 quasi
1497 2290 1731 2332 thesauros
1762 2289 1909 2342 praeri-

1083 2349 1266 2402 pientes,
1284 2360 1367 2401 pro
1382 2349 1592 2398 magistra
1605 2346 1701 2397 lege
1715 2345 1910 2398 pericula

1085 2405 1341 2455 subeuntes,
1374 2417 1472 2457 quae
1504 2416 1592 2445 non
1620 2402 1759 2453 magis
1789 2401 1910 2442 illata

1084 2461 1397 2511 formidabant,
1433 2472 1563 2513 quam
1589 2458 1742 2500 relicta
1769 2458 1909 2510 requi-

1084 2518 1250 2568 rebant,
1267 2531 1400 2559 unum
1417 2515 1525 2559 illud
1539 2515 1676 2565 veriti,
1694 2528 1748 2556 ne
1766 2517 1910 2567 tyran·

1085 2589 1167 2617 nus
1200 2588 1225 2616 a
1256 2574 1401 2628 poenis
1433 2573 1682 2621 desisteret,
1722 2584 1776 2613 ne
1815 2571 1910 2624 quis

1086 2632 1283 2685 ipsorum
1311 2631 1403 2672 sine
1427 2631 1604 2672 coronae
1621 2628 1807 2681 praemio
1827 2627 1910 2670 dis·

1087 2689 1279 2737 cederet,
1323 2700 1378 2728 ne
1410 2686 1533 2727 inviti
1565 2686 1724 2727 fratres
1756 2685 1828 2726 alii
1855 2684 1910 2725 ab

1087 2745 1174 2787 alio
1207 2745 1551 2796 sejungerentur,
1589 2747 1633 2785 et
1670 2755 1739 2794 ne,
1776 2742 1821 2782 in
1857 2753 1910 2783 eo
