2040 2944
680 240 782 273 Infra
807 239 1101 273 Hebdomadam
1127 238 1163 272 ii.
1188 238 1432 272 Novembris.

201 344 271 380 tus
300 338 356 379 ad
383 338 511 385 latus,
546 336 613 377 bis
646 336 825 386 triginta
852 335 949 377 tria:
983 339 1027 376 et

202 400 324 436 erant
351 393 596 442 eminentia,
627 405 725 444 quae
750 391 1026 443 ingrederen—

201 455 271 492 tur
290 462 369 502 per
387 451 602 501 parietem
621 448 797 494 domus,
822 448 866 488 in
884 447 1025 489 lateri-

202 507 283 548 bus
302 519 380 558 per
401 505 644 555 circuitum,
672 510 720 547 ut
744 505 1027 552 continerent,

201 569 244 605 et
258 575 344 604 non
360 564 625 612 attingerent
639 564 853 614 parietem
864 560 1028 614 templi.

201 648 205 651 -
248 621 299 672 R·.
327 619 490 671 Aspice
509 619 697 660 Domine
718 618 772 660 de
793 618 909 660 sede.
927 619 1026 659 202.

493 676 646 717 Lectio
667 678 723 717 iii.

278 736 296 773 t
306 731 451 783 platea
462 736 555 773 erat
565 732 608 772 in
619 730 866 780 rotundum,
880 733 1026 772 ascen-

298 787 406 829 dens
426 801 598 829 sursum
617 801 696 840 per
716 787 959 837 cochleam,
984 793 1027 830 et

198 845 240 884 in
286 844 561 886 coenaculum
605 844 759 896 templi
801 843 1027 886 deferebat

197 912 277 952 per
295 913 463 952 gyrum:
481 900 647 942 idcirco
667 900 797 942 latius
814 905 907 941 erat
921 905 1026 941 tem-

198 956 319 1008 plum
339 957 382 997 in
403 957 719 1010 superioribus:
746 962 790 998 et
809 958 871 998 sic
891 955 946 998 de
966 957 1025 997 in-

197 1013 430 1054 ferioribus
464 1013 785 1055 ascendebatur
814 1012 871 1055 ad
899 1026 1024 1066 supe-

197 1069 312 1110 riora
332 1070 376 1110 in
394 1069 597 1111 medium.
633 1070 690 1111 Et
709 1069 799 1112 vidi
823 1071 866 1110 in
891 1070 1025 1112 domo

197 1125 473 1168 altitudinem
490 1139 569 1179 per
585 1127 825 1177 circuitum,
845 1126 1026 1168 fundata

195 1181 333 1223 latera
372 1182 429 1224 ad
467 1186 716 1224 mensuram
754 1183 910 1224 calami
947 1196 1025 1224 sex

197 1238 445 1280 cubitorum
477 1240 636 1291 spatio:
675 1245 718 1281 et
749 1239 1025 1281 latitudinem

195 1307 275 1346 per
326 1298 539 1348 parietem
585 1296 736 1337 lateris
781 1296 1024 1338 forinsecus

198 1352 390 1403 quinque
422 1352 686 1394 cubitorum:
720 1357 763 1394 et
796 1359 889 1395 erat
919 1354 1024 1394 inte-

197 1407 286 1449 rior
307 1408 464 1450 domus
484 1409 528 1449 in
547 1409 758 1451 lateribus
778 1409 946 1451 domus.

249 1465 299 1514 R».
325 1465 487 1518 Aspice
507 1466 706 1515 Domine‚
727 1466 838 1518 quia.
857 1467 955 1507 202.

447 1579 593 1615 Feria
617 1578 780 1616 Sexta.

318 1631 383 1671 De
415 1631 644 1673 Ezechiele
671 1631 905 1684 Propheta.

275 1690 426 1732 Lectio
446 1691 469 1730 i.
757 1691 859 1743 Cap.
879 1692 945 1731 43.

202 1753 300 1797 ‘Ut
319 1747 443 1790 duxit
461 1761 531 1789 me
551 1748 608 1790 ad
626 1754 816 1801 portam,
841 1762 941 1801 quae
960 1762 1023 1791 re-

204 1770 267 1843 ltj
300 1804 514 1857 spiciebat
534 1805 591 1846 ad
610 1806 725 1846 viam
743 1806 1024 1847 Orientalem.

195 1861 251 1903 Et
271 1873 373 1902 ecce
392 1861 531 1911 gloria
551 1862 634 1903 Dei
654 1862 790 1903 Israel
812 1862 1024 1914 ingredie-

195 1917 323 1959 batur
342 1930 422 1969 per
440 1917 555 1958 viam
573 1918 855 1960 Orientalem:
875 1924 918 1961 et
937 1932 1024 1961 vox

195 1979 288 2015 erat
314 1974 353 2014 ei
380 1974 505 2025 quasi
524 1987 611 2016 vox
636 1978 848 2027 aquarum
871 1975 1023 2017 multa-

195 2042 308 2079 rum,
340 2035 383 2071 et
411 2035 530 2071 terra
558 2031 820 2083 splendebat
847 2044 873 2072 a
895 2032 1023 2083 maje-

196 2087 310 2127 state
330 2087 431 2138 eius.
459 2086 516 2127 Et
535 2087 624 2128 vidi
639 2088 853 2129 visionem
872 2091 1022 2129 secun-

196 2141 299 2183 dum
311 2143 515 2194 speciem,
528 2156 659 2195 quam
670 2143 876 2194 videram,
890 2157 1022 2196 quan-

196 2198 253 2239 do
274 2199 393 2240 venit
418 2204 465 2240 ut
490 2198 767 2253 disperderet
786 2201 1022 2242 civitatem:

196 2259 239 2295 et
280 2255 451 2307 species
496 2256 737 2298 secundum
783 2258 1022 2308 aspectum,

197 2323 327 2362 quem
346 2309 541 2352 videram
567 2313 686 2364 juxta
711 2313 892 2354 fluvium
912 2313 1022 2355 Cho-

196 2366 290 2407 bar:
316 2372 360 2408 et
385 2368 523 2409 cecidi
544 2381 676 2421 super
695 2369 852 2411 faciem
870 2382 1023 2411 meam.

196 2423 252 2464 Et
284 2424 488 2475 majestas
516 2425 692 2467 Domini
728 2426 924 2476 ingressa
957 2433 1024 2469 est

195 2479 407 2531 templum
429 2494 508 2533 per
527 2482 641 2523 viam
661 2487 818 2534 portae,
840 2496 939 2535 quae
958 2496 1022 2525 re-

195 2534 409 2599 spiciebat
436 2536 493 2578 ad
521 2538 754 2580 Orientem.
797 2539 854 2579 Et
882 2539 1022 2580 eleva-

195 2591 257 2633 vit
284 2603 354 2631 me
383 2593 582 2643 spiritus,
611 2599 654 2635 et
682 2594 926 2636 introduxit
952 2608 1022 2637 me

194 2649 238 2689 in
257 2647 416 2688 atrium
435 2648 630 2691 interius:
659 2657 703 2692 et
727 2663 830 2692 ecce
854 2651 1023 2703 repleta

197 2708 290 2747 erat
309 2702 447 2753 gloria
466 2706 643 2746 Domini
663 2707 831 2748 domus

248 2761 299 2812 R.
324 2760 466 2811 Super
484 2775 634 2803 muros
653 2768 764 2804 tuos.
782 2765 881 2805 202.

1386 332 1539 374 Lectio
1556 332 1596 372 ii.

1158 396 1176 433 t
1208 391 1354 432 audivi
1385 391 1639 442 loquentem
1671 389 1728 431 ad
1754 402 1825 431 me
1853 388 1909 431 de

1175 447 1324 497 domo,
1354 452 1397 488 et
1421 447 1488 488 vir
1518 447 1593 499 qui
1617 445 1763 488 stabat
1787 447 1908 498 juxta

1078 517 1164 554 me,
1195 503 1304 546 dixit
1324 503 1380 545 ad
1399 516 1484 545 me:
1510 503 1591 544 Fili
1616 503 1820 554 hominis,
1846 502 1908 544 lo·

1080 574 1156 603 cus
1176 561 1274 602 solii
1291 561 1394 610 mei,
1418 566 1462 602 et
1480 560 1605 602 locus
1624 559 1909 610 vestigiorum

1078 617 1243 670 pedum
1261 619 1475 667 meorum,
1495 616 1570 658 ubi
1588 616 1740 658 habito
1759 615 1804 656 in
1821 617 1908 656 me·

1079 673 1154 716 dio
1179 674 1370 715 filiorum
1387 673 1526 715 Israel
1548 673 1592 714 in
1612 675 1838 715 aeternum:
1863 676 1909 713 et

1078 743 1166 772 non
1202 730 1401 783 polluent
1432 730 1547 772 ultra
1579 730 1738 771 domus
1769 727 1909 770 Israel

1078 800 1239 829 nomen
1258 792 1457 829 sanctum
1475 799 1637 836 meum,
1659 786 1758 839 ipsi,
1783 790 1827 827 et
1844 797 1908 826 re-

1078 856 1156 894 ges
1182 846 1335 885 eorum
1357 844 1401 884 in
1424 842 1787 885 fornicationibus
1807 841 1908 891 suis,

1079 905 1123 941 et
1150 900 1193 940 in
1220 900 1356 941 ruinis
1383 913 1536 952 regum
1564 901 1761 949 suorum,
1794 902 1838 940 et
1864 897 1908 938 in

1079 956 1275 998 excelsis.
1312 957 1397 1007 Qui
1426 957 1628 999 fabricati
1653 961 1754 997 sunt
1777 955 1908 996 limen

1079 1025 1206 1054 suum
1225 1014 1345 1064 juxta
1363 1013 1496 1055 limen
1513 1026 1670 1063 meum,
1691 1017 1735 1054 et
1754 1016 1908 1065 postes

1079 1082 1182 1111 suos
1208 1070 1328 1121 juxta
1350 1075 1504 1123 postes
1527 1082 1666 1112 meos:
1694 1074 1738 1111 et
1757 1080 1908 1109 murus

1078 1131 1172 1167 erat
1190 1125 1303 1168 inter
1320 1139 1392 1168 me
1411 1131 1455 1168 et
1474 1139 1567 1168 eos:
1592 1130 1638 1168 et
1655 1125 1909 1178 polluerunt

1077 1195 1236 1224 nomen
1270 1188 1470 1225 sanctum
1496 1195 1643 1224 meum
1671 1182 1715 1223 in
1743 1180 1907 1224 abomi-

1077 1238 1343 1289 nationibus,
1364 1252 1474 1292 quas
1493 1239 1705 1281 fecerunt:
1724 1241 1909 1291 propter

1079 1294 1199 1347 quod
1217 1296 1473 1349 consumpsi
1491 1309 1568 1338 eos
1587 1296 1632 1336 in
1650 1295 1716 1336 ira
1734 1307 1843 1336 mea.

1129 1352 1182 1404 R.
1206 1352 1332 1394 Muro
1351 1358 1440 1394 tuo.
1458 1354 1559 1394 203.

1380 1406 1533 1450 Lectio
1553 1408 1607 1449 iii.

1077 1458 1258 1566 Nunc
1281 1479 1387 1518 ergo
1412 1466 1629 1519 repellant
1647 1464 1804 1519 procul
1823 1465 1907 1507 for-

1194 1523 1461 1565 nicationem
1476 1536 1610 1574 suam,
1630 1527 1674 1564 et
1683 1524 1830 1564 ruinas
1845 1534 1909 1564 re-

1077 1591 1181 1630 gum
1201 1582 1381 1621 suorum
1405 1592 1430 1621 a
1447 1592 1532 1622 me:
1561 1584 1604 1621 et
1626 1577 1840 1620 habitabo
1864 1578 1909 1619 in

1077 1635 1224 1677 medio
1255 1638 1408 1677 eorum
1436 1649 1622 1690 semper.
1667 1635 1737 1677 Tu
1762 1639 1910 1676 autem

1078 1691 1140 1733 fili
1166 1692 1354 1734 hominis
1385 1692 1570 1735 ostende
1596 1691 1748 1735 domui
1771 1689 1911 1732 Israel

1077 1749 1307 1802 templum,
1337 1754 1381 1791 et
1407 1749 1730 1792 confundantur
1754 1747 1810 1790 ab
1834 1747 1911 1789 ini-

1079 1805 1321 1857 quitatibus
1339 1806 1440 1857 suis,
1462 1811 1506 1849 et
1524 1806 1761 1849 metiantur
1781 1804 1909 1846 fabri-

1077 1874 1189 1903 cam:
1231 1867 1274 1904 et
1307 1862 1570 1905 erubescant
1603 1875 1658 1904 ex
1690 1860 1908 1910 omnibus,

1078 1930 1177 1970 quae
1196 1918 1408 1960 fecerunt:
1432 1920 1640 1971 Figuram
1663 1917 1838 1967 domus,
1864 1922 1908 1959 et

1076 1973 1255 2016 fabricae
1276 1976 1368 2027 ejus
1387 1975 1542 2026 exitus,
1566 1980 1610 2017 et
1627 1974 1844 2024 introitus,
1864 1978 1908 2015 et

1077 2043 1252 2072 omnem
1271 2031 1614 2085 descriptionem
1633 2031 1735 2084 ejus,
1755 2035 1798 2072 et
1816 2029 1907 2071 uni-

1075 2088 1203 2128 versa
1225 2089 1452 2153 praecepta
1476 2089 1583 2141 ejus,
1610 2090 1907 2139 cunctumque

1077 2142 1278 2185 ordinem
1298 2145 1407 2196 ejuS,
1433 2149 1478 2186 et
1502 2157 1655 2187 omnes
1673 2143 1795 2195 leges
1814 2143 1906 2196 ejus

1077 2199 1263 2242 ostende
1294 2201 1374 2250 eis,
1410 2206 1454 2242 et
1486 2201 1653 2243 scribes
1687 2201 1732 2242 in
1766 2198 1905 2242 oculis

1077 2258 1244 2297 eorum:
1281 2262 1330 2298 ut
1363 2258 1614 2300 custodiant
1646 2269 1800 2299 omnes
1833 2255 1905 2297 de-

1076 2313 1340 2366 scriptiones
1373 2316 1482 2367 ejus,
1524 2321 1568 2358 et
1599 2315 1828 2368 praecepta
1858 2313 1904 2354 il-

1075 2369 1170 2420 lius,
1189 2374 1234 2411 et
1252 2370 1414 2413 faciant
1433 2384 1495 2413 ea.

1128 2428 1181 2480 R.
1207 2426 1499 2469 Sustinuimus
1516 2440 1683 2481 pacem.
1701 2428 1803 2469 203.

1345 2535 1637 2573 Sabbata

1197 2589 1264 2630 De
1292 2588 1522 2630 Ezechiele
1549 2588 1782 2641 Propheta.

1265 2648 1273 2655 '
1328 2647 1336 2655 '
1641 2648 1744 2700 Cap.
1763 2648 1828 2689 47.

1082 2712 1178 2750 Γν’(
1208 2710 1424 2751 convertit
1451 2722 1521 2751 me
1546 2710 1603 2752 ad
1628 2716 1803 2763 portam
1828 2711 1904 2753 do-

1100 2766 1147 2801 Lsi
1190 2778 1302 2815 mus,
1339 2770 1383 2807 et
1416 2778 1518 2808 ecce
1550 2779 1677 2819 aquae
1710 2767 1903 2819 egredie-
