2040 2944
226 217 287 252 116

224 316 363 358 donec
390 316 602 357 inveniam
625 314 770 355 locum
795 314 996 363 Domino,
1020 315 1042 339 *

223 372 546 414 tabernaculum
566 371 662 411 Deo
683 369 832 411 Jacob.

275 429 388 470 Ecce
407 427 650 469 audivimus
667 439 762 467 eam
777 427 819 466 in
836 426 1043 478 Ephrata:

222 486 245 510 *
265 485 504 525 invenimus
524 495 619 524 eam
639 483 680 523 in
700 483 866 535 campis
885 482 1017 523 silvae.

274 539 554 581 Introibimus
613 539 655 579 in
716 538 1043 580 tabernaculum

223 597 326 647 ejus:
359 597 381 620 *
417 595 697 637 adorabimus
735 595 778 635 in
814 595 929 644 loco,
970 595 1043 636 ubi

222 654 432 693 steterunt
451 651 588 704 pedes
608 652 709 702 ejus.

272 709 409 758 Surge
428 708 615 749 Domine
635 708 678 748 in
700 707 895 759 requiem
914 711 1043 756 tuam,

221 765 243 789 *
260 769 307 804 tu
327 769 370 805 et
389 776 489 805 arca
507 764 861 805 sanctificationis
880 768 978 804 tuae.

271 819 532 861 Sacerdotes
568 820 630 860 tui
666 819 898 860 induantur
928 820 1043 870 justi-

221 877 340 917 tiam:
361 878 383 902 *
404 882 447 920 et
465 877 603 917 sancti
622 876 683 917 tui
704 875 932 917 exsultent.

272 933 459 985 Propter
488 931 631 973 David
660 945 834 973 servum
857 937 995 981 tuum,
1020 932 1043 956 *

222 1001 308 1029 non
328 991 499 1029 avertas
519 988 673 1029 faciem
689 987 849 1029 Christi
868 988 940 1028 tui.

272 1045 438 1086 Juravit
471 1045 685 1085 Dominus
711 1043 855 1085 David
889 1044 1043 1085 verita-

220 1106 322 1147 tem,
350 1106 393 1142 et
416 1113 502 1142 non
522 1100 797 1142 frustrabitur
817 1113 927 1141 eam:
945 1100 968 1126 *
989 1099 1043 1141 de

222 1157 363 1198 fructu
383 1157 545 1198 ventris
564 1157 627 1197 tui
647 1169 809 1209 ponam
829 1169 960 1209 super
980 1169 1043 1197 se-

221 1213 321 1254 dem
339 1219 468 1254 tuam.

271 1270 315 1311 Si
333 1269 619 1310 custodierint
638 1268 714 1310 filii
732 1269 794 1310 tui
813 1271 1042 1310 testamen-

220 1331 311 1366 tum
343 1339 503 1375 meum,
535 1326 558 1351 *
591 1330 634 1366 et
667 1326 914 1366 testimonia
946 1338 1043 1366 mea

220 1381 325 1430 haec,
347 1395 444 1434 quae
465 1381 635 1423 docebo
656 1394 747 1423 eos:

271 1439 326 1479 Et
346 1439 424 1479 filii
443 1441 594 1479 eorum
613 1451 751 1490 usque
766 1439 807 1478 in
824 1438 1042 1489 saeculum,

220 1495 242 1520 *
263 1494 477 1536 sedebunt
499 1507 630 1547 super
649 1494 798 1535 sedem
816 1500 946 1536 tuam.

272 1551 486 1600 Quoniam
507 1551 637 1601 elegit
655 1551 868 1592 Dominus
887 1552 1004 1593 Sion:
1019 1552 1042 1577 *

220 1607 349 1658 elegit
367 1620 461 1648 eam
481 1608 523 1647 in
544 1607 855 1649 habitationem
877 1608 969 1649 sibi.

271 1664 380 1705 Haec
417 1664 589 1716 requies
625 1677 722 1704 mea
758 1664 802 1704 in
835 1664 1042 1706 saeculum

220 1720 387 1761 saeculi:
423 1721 446 1745 *
486 1719 555 1761 hic
592 1719 798 1762 habitabo
837 1722 1042 1772 quoniam

220 1776 328 1827 elegi
348 1789 453 1817 eam.

270 1832 459 1874 Viduam
497 1833 587 1884 ejus
618 1832 882 1874 benedicens
914 1833 1041 1875 bene-

220 1888 377 1929 dicam:
404 1890 427 1914 *
457 1891 674 1941 pauperes
707 1890 797 1941 ejus
833 1890 1041 1931 saturabo

219 1944 415 1996 panibus.

271 2000 531 2042 Sacerdotes
551 2002 642 2052 ejus
658 2001 832 2043 induam
850 2002 1041 2044 salutari:

220 2058 242 2082 *
263 2062 306 2098 et
325 2058 462 2098 sancti
482 2058 572 2109 ejus
591 2058 880 2100 exsultatione
902 2059 1041 2100 exsul-

220 2113 382 2154 tabunt.

271 2169 379 2210 Illuc
407 2169 649 2222 producam
674 2183 810 2212 cornu
834 2171 994 2220 David,
1018 2172 1041 2197 *

219 2226 370 2277 paravi
388 2226 607 2267 lucernam
629 2223 801 2268 Christo
820 2240 930 2269 meo.

272 2282 475 2323 Inimicos
486 2283 576 2333 ejus
586 2282 762 2324 induam
773 2283 1041 2325 confusione:

220 2337 244 2362 *
256 2349 386 2390 super
400 2338 542 2390 ipsum
559 2344 703 2380 autem
719 2339 935 2381 efflorebit
948 2353 1040 2381 san-

221 2393 424 2434 ctificatio
444 2407 551 2435 mea.

274 2451 370 2489 Ant.
383 2449 438 2490 Et
446 2451 583 2492 omnis
590 2452 932 2494 mansuetudinis
940 2454 1041 2505 ejus.

274 2506 370 2545 Ant.
396 2507 518 2548 Ecce.

488 2565 679 2606 psalmus
703 2570 783 2607 1:⁷32.

222 2612 378 2717 Ecce
404 2631 533 2670 quam
559 2618 736 2669 bonum,
764 2626 807 2663 et
832 2633 962 2673 quam
983 2622 1040 2673 ju-

323 2673 511 2715 cundum
539 2676 562 2700 *
590 2675 784 2718 habitare
813 2678 969 2718 fratres
997 2679 1040 2718 in

219 2743 366 2771 unum:

799 220 905 252 Furia
932 220 1061 261 quinta(
1090 220 1134 251 ud
1159 219 1357 261 Vespera&

1147 310 1266 350 Sicut
1277 311 1541 360 unguentum
1552 308 1595 349 in
1605 309 1789 361 capita*
1802 307 1922 361 quod

1096 365 1323 407 descendit
1341 366 1384 405 in
1403 364 1603 414 barbam,
1635 364 1817 406 barbam
1836 365 1920 406 Aa·

1096 434 1187 471 ron,
1838 434 1839 438 ¹

1149 477 1278 528 Quod
1312 477 1539 519 descendit
1571 478 1614 518 in
1647 489 1768 519 oram
1794 477 1921 519 vesti-

1095 535 1229 575 menti
1244 535 1348 586 ejus:
1363 535 1386 559 *
1402 535 1513 575 sicut
1532 547 1604 575 ros
1620 534 1828 583 Hermon,
1848 534 1922 587 qui

1096 590 1323 632 descendit
1341 591 1384 631 in
1402 595 1596 632 montem
1614 590 1729 632 Sion.

1148 648 1363 697 Quoniam
1397 647 1484 688 illic
1518 646 1741 688 mandavit
1774 646 1921 687 Domi-

1095 717 1176 745 nus
1200 703 1565 753 benedictionem,
1585 705 1608 729 *
1629 708 1672 745 et
1695 703 1829 744 vitam
1854 715 1922 743 us-

1098 773 1182 812 que
1200 761 1244 801 in
1264 760 1483 801 saeculum.
1555 798 1558 800 .

1154 822 1251 859 Ant.
1267 820 1380 859 Ecce
1397 829 1527 869 quam
1541 815 1717 866 bonum,
1736 820 1779 857 et
1792 828 1923 868 quam

1071 871 1075 941 Ι
1096 873 1330 924 jucundum
1347 873 1544 915 habitare
1558 873 1714 914 fratres
1725 873 1768 913 in
1778 885 1923 914 unum.

1154 934 1251 972 Ant.
1269 931 1436 972 Omnia.

1367 991 1563 1030 Psalmus
1584 991 1668 1029 134.

1102 1041 1319 1146 [audate
1333 1055 1494 1084 nomen
1506 1042 1694 1091 Domini,
1709 1042 1732 1067 *
1747 1040 1924 1083 laudate

1191 1100 1306 1140 servi
1323 1099 1570 1140 Dominum.

1149 1155 1234 1205 Qui
1257 1156 1382 1197 statis
1406 1156 1450 1196 in
1473 1155 1606 1196 domo
1627 1154 1818 1203 Domini,
1838 1154 1862 1180 *
1880 1154 1924 1194 in

1096 1212 1215 1253 atriis
1238 1211 1395 1254 domus
1415 1212 1498 1253 Dei
1516 1211 1665 1252 nostri.

1147 1268 1344 1310 Laudate
1365 1269 1620 1317 Dominum,
1656 1268 1757 1319 quia
1780 1266 1923 1315 bonus

1096 1325 1326 1366 Dominus:
1358 1326 1382 1351 *
1413 1324 1587 1378 psallite
1622 1324 1787 1365 nomini
1821 1325 1923 1376 ejus,

1097 1382 1302 1433 quoniam
1323 1384 1467 1423 suave.

1148 1439 1362 1488 Quoniam
1389 1437 1526 1479 Jacob
1561 1437 1691 1488 elegit
1725 1436 1807 1479 sibi
1834 1437 1922 1478 Do-

1094 1495 1252 1544 minus,
1284 1496 1307 1520 *
1340 1495 1477 1536 Israel
1518 1494 1562 1535 in
1597 1494 1924 1547 possessionem

1096 1550 1188 1592 sibi.

1147 1608 1259 1657 Quia
1283 1620 1364 1658 ego
1389 1608 1577 1659 cognovi
1602 1606 1722 1660 quod
1738 1619 1922 1659 magnus

1096 1669 1163 1705 est
1178 1664 1402 1713 Dominus,
1421 1665 1444 1690 *
1465 1669 1508 1705 et
1522 1663 1644 1705 Deus
1661 1669 1811 1705 noster
1828 1676 1922 1716 prae

1096 1720 1298 1762 omnibus
1316 1720 1409 1762 diis.

1148 1777 1304 1818 Omnia
1335 1780 1623 1830 quaecumque
1652 1775 1806 1826 voluit,
1833 1776 1921 1818 Do-

1094 1834 1236 1875 minus
1259 1834 1362 1875 fecit
1386 1834 1430 1874 in
1454 1833 1584 1884 coelo,
1611 1837 1655 1875 et
1679 1833 1723 1874 in
1747 1837 1880 1883 terra,
1897 1833 1922 1859 ¹⁸¹

1094 1890 1138 1930 in
1156 1890 1276 1940 mari,
1294 1895 1337 1931 et
1353 1891 1397 1931 in
1417 1889 1618 1932 omnibus
1637 1888 1818 1942 abyssis.

1146 1945 1350 1988 Educens
1376 1946 1516 1988 nubes
1541 1946 1596 1987 ab
1622 1947 1818 1987 extremo
1837 1949 1921 1987 ter-

1095 2015 1171 2043 rae:
1190 2003 1213 2028 *
1233 2003 1405 2055 fulgura
1423 2003 1467 2044 in
1485 2002 1680 2056 pluviam
1697 2002 1810 2044 fecit.

1147 2059 1232 2109 Qui
1256 2059 1462 2112 producit
1487 2064 1642 2101 ventos
1667 2057 1722 2100 de
1748 2058 1920 2100 thesau-

1095 2116 1152 2156 ris
1181 2116 1285 2157 suis:
1311 2117 1335 2142 *
1366 2116 1439 2169 qui
1466 2115 1684 2169 percussit
1706 2115 1921 2168 primoge-

1094 2172 1184 2213 nita
1207 2173 1390 2226 AEgypti
1418 2172 1472 2214 ab
1497 2173 1672 2214 homine
1700 2184 1840 2224 usque
1865 2170 1922 2213 ad

1094 2241 1241 2280 pecus.

1146 2286 1202 2326 Et
1220 2285 1337 2327 misit
1352 2286 1485 2337 signa,
1504 2290 1548 2327 et
1561 2284 1763 2339 prodigia
1776 2285 1820 2326 in
1833 2286 1919 2326 me-

1095 2340 1168 2382 dio
1196 2342 1260 2383 tui
1283 2343 1491 2395 AEgthe:
1514 2343 1538 2368 *
1563 2343 1607 2383 in
1636 2341 1920 2391 Pharaonem,

1095 2402 1138 2438 et
1158 2398 1201 2438 in
1221 2411 1373 2440 omnes
1393 2412 1546 2441 servos
1565 2399 1667 2451 ejus.

1146 2455 1230 2504 Qui
1249 2456 1467 2507 percussit
1485 2459 1638 2507 gentes
1656 2454 1863 2496 multasz*
1876 2459 1921 2496 et

1095 2511 1256 2552 occidit
1274 2523 1400 2564 reges
1421 2512 1572 2554 fortes:

1145 2567 1291 2609 Sehon
1311 2581 1459 2620 regem
1478 2566 1853 2617 Amorrhaeorum,
1875 2571 1919 2609 et

1095 2623 1163 2674 Og
1181 2637 1329 2675 regem
1344 2625 1500 2675 Basan,
1517 2625 1540 2651 *
1561 2629 1605 2666 et
1624 2623 1767 2665 omnia
1787 2636 1919 2675 regna

1094 2679 1309 2721 Chanaan.

1144 2737 1202 2777 Et
1227 2736 1348 2778 dedit
1371 2742 1533 2779 terram
1559 2739 1710 2778 eorum
1737 2736 1917 2779 haeredi-
