2040 2944
554 190 625 224 Die
647 192 676 224 4.
702 191 804 233 Sept.
851 190 885 224 S.
911 190 1026 223 Rosae
1051 190 1308 225 Vitcrbiensis
1333 193 1436 234 Vir-g.

199 285 243 318 In
273 284 338 318 III.
366 284 566 319 Nocturno
599 285 699 320 Lect.
732 286 795 320 vii.
829 291 865 319 et
896 286 975 319 viii.

89 369 91 371 ,
147 336 188 366 ut
212 333 251 366 in
273 332 335 366 die
360 332 475 366 Festi.
523 333 654 367 Lectio
681 334 729 367 ix.
763 334 809 368 de
835 334 975 368 Homil.

145 380 313 422 Domin,
343 380 451 423 cujus
481 380 522 415 fit
547 391 743 415 commem.
774 382 812 415 in
837 381 976 415 Laudi-

146 429 218 463 bus
245 434 281 463 et
304 428 479 472 utrisque
504 429 702 472 Vesperis.

197 480 237 515 Si
263 481 346 515 dies
372 481 451 516 Oct.
483 480 518 515 S.
544 481 685 524 Angeli
711 481 895 516 Custodis
920 482 976 515 in-

146 529 283 563 ciderit
306 529 345 563 in
362 529 522 563 Festum.
538 529 766 564 Nativitatis
792 531 832 564 B.
855 530 901 563 M.
920 530 975 565 V..

143 577 185 610 fit
216 577 262 611 de
294 577 335 611 B.
361 577 483 611 Maria
508 577 623 620 Virg„
658 588 744 612 cum
778 588 974 612 commem.

145 625 221 658 diei
247 624 405 659 Octavae
429 626 472 665 S„
492 626 632 668 Angcli
655 626 850 660 Custodis.

334 703 418 744 Die
437 705 475 744 4.
495 703 779 757 Septembris.

161 772 206 813 S.
224 772 370 814 Rosae
388 772 724 814 Viterbiensis
747 775 948 824 Virginis.

476 835 640 879 Duplex.

195 889 333 924 Omnia
357 891 404 925 de
426 892 627 926 Communi
648 893 752 936 Virg.
780 891 851 935 [83]
879 904 973 936 prce-

143 942 200 972 ter
225 940 437 983 sequentia.

481 993 645 1034 Oratio.

142 1049 321 1156 Deus,
342 1053 416 1105 qui
430 1053 607 1094 beatam
620 1053 788 1094 Rosam
807 1055 972 1094 sancta-

264 1122 361 1150 rum
384 1111 559 1151 tuarum
584 1109 816 1161 Virginum
844 1110 972 1151 colle-

142 1166 215 1217 gio
242 1168 483 1218 aggregare
509 1165 715 1217 dignatus
741 1179 804 1208 es:
830 1166 973 1208 tribue

142 1222 282 1273 nobis,
301 1225 571 1275 quaesumus;
590 1228 638 1264 ut
657 1224 749 1275 ejus
767 1223 973 1276 precibus

143 1283 188 1320 et
204 1279 371 1320 meritis
397 1292 422 1320 a
440 1279 580 1332 culpis
604 1280 808 1322 omnibus
828 1281 972 1333 expie-

141 1349 255 1386 mur,
289 1340 332 1377 et
363 1341 452 1378 tuae
478 1337 718 1389 majestatis
747 1337 972 1379 consortio

141 1392 418 1445 perfruamur
446 1395 624 1435 aeterno.
665 1394 750 1435 Per
776 1394 904 1435 Dfim.

194 1454 238 1488 In
269 1454 295 1489 I.
326 1456 525 1491 Nocturno
557 1457 761 1493 Lectiones
795 1459 841 1493 de
875 1459 972 1493 Scri—

141 1506 254 1545 ptura
279 1509 513 1540 occurrente.

375 1570 423 1610 In
443 1571 493 1610 II.
514 1571 737 1612 Nocturno.

443 1636 596 1678 Lectio
615 1638 668 1678 iv.

149 1704 350 1744 a*
378 1698 568 1741 Viterbii
599 1699 684 1752 piis
716 1699 971 1752 parentibus

214 1747 264 1792 ‘¹³
286 1759 388 1797 nata
421 1755 476 1798 ab
508 1756 606 1809 ipsa
635 1756 817 1798 infantia
854 1757 972 1798 omni

145 1812 165 1836 “2
218 1815 227 1830 ³*
248 1811 265 1835 ’ἦ
285 1812 446 1854 virtute
479 1813 650 1862 enituit,
686 1813 802 1855 facta
833 1813 971 1866 perfe-

141 1869 299 1910 ctionis
318 1871 538 1920 magistra,
559 1883 658 1912 cum
676 1870 751 1912 vix
769 1870 891 1922 loqui
910 1869 971 1911 di-

141 1923 330 1967 dicisset.
383 1925 537 1968 Mundi
572 1929 708 1968 exosa
743 1927 971 1976 vanitates,

139 1980 238 2023 rudi
263 1984 434 2032 amictu,
458 1982 622 2035 pedum
645 1982 857 2032 nuditate,
882 1983 969 2024 cili-

140 2038 219 2088 cio,
239 2039 416 2089 jeiuniis,
436 2039 621 2092 aliisque
641 2039 970 2082 austeritatibus

139 2095 454 2147 corpusculum
467 2095 677 2148 affligens,
694 2096 854 2138 divinae
869 2108 968 2137 con-

138 2151 416 2204 templationi
435 2153 591 2204 jugiter
610 2153 809 2195 vacabat.
843 2153 970 2194 Hanc

138 2220 245 2249 vero
276 2209 480 2250 eximiam
505 2210 786 2252 sanctitatem
812 2209 971 2260 insigni

138 2264 349 2306 miraculo
391 2265 513 2307 Deus
558 2269 767 2308 testatam
812 2265 970 2319 voluit3

138 2333 239 2361 nam
267 2321 410 2363 adhuc
437 2322 585 2374 puella
610 2323 871 2365 avunculam
897 2321 968 2363 de-

138 2376 332 2419 functam
362 2377 419 2420 ad
448 2378 582 2420 vitam
614 2379 851 2421 revocavit.
897 2377 970 2419 Ad

138 2433 450 2484 virginitatem,
484 2448 616 2488 quam
648 2438 865 2489 perpetuo
899 2436 969 2475 co-

138 2488 232 2539 luit,
260 2490 356 2532 solo
384 2493 568 2543 aspectu
594 2492 854 2534 intuentium
881 2491 968 2531 ani-

138 2558 235 2586 mos
255 2547 487 2589 excitabat.
517 2548 720 2590 Caritatis
740 2550 967 2599 ergapau-

138 2614 268 2653 peres
292 2602 626 2654 studiosissima,
652 2617 751 2645 eum
776 2603 968 2654 aliquan·

139 2657 197 2699 do
239 2658 423 2700 hiberno
459 2662 660 2712 tempore
697 2659 969 2701 subtractum

138 2714 221 2755 sibi
242 2728 401 2767 panem
421 2715 533 2757 clam
555 2716 641 2757 illis
665 2715 870 2765 deferret,
889 2728 967 2767 pa-

1769 188 1860 232 [271]

1028 288 1096 325 tre
1115 284 1370 336 imperante,
1394 290 1442 326 ut
1460 285 1672 338 proderet
1692 286 1798 338 quid
1815 287 1859 327 in

1028 341 1194 390 gremio
1222 340 1529 383 absconditum
1555 342 1705 393 ferret,
1732 343 1859 395 panis

1029 396 1073 437 in
1091 409 1217 438 rosas
1237 399 1475 439 conversus
1495 403 1573 440 est.

1084 458 1135 508 R.
1171 454 1360 507 Propter
1391 455 1634 505 veritatem,
1667 461 1711 498 et
1741 469 1857 498 man-

1029 510 1322 560 suetudinem,
1350 516 1394 552 et
1420 511 1643 563 justitiam,
1664 519 1686 543 *
1705 513 1761 554 Et
1787 513 1856 554 de-

1029 566 1161 609 ducet
1196 572 1240 608 te
1272 566 1527 609 mirabiliter
1559 568 1740 610 dextera
1771 575 1857 611 tua.

1032 623 1081 672 V.
1096 624 1252 676 Specie
1271 629 1357 673 tua,
1377 629 1420 665 et
1438 624 1764 676 pulchritudine
1782 631 1858 668 tua

1028 680 1218 730 intende,
1248 683 1462 733 prospere
1486 681 1694 733 procede,
1724 687 1767 724 et
1794 695 1857 724 re-

1027 749 1123 787 gna.
1151 737 1209 778 Et
1228 736 1430 778 deducet.

1340 797 1491 837 Lectio
1514 811 1550 837 v.

1104 863 1178 890 um
1197 850 1430 902 septimum
1449 850 1669 902 explesset
1688 864 1857 902 annum,

1032 851 1101 959 C
1132 906 1381 948 solitudinis
1409 905 1630 949 desiderio
1656 907 1857 959 flagrans,

1029 962 1186 1004 domus
1206 976 1298 1004 suae
1314 966 1544 1015 angustam
1559 964 1759 1006 cellulam
1775 966 1856 1007 ele-

1027 1019 1106 1070 git,
1153 1020 1223 1061 cui
1262 1033 1308 1061 se
1346 1024 1571 1072 tamquam
1608 1021 1856 1064 voluntario

1028 1076 1193 1118 carceri
1218 1077 1405 1127 inclusit,
1430 1082 1474 1118 et
1493 1078 1680 1119 orationi
1701 1091 1855 1131 corpo-

1027 1135 1175 1186 risque
1191 1133 1466 1183 castigationi
1483 1133 1688 1176 ardenter
1702 1134 1858 1176 incum-

1026 1189 1150 1240 bens,
1175 1191 1259 1231 Dei
1287 1190 1562 1232 clementiam
1591 1191 1854 1244 deprecaba-

1027 1251 1096 1287 tur
1119 1260 1201 1300 pro
1226 1252 1390 1289 sanctae
1414 1247 1625 1288 Ecclesiae
1649 1248 1855 1300 tranquil-

1025 1303 1159 1352 litate,
1184 1316 1315 1355 quam
1336 1303 1550 1345 Friderici
1576 1304 1758 1346 secundi
1780 1305 1855 1345 im—

1026 1360 1244 1411 peratoris
1271 1361 1474 1412 impietas
1501 1361 1711 1402 acerrime
1739 1360 1855 1403 dive-

1026 1415 1171 1458 xabat.
1208 1417 1275 1457 Ex
1302 1416 1470 1458 diutina
1495 1422 1641 1459 autem
1665 1430 1854 1459 macera-

1024 1473 1145 1514 tione
1168 1473 1212 1514 in
1235 1473 1438 1515 morbum
1461 1474 1669 1516 lethalem
1694 1475 1855 1525 incidit,

1024 1530 1069 1570 in
1099 1543 1187 1582 quo
1215 1530 1359 1572 beatae
1385 1531 1579 1582 Virginis
1608 1531 1854 1573 visitatione

1025 1589 1242 1637 recreata,
1289 1586 1486 1629 habitum
1526 1588 1643 1629 tertii
1689 1587 1853 1630 ordinis

1025 1644 1165 1685 sancti
1184 1643 1406 1685 Francisci
1429 1643 1611 1685 induere
1634 1645 1751 1696 jussa
1777 1650 1853 1686 est.

1024 1699 1243 1741 Decennis
1268 1713 1293 1741 a
1312 1700 1408 1741 Deo
1432 1700 1653 1752 inspirata,
1676 1700 1761 1753 piis
1781 1700 1853 1742 ad-

1024 1755 1345 1798 hortationibus
1364 1755 1610 1808 validisque
1629 1758 1853 1807 argumen-

1023 1813 1079 1854 tis
1110 1813 1271 1854 multos
1299 1812 1531 1854 haereticos
1562 1812 1619 1854 ad
1648 1812 1781 1854 fidem
1810 1818 1853 1854 et

1023 1869 1317 1911 obedientiam
1335 1869 1523 1911 Romani
1543 1868 1768 1910 Pontificis
1788 1882 1851 1911 re-

1024 1926 1159 1967 duxit.
1189 1927 1283 1977 Qua
1303 1926 1358 1967 de
1379 1938 1511 1967 causa
1526 1939 1625 1967 cum
1643 1930 1738 1967 tota
1753 1938 1851 1977 cog-

1023 1983 1198 2024 natione
1223 1996 1301 2024 sua
1324 1982 1366 2023 in
1392 1982 1591 2023 exsilium
1618 1982 1769 2033 ejecta,
1795 1981 1852 2023 ad

1023 2040 1164 2080 vicina
1189 2037 1355 2092 oppida
1382 2038 1514 2087 venit,
1540 2037 1614 2079 ubi
1637 2037 1850 2079 Friderici

1022 2100 1209 2137 mortem
1247 2101 1290 2137 et
1322 2094 1532 2137 Ecclesiae
1565 2107 1719 2146 pacem
1752 2107 1850 2146 pro-

1022 2153 1199 2204 phetico
1216 2151 1371 2204 spiritu
1387 2150 1604 2204 praedixit.
1623 2149 1850 2191 Mulierem

1023 2222 1186 2250 caecam
1210 2222 1235 2249 a
1259 2208 1487 2249 nativitate
1511 2206 1783 2256 illuminavit,
1808 2211 1851 2248 et

1022 2264 1079 2306 ad
1093 2263 1198 2306 fidei
1212 2264 1442 2306 veritatem
1457 2262 1750 2312 astruendam,
1765 2275 1851 2304 suc-

1022 2323 1201 2362 censum
1224 2333 1379 2371 rogum
1401 2320 1612 2370 ingressa,
1636 2332 1687 2360 ac
1708 2319 1849 2360 tribus

1020 2376 1141 2418 horis
1166 2377 1209 2417 in
1235 2389 1288 2418 eo
1315 2375 1452 2416 illaesa
1476 2377 1753 2428 permanens,
1779 2388 1848 2417 cu-

1020 2433 1190 2485 jusdam
1228 2433 1447 2474 haereticae
1482 2431 1675 2473 mulieris
1709 2433 1848 2485 pervi-

1022 2490 1187 2531 caciam
1206 2490 1318 2539 vicit,
1344 2491 1530 2541 eamque
1553 2501 1652 2530 cum
1677 2489 1772 2530 aliis
1792 2487 1848 2529 ad

1013 2546 1154 2588 fidem
1173 2545 1402 2587 convertit.

1071 2604 1122 2655 Iit·
1157 2601 1361 2643 Dilexisti
1389 2602 1613 2653 justitiam,
1642 2607 1685 2643 et
1715 2601 1846 2643 odisti

1021 2658 1313 2709 iniquitatem:
1356 2662 1378 2686 *
1430 2659 1671 2711 Propterea
1724 2659 1847 2698 unxit

1021 2720 1064 2756 te
1092 2715 1228 2764 Deus,
1256 2715 1376 2756 Deus
1405 2720 1516 2766 tuus,
1545 2715 1643 2756 oleo
1671 2714 1847 2756 laetitiae.
