2040 2944
551 182 622 216 Die
648 182 696 215 12.
718 182 816 215 Nov.
864 181 898 215 S.
917 180 1070 215 Martini
1089 181 1115 214 Ι.
1140 180 1259 223 Pupio
1284 185 1319 213 ct
1345 180 1452 214 Mart.

1793 177 1860 212 431

195 278 389 321 Viduam
425 278 517 330 ejus
548 276 815 319 benedicens
846 276 976 318 bene-

144 336 303 378 dicam:
335 334 358 360 *
390 337 612 387 pauperes
641 334 732 385 ejus
765 332 976 375 saturabo

142 391 340 445 panibus.

194 447 460 490 Sacerdotes
477 448 569 499 ejus
584 446 764 487 induam
782 445 978 487 salutari:

141 505 165 531 *
185 509 229 546 et
249 505 389 546 sancti
409 505 500 556 ejus
519 503 813 544 exsultatione
835 501 975 543 exsul·
1038 519 1071 562 {g

142 561 311 603 tabunt.

194 617 306 658 Hluc
330 616 576 669 producam
601 627 739 656 cornu
763 614 924 665 David,
953 614 976 640 *
1039 618 1153 630 ’“

142 674 299 727 paravi
316 673 542 715 lucernam
562 671 736 714 Christo
757 684 869 712 meo.

191 731 400 771 Inimicos
412 730 503 781 ejus
513 728 693 771 induam
705 728 976 769 confusione:

143 787 167 813 *
183 799 316 839 super
330 786 476 839 ipsum
491 790 639 827 autem
650 783 871 826 efflorebit
882 797 976 825 san-

145 843 354 885 ctificatio
382 854 491 883 mea.

197 910 320 953 Capit.
337 913 373 944 et
386 909 526 953 Hymn.
544 912 584 942 ut
602 908 641 942 in
656 908 682 942 I.
698 908 813 950 Vesp.
831 905 905 940 421.

194 961 245 1014 V.
264 964 289 1005 J
291 968 438 1005 ustum
457 961 642 1004 deduxit
657 962 874 1003 Dominus
896 975 977 1015 per

142 1021 237 1063 vias
274 1025 430 1062 rectas.
490 1022 541 1074 R.
584 1018 640 1060 Et
681 1018 876 1060 ostendit
916 1018 978 1059 illi

143 1091 327 1129 regnum
344 1077 440 1119 Dei.

194 1143 266 1184 Ad
280 1143 456 1193 Magnis.
481 1143 580 1183 Ant.
609 1142 645 1183 O
666 1139 846 1182 beatum
864 1140 975 1182 Pon-

142 1199 317 1248 tificem,
342 1198 417 1250 qui
436 1198 544 1239 totis
562 1195 806 1238 visceribus
827 1196 974 1247 dilige-

143 1255 220 1297 bat
246 1254 470 1296 Christum
494 1255 678 1305 Regem,
707 1258 751 1294 et
776 1266 865 1294 non
890 1253 975 1294 for-

142 1310 340 1353 midabat
384 1310 557 1363 imperii
592 1309 903 1362 principatum:
950 1323 976 1351 o

143 1367 419 1409 sanctissima
443 1367 597 1416 anima,
624 1378 755 1418 quam
780 1366 862 1407 etsi
888 1366 976 1417 gla-

144 1424 242 1466 dius
257 1423 555 1476 persecutoris
570 1435 660 1464 non
674 1422 866 1472 abstulit,
885 1423 976 1475 pal-

142 1493 260 1522 mam
277 1485 426 1522 tamen
444 1479 642 1532 martyrii
657 1491 745 1520 non
764 1478 924 1521 amisit!

193 1544 344 1579 Deinde
368 1544 410 1578 fit
434 1554 631 1578 commem.
657 1554 763 1587 sequ.

330 1621 415 1662 Die
434 1621 492 1661 12.
510 1618 790 1661 Novembris.

169 1685 213 1726 S.
232 1683 441 1725 Martini
458 1683 495 1724 1.
513 1682 649 1734 Papae
669 1687 712 1722 et
732 1682 949 1733 Martyris.

430 1742 693 1786 Semiduplex.

197 1797 335 1832 Omnia
357 1797 404 1831 de
422 1797 626 1833 Communi
642 1797 758 1832 unius
775 1798 883 1832 Mart.
907 1796 976 1841 [21]

144 1849 286 1891 praeter
309 1855 415 1889 sequ.

197 1903 299 1943 Ant.
330 1902 421 1943 Iste
451 1906 628 1944 sanctus
654 1915 738 1955 pro
766 1902 864 1953 lege
892 1902 977 1943 Dei

145 1959 213 2001 sui
238 1959 425 2001 certavit
448 1971 591 2010 usque
616 1958 673 2000 ad
698 1963 905 2007 mortem,
934 1963 978 2000 et

145 2028 171 2057 a
185 2014 333 2057 verbis
352 2015 589 2068 impiorum
605 2027 694 2056 non
707 2015 867 2055 timuit:
886 2014 976 2055 fun-

145 2071 276 2113 datus
301 2071 416 2113 enim
441 2076 536 2113 erat
559 2084 693 2124 supra
712 2071 884 2111 firmam
902 2083 975 2124 pe-

143 2132 268 2170 tram.

196 2182 248 2234 V.
284 2184 437 2226 Gloria
473 2189 517 2226 et
552 2184 721 2226 honore
754 2183 978 2225 coronasti

146 2253 246 2283 eum
280 2241 481 2283 Domine.
530 2241 582 2293 R.
616 2241 674 2282 Et
711 2239 977 2282 constituisti

145 2309 246 2338 eum
264 2310 398 2350 super
413 2300 551 2350 opera
569 2300 777 2338 manuum
790 2298 977 2338 tuarum.

484 2361 646 2402 Oratio.

237 2436 325 2473 eus,
347 2424 422 2476 qui
440 2436 521 2465 nos
538 2422 658 2465 beati
672 2422 849 2463 Martini
863 2421 975 2462 Mar-

264 2480 375 2532 tyris
399 2480 464 2522 tui
491 2484 624 2532 atque
651 2477 878 2520 Pontificis
905 2479 976 2518 an·

145 2548 231 2576 nua
250 2536 529 2579 solemnitate
547 2536 761 2578 laetificas:
781 2534 976 2576 concede

145 2591 378 2644 propitius3
409 2598 458 2635 ut
490 2594 612 2645 cujus
644 2591 840 2634 natalitia
874 2590 975 2631 coli-

145 2661 254 2697 mus
269 2647 324 2690 de
340 2649 536 2700 ejusdem
551 2650 683 2691 etiam
697 2647 976 2702 protectione

145 2703 426 2755 gaudeamus.
451 2706 537 2747 Per
556 2706 803 2748 Dominum.

1080 277 1124 310 In
1155 277 1180 311 Ι.
1210 277 1410 311 Nocturno
1444 278 1647 311 Lectiones
1685 279 1731 311 de
1763 279 1860 313 Scri-

1027 329 1141 368 ptura
1166 330 1400 359 occurrente.

1266 386 1315 424 In
1334 387 1384 424 II.
1404 386 1628 426 Nocturno.

1332 446 1485 487 Lectio
1505 447 1558 487 iv.

1102 550 1106 556 Ι
1177 502 1370 549 artinus,
1398 499 1584 541 Tuderti
1611 500 1655 540 in
1679 499 1863 542 Umbria

1038 562 1042 588 ἕ
1060 566 1085 613 ’,α
1120 580 1149 613 ,
1205 562 1345 605 natus,
1364 557 1488 597 initio
1503 556 1799 609 pontificatus,
1820 561 1864 598 et

1177 611 1180 622 ²
1204 613 1362 654 litteris
1387 618 1431 655 et
1448 613 1744 663 legationibus
1764 613 1863 654 mis-

1030 671 1090 711 sis
1115 672 1297 723 operam
1321 669 1455 718 dedit,
1480 673 1528 710 ut
1546 669 1732 710 Paulum
1752 669 1862 710 Con-

1030 726 1472 779 stantinopolitanum
1503 725 1805 767 Patriarcham
1839 738 1865 767 a

1029 783 1195 825 nefaria
1227 782 1387 824 haeresi
1414 782 1471 823 ad
1500 781 1731 823 catholicae
1759 780 1865 823 fidei

1029 840 1263 882 veritatem
1282 841 1525 881 revocaret.
1554 839 1638 888 Qui
1654 838 1864 879 Constan-

1029 902 1073 939 te
1098 897 1366 948 imperatore
1392 895 1603 936 haeretico
1630 894 1784 949 fretus,
1811 907 1864 936 eo

1031 953 1233 995 amentiae
1255 954 1521 1004 progressus
1547 951 1700 1000 fuerat,
1724 956 1772 992 ut
1792 951 1864 992 Se-

1031 1009 1098 1051 dis
1125 1008 1386 1062 apostolicae
1410 1009 1582 1059 legatos
1602 1008 1723 1049 varie
1742 1008 1786 1048 in
1805 1010 1865 1048 in-

1030 1066 1148 1107 sulas
1175 1066 1395 1117 relegarit.
1442 1066 1540 1116 Quo
1573 1065 1663 1117 ejus
1698 1063 1865 1105 scelere

1032 1125 1279 1164 commotus
1299 1122 1514 1171 Pontifex,
1534 1123 1690 1162 coacto
1707 1121 1864 1161 Romae

1031 1179 1218 1221 concilio
1252 1183 1428 1220 centum
1466 1178 1658 1230 quinque
1696 1177 1863 1230 episco-

1029 1238 1201 1289 porum,
1230 1248 1330 1277 eum
1358 1234 1679 1276 condemnavit.

1083 1294 1134 1345 Rl·
1161 1293 1412 1333 Honestum
1439 1291 1542 1332 fecit
1565 1290 1688 1331 illum
1713 1290 1864 1331 Domi-

1029 1362 1122 1399 nus,
1147 1354 1191 1390 et
1211 1348 1451 1390 custodivit
1472 1360 1572 1389 eum
1592 1347 1647 1388 ab
1667 1347 1865 1395 inimicis,

1032 1411 1075 1447 et
1103 1418 1128 1446 a
1157 1404 1466 1447 seductoribus
1492 1404 1653 1445 tutavit
1676 1403 1815 1452 illum,
1841 1405 1863 1429 *

1029 1462 1086 1504 Et
1118 1461 1241 1503 dedit
1273 1461 1335 1502 illi
1367 1461 1613 1502 claritatem
1645 1461 1865 1501 aeternam.

1032 1513 1083 1565 V.
1113 1516 1446 1569 Descenditque
1479 1530 1579 1558 cum
1611 1516 1688 1557 illo
1726 1516 1770 1556 in
1803 1516 1865 1557 fo-

1029 1587 1173 1616 veam:
1194 1579 1238 1616 et
1257 1574 1301 1614 in
1316 1573 1501 1615 vinculis
1521 1586 1609 1614 non
1629 1572 1866 1624 dereliquit

1031 1644 1141 1672 eum.
1170 1631 1227 1672 Et
1246 1629 1379 1672 dedit.

1343 1688 1495 1728 Lectio
1516 1702 1553 1726 v.

1036 1725 1186 1849 Quae
1225 1756 1357 1785 causa
1390 1743 1470 1784 fuit
1504 1742 1736 1783 Constanti
1770 1742 1864 1782 mit-

1156 1800 1278 1842 tendi
1318 1799 1364 1840 in
1401 1799 1575 1841 Italiam
1613 1798 1865 1851 Olympium
1924 1836 1927 1839 ,

1031 1857 1281 1906 exarchum,
1297 1861 1346 1897 ut
1357 1856 1593 1897 Martinum
1602 1855 1865 1896 Pontificem

1030 1912 1397 1962 interficiendum,
1431 1917 1506 1953 aut
1539 1911 1597 1953 ad
1624 1924 1671 1952 se
1703 1910 1862 1964 perdu-

1031 1969 1219 2011 cendum
1244 1971 1430 2010 curaret.
1469 1968 1608 2019 Igitur
1635 1968 1864 2020 Olympius

1030 2027 1220 2067 Romam
1238 2026 1418 2067 veniens
1437 2024 1582 2066 lictori
1601 2023 1792 2072 mandat,
1817 2028 1865 2064 ut

1030 2083 1302 2132 Pontificem,
1322 2081 1427 2124 dum
1441 2082 1485 2123 in
1500 2081 1683 2122 basilica
1700 2084 1864 2121 sanctae

1029 2140 1181 2181 Mariae
1202 2139 1258 2181 ad
1277 2140 1484 2191 Praesepe
1499 2138 1733 2178 Missarum
1753 2136 1863 2177 sole-

1029 2197 1148 2238 mnia
1173 2195 1432 2245 celebraret,
1462 2193 1697 2236 occideret.
1733 2193 1864 2244 Quod

1030 2252 1106 2295 ubi
1142 2253 1273 2293 lictor
1308 2250 1578 2302 aggreditur,
1616 2262 1761 2291 caecus
1798 2262 1862 2290 re-

1030 2311 1164 2362 pente
1191 2308 1334 2349 factus
1362 2312 1440 2349 est.

1084 2367 1135 2418 R.
1164 2363 1445 2406 Desiderium
1475 2363 1631 2404 animae
1665 2363 1757 2414 ejus
1788 2361 1861 2404 tri-

1029 2421 1165 2463 buisti
1198 2421 1238 2462 ei
1264 2420 1469 2470 Domine,
1497 2421 1518 2446 *
1549 2419 1606 2461 Et
1633 2419 1861 2460 voluntate

1029 2477 1247 2519 labiorum
1273 2477 1365 2528 ejus
1392 2488 1482 2517 non
1509 2474 1723 2517 fraudasti
1753 2487 1862 2516 eum.

1032 2529 1082 2581 V.
1095 2533 1314 2583 Quoniam
1334 2531 1589 2584 praevenisti
1609 2531 1769 2572 eumin
1788 2530 1860 2571 be-

1029 2588 1355 2632 nedictionibus
1385 2587 1645 2630 dulcedinis:
1673 2586 1861 2640 posuisti

1029 2647 1073 2688 in
1100 2646 1245 2699 capite
1274 2646 1366 2697 ejus
1393 2647 1603 2686 coronam
1630 2644 1685 2685 de
1711 2641 1860 2695 lapide

1030 2703 1240 2756 pretioso.
1268 2702 1336 2743 Et.
