2040 2944
822 145 986 179 Litaniae
1011 145 1248 180 Sanctorum.

183 242 224 281 A
253 241 481 283 subitanea
511 246 555 282 et
586 241 827 293 improvisa
858 247 1013 291 morte,

234 297 373 338 libera
391 310 473 338 nos
491 297 690 338 D6mine.

183 353 254 394 Ab
273 352 442 394 insidiis
461 352 638 402 diaboli,
865 352 1014 394 libera.

182 409 253 449 Ab
274 409 354 457 ira,
381 414 425 449 et
449 408 567 458 6dio,
594 414 639 450 et
664 409 783 450 omni
806 409 920 450 mala
939 422 1012 450 vo-

234 464 413 514 luntate,
864 464 1013 506 libera.

182 521 223 560 A
243 520 398 572 spiritu
418 520 728 568 fornicafi6nis,
862 520 1012 562 libera.

182 576 223 616 A
242 576 411 626 falgure
432 582 476 618 et
494 578 770 628 tempestate,
863 576 1013 618 libera.

182 633 224 672 A
242 631 417 682 flagello
436 634 727 681 terraemetus,
864 632 1014 673 libera.

180 687 223 729 A
242 692 379 739 peste,
400 687 513 728 fame
533 692 576 728 et
595 687 724 738 bello,
864 688 1013 729 libera.

181 743 222 783 A
242 748 384 784 morte
403 745 630 795 perpetua,
864 744 1014 785 libera.

180 799 266 840 Per
284 799 541 850 mysterium
562 804 728 840 sanetae
747 800 1013 842 Incarnati6-

232 855 299 896 nis
317 860 417 905 tuae,
863 855 1013 898 libera.

179 911 266 952 Per
285 910 523 952 adventum
541 916 675 961 tuum,
864 911 1013 953 libera.

180 967 266 1008 Per
284 967 557 1008 nativitatem
578 972 709 1017 tuam,
866 967 1014 1009 libera.

180 1023 266 1063 Per
303 1023 571 1074 baptismum
609 1029 652 1064 et
684 1028 883 1064 sanctum
914 1024 1012 1075 jej1'1-

232 1079 353 1120 nium
371 1084 504 1128 tuum,
861 1079 1012 1121 libera.

180 1135 265 1175 Per
278 1147 453 1176 crucem
469 1140 512 1176 et
526 1135 778 1187 passibnem
792 1140 923 1185 tuam,
941 1135 1013 1177 lib.

180 1190 265 1232 Per
284 1196 471 1232 mortem
491 1196 535 1232 et
554 1191 825 1243 sepulttiram
842 1198 974 1242 tuam,

863 1247 1013 1289 h'bera.

180 1303 265 1343 Per
283 1308 478 1344 sanctam
497 1304 864 1345 resurreetic‘mem
882 1309 1013 1354 tuam,

863 1360 1013 1401 libera.

180 1414 266 1454 Per
294 1413 598 1455 admirabilem
622 1416 926 1457 ascensibnem
948 1421 1012 1458 tu—

233 1482 314 1518 am,
863 1472 1012 1514 libera.

180 1525 265 1566 Per
290 1525 527 1569 adventum
552 1527 740 1579 Spiritus
770 1529 910 1570 sancti
933 1528 1011 1570 Pa-

233 1582 386 1631 reieliti,
863 1584 1012 1626 libera.

181 1637 232 1677 In
253 1636 323 1679 die
342 1638 500 1690 judieii,
863 1640 1012 1682 libera.

180 1694 454 1744 Peccaffioes,
473 1700 517 1736 te
536 1698 742 1746 rogamus
762 1695 865 1738 audi
883 1709 975 1738 nos.

178 1750 237 1791 Ut
261 1749 389 1791 nobis
408 1764 583 1803 parcas,
608 1757 652 1794 te
677 1755 884 1803 rogamus
906 1753 1008 1796 audi

229 1818 323 1847 nos.

178 1861 238 1902 Ut
273 1862 402 1904 nobis
438 1863 682 1914 indnlgeas‚
723 1869 767 1907 te
804 1868 1011 1916 rogamus

230 1917 332 1959 audi
356 1931 449 1959 nos.

179 1973 238 2015 Ut
257 1974 314 2015 ad
329 1987 479 2016 veram
498 1976 804 2027 poenitentiam
818 1990 899 2019 nos
914 1991 1010 2030 per-

231 2029 392 2071 d1'1cere
443 2030 652 2082 digneris,
707 2038 750 2074 te
802 2036 1010 2084 rogamus

231 2086 333 2127 audi
352 2100 446 2128 nos.

179 2141 238 2182 Ut
274 2142 517 2184 Ecclesiam
554 2148 675 2185 tuam
711 2150 907 2187 sanctam
944 2148 1008 2188 re-

230 2210 334 2247 gere
364 2205 407 2240 et
436 2202 697 2242 conservare
723 2201 933 2252 digneris,
964 2207 1009 2244 te

231 2256 437 2304 rogamus
457 2254 559 2297 audi
578 2269 670 2297 nos.

178 2308 238 2349 Ut
252 2308 460 2351 domnum
475 2311 784 2363 Apostolicum
799 2318 843 2355 et
857 2326 1009 2356 omnes

231 2365 555 2409 ecclesiasticos
583 2367 761 2410 Ordines
786 2369 830 2409 in
858 2375 1009 2412 sancta

230 2420 440 2470 religidne
460 2426 722 2465 conservare
743 2423 946 2476 digneris,
965 2432 1008 2468 te

231 2479 437 2527 rogamus
457 2478 560 2520 audi
578 2492 671 2520 nos.

178 2531 238 2573 Ut
265 2531 464 2573 inimicos
499 2540 662 2576 sanetae
691 2535 904 2577 Ecclesiae
931 2536 1007 2577 hu-

230 2587 396 2629 miliare
448 2588 652 2640 digneris,
710 2595 753 2632 te
802 2594 1008 2642 rogamus

230 2643 333 2687 audi
351 2657 443 2686 nos.

1067 243 1127 284 Ut
1144 243 1321 293 regibus
1346 247 1390 284 et
1407 243 1681 296 principibus
1701 243 1897 285 christia-

1120 299 1187 339 nis
1207 311 1363 351 pacem
1383 304 1427 340 et
1445 311 1595 340 veram
1616 299 1899 341 conedrdiam

1120 354 1287 395 donare
1337 353 1545 406 digneris,
1599 360 1644 396 te
1691 358 1898 406 rogemus

1120 410 1222 453 audi
1240 423 1333 451 nos.

1067 471 1126 512 Ut
1158 475 1318 512 cuncto
1350 470 1518 523 pdpulo
1551 470 1792 513 christiano
1823 484 1897 524 pa-

1119 539 1215 567 cem
1235 531 1278 567 et
1297 527 1511 568 unitatem
1528 526 1677 577 largiri
1696 526 1898 578 digneris,

1118 587 1163 623 te
1182 584 1388 632 rogamus
1407 581 1510 624 audi
1528 594 1622 623 nos.

1067 643 1126 684 Ut
1149 645 1447 694 nosmetipsos
1472 643 1515 683 in
1535 647 1613 684 tuo
1637 647 1790 684 sancto
1810 655 1897 684 ser—

1119 699 1226 740 vitio
1265 699 1514 740 confortare
1554 703 1599 740 et
1635 701 1898 740 conservare

1119 754 1326 805 digneris,
1345 760 1390 796 te
1409 757 1615 805 rogemus
1635 754 1737 796 audi
1754 767 1846 796 nos.

1067 815 1127 856 Ut
1143 820 1313 856 mentes
1332 820 1507 857 nostras
1531 815 1588 857 ad
1607 815 1806 856 coelestia
1825 815 1896 858 de-

1119 869 1280 912 sideria
1305 871 1464 922 erigas,
1491 876 1536 913 te
1562 873 1770 922 rogamus
1795 871 1899 914 audi

1119 940 1212 968 nos.

1066 987 1125 1029 Ut
1145 987 1348 1028 Omnibus
1363 987 1719 1030 benefactdribus
1734 989 1897 1030 nostris

1119 1044 1386 1095 sempiterna
1422 1043 1539 1085 bona
1577 1044 1811 1094 retribuas,
1852 1049 1897 1086 te

1118 1101 1325 1150 rogamus
1345 1099 1449 1141 audi
1467 1112 1560 1141 nos.

1066 1159 1125 1201 Ut
1157 1159 1323 1200 animas
1348 1165 1538 1210 nostras,
1570 1160 1767 1210 fratrum,
1797 1173 1897 1213 pro-

1117 1216 1385 1268 pinquorum
1405 1221 1448 1257 et
1471 1215 1803 1258 benefactdrum
1821 1229 1896 1258 no-

1119 1273 1311 1319 str6rum
1342 1271 1397 1313 ab
1425 1273 1590 1312 aeterna
1616 1271 1897 1314 damnatidne

1118 1328 1291 1380 eripias,
1314 1332 1358 1369 te
1379 1329 1585 1378 rogamus
1605 1327 1708 1369 audi
1726 1341 1819 1370 nos.

1065 1388 1124 1429 Ut
1156 1387 1324 1428 fruetus
1356 1393 1488 1429 terrae
1516 1387 1623 1429 dare
1651 1393 1695 1429 et
1723 1401 1896 1431 conser-

1118 1445 1222 1484 vare
1252 1443 1460 1494 digneris,
1488 1447 1532 1485 te
1558 1446 1766 1495 rogamus
1794 1444 1898 1487 audi

1116 1511 1210 1540 nos.

1065 1561 1125 1603 Ut
1144 1559 1348 1602 Omnibus
1370 1560 1574 1602 fidelibus
1595 1560 1812 1603 destinetis
1831 1564 1896 1604 re-

1119 1616 1264 1669 quiem
1282 1618 1492 1659 aeternam
1508 1617 1675 1659 donare
1692 1617 1895 1670 digneris,

1116 1678 1161 1715 te
1180 1676 1388 1724 rogamus
1407 1673 1510 1715 audi
1527 1686 1621 1715 nos.

1066 1734 1124 1776 Ut
1142 1747 1225 1776 nos
1245 1733 1454 1776 exaudire
1475 1733 1681 1786 digneris,
1706 1740 1752 1777 te
1770 1737 1894 1786 roga-

1115 1803 1213 1831 mus
1232 1790 1335 1831 audi
1353 1803 1446 1831 nos.

1064 1850 1148 1891 Fili
1165 1851 1260 1900 Dei,
1279 1855 1324 1892 te
1344 1852 1552 1902 rogamus
1574 1851 1677 1893 audi
1693 1864 1786 1893 nos.

1064 1915 1218 1966 Agnus
1263 1915 1365 1965 Dei,
1418 1916 1493 1966 qui
1541 1915 1660 1958 tollis
1709 1919 1895 1969 peccata

1115 1970 1278 2022 mundi,
1297 1983 1431 2023 parce
1450 1971 1579 2013 nobis
1597 1972 1798 2014 Domine.

1064 2036 1217 2086 Agnus
1266 2037 1367 2087 Dei,
1421 2038 1494 2090 qui
1543 2037 1662 2079 tollis
1709 2040 1908 2089 peccata-

1115 2092 1276 2142 mundi‚
1297 2093 1457 2135 exasidi
1475 2106 1558 2136 nos
1577 2093 1776 2135 deine.

1063 2158 1216 2208 Agnus
1261 2159 1360 2208 Dei,
1414 2159 1489 2210 qui
1538 2159 1657 2201 tollis
1707 2161 1892 2211 peccata

1114 2214 1281 2265 mundi,
1305 2215 1514 2256 miserere
1533 2215 1672 2257 nobis.

1064 2278 1235 2321 Christe
1255 2279 1356 2320 audi
1374 2292 1468 2321 nos.

1062 2344 1234 2402 Christe
1258 2345 1418 2386 exafidi
1435 2357 1528 2388 nos.

1061 2409 1198 2460 Kyrie
1214 2409 1390 2450 eleison.
1414 2408 1584 2450 Christe
1600 2407 1776 2451 eleison.
1800 2411 1889 2463 Ky-

1113 2465 1175 2506 rie
1196 2465 1373 2506 eleison.

1119 2531 1244 2570 Pater
1263 2533 1426 2570 noster.
1447 2532 1629 2568 secreto.

1119 2587 1165 2637 V·
1194 2594 1251 2636 Et
1278 2606 1334 2635 ne
1360 2605 1442 2634 nos
1469 2591 1651 2634 indficas
1679 2593 1723 2634 in
1750 2598 1887 2635 tenta-

1060 2649 1237 2691 tiOnem.
1274 2649 1323 2699 Ru
1341 2648 1429 2690 Sed
1452 2648 1591 2691 libera
1612 2661 1694 2690 nos
1714 2662 1741 2690 a
1758 2649 1887 2691 malo.
