2040 2944
177 183 247 227 [64]

810 182 1019 215 Commune
1049 181 1268 214 Doctorum.

180 280 270 321 rius
294 280 464 330 frugem
490 277 595 319 boni
616 277 762 330 operis
786 277 1010 319 reddimus

183 337 286 378 dum
316 348 397 388 per
428 347 566 375 sacrae
599 334 859 376 eruditionis
891 334 1010 375 flam-

180 406 297 434 mam
333 392 378 432 in
415 390 551 432 corde
594 390 754 432 clarius
795 390 1011 432 ardemus.

179 450 385 500 Dumque
417 461 498 500 per
532 460 608 489 eos
641 447 798 489 diebus
828 447 1011 499 singulis

180 505 320 556 magis
348 507 577 556 magisque
606 504 788 546 scientia
816 503 1011 545 coelestis

181 561 445 611 ostenditur,
475 561 601 614 quasi
618 561 777 602 interni
795 560 925 602 nobis
949 559 1011 601 lu-

181 618 310 659 minis
355 631 539 660 vernum
578 623 755 671 tempus
797 619 1012 670 aperitur:

181 680 230 717 ut
274 687 414 716 novus
463 675 531 717 sol
575 675 739 716 nostris
791 673 1012 715 mentibus

181 731 344 782 rutilet,
362 736 406 774 et
426 733 579 773 eorum
596 731 744 773 verbis
764 730 892 772 nobis
913 732 1012 781 cog-

181 789 298 831 nitus
319 791 467 842 seipso
485 788 682 841 quotidie
698 787 856 829 clarior
869 787 1012 828 micet.

182 846 377 897 Urgente
410 846 572 887 etenim
607 844 761 886 mundi
797 844 904 894 fine,
945 857 1012 884 su-

181 903 320 955 perna
347 902 531 943 scientia
556 901 750 955 proficit,
779 905 823 942 et
850 900 1012 951 largius

183 971 283 1000 cum
309 960 511 1012 tempore
541 957 765 1000 excrescit.

315 1032 398 1070 I‘ro
431 1031 621 1071 Doctorc
652 1030 875 1071 pontifice.

237 1091 286 1142 R„
311 1091 404 1132 Iste
424 1094 501 1132 est.
529 1089 613 1142 [54]

264 1162 345 1201 ΡΠ)
376 1162 570 1203 Doctorc
601 1174 685 1201 non
719 1160 941 1201 Pontifice.

242 1224 287 1274 lg„
311 1223 403 1264 Iste
422 1221 568 1264 homo.
596 1221 676 1274 [72]

400 1294 448 1332 In
476 1293 547 1332 III.
576 1293 799 1331 Nocturno.

121 1348 124 1350 ’
187 1353 338 1395 Lectio
362 1354 504 1395 sancti
521 1353 749 1405 Evangelii
773 1351 1015 1395 secundum

465 1410 735 1452 Matthaeum.

291 1468 441 1508 Lectio
463 1467 529 1506 vii.
703 1467 804 1518 Cap.
820 1467 857 1505 ἴ).
872 1465 911 1505 b.

185 1519 263 1626 In
282 1524 357 1566 illo
372 1525 587 1576 tempore:
606 1524 731 1566 Dixit
744 1524 769 1565 J
772 1536 873 1566 esus
889 1522 1015 1564 disci-

261 1580 377 1633 pulis
402 1581 508 1622 suis:
534 1580 630 1622 Vos
653 1581 759 1623 estis
786 1579 852 1622 sal
875 1584 1017 1621 terrae.

189 1637 320 1688 Quod
346 1637 384 1678 si
408 1637 473 1678 sal
500 1638 742 1688 evanuerit,
771 1637 816 1678 in
840 1649 927 1689 quo
953 1649 1017 1677 sa-

186 1692 340 1736 lietur?
367 1694 425 1735 Et
443 1693 622 1746 reliqua.

193 1762 380 1804 Homilia
394 1763 535 1805 sancti
546 1762 782 1814 Augustini
795 1761 1018 1815 Episcopi.

243 1826 320 1858 Lib.
347 1826 372 1858 1.
392 1825 438 1858 de
458 1822 573 1857 Serni,
596 1822 753 1857 Domini
771 1822 809 1855 in
827 1826 965 1855 monte.

441 1874 534 1915 Cap.
552 1875 581 1905 (3.
606 1872 713 1905 Tom.
731 1871 760 1904 4.

194 1929 268 1988 5313*
276 1924 469 1984 stendit
486 1924 718 1975 Dominus,
752 1924 898 1966 fatuos
923 1936 1020 1966 esse

137 2027 139 2029 .
194 1980 299 2031 μέμ
322 1981 590 2034 judicandOS‚
618 1981 692 2034 qui
710 1980 1020 2034 temporalium

198 2037 201 2041 ’
322 2039 541 2080 bonorum
559 2038 630 2080 vel
655 2038 830 2091 copiam
853 2039 1020 2079 sectan-

190 2102 273 2147 tes,
301 2095 372 2138 vel
390 2096 585 2149 inopiam
606 2097 870 2145 metuenteS,
899 2096 1020 2136 amit-

190 2157 289 2194 tunt
308 2154 482 2202 aeterna,
505 2164 604 2204 quae
619 2164 702 2193 nec
719 2150 815 2192 dari
833 2155 1021 2204 possunt

191 2209 247 2251 ab
266 2208 528 2259 hominibus,
554 2221 638 2250 nec
657 2208 828 2250 auferri.
864 2209 1021 2260 Itaque

192 2266 230 2306 si
265 2265 330 2307 sal
362 2265 622 2307 infatuatum
657 2265 808 2315 fuerit,
849 2265 894 2306 in
932 2277 1020 2317 quo

193 2320 396 2363 salietur?
441 2322 495 2364 Id
515 2327 597 2373 est,
625 2322 663 2363 si
685 2334 782 2372 vos,
810 2334 890 2375 per
911 2333 1022 2374 quos

193 2378 428 2420 condiendi
455 2384 557 2420 sunt
586 2377 915 2431 quodammodo
945 2380 1021 2431 po-

193 2435 297 2488 puli,
324 2440 446 2477 metu
471 2436 829 2488 persecutionum
853 2440 1022 2488 tempo-

194 2491 349 2533 ralium
375 2492 608 2534 amiseritis
637 2505 771 2544 regna
793 2492 1022 2543 coelorum;

196 2549 270 2600 qui
307 2553 435 2590 erunt
470 2548 688 2598 homines,
731 2561 812 2601 per
850 2561 961 2602 quos
998 2561 1024 2589 a

198 2604 325 2646 vobis
363 2617 485 2646 error
522 2605 763 2655 auferatur,
806 2618 906 2646 cum
942 2617 1023 2646 vos

197 2662 378 2714 elegerit
404 2662 543 2711 Deus,
579 2675 659 2714 per
686 2674 798 2714 quos
827 2664 1024 2704 errorem

196 2719 366 2761 auferat
394 2717 664 2760 ceterorum?

1040 1152 1044 1170 ι
1068 1145 1156 1174 sua.
1182 1133 1306 1199 lpse.

1197 276 1282 314 Pro
1314 275 1507 314 Doctore
1536 271 1759 312 Pontificc.

1121 332 1169 382 Ιζν.
1207 331 1386 373 Am'avit
1429 344 1530 373 eum
1570 330 1806 379 Dominus,
1849 333 1894 369 et

1065 389 1236 431 ornavit
1256 402 1373 430 eum:
1401 388 1561 430 stolam
1578 387 1731 438 gloriae
1753 385 1894 427 induit

1065 460 1175 496 eum,
1191 446 1213 470 *
1235 446 1292 488 Et
1311 445 1369 488 ad
1385 450 1539 499 portas
1558 442 1752 497 paradisi
1770 454 1893 484 coro-

1064 503 1185 545 navit
1204 516 1313 545 eum.
1337 501 1387 548 V.
1398 501 1548 543 Induit
1567 513 1666 542 eum
1678 499 1893 541 Dominus

1064 559 1247 602 loricam
1265 559 1380 610 fidei,
1409 564 1454 601 et
1471 557 1643 601 ornavit
1663 569 1774 599 eum.
1801 556 1868 598 Et.

1144 621 1226 660 Pro
1260 620 1451 659 Doctore
1482 630 1568 657 non
1597 614 1822 656 Pontifice.

1119 678 1168 729 R.
1195 678 1286 719 Iste
1315 682 1382 719 est
1413 677 1487 729 qui
1515 680 1616 718 ante
1635 675 1780 716 Deum
1807 686 1894 714 ma-

1065 747 1172 786 gnas
1199 734 1385 776 virtutes
1414 735 1624 787 operatus
1654 735 1736 781 est,
1773 735 1816 772 et
1840 729 1895 771 de

1067 791 1185 832 omni
1224 790 1359 833 corde
1401 803 1481 832 suo
1517 788 1715 831 laudavit
1746 786 1895 828 Domi-

1065 861 1188 889 num:
1219 849 1242 872 *
1273 848 1376 900 Ipse
1408 845 1651 889 intercedat
1679 857 1761 898 pro
1795 855 1895 897 pec-

1068 905 1176 946 catis
1197 905 1391 946 omnium
1409 903 1686 958 populorum.
1715 895 1763 947 Y.
1778 901 1896 942 Ecce

1066 962 1200 1003 homo
1222 962 1316 1003 sine
1336 961 1525 1014 querela,
1553 972 1685 1002 verus
1703 958 1789 999 Dei
1810 956 1896 999 cul-

1066 1023 1152 1069 tor,
1190 1017 1415 1060 abstinens
1449 1030 1497 1060 se
1525 1017 1581 1059 ab
1609 1015 1729 1058 omni
1762 1016 1897 1067 opere

1066 1075 1199 1127 malo,
1229 1080 1273 1117 et
1297 1077 1561 1129 permanens
1585 1074 1630 1115 in
1648 1070 1899 1114 innocentia

1356 1179 1506 1219 Lectio
1529 1177 1613 1219 viii.

1071 1233 1232 1339 Ergo
1263 1241 1320 1284 ad
1346 1241 1530 1282 nihilum
1557 1239 1675 1282 valet
1703 1238 1769 1280 sal
1794 1237 1899 1279 infa-

1171 1301 1357 1350 tuatum,
1385 1298 1470 1340 nisi
1486 1302 1535 1340 ut
1551 1297 1751 1338 mittatur
1769 1295 1899 1347 foras,

1069 1360 1112 1398 et
1131 1355 1324 1397 calcetur
1339 1355 1395 1397 ab
1413 1354 1676 1397 hominibus.
1703 1352 1807 1395 Non
1820 1354 1898 1394 ita-

1070 1425 1155 1465 que
1192 1412 1388 1454 calcatur
1424 1411 1479 1454 ab
1516 1409 1783 1460 hominibus,
1826 1408 1900 1461 qui

1067 1469 1234 1522 patitur
1274 1468 1647 1522 persecutionem:
1701 1465 1782 1508 sed
1827 1464 1902 1518 qui

1068 1526 1423 1578 persecutionem
1437 1523 1635 1566 timendo
1652 1522 1902 1564 infatuatur.

1071 1582 1243 1624 Calcari
1279 1582 1395 1624 enim
1426 1594 1516 1623 non
1547 1584 1699 1634 potest
1731 1578 1815 1619 nisi
1841 1578 1901 1619 in-

1070 1639 1222 1680 ferior:
1263 1638 1344 1680 sed
1374 1638 1554 1679 inferior
1581 1649 1670 1678 non
1699 1639 1785 1685 est,
1827 1633 1903 1686 qui

1072 1696 1272 1748 quamvis
1310 1697 1498 1749 corpore
1535 1694 1673 1736 multa
1708 1693 1754 1734 in
1784 1695 1904 1733 terra

1072 1756 1306 1804 sustineat,
1352 1751 1487 1795 corde
1523 1757 1672 1794 tamen
1708 1750 1822 1791 fixus
1857 1748 1903 1789 in

1072 1810 1188 1852 coelo
1218 1815 1296 1852 est.

1126 1868 1176 1919 Rg.
1210 1868 1263 1909 In
1298 1866 1446 1909 medio
1482 1865 1695 1908 Ecclesiae
1732 1862 1904 1917 aperuit

1074 1937 1124 1966 os
1153 1925 1254 1977 ejus,
1278 1925 1302 1962 .*
1330 1925 1387 1966 Et
1413 1923 1612 1976 implevit
1637 1934 1737 1964 eum
1754 1919 1903 1962 Domi-

1071 1994 1154 2023 nus
1195 1981 1354 2046 spiritu
1393 1979 1620 2034 sapientiae
1659 1983 1703 2020 et
1738 1976 1903 2019 intelle-

1074 2042 1182 2079 ctus.
1215 2036 1266 2083 Y.
1296 2038 1321 2079 J
1323 2037 1625 2079 ucunditatem
1649 2039 1693 2077 et
1717 2033 1903 2076 exsulta-

1072 2095 1238 2136 tionem
1273 2093 1588 2136 thesaurizavit
1624 2104 1758 2145 super
1795 2103 1904 2133 eum.

1073 2152 1130 2193 Et
1153 2151 1361 2204 implevit.
1398 2150 1551 2191 Gloria
1575 2149 1706 2191 Patri.
1743 2148 1811 2190 Et.

1374 2204 1528 2246 Lectio
1548 2203 1601 2243 ix.

1165 2277 1216 2306 os
1237 2264 1342 2306 estis
1362 2263 1509 2305 lumen
1524 2261 1686 2304 mundi.
1714 2261 1904 2312 Quomo-

1173 2321 1231 2363 do
1252 2320 1361 2363 dixit
1378 2320 1579 2374 superius
1596 2318 1662 2360 sal
1677 2322 1820 2368 terrae,
1841 2317 1905 2359 sic

1074 2391 1188 2420 nunc
1209 2377 1315 2420 dicit
1333 2377 1481 2419 lumen
1501 2374 1663 2417 mundi.
1697 2374 1814 2416 Nam
1833 2387 1904 2416 ne-

1076 2448 1161 2488 que
1181 2434 1381 2486 superius
1405 2434 1490 2475 ista
1513 2437 1630 2474 terra
1649 2430 1906 2484 accipienda

1075 2497 1153 2542 est,
1174 2504 1306 2544 quam
1323 2489 1511 2544 pedibus
1526 2487 1753 2541 corporeis
1769 2487 1905 2529 calca-

1074 2562 1188 2590 mus:
1214 2547 1293 2590 sed
1317 2546 1515 2588 homines
1541 2545 1615 2598 qui
1633 2545 1677 2585 in
1696 2549 1814 2586 terra
1832 2543 1905 2585 ha-

1075 2605 1231 2654 bitant,
1258 2603 1328 2646 vel
1348 2603 1479 2644 etiam
1496 2603 1773 2655 peccatores,
1801 2613 1906 2654 quo-

1076 2675 1172 2703 rum
1204 2658 1461 2703 condiendis
1497 2663 1540 2700 et
1578 2656 1906 2710 exstinguendis

1075 2717 1307 2771 putoribus
1337 2715 1631 2769 apostolicum
1655 2715 1793 2757 salem
1818 2714 1906 2756 Do-
