<?xml version="1.0" encoding="UTF-8"?>
<!DOCTYPE html PUBLIC "-//W3C//DTD XHTML 1.0 Transitional//EN"
    "http://www.w3.org/TR/xhtml1/DTD/xhtml1-transitional.dtd">
<html xmlns="http://www.w3.org/1999/xhtml" xml:lang="en" lang="en">
 <head>
  <title>
</title>
<meta http-equiv="Content-Type" content="text/html;charset=utf-8" />
  <meta name='ocr-system' content='tesseract 3.04.00' />
  <meta name='ocr-capabilities' content='ocr_page ocr_carea ocr_par ocr_line ocrx_word'/>
</head>
<body>
  <div class='ocr_page' id='page_1' title='image "./p4breviariumroma00cathuoft_0683.png"; bbox 0 0 2040 2944; ppageno 0'>
   <div class='ocr_carea' id='block_1_1' title="bbox 712 180 1361 223">
    <p class='ocr_par' dir='ltr' id='par_1_1' title="bbox 712 180 1361 223">
     <span class='ocr_line' id='line_1_1' title="bbox 712 180 1361 223; baseline 0.005 -9"><span class='ocrx_word' id='word_1_1' title='bbox 712 180 867 223; x_wconf 81' lang='lat' dir='ltr'>Septem</span> <span class='ocrx_word' id='word_1_2' title='bbox 891 180 1037 214; x_wconf 84' lang='lat' dir='ltr'>Psalmi</span> <span class='ocrx_word' id='word_1_3' title='bbox 1060 182 1361 217; x_wconf 84' lang='lat' dir='ltr'>Poenitcntiales.</span> 
     </span>
    </p>
   </div>
   <div class='ocr_carea' id='block_1_2' title="bbox 175 273 1031 2721">
    <p class='ocr_par' dir='ltr' id='par_1_2' title="bbox 189 273 1031 372">
     <span class='ocr_line' id='line_1_2' title="bbox 189 273 1031 329; baseline 0.001 -14"><span class='ocrx_word' id='word_1_4' title='bbox 189 273 411 316; x_wconf 80' lang='lat' dir='ltr'>dedissem</span> <span class='ocrx_word' id='word_1_5' title='bbox 425 277 592 329; x_wconf 88' lang='lat' dir='ltr'>utique:</span> <span class='ocrx_word' id='word_1_6' title='bbox 606 277 631 303; x_wconf 85' lang='lat'>*</span> <span class='ocrx_word' id='word_1_7' title='bbox 644 276 914 320; x_wconf 89' lang='lat' dir='ltr'>holocaustis</span> <span class='ocrx_word' id='word_1_8' title='bbox 929 292 1031 320; x_wconf 70' lang='lat' dir='ltr'>non·</span> 
     </span>
     <span class='ocr_line' id='line_1_3' title="bbox 189 329 490 372; baseline 0 0"><span class='ocrx_word' id='word_1_9' title='bbox 189 329 490 372; x_wconf 63' lang='lat' dir='ltr'>delectaberis.</span> 
     </span>
    </p>

    <p class='ocr_par' dir='ltr' id='par_1_3' title="bbox 185 386 1017 552">
     <span class='ocr_line' id='line_1_4' title="bbox 238 386 1017 440; baseline 0.006 -14"><span class='ocrx_word' id='word_1_10' title='bbox 238 386 508 428; x_wconf 81' lang='lat' dir='ltr'>Sacrificium</span> <span class='ocrx_word' id='word_1_11' title='bbox 527 388 624 429; x_wconf 94' lang='lat' dir='ltr'>Deo</span> <span class='ocrx_word' id='word_1_12' title='bbox 653 389 833 440; x_wconf 90' lang='lat' dir='ltr'>spiritus</span> <span class='ocrx_word' id='word_1_13' title='bbox 861 391 1017 432; x_wconf 91' lang='lat' dir='ltr'>contri-</span> 
     </span>
     <span class='ocr_line' id='line_1_5' title="bbox 186 441 1014 494; baseline 0.007 -13"><span class='ocrx_word' id='word_1_14' title='bbox 186 441 376 483; x_wconf 88' lang='lat' dir='ltr'>bulatus:</span> <span class='ocrx_word' id='word_1_15' title='bbox 396 444 420 470; x_wconf 84' lang='lat'>*</span> <span class='ocrx_word' id='word_1_16' title='bbox 439 455 516 484; x_wconf 92' lang='lat' dir='ltr'>cor</span> <span class='ocrx_word' id='word_1_17' title='bbox 535 446 786 494; x_wconf 88' lang='lat' dir='ltr'>contritum,</span> <span class='ocrx_word' id='word_1_18' title='bbox 812 451 856 487; x_wconf 87' lang='lat' dir='ltr'>et</span> <span class='ocrx_word' id='word_1_19' title='bbox 878 445 1014 486; x_wconf 86' lang='lat' dir='ltr'>humi-</span> 
     </span>
     <span class='ocr_line' id='line_1_6' title="bbox 185 496 836 552; baseline 0.008 -15"><span class='ocrx_word' id='word_1_20' title='bbox 185 496 339 538; x_wconf 88' lang='lat' dir='ltr'>liatum</span> <span class='ocrx_word' id='word_1_21' title='bbox 357 498 479 540; x_wconf 90' lang='lat' dir='ltr'>Deus</span> <span class='ocrx_word' id='word_1_22' title='bbox 497 511 586 540; x_wconf 92' lang='lat' dir='ltr'>non</span> <span class='ocrx_word' id='word_1_23' title='bbox 606 498 836 552; x_wconf 79' lang='lat' dir='ltr'>despicies,</span> 
     </span>
    </p>

    <p class='ocr_par' dir='ltr' id='par_1_4' title="bbox 185 553 1016 709">
     <span class='ocr_line' id='line_1_7' title="bbox 237 553 1016 604; baseline 0.008 -11"><span class='ocrx_word' id='word_1_24' title='bbox 237 553 433 604; x_wconf 82' lang='lat' dir='ltr'>Benigne</span> <span class='ocrx_word' id='word_1_25' title='bbox 479 555 548 596; x_wconf 88' lang='lat' dir='ltr'>fac</span> <span class='ocrx_word' id='word_1_26' title='bbox 588 556 776 598; x_wconf 92' lang='lat' dir='ltr'>Domine</span> <span class='ocrx_word' id='word_1_27' title='bbox 816 558 860 598; x_wconf 90' lang='lat' dir='ltr'>in</span> <span class='ocrx_word' id='word_1_28' title='bbox 900 558 1016 599; x_wconf 91' lang='lat' dir='ltr'>bona</span> 
     </span>
     <span class='ocr_line' id='line_1_8' title="bbox 185 610 1014 656; baseline 0.005 -6"><span class='ocrx_word' id='word_1_29' title='bbox 185 610 411 652; x_wconf 88' lang='lat' dir='ltr'>voluntate</span> <span class='ocrx_word' id='word_1_30' title='bbox 436 615 512 652; x_wconf 91' lang='lat' dir='ltr'>tua</span> <span class='ocrx_word' id='word_1_31' title='bbox 536 612 654 653; x_wconf 89' lang='lat' dir='ltr'>Sion:</span> <span class='ocrx_word' id='word_1_32' title='bbox 678 614 701 640; x_wconf 84' lang='lat'>*</span> <span class='ocrx_word' id='word_1_33' title='bbox 724 618 773 654; x_wconf 92' lang='lat' dir='ltr'>ut</span> <span class='ocrx_word' id='word_1_34' title='bbox 798 613 1014 656; x_wconf 89' lang='lat' dir='ltr'>aedificen—</span> 
     </span>
     <span class='ocr_line' id='line_1_9' title="bbox 185 666 659 709; baseline 0.004 -3"><span class='ocrx_word' id='word_1_35' title='bbox 185 669 256 706; x_wconf 89' lang='lat' dir='ltr'>tur</span> <span class='ocrx_word' id='word_1_36' title='bbox 273 666 386 709; x_wconf 90' lang='lat' dir='ltr'>muri</span> <span class='ocrx_word' id='word_1_37' title='bbox 404 666 659 708; x_wconf 86' lang='lat' dir='ltr'>Jerusalem.</span> 
     </span>
    </p>

    <p class='ocr_par' dir='ltr' id='par_1_5' title="bbox 184 722 1014 930">
     <span class='ocr_line' id='line_1_10' title="bbox 238 722 1014 778; baseline 0.008 -17"><span class='ocrx_word' id='word_1_38' title='bbox 238 722 362 762; x_wconf 92' lang='lat' dir='ltr'>Tunc</span> <span class='ocrx_word' id='word_1_39' title='bbox 389 723 644 775; x_wconf 87' lang='lat' dir='ltr'>acceptabis</span> <span class='ocrx_word' id='word_1_40' title='bbox 672 725 933 766; x_wconf 84' lang='lat' dir='ltr'>sacrificium</span> <span class='ocrx_word' id='word_1_41' title='bbox 957 728 1014 778; x_wconf 88' lang='lat' dir='ltr'>ju-</span> 
     </span>
     <span class='ocr_line' id='line_1_11' title="bbox 185 777 1014 829; baseline 0.006 -11"><span class='ocrx_word' id='word_1_42' title='bbox 185 777 330 827; x_wconf 88' lang='lat' dir='ltr'>stitiae,</span> <span class='ocrx_word' id='word_1_43' title='bbox 351 777 611 829; x_wconf 88' lang='lat' dir='ltr'>oblationes,</span> <span class='ocrx_word' id='word_1_44' title='bbox 637 785 681 822; x_wconf 90' lang='lat' dir='ltr'>et</span> <span class='ocrx_word' id='word_1_45' title='bbox 699 781 971 823; x_wconf 89' lang='lat' dir='ltr'>holocausta:</span> <span class='ocrx_word' id='word_1_46' title='bbox 991 783 1014 808; x_wconf 87' lang='lat'>*</span> 
     </span>
     <span class='ocr_line' id='line_1_12' title="bbox 184 833 1014 888; baseline 0.007 -15"><span class='ocrx_word' id='word_1_47' title='bbox 184 837 289 874; x_wconf 87' lang='lat' dir='ltr'>tunc</span> <span class='ocrx_word' id='word_1_48' title='bbox 313 833 540 885; x_wconf 91' lang='lat' dir='ltr'>imponent</span> <span class='ocrx_word' id='word_1_49' title='bbox 569 848 700 888; x_wconf 87' lang='lat' dir='ltr'>super</span> <span class='ocrx_word' id='word_1_50' title='bbox 726 837 863 878; x_wconf 87' lang='lat' dir='ltr'>altare</span> <span class='ocrx_word' id='word_1_51' title='bbox 891 843 1014 879; x_wconf 86' lang='lat' dir='ltr'>tuum</span> 
     </span>
     <span class='ocr_line' id='line_1_13' title="bbox 184 888 358 930; baseline -0.006 -1"><span class='ocrx_word' id='word_1_52' title='bbox 184 888 358 930; x_wconf 86' lang='lat' dir='ltr'>vitulos.</span> 
     </span>
    </p>

    <p class='ocr_par' dir='ltr' id='par_1_6' title="bbox 237 944 537 987">
     <span class='ocr_line' id='line_1_14' title="bbox 237 944 537 987; baseline 0.007 -2"><span class='ocrx_word' id='word_1_53' title='bbox 237 944 389 986; x_wconf 91' lang='lat' dir='ltr'>Gloria</span> <span class='ocrx_word' id='word_1_54' title='bbox 407 945 537 987; x_wconf 89' lang='lat' dir='ltr'>Patri.</span> 
     </span>
    </p>

    <p class='ocr_par' dir='ltr' id='par_1_7' title="bbox 182 1001 1013 1210">
     <span class='ocr_line' id='line_1_15' title="bbox 444 1001 747 1041; baseline 0.003 -1"><span class='ocrx_word' id='word_1_55' title='bbox 444 1001 643 1041; x_wconf 91' lang='lat' dir='ltr'>Psalmus</span> <span class='ocrx_word' id='word_1_56' title='bbox 662 1002 747 1041; x_wconf 84' lang='lat'>101.</span> 
     </span>
     <span class='ocr_line' id='line_1_16' title="bbox 269 1057 1012 1102; baseline 0.007 -6"><span class='ocrx_word' id='word_1_57' title='bbox 269 1057 412 1098; x_wconf 91' lang='lat' dir='ltr'>omine</span> <span class='ocrx_word' id='word_1_58' title='bbox 449 1058 608 1100; x_wconf 87' lang='lat' dir='ltr'>exaudi</span> <span class='ocrx_word' id='word_1_59' title='bbox 643 1059 888 1101; x_wconf 91' lang='lat' dir='ltr'>orationem</span> <span class='ocrx_word' id='word_1_60' title='bbox 925 1074 1012 1102; x_wconf 89' lang='lat' dir='ltr'>me-</span> 
     </span>
     <span class='ocr_line' id='line_1_17' title="bbox 289 1114 1013 1158; baseline 0.007 -5"><span class='ocrx_word' id='word_1_61' title='bbox 289 1125 375 1153; x_wconf 90' lang='lat' dir='ltr'>am:</span> <span class='ocrx_word' id='word_1_62' title='bbox 402 1115 427 1140; x_wconf 83' lang='grc'><em>*</em></span> <span class='ocrx_word' id='word_1_63' title='bbox 454 1119 498 1155; x_wconf 85' lang='grc'>61</span> <span class='ocrx_word' id='word_1_64' title='bbox 532 1114 697 1156; x_wconf 89' lang='lat' dir='ltr'>clamor</span> <span class='ocrx_word' id='word_1_65' title='bbox 728 1127 851 1156; x_wconf 91' lang='lat' dir='ltr'>meus</span> <span class='ocrx_word' id='word_1_66' title='bbox 884 1116 941 1157; x_wconf 92' lang='lat' dir='ltr'>ad</span> <span class='ocrx_word' id='word_1_67' title='bbox 968 1122 1013 1158; x_wconf 88' lang='lat' dir='ltr'>te</span> 
     </span>
     <span class='ocr_line' id='line_1_18' title="bbox 182 1168 338 1210; baseline -0.013 0"><span class='ocrx_word' id='word_1_68' title='bbox 182 1168 338 1210; x_wconf 89' lang='lat' dir='ltr'>veniat.</span> 
     </span>
    </p>

    <p class='ocr_par' dir='ltr' id='par_1_8' title="bbox 181 1224 1012 1380">
     <span class='ocr_line' id='line_1_19' title="bbox 233 1224 1012 1271; baseline 0.005 -6"><span class='ocrx_word' id='word_1_69' title='bbox 233 1224 336 1266; x_wconf 92' lang='lat' dir='ltr'>Non</span> <span class='ocrx_word' id='word_1_70' title='bbox 361 1227 534 1266; x_wconf 82' lang='lat' dir='ltr'>avertas</span> <span class='ocrx_word' id='word_1_71' title='bbox 556 1225 714 1268; x_wconf 85' lang='lat' dir='ltr'>faciem</span> <span class='ocrx_word' id='word_1_72' title='bbox 735 1233 857 1269; x_wconf 88' lang='lat' dir='ltr'>tuam</span> <span class='ocrx_word' id='word_1_73' title='bbox 880 1241 905 1269; x_wconf 92' lang='lat' dir='ltr'>a</span> <span class='ocrx_word' id='word_1_74' title='bbox 928 1242 1012 1271; x_wconf 92' lang='lat' dir='ltr'>me:</span> 
     </span>
     <span class='ocr_line' id='line_1_20' title="bbox 181 1280 1011 1335; baseline 0.008 -16"><span class='ocrx_word' id='word_1_75' title='bbox 181 1281 206 1307; x_wconf 86' lang='grc'>*</span> <span class='ocrx_word' id='word_1_76' title='bbox 230 1280 275 1320; x_wconf 88' lang='grc'>111</span> <span class='ocrx_word' id='word_1_77' title='bbox 309 1284 586 1333; x_wconf 91' lang='lat' dir='ltr'>quacumque</span> <span class='ocrx_word' id='word_1_78' title='bbox 615 1281 686 1324; x_wconf 92' lang='lat' dir='ltr'>die</span> <span class='ocrx_word' id='word_1_79' title='bbox 713 1283 917 1335; x_wconf 86' lang='lat' dir='ltr'>tribulor,</span> <span class='ocrx_word' id='word_1_80' title='bbox 951 1285 1011 1325; x_wconf 91' lang='lat' dir='ltr'>in-</span> 
     </span>
     <span class='ocr_line' id='line_1_21' title="bbox 181 1335 780 1380; baseline 0.005 -4"><span class='ocrx_word' id='word_1_81' title='bbox 181 1335 296 1376; x_wconf 91' lang='lat' dir='ltr'>clina</span> <span class='ocrx_word' id='word_1_82' title='bbox 315 1335 372 1377; x_wconf 92' lang='lat' dir='ltr'>ad</span> <span class='ocrx_word' id='word_1_83' title='bbox 391 1349 461 1378; x_wconf 88' lang='lat' dir='ltr'>me</span> <span class='ocrx_word' id='word_1_84' title='bbox 480 1350 630 1379; x_wconf 89' lang='lat' dir='ltr'>aurem</span> <span class='ocrx_word' id='word_1_85' title='bbox 648 1343 780 1380; x_wconf 86' lang='lat' dir='ltr'>tuam.</span> 
     </span>
    </p>

    <p class='ocr_par' dir='ltr' id='par_1_9' title="bbox 179 1391 1011 1496">
     <span class='ocr_line' id='line_1_22' title="bbox 233 1391 1011 1445; baseline 0.009 -14"><span class='ocrx_word' id='word_1_86' title='bbox 233 1391 284 1431; x_wconf 90' lang='lat' dir='ltr'>In</span> <span class='ocrx_word' id='word_1_87' title='bbox 321 1395 599 1445; x_wconf 89' lang='lat' dir='ltr'>quacumque</span> <span class='ocrx_word' id='word_1_88' title='bbox 637 1393 709 1436; x_wconf 91' lang='lat' dir='ltr'>die</span> <span class='ocrx_word' id='word_1_89' title='bbox 744 1395 1011 1438; x_wconf 87' lang='lat' dir='ltr'>invocavero</span> 
     </span>
     <span class='ocr_line' id='line_1_23' title="bbox 179 1448 787 1496; baseline 0.008 -9"><span class='ocrx_word' id='word_1_90' title='bbox 179 1451 236 1496; x_wconf 86' lang='lat' dir='ltr'>te,</span> <span class='ocrx_word' id='word_1_91' title='bbox 254 1448 279 1474; x_wconf 89' lang='lat'>*</span> <span class='ocrx_word' id='word_1_92' title='bbox 297 1448 509 1490; x_wconf 90' lang='lat' dir='ltr'>velociter</span> <span class='ocrx_word' id='word_1_93' title='bbox 529 1449 688 1491; x_wconf 88' lang='lat' dir='ltr'>exaudi</span> <span class='ocrx_word' id='word_1_94' title='bbox 705 1463 787 1492; x_wconf 92' lang='lat' dir='ltr'>me.</span> 
     </span>
    </p>

    <p class='ocr_par' dir='ltr' id='par_1_10' title="bbox 180 1503 1011 1657">
     <span class='ocr_line' id='line_1_24' title="bbox 233 1503 1011 1553; baseline 0.006 -10"><span class='ocrx_word' id='word_1_95' title='bbox 233 1503 345 1553; x_wconf 86' lang='lat' dir='ltr'>Quia</span> <span class='ocrx_word' id='word_1_96' title='bbox 360 1503 613 1546; x_wconf 89' lang='lat' dir='ltr'>defecerunt</span> <span class='ocrx_word' id='word_1_97' title='bbox 627 1506 740 1547; x_wconf 91' lang='lat' dir='ltr'>sicut</span> <span class='ocrx_word' id='word_1_98' title='bbox 757 1506 901 1547; x_wconf 89' lang='lat' dir='ltr'>fumus</span> <span class='ocrx_word' id='word_1_99' title='bbox 918 1507 1011 1548; x_wconf 90' lang='lat' dir='ltr'>dies</span> 
     </span>
     <span class='ocr_line' id='line_1_25' title="bbox 180 1558 1011 1604; baseline 0.007 -6"><span class='ocrx_word' id='word_1_100' title='bbox 180 1558 282 1600; x_wconf 89' lang='lat' dir='ltr'>mei:</span> <span class='ocrx_word' id='word_1_101' title='bbox 301 1561 325 1587; x_wconf 87' lang='lat'>*</span> <span class='ocrx_word' id='word_1_102' title='bbox 349 1564 393 1601; x_wconf 89' lang='grc'>61</span> <span class='ocrx_word' id='word_1_103' title='bbox 416 1572 518 1602; x_wconf 92' lang='lat' dir='ltr'>ossa</span> <span class='ocrx_word' id='word_1_104' title='bbox 542 1574 641 1603; x_wconf 91' lang='lat' dir='ltr'>mea</span> <span class='ocrx_word' id='word_1_105' title='bbox 665 1562 777 1604; x_wconf 87' lang='lat' dir='ltr'>sicut</span> <span class='ocrx_word' id='word_1_106' title='bbox 802 1563 1011 1604; x_wconf 88' lang='lat' dir='ltr'>cremium</span> 
     </span>
     <span class='ocr_line' id='line_1_26' title="bbox 180 1616 397 1657; baseline 0.009 -2"><span class='ocrx_word' id='word_1_107' title='bbox 180 1616 397 1657; x_wconf 89' lang='lat' dir='ltr'>aruerunt.</span> 
     </span>
    </p>

    <p class='ocr_par' dir='ltr' id='par_1_11' title="bbox 179 1670 1011 1837">
     <span class='ocr_line' id='line_1_27' title="bbox 230 1670 1011 1723; baseline 0.006 -12"><span class='ocrx_word' id='word_1_108' title='bbox 230 1670 471 1714; x_wconf 77' lang='lat' dir='ltr'>Percussus</span> <span class='ocrx_word' id='word_1_109' title='bbox 513 1685 610 1714; x_wconf 92' lang='lat' dir='ltr'>sum</span> <span class='ocrx_word' id='word_1_110' title='bbox 650 1679 698 1715; x_wconf 90' lang='lat' dir='ltr'>ut</span> <span class='ocrx_word' id='word_1_111' title='bbox 738 1673 920 1723; x_wconf 84' lang='lat' dir='ltr'>foenum,</span> <span class='ocrx_word' id='word_1_112' title='bbox 967 1680 1011 1716; x_wconf 88' lang='lat' dir='ltr'>et</span> 
     </span>
     <span class='ocr_line' id='line_1_28' title="bbox 180 1727 1009 1781; baseline 0.006 -15"><span class='ocrx_word' id='word_1_113' title='bbox 180 1727 294 1767; x_wconf 92' lang='lat' dir='ltr'>aruit</span> <span class='ocrx_word' id='word_1_114' title='bbox 329 1739 407 1768; x_wconf 91' lang='lat' dir='ltr'>cor</span> <span class='ocrx_word' id='word_1_115' title='bbox 442 1741 604 1770; x_wconf 92' lang='lat' dir='ltr'>meum:</span> <span class='ocrx_word' id='word_1_116' title='bbox 641 1731 665 1756; x_wconf 88' lang='lat'>*</span> <span class='ocrx_word' id='word_1_117' title='bbox 704 1730 805 1781; x_wconf 93' lang='lat' dir='ltr'>quia</span> <span class='ocrx_word' id='word_1_118' title='bbox 847 1730 1009 1772; x_wconf 90' lang='lat' dir='ltr'>oblitus</span> 
     </span>
     <span class='ocr_line' id='line_1_29' title="bbox 179 1783 880 1837; baseline 0.006 -15"><span class='ocrx_word' id='word_1_119' title='bbox 179 1795 277 1823; x_wconf 92' lang='lat' dir='ltr'>sum</span> <span class='ocrx_word' id='word_1_120' title='bbox 295 1783 529 1826; x_wconf 77' lang='lat' dir='ltr'>comedere</span> <span class='ocrx_word' id='word_1_121' title='bbox 547 1797 707 1837; x_wconf 90' lang='lat' dir='ltr'>panem</span> <span class='ocrx_word' id='word_1_122' title='bbox 725 1799 880 1827; x_wconf 87' lang='lat' dir='ltr'>meum.</span> 
     </span>
    </p>

    <p class='ocr_par' dir='ltr' id='par_1_12' title="bbox 180 1838 1009 1938">
     <span class='ocr_line' id='line_1_30' title="bbox 231 1838 1009 1890; baseline 0.005 -11"><span class='ocrx_word' id='word_1_123' title='bbox 231 1838 273 1879; x_wconf 93' lang='lat' dir='ltr'><strong>A</strong></span> <span class='ocrx_word' id='word_1_124' title='bbox 299 1851 410 1881; x_wconf 91' lang='lat' dir='ltr'>voce</span> <span class='ocrx_word' id='word_1_125' title='bbox 442 1841 630 1890; x_wconf 79' lang='lat' dir='ltr'>gemitus</span> <span class='ocrx_word' id='word_1_126' title='bbox 657 1842 744 1883; x_wconf 89' lang='lat' dir='ltr'>mei</span> <span class='ocrx_word' id='word_1_127' title='bbox 771 1842 795 1868; x_wconf 90' lang='lat'>*</span> <span class='ocrx_word' id='word_1_128' title='bbox 823 1842 1009 1883; x_wconf 80' lang='lat' dir='ltr'>adhaesit</span> 
     </span>
     <span class='ocr_line' id='line_1_31' title="bbox 180 1906 674 1938; baseline 0.008 -4"><span class='ocrx_word' id='word_1_129' title='bbox 180 1906 230 1935; x_wconf 91' lang='lat' dir='ltr'>os</span> <span class='ocrx_word' id='word_1_130' title='bbox 248 1907 396 1936; x_wconf 92' lang='lat' dir='ltr'>meum</span> <span class='ocrx_word' id='word_1_131' title='bbox 415 1908 534 1937; x_wconf 79' lang='lat' dir='ltr'>carni</span> <span class='ocrx_word' id='word_1_132' title='bbox 551 1909 674 1938; x_wconf 89' lang='lat' dir='ltr'>meae.</span> 
     </span>
    </p>

    <p class='ocr_par' dir='ltr' id='par_1_13' title="bbox 177 1950 1006 2105">
     <span class='ocr_line' id='line_1_32' title="bbox 229 1950 1006 2006; baseline 0.008 -16"><span class='ocrx_word' id='word_1_133' title='bbox 229 1950 388 1992; x_wconf 89' lang='lat' dir='ltr'>Similis</span> <span class='ocrx_word' id='word_1_134' title='bbox 411 1951 551 1994; x_wconf 90' lang='lat' dir='ltr'>factus</span> <span class='ocrx_word' id='word_1_135' title='bbox 575 1965 672 1994; x_wconf 91' lang='lat' dir='ltr'>sum</span> <span class='ocrx_word' id='word_1_136' title='bbox 696 1954 914 2006; x_wconf 87' lang='lat' dir='ltr'>pellicano</span> <span class='ocrx_word' id='word_1_137' title='bbox 939 1967 1006 1996; x_wconf 93' lang='lat' dir='ltr'>so-</span> 
     </span>
     <span class='ocr_line' id='line_1_33' title="bbox 177 2005 1006 2062; baseline 0.007 -16"><span class='ocrx_word' id='word_1_138' title='bbox 177 2005 388 2047; x_wconf 89' lang='lat' dir='ltr'>litudinis:</span> <span class='ocrx_word' id='word_1_139' title='bbox 422 2007 445 2033; x_wconf 87' lang='lat'>*</span> <span class='ocrx_word' id='word_1_140' title='bbox 479 2008 621 2050; x_wconf 89' lang='lat' dir='ltr'>factus</span> <span class='ocrx_word' id='word_1_141' title='bbox 655 2022 751 2050; x_wconf 92' lang='lat' dir='ltr'>sum</span> <span class='ocrx_word' id='word_1_142' title='bbox 787 2011 900 2051; x_wconf 90' lang='lat' dir='ltr'>sicut</span> <span class='ocrx_word' id='word_1_143' title='bbox 933 2025 1006 2062; x_wconf 91' lang='lat' dir='ltr'>ny-</span> 
     </span>
     <span class='ocr_line' id='line_1_34' title="bbox 179 2062 690 2105; baseline 0.006 -3"><span class='ocrx_word' id='word_1_144' title='bbox 179 2063 374 2102; x_wconf 88' lang='lat' dir='ltr'>cticorax</span> <span class='ocrx_word' id='word_1_145' title='bbox 390 2062 435 2103; x_wconf 89' lang='lat' dir='ltr'>in</span> <span class='ocrx_word' id='word_1_146' title='bbox 454 2062 690 2105; x_wconf 85' lang='lat' dir='ltr'>domicilio.</span> 
     </span>
    </p>

    <p class='ocr_par' dir='ltr' id='par_1_14' title="bbox 176 2117 1006 2224">
     <span class='ocr_line' id='line_1_35' title="bbox 228 2117 1006 2168; baseline 0.008 -10"><span class='ocrx_word' id='word_1_147' title='bbox 228 2117 435 2168; x_wconf 88' lang='lat' dir='ltr'>Vigilavi,</span> <span class='ocrx_word' id='word_1_148' title='bbox 463 2118 487 2144; x_wconf 90' lang='lat'>*</span> <span class='ocrx_word' id='word_1_149' title='bbox 516 2123 559 2160; x_wconf 91' lang='lat' dir='ltr'>et</span> <span class='ocrx_word' id='word_1_150' title='bbox 590 2119 731 2162; x_wconf 89' lang='lat' dir='ltr'>factus</span> <span class='ocrx_word' id='word_1_151' title='bbox 764 2134 860 2163; x_wconf 91' lang='lat' dir='ltr'>sum</span> <span class='ocrx_word' id='word_1_152' title='bbox 893 2123 1006 2164; x_wconf 89' lang='lat' dir='ltr'>sicut</span> 
     </span>
     <span class='ocr_line' id='line_1_36' title="bbox 176 2173 782 2224; baseline 0.008 -11"><span class='ocrx_word' id='word_1_153' title='bbox 176 2185 330 2224; x_wconf 91' lang='lat' dir='ltr'>passer</span> <span class='ocrx_word' id='word_1_154' title='bbox 350 2173 570 2216; x_wconf 90' lang='lat' dir='ltr'>solitarius</span> <span class='ocrx_word' id='word_1_155' title='bbox 589 2175 633 2216; x_wconf 91' lang='lat' dir='ltr'>in</span> <span class='ocrx_word' id='word_1_156' title='bbox 651 2181 782 2218; x_wconf 89' lang='lat' dir='ltr'>tecto.</span> 
     </span>
    </p>

    <p class='ocr_par' dir='ltr' id='par_1_15' title="bbox 176 2229 1002 2394">
     <span class='ocr_line' id='line_1_37' title="bbox 227 2229 1002 2283; baseline 0.006 -13"><span class='ocrx_word' id='word_1_157' title='bbox 227 2229 343 2271; x_wconf 84' lang='lat' dir='ltr'>Tota</span> <span class='ocrx_word' id='word_1_158' title='bbox 370 2229 441 2272; x_wconf 89' lang='lat' dir='ltr'>die</span> <span class='ocrx_word' id='word_1_159' title='bbox 465 2231 793 2283; x_wconf 65' lang='lat' dir='ltr'>exprobrabant</span> <span class='ocrx_word' id='word_1_160' title='bbox 814 2233 920 2274; x_wconf 91' lang='lat' dir='ltr'>mihi</span> <span class='ocrx_word' id='word_1_161' title='bbox 943 2234 1002 2274; x_wconf 90' lang='lat' dir='ltr'>in-</span> 
     </span>
     <span class='ocr_line' id='line_1_38' title="bbox 176 2284 1002 2340; baseline 0.008 -16"><span class='ocrx_word' id='word_1_162' title='bbox 176 2284 293 2325; x_wconf 84' lang='lat' dir='ltr'>imici</span> <span class='ocrx_word' id='word_1_163' title='bbox 318 2286 418 2326; x_wconf 91' lang='lat' dir='ltr'>mei:</span> <span class='ocrx_word' id='word_1_164' title='bbox 441 2286 465 2312; x_wconf 89' lang='lat'>*</span> <span class='ocrx_word' id='word_1_165' title='bbox 494 2291 537 2328; x_wconf 90' lang='lat' dir='ltr'>et</span> <span class='ocrx_word' id='word_1_166' title='bbox 562 2287 636 2339; x_wconf 94' lang='lat' dir='ltr'>qui</span> <span class='ocrx_word' id='word_1_167' title='bbox 660 2288 899 2331; x_wconf 89' lang='lat' dir='ltr'>laudabant</span> <span class='ocrx_word' id='word_1_168' title='bbox 922 2303 1002 2340; x_wconf 90' lang='lat' dir='ltr'>me,</span> 
     </span>
     <span class='ocr_line' id='line_1_39' title="bbox 177 2340 727 2394; baseline 0.005 -13"><span class='ocrx_word' id='word_1_169' title='bbox 177 2340 410 2382; x_wconf 90' lang='lat' dir='ltr'>adversum</span> <span class='ocrx_word' id='word_1_170' title='bbox 427 2355 497 2383; x_wconf 92' lang='lat' dir='ltr'>me</span> <span class='ocrx_word' id='word_1_171' title='bbox 517 2343 727 2394; x_wconf 86' lang='lat' dir='ltr'>jurabant.</span> 
     </span>
    </p>

    <p class='ocr_par' dir='ltr' id='par_1_16' title="bbox 175 2397 1004 2552">
     <span class='ocr_line' id='line_1_40' title="bbox 228 2397 1004 2453; baseline 0.008 -16"><span class='ocrx_word' id='word_1_172' title='bbox 228 2397 340 2446; x_wconf 87' lang='lat' dir='ltr'>Quia</span> <span class='ocrx_word' id='word_1_173' title='bbox 371 2400 562 2440; x_wconf 89' lang='lat' dir='ltr'>cinerem</span> <span class='ocrx_word' id='word_1_174' title='bbox 592 2404 818 2453; x_wconf 84' lang='lat' dir='ltr'>tamquam</span> <span class='ocrx_word' id='word_1_175' title='bbox 846 2414 1004 2453; x_wconf 89' lang='lat' dir='ltr'>panem</span> 
     </span>
     <span class='ocr_line' id='line_1_41' title="bbox 175 2452 1004 2508; baseline 0.01 -17"><span class='ocrx_word' id='word_1_176' title='bbox 175 2452 510 2504; x_wconf 77' lang='lat' dir='ltr'>manducabam,</span> <span class='ocrx_word' id='word_1_177' title='bbox 536 2455 560 2481; x_wconf 84' lang='lat'>*</span> <span class='ocrx_word' id='word_1_178' title='bbox 594 2461 638 2497; x_wconf 89' lang='lat' dir='ltr'>et</span> <span class='ocrx_word' id='word_1_179' title='bbox 670 2462 825 2508; x_wconf 92' lang='lat' dir='ltr'>potum</span> <span class='ocrx_word' id='word_1_180' title='bbox 857 2470 1004 2498; x_wconf 89' lang='lat' dir='ltr'>meum</span> 
     </span>
     <span class='ocr_line' id='line_1_42' title="bbox 177 2509 668 2552; baseline 0.012 -5"><span class='ocrx_word' id='word_1_181' title='bbox 177 2519 276 2548; x_wconf 90' lang='lat' dir='ltr'>cum</span> <span class='ocrx_word' id='word_1_182' title='bbox 294 2509 400 2550; x_wconf 91' lang='lat' dir='ltr'>fletu</span> <span class='ocrx_word' id='word_1_183' title='bbox 417 2511 668 2552; x_wconf 88' lang='lat' dir='ltr'>miscebam.</span> 
     </span>
    </p>

    <p class='ocr_par' dir='ltr' id='par_1_17' title="bbox 175 2563 1028 2670">
     <span class='ocr_line' id='line_1_43' title="bbox 227 2563 1028 2619; baseline 0.007 -16"><span class='ocrx_word' id='word_1_184' title='bbox 227 2563 269 2603; x_wconf 91' lang='lat' dir='ltr'><strong>A</strong></span> <span class='ocrx_word' id='word_1_185' title='bbox 287 2564 398 2606; x_wconf 88' lang='lat' dir='ltr'>facie</span> <span class='ocrx_word' id='word_1_186' title='bbox 415 2566 492 2607; x_wconf 88' lang='lat' dir='ltr'>irae</span> <span class='ocrx_word' id='word_1_187' title='bbox 512 2571 556 2608; x_wconf 91' lang='lat' dir='ltr'>et</span> <span class='ocrx_word' id='word_1_188' title='bbox 573 2567 881 2619; x_wconf 85' lang='lat' dir='ltr'>indignationis</span> <span class='ocrx_word' id='word_1_189' title='bbox 899 2573 1002 2609; x_wconf 85' lang='lat' dir='ltr'>tuae:</span> <span class='ocrx_word' id='word_1_190' title='bbox 1024 2593 1028 2597; x_wconf 89' lang='lat'><em>-</em></span> 
     </span>
     <span class='ocr_line' id='line_1_44' title="bbox 175 2618 800 2670; baseline 0.008 -11"><span class='ocrx_word' id='word_1_191' title='bbox 175 2618 199 2644; x_wconf 87' lang='lat'>*</span> <span class='ocrx_word' id='word_1_192' title='bbox 220 2620 321 2670; x_wconf 91' lang='lat' dir='ltr'>quia</span> <span class='ocrx_word' id='word_1_193' title='bbox 339 2621 514 2663; x_wconf 90' lang='lat' dir='ltr'>elevans</span> <span class='ocrx_word' id='word_1_194' title='bbox 533 2622 702 2664; x_wconf 84' lang='lat' dir='ltr'>allisisti</span> <span class='ocrx_word' id='word_1_195' title='bbox 720 2636 800 2664; x_wconf 91' lang='lat' dir='ltr'>me.</span> 
     </span>
    </p>

    <p class='ocr_par' dir='ltr' id='par_1_18' title="bbox 225 2675 1000 2721">
     <span class='ocr_line' id='line_1_45' title="bbox 225 2675 1000 2721; baseline 0.006 -6"><span class='ocrx_word' id='word_1_196' title='bbox 225 2675 331 2717; x_wconf 89' lang='lat' dir='ltr'>Dies</span> <span class='ocrx_word' id='word_1_197' title='bbox 364 2678 451 2719; x_wconf 90' lang='lat' dir='ltr'>mei</span> <span class='ocrx_word' id='word_1_198' title='bbox 484 2679 596 2720; x_wconf 87' lang='lat' dir='ltr'>sicut</span> <span class='ocrx_word' id='word_1_199' title='bbox 627 2678 783 2721; x_wconf 90' lang='lat' dir='ltr'>umbra</span> <span class='ocrx_word' id='word_1_200' title='bbox 815 2678 1000 2720; x_wconf 91' lang='lat' dir='ltr'>declina-</span> 
     </span>
    </p>
   </div>
   <div class='ocr_carea' id='block_1_3' title="bbox 1060 280 1933 1939">
    <p class='ocr_par' dir='ltr' id='par_1_19' title="bbox 1069 280 1933 376">
     <span class='ocr_line' id='line_1_46' title="bbox 1069 280 1933 330; baseline 0.001 -10"><span class='ocrx_word' id='word_1_201' title='bbox 1069 282 1239 321; x_wconf 87' lang='lat' dir='ltr'>verunt:</span> <span class='ocrx_word' id='word_1_202' title='bbox 1284 282 1308 307; x_wconf 84' lang='grc'>*</span> <span class='ocrx_word' id='word_1_203' title='bbox 1356 285 1400 322; x_wconf 88' lang='grc'>61</span> <span class='ocrx_word' id='word_1_204' title='bbox 1445 293 1527 330; x_wconf 89' lang='lat' dir='ltr'>ego</span> <span class='ocrx_word' id='word_1_205' title='bbox 1578 280 1690 321; x_wconf 89' lang='lat' dir='ltr'>sicut</span> <span class='ocrx_word' id='word_1_206' title='bbox 1733 280 1900 322; x_wconf 85' lang='lat' dir='ltr'>foenum</span> <span class='ocrx_word' id='word_1_207' title='bbox 1923 293 1933 302; x_wconf 72' lang='lat'><strong><em>¹</em></strong></span> 
     </span>
     <span class='ocr_line' id='line_1_47' title="bbox 1071 336 1175 376; baseline -0.01 0"><span class='ocrx_word' id='word_1_208' title='bbox 1071 336 1175 376; x_wconf 83' lang='lat' dir='ltr'>arui.</span> 
     </span>
    </p>

    <p class='ocr_par' dir='ltr' id='par_1_20' title="bbox 1068 391 1900 553">
     <span class='ocr_line' id='line_1_48' title="bbox 1122 391 1900 433; baseline 0.003 -2"><span class='ocrx_word' id='word_1_209' title='bbox 1122 391 1191 431; x_wconf 93' lang='lat' dir='ltr'>Tu</span> <span class='ocrx_word' id='word_1_210' title='bbox 1224 396 1370 432; x_wconf 87' lang='lat' dir='ltr'>autem</span> <span class='ocrx_word' id='word_1_211' title='bbox 1397 391 1586 433; x_wconf 92' lang='lat' dir='ltr'>Domine</span> <span class='ocrx_word' id='word_1_212' title='bbox 1614 391 1658 431; x_wconf 90' lang='lat' dir='ltr'>in</span> <span class='ocrx_word' id='word_1_213' title='bbox 1686 394 1900 433; x_wconf 85' lang='lat' dir='ltr'>aeternum</span> 
     </span>
     <span class='ocr_line' id='line_1_49' title="bbox 1068 447 1900 498; baseline 0.002 -12"><span class='ocrx_word' id='word_1_214' title='bbox 1068 448 1314 498; x_wconf 91' lang='lat' dir='ltr'>permanes:</span> <span class='ocrx_word' id='word_1_215' title='bbox 1333 449 1356 474; x_wconf 91' lang='lat'>*</span> <span class='ocrx_word' id='word_1_216' title='bbox 1377 453 1421 489; x_wconf 91' lang='lat' dir='ltr'>et</span> <span class='ocrx_word' id='word_1_217' title='bbox 1438 447 1694 488; x_wconf 81' lang='lat' dir='ltr'>memoriale</span> <span class='ocrx_word' id='word_1_218' title='bbox 1713 453 1838 488; x_wconf 91' lang='lat' dir='ltr'>tuum</span> <span class='ocrx_word' id='word_1_219' title='bbox 1855 448 1900 488; x_wconf 91' lang='lat' dir='ltr'>in</span> 
     </span>
     <span class='ocr_line' id='line_1_50' title="bbox 1069 502 1811 553; baseline 0 -10"><span class='ocrx_word' id='word_1_220' title='bbox 1069 502 1394 552; x_wconf 87' lang='lat' dir='ltr'>generationem</span> <span class='ocrx_word' id='word_1_221' title='bbox 1414 508 1457 544; x_wconf 93' lang='lat' dir='ltr'>et</span> <span class='ocrx_word' id='word_1_222' title='bbox 1475 503 1811 553; x_wconf 89' lang='lat' dir='ltr'>generationem.</span> 
     </span>
    </p>

    <p class='ocr_par' dir='ltr' id='par_1_21' title="bbox 1068 558 1900 721">
     <span class='ocr_line' id='line_1_51' title="bbox 1121 558 1899 609; baseline 0 -11"><span class='ocrx_word' id='word_1_223' title='bbox 1121 558 1190 598; x_wconf 93' lang='lat' dir='ltr'>Tu</span> <span class='ocrx_word' id='word_1_224' title='bbox 1215 562 1454 609; x_wconf 80' lang='lat' dir='ltr'>exsurgens</span> <span class='ocrx_word' id='word_1_225' title='bbox 1478 558 1755 599; x_wconf 91' lang='lat' dir='ltr'>misereberis</span> <span class='ocrx_word' id='word_1_226' title='bbox 1778 559 1899 600; x_wconf 89' lang='lat' dir='ltr'>Sion:</span> 
     </span>
     <span class='ocr_line' id='line_1_52' title="bbox 1069 613 1900 666; baseline 0.002 -13"><span class='ocrx_word' id='word_1_227' title='bbox 1069 614 1092 639; x_wconf 87' lang='lat'>*</span> <span class='ocrx_word' id='word_1_228' title='bbox 1113 614 1214 664; x_wconf 89' lang='lat' dir='ltr'>quia</span> <span class='ocrx_word' id='word_1_229' title='bbox 1232 619 1406 666; x_wconf 91' lang='lat' dir='ltr'>tempus</span> <span class='ocrx_word' id='word_1_230' title='bbox 1425 613 1659 655; x_wconf 88' lang='lat' dir='ltr'>miserendi</span> <span class='ocrx_word' id='word_1_231' title='bbox 1677 615 1777 665; x_wconf 85' lang='lat' dir='ltr'>ejus,</span> <span class='ocrx_word' id='word_1_232' title='bbox 1799 615 1900 666; x_wconf 83' lang='lat' dir='ltr'>quia</span> 
     </span>
     <span class='ocr_line' id='line_1_53' title="bbox 1068 669 1391 721; baseline 0.003 -12"><span class='ocrx_word' id='word_1_233' title='bbox 1068 669 1187 710; x_wconf 89' lang='lat' dir='ltr'>venit</span> <span class='ocrx_word' id='word_1_234' title='bbox 1205 674 1391 721; x_wconf 88' lang='lat' dir='ltr'>tempus.</span> 
     </span>
    </p>

    <p class='ocr_par' dir='ltr' id='par_1_22' title="bbox 1067 725 1897 877">
     <span class='ocr_line' id='line_1_54' title="bbox 1121 725 1897 777; baseline 0.001 -12"><span class='ocrx_word' id='word_1_235' title='bbox 1121 725 1338 774; x_wconf 91' lang='lat' dir='ltr'>Quoniam</span> <span class='ocrx_word' id='word_1_236' title='bbox 1364 725 1622 777; x_wconf 88' lang='lat' dir='ltr'>placuerunt</span> <span class='ocrx_word' id='word_1_237' title='bbox 1651 725 1787 766; x_wconf 89' lang='lat' dir='ltr'>servis</span> <span class='ocrx_word' id='word_1_238' title='bbox 1811 725 1897 766; x_wconf 89' lang='lat' dir='ltr'>tuis</span> 
     </span>
     <span class='ocr_line' id='line_1_55' title="bbox 1067 779 1895 831; baseline 0.002 -11"><span class='ocrx_word' id='word_1_239' title='bbox 1067 779 1239 831; x_wconf 89' lang='lat' dir='ltr'>lapides</span> <span class='ocrx_word' id='word_1_240' title='bbox 1265 781 1369 831; x_wconf 90' lang='lat' dir='ltr'>ejus:</span> <span class='ocrx_word' id='word_1_241' title='bbox 1389 782 1412 807; x_wconf 89' lang='lat'>*</span> <span class='ocrx_word' id='word_1_242' title='bbox 1433 786 1476 821; x_wconf 90' lang='lat' dir='ltr'>et</span> <span class='ocrx_word' id='word_1_243' title='bbox 1499 786 1630 821; x_wconf 86' lang='lat' dir='ltr'>terrae</span> <span class='ocrx_word' id='word_1_244' title='bbox 1657 781 1746 831; x_wconf 90' lang='lat' dir='ltr'>ejus</span> <span class='ocrx_word' id='word_1_245' title='bbox 1770 781 1895 823; x_wconf 91' lang='lat' dir='ltr'>mise-</span> 
     </span>
     <span class='ocr_line' id='line_1_56' title="bbox 1067 835 1289 877; baseline 0.005 -2"><span class='ocrx_word' id='word_1_246' title='bbox 1067 835 1289 877; x_wconf 72' lang='lat' dir='ltr'>rebantur.</span> 
     </span>
    </p>

    <p class='ocr_par' dir='ltr' id='par_1_23' title="bbox 1065 891 1896 1054">
     <span class='ocr_line' id='line_1_57' title="bbox 1119 891 1895 933; baseline 0 -1"><span class='ocrx_word' id='word_1_247' title='bbox 1119 892 1177 932; x_wconf 85' lang='lat' dir='ltr'>Et</span> <span class='ocrx_word' id='word_1_248' title='bbox 1206 891 1421 933; x_wconf 90' lang='lat' dir='ltr'>timebunt</span> <span class='ocrx_word' id='word_1_249' title='bbox 1449 892 1615 933; x_wconf 89' lang='lat' dir='ltr'>Gentes</span> <span class='ocrx_word' id='word_1_250' title='bbox 1643 905 1804 933; x_wconf 91' lang='lat' dir='ltr'>nomen</span> <span class='ocrx_word' id='word_1_251' title='bbox 1832 897 1895 933; x_wconf 92' lang='lat' dir='ltr'>tu-</span> 
     </span>
     <span class='ocr_line' id='line_1_58' title="bbox 1065 948 1896 998; baseline 0 -10"><span class='ocrx_word' id='word_1_252' title='bbox 1065 961 1140 988; x_wconf 91' lang='lat' dir='ltr'>um</span> <span class='ocrx_word' id='word_1_253' title='bbox 1158 948 1357 997; x_wconf 83' lang='lat' dir='ltr'>Domine,</span> <span class='ocrx_word' id='word_1_254' title='bbox 1378 949 1401 975; x_wconf 88' lang='lat'>*</span> <span class='ocrx_word' id='word_1_255' title='bbox 1420 954 1462 989; x_wconf 90' lang='lat' dir='ltr'>et</span> <span class='ocrx_word' id='word_1_256' title='bbox 1488 960 1639 989; x_wconf 90' lang='lat' dir='ltr'>omnes</span> <span class='ocrx_word' id='word_1_257' title='bbox 1663 960 1788 998; x_wconf 88' lang='lat' dir='ltr'>reges</span> <span class='ocrx_word' id='word_1_258' title='bbox 1812 952 1896 988; x_wconf 89' lang='lat' dir='ltr'>ter-</span> 
     </span>
     <span class='ocr_line' id='line_1_59' title="bbox 1066 1004 1483 1054; baseline 0.002 -11"><span class='ocrx_word' id='word_1_259' title='bbox 1066 1016 1126 1044; x_wconf 89' lang='lat' dir='ltr'>rae</span> <span class='ocrx_word' id='word_1_260' title='bbox 1145 1004 1330 1054; x_wconf 91' lang='lat' dir='ltr'>gloriam</span> <span class='ocrx_word' id='word_1_261' title='bbox 1352 1009 1483 1045; x_wconf 89' lang='lat' dir='ltr'>tuam.</span> 
     </span>
    </p>

    <p class='ocr_par' dir='ltr' id='par_1_24' title="bbox 1065 1059 1896 1166">
     <span class='ocr_line' id='line_1_60' title="bbox 1118 1059 1896 1109; baseline -0.001 -9"><span class='ocrx_word' id='word_1_262' title='bbox 1118 1060 1229 1109; x_wconf 92' lang='lat' dir='ltr'>Quia</span> <span class='ocrx_word' id='word_1_263' title='bbox 1264 1059 1499 1101; x_wconf 90' lang='lat' dir='ltr'>aedificavit</span> <span class='ocrx_word' id='word_1_264' title='bbox 1527 1060 1742 1100; x_wconf 82' lang='lat' dir='ltr'>Dominus</span> <span class='ocrx_word' id='word_1_265' title='bbox 1775 1060 1896 1100; x_wconf 88' lang='lat' dir='ltr'>Sion:</span> 
     </span>
     <span class='ocr_line' id='line_1_61' title="bbox 1065 1115 1719 1166; baseline -0.002 -10"><span class='ocrx_word' id='word_1_266' title='bbox 1065 1115 1088 1141; x_wconf 89' lang='lat'>*</span> <span class='ocrx_word' id='word_1_267' title='bbox 1109 1121 1152 1157; x_wconf 90' lang='grc'>61</span> <span class='ocrx_word' id='word_1_268' title='bbox 1170 1115 1391 1157; x_wconf 89' lang='lat' dir='ltr'>videbitur</span> <span class='ocrx_word' id='word_1_269' title='bbox 1409 1116 1453 1155; x_wconf 94' lang='lat' dir='ltr'>in</span> <span class='ocrx_word' id='word_1_270' title='bbox 1472 1115 1609 1166; x_wconf 88' lang='lat' dir='ltr'>gloria</span> <span class='ocrx_word' id='word_1_271' title='bbox 1630 1128 1719 1155; x_wconf 89' lang='lat' dir='ltr'>sua.</span> 
     </span>
    </p>

    <p class='ocr_par' dir='ltr' id='par_1_25' title="bbox 1064 1171 1894 1279">
     <span class='ocr_line' id='line_1_62' title="bbox 1116 1171 1894 1223; baseline -0.003 -11"><span class='ocrx_word' id='word_1_272' title='bbox 1116 1172 1330 1223; x_wconf 84' lang='lat' dir='ltr'>Respexit</span> <span class='ocrx_word' id='word_1_273' title='bbox 1344 1172 1388 1211; x_wconf 93' lang='lat' dir='ltr'>in</span> <span class='ocrx_word' id='word_1_274' title='bbox 1399 1171 1643 1213; x_wconf 89' lang='lat' dir='ltr'>orationem</span> <span class='ocrx_word' id='word_1_275' title='bbox 1653 1171 1894 1211; x_wconf 87' lang='lat' dir='ltr'>humilium:</span> 
     </span>
     <span class='ocr_line' id='line_1_63' title="bbox 1064 1228 1823 1279; baseline -0.001 -11"><span class='ocrx_word' id='word_1_276' title='bbox 1064 1229 1087 1254; x_wconf 89' lang='lat'>*</span> <span class='ocrx_word' id='word_1_277' title='bbox 1108 1232 1152 1268; x_wconf 91' lang='lat' dir='ltr'>et</span> <span class='ocrx_word' id='word_1_278' title='bbox 1168 1240 1256 1268; x_wconf 90' lang='lat' dir='ltr'>non</span> <span class='ocrx_word' id='word_1_279' title='bbox 1279 1228 1445 1279; x_wconf 88' lang='lat' dir='ltr'>sprevit</span> <span class='ocrx_word' id='word_1_280' title='bbox 1464 1240 1641 1279; x_wconf 89' lang='lat' dir='ltr'>precem</span> <span class='ocrx_word' id='word_1_281' title='bbox 1661 1230 1823 1268; x_wconf 86' lang='lat' dir='ltr'>eorum.</span> 
     </span>
    </p>

    <p class='ocr_par' dir='ltr' id='par_1_26' title="bbox 1063 1283 1894 1436">
     <span class='ocr_line' id='line_1_64' title="bbox 1115 1283 1894 1333; baseline -0.001 -9"><span class='ocrx_word' id='word_1_282' title='bbox 1115 1283 1371 1325; x_wconf 88' lang='lat' dir='ltr'>Scribantur</span> <span class='ocrx_word' id='word_1_283' title='bbox 1404 1283 1500 1324; x_wconf 85' lang='lat' dir='ltr'>haec</span> <span class='ocrx_word' id='word_1_284' title='bbox 1534 1283 1578 1323; x_wconf 93' lang='lat' dir='ltr'>in</span> <span class='ocrx_word' id='word_1_285' title='bbox 1611 1283 1894 1333; x_wconf 88' lang='lat' dir='ltr'>generatione</span> 
     </span>
     <span class='ocr_line' id='line_1_65' title="bbox 1065 1337 1893 1391; baseline -0.001 -12"><span class='ocrx_word' id='word_1_286' title='bbox 1065 1339 1216 1380; x_wconf 88' lang='lat' dir='ltr'>altera:</span> <span class='ocrx_word' id='word_1_287' title='bbox 1235 1340 1259 1365; x_wconf 92' lang='lat'>*</span> <span class='ocrx_word' id='word_1_288' title='bbox 1279 1345 1322 1381; x_wconf 92' lang='grc'>61</span> <span class='ocrx_word' id='word_1_289' title='bbox 1341 1337 1549 1391; x_wconf 86' lang='lat' dir='ltr'>populus,</span> <span class='ocrx_word' id='word_1_290' title='bbox 1570 1339 1644 1390; x_wconf 92' lang='lat' dir='ltr'>qui</span> <span class='ocrx_word' id='word_1_291' title='bbox 1663 1338 1893 1388; x_wconf 88' lang='lat' dir='ltr'>creabitur,</span> 
     </span>
     <span class='ocr_line' id='line_1_66' title="bbox 1063 1394 1532 1436; baseline 0 -1"><span class='ocrx_word' id='word_1_292' title='bbox 1063 1394 1260 1436; x_wconf 89' lang='lat' dir='ltr'>laudabit</span> <span class='ocrx_word' id='word_1_293' title='bbox 1278 1396 1532 1436; x_wconf 92' lang='lat' dir='ltr'>Dominum:</span> 
     </span>
    </p>

    <p class='ocr_par' dir='ltr' id='par_1_27' title="bbox 1063 1450 1893 1614">
     <span class='ocr_line' id='line_1_67' title="bbox 1116 1450 1892 1503; baseline 0 -12"><span class='ocrx_word' id='word_1_294' title='bbox 1116 1451 1228 1501; x_wconf 91' lang='lat' dir='ltr'>Quia</span> <span class='ocrx_word' id='word_1_295' title='bbox 1242 1451 1471 1503; x_wconf 89' lang='lat' dir='ltr'>prospexit</span> <span class='ocrx_word' id='word_1_296' title='bbox 1486 1450 1541 1492; x_wconf 87' lang='lat' dir='ltr'>de</span> <span class='ocrx_word' id='word_1_297' title='bbox 1553 1450 1728 1491; x_wconf 89' lang='lat' dir='ltr'>excelso</span> <span class='ocrx_word' id='word_1_298' title='bbox 1740 1455 1892 1491; x_wconf 88' lang='lat' dir='ltr'>sancto</span> 
     </span>
     <span class='ocr_line' id='line_1_68' title="bbox 1064 1506 1893 1548; baseline 0 -1"><span class='ocrx_word' id='word_1_299' title='bbox 1064 1519 1161 1547; x_wconf 91' lang='lat' dir='ltr'>suo:</span> <span class='ocrx_word' id='word_1_300' title='bbox 1180 1508 1204 1532; x_wconf 89' lang='lat'>*</span> <span class='ocrx_word' id='word_1_301' title='bbox 1223 1507 1438 1547; x_wconf 84' lang='lat' dir='ltr'>Dominus</span> <span class='ocrx_word' id='word_1_302' title='bbox 1459 1506 1514 1548; x_wconf 94' lang='lat' dir='ltr'>de</span> <span class='ocrx_word' id='word_1_303' title='bbox 1534 1506 1647 1548; x_wconf 90' lang='lat' dir='ltr'>coelo</span> <span class='ocrx_word' id='word_1_304' title='bbox 1667 1506 1712 1546; x_wconf 92' lang='lat' dir='ltr'>in</span> <span class='ocrx_word' id='word_1_305' title='bbox 1730 1511 1893 1547; x_wconf 91' lang='lat' dir='ltr'>terram</span> 
     </span>
     <span class='ocr_line' id='line_1_69' title="bbox 1063 1563 1249 1614; baseline -0.005 -11"><span class='ocrx_word' id='word_1_306' title='bbox 1063 1563 1249 1614; x_wconf 87' lang='lat' dir='ltr'>aspexit:</span> 
     </span>
    </p>

    <p class='ocr_par' dir='ltr' id='par_1_28' title="bbox 1061 1617 1890 1782">
     <span class='ocr_line' id='line_1_70' title="bbox 1114 1617 1890 1669; baseline -0.003 -9"><span class='ocrx_word' id='word_1_307' title='bbox 1114 1618 1174 1660; x_wconf 89' lang='lat' dir='ltr'>Ut</span> <span class='ocrx_word' id='word_1_308' title='bbox 1205 1618 1376 1660; x_wconf 88' lang='lat' dir='ltr'>audiret</span> <span class='ocrx_word' id='word_1_309' title='bbox 1407 1619 1593 1669; x_wconf 88' lang='lat' dir='ltr'>gemitus</span> <span class='ocrx_word' id='word_1_310' title='bbox 1622 1617 1890 1669; x_wconf 88' lang='lat' dir='ltr'>compedito-</span> 
     </span>
     <span class='ocr_line' id='line_1_71' title="bbox 1062 1673 1890 1715; baseline -0.001 -1"><span class='ocrx_word' id='word_1_311' title='bbox 1062 1687 1173 1714; x_wconf 92' lang='lat' dir='ltr'>rum:</span> <span class='ocrx_word' id='word_1_312' title='bbox 1201 1674 1224 1699; x_wconf 87' lang='lat'>*</span> <span class='ocrx_word' id='word_1_313' title='bbox 1252 1679 1299 1715; x_wconf 92' lang='lat' dir='ltr'>ut</span> <span class='ocrx_word' id='word_1_314' title='bbox 1328 1674 1520 1715; x_wconf 88' lang='lat' dir='ltr'>solveret</span> <span class='ocrx_word' id='word_1_315' title='bbox 1546 1673 1662 1714; x_wconf 88' lang='lat' dir='ltr'>filios</span> <span class='ocrx_word' id='word_1_316' title='bbox 1690 1674 1890 1714; x_wconf 88' lang='lat' dir='ltr'>interem-</span> 
     </span>
     <span class='ocr_line' id='line_1_72' title="bbox 1061 1732 1253 1782; baseline -0.005 -11"><span class='ocrx_word' id='word_1_317' title='bbox 1061 1732 1253 1782; x_wconf 88' lang='lat' dir='ltr'>ptorum:</span> 
     </span>
    </p>

    <p class='ocr_par' dir='ltr' id='par_1_29' title="bbox 1060 1784 1890 1939">
     <span class='ocr_line' id='line_1_73' title="bbox 1113 1784 1890 1828; baseline -0.004 -1"><span class='ocrx_word' id='word_1_318' title='bbox 1113 1786 1172 1828; x_wconf 88' lang='lat' dir='ltr'>Ut</span> <span class='ocrx_word' id='word_1_319' title='bbox 1214 1786 1471 1826; x_wconf 83' lang='lat' dir='ltr'>annuntient</span> <span class='ocrx_word' id='word_1_320' title='bbox 1510 1786 1554 1825; x_wconf 91' lang='lat' dir='ltr'>in</span> <span class='ocrx_word' id='word_1_321' title='bbox 1590 1784 1694 1825; x_wconf 91' lang='lat' dir='ltr'>Sion</span> <span class='ocrx_word' id='word_1_322' title='bbox 1729 1796 1890 1825; x_wconf 86' lang='lat' dir='ltr'>nomen</span> 
     </span>
     <span class='ocr_line' id='line_1_74' title="bbox 1060 1840 1888 1892; baseline -0.002 -10"><span class='ocrx_word' id='word_1_323' title='bbox 1060 1842 1251 1882; x_wconf 85' lang='lat' dir='ltr'>Domini:</span> <span class='ocrx_word' id='word_1_324' title='bbox 1270 1843 1294 1869; x_wconf 88' lang='lat'>*</span> <span class='ocrx_word' id='word_1_325' title='bbox 1319 1846 1361 1883; x_wconf 87' lang='lat' dir='ltr'>et</span> <span class='ocrx_word' id='word_1_326' title='bbox 1386 1841 1561 1883; x_wconf 88' lang='lat' dir='ltr'>laudem</span> <span class='ocrx_word' id='word_1_327' title='bbox 1586 1842 1676 1892; x_wconf 90' lang='lat' dir='ltr'>ejus</span> <span class='ocrx_word' id='word_1_328' title='bbox 1702 1840 1745 1880; x_wconf 91' lang='lat' dir='ltr'>in</span> <span class='ocrx_word' id='word_1_329' title='bbox 1769 1840 1794 1880; x_wconf 89' lang='lat' dir='ltr'><strong>J</strong></span> <span class='ocrx_word' id='word_1_330' title='bbox 1796 1843 1888 1881; x_wconf 90' lang='lat' dir='ltr'>eru-</span> 
     </span>
     <span class='ocr_line' id='line_1_75' title="bbox 1061 1898 1209 1939; baseline 0 -1"><span class='ocrx_word' id='word_1_331' title='bbox 1061 1898 1209 1939; x_wconf 90' lang='lat' dir='ltr'>salem.</span> 
     </span>
    </p>
   </div>
   <div class='ocr_carea' id='block_1_4' title="bbox 1059 1952 1888 2275">
    <p class='ocr_par' dir='ltr' id='par_1_30' title="bbox 1060 1952 1888 2060">
     <span class='ocr_line' id='line_1_76' title="bbox 1111 1952 1888 2005; baseline -0.005 -10"><span class='ocrx_word' id='word_1_332' title='bbox 1111 1954 1163 1994; x_wconf 90' lang='lat' dir='ltr'>In</span> <span class='ocrx_word' id='word_1_333' title='bbox 1178 1953 1478 1995; x_wconf 92' lang='lat' dir='ltr'>conveniendo</span> <span class='ocrx_word' id='word_1_334' title='bbox 1489 1953 1680 2005; x_wconf 92' lang='lat' dir='ltr'>populos</span> <span class='ocrx_word' id='word_1_335' title='bbox 1690 1952 1735 1992; x_wconf 92' lang='lat' dir='ltr'>in</span> <span class='ocrx_word' id='word_1_336' title='bbox 1744 1965 1888 2001; x_wconf 91' lang='lat' dir='ltr'>unum,</span> 
     </span>
     <span class='ocr_line' id='line_1_77' title="bbox 1060 2008 1793 2060; baseline -0.004 -10"><span class='ocrx_word' id='word_1_337' title='bbox 1060 2009 1084 2035; x_wconf 85' lang='grc'>*</span> <span class='ocrx_word' id='word_1_338' title='bbox 1104 2014 1148 2050; x_wconf 88' lang='grc'>61</span> <span class='ocrx_word' id='word_1_339' title='bbox 1166 2022 1293 2060; x_wconf 85' lang='lat' dir='ltr'>reges</span> <span class='ocrx_word' id='word_1_340' title='bbox 1312 2015 1360 2051; x_wconf 91' lang='lat' dir='ltr'>ut</span> <span class='ocrx_word' id='word_1_341' title='bbox 1379 2009 1570 2050; x_wconf 88' lang='lat' dir='ltr'>serviant</span> <span class='ocrx_word' id='word_1_342' title='bbox 1588 2008 1793 2049; x_wconf 92' lang='lat' dir='ltr'>Domino.</span> 
     </span>
    </p>

    <p class='ocr_par' dir='ltr' id='par_1_31' title="bbox 1059 2063 1885 2219">
     <span class='ocr_line' id='line_1_78' title="bbox 1111 2063 1883 2118; baseline -0.003 -13"><span class='ocrx_word' id='word_1_343' title='bbox 1111 2065 1359 2118; x_wconf 88' lang='lat' dir='ltr'>Respondit</span> <span class='ocrx_word' id='word_1_344' title='bbox 1378 2066 1417 2106; x_wconf 89' lang='lat' dir='ltr'>ei</span> <span class='ocrx_word' id='word_1_345' title='bbox 1434 2065 1479 2105; x_wconf 94' lang='lat' dir='ltr'>in</span> <span class='ocrx_word' id='word_1_346' title='bbox 1498 2065 1569 2106; x_wconf 91' lang='lat' dir='ltr'>via</span> <span class='ocrx_word' id='word_1_347' title='bbox 1587 2063 1761 2105; x_wconf 88' lang='lat' dir='ltr'>virtutis</span> <span class='ocrx_word' id='word_1_348' title='bbox 1781 2076 1883 2104; x_wconf 88' lang='lat' dir='ltr'>suae:</span> 
     </span>
     <span class='ocr_line' id='line_1_79' title="bbox 1060 2121 1885 2163; baseline -0.005 0"><span class='ocrx_word' id='word_1_349' title='bbox 1060 2123 1084 2148; x_wconf 86' lang='lat'>*</span> <span class='ocrx_word' id='word_1_350' title='bbox 1097 2122 1368 2163; x_wconf 91' lang='lat' dir='ltr'>Paucitatem</span> <span class='ocrx_word' id='word_1_351' title='bbox 1383 2121 1551 2163; x_wconf 90' lang='lat' dir='ltr'>dierum</span> <span class='ocrx_word' id='word_1_352' title='bbox 1569 2121 1768 2161; x_wconf 90' lang='lat' dir='ltr'>meorum</span> <span class='ocrx_word' id='word_1_353' title='bbox 1781 2122 1885 2160; x_wconf 92' lang='lat' dir='ltr'>nun-</span> 
     </span>
     <span class='ocr_line' id='line_1_80' title="bbox 1059 2177 1252 2219; baseline -0.01 0"><span class='ocrx_word' id='word_1_354' title='bbox 1059 2178 1119 2219; x_wconf 86' lang='lat' dir='ltr'>tia</span> <span class='ocrx_word' id='word_1_355' title='bbox 1137 2177 1252 2217; x_wconf 91' lang='lat' dir='ltr'>mihi.</span> 
     </span>
    </p>

    <p class='ocr_par' dir='ltr' id='par_1_32' title="bbox 1108 2230 1884 2275">
     <span class='ocr_line' id='line_1_81' title="bbox 1108 2230 1884 2275; baseline -0.004 -1"><span class='ocrx_word' id='word_1_356' title='bbox 1108 2233 1177 2274; x_wconf 91' lang='lat' dir='ltr'>Ne</span> <span class='ocrx_word' id='word_1_357' title='bbox 1209 2235 1392 2275; x_wconf 88' lang='lat' dir='ltr'>revoces</span> <span class='ocrx_word' id='word_1_358' title='bbox 1419 2245 1489 2274; x_wconf 91' lang='lat' dir='ltr'>me</span> <span class='ocrx_word' id='word_1_359' title='bbox 1516 2233 1559 2273; x_wconf 89' lang='lat' dir='ltr'>in</span> <span class='ocrx_word' id='word_1_360' title='bbox 1589 2230 1769 2273; x_wconf 91' lang='lat' dir='ltr'>dimidio</span> <span class='ocrx_word' id='word_1_361' title='bbox 1799 2230 1884 2272; x_wconf 93' lang='lat' dir='ltr'>die-</span> 
     </span>
    </p>
   </div>
   <div class='ocr_carea' id='block_1_5' title="bbox 1056 2287 1886 2508">
    <p class='ocr_par' dir='ltr' id='par_1_33' title="bbox 1056 2287 1886 2396">
     <span class='ocr_line' id='line_1_82' title="bbox 1057 2287 1886 2339; baseline -0.004 -9"><span class='ocrx_word' id='word_1_362' title='bbox 1057 2303 1154 2330; x_wconf 89' lang='lat' dir='ltr'>rum</span> <span class='ocrx_word' id='word_1_363' title='bbox 1171 2292 1384 2331; x_wconf 89' lang='lat' dir='ltr'>meorum:</span> <span class='ocrx_word' id='word_1_364' title='bbox 1399 2290 1423 2316; x_wconf 81' lang='grc'>*</span> <span class='ocrx_word' id='word_1_365' title='bbox 1436 2289 1479 2329; x_wconf 88' lang='grc'>111</span> <span class='ocrx_word' id='word_1_366' title='bbox 1497 2287 1823 2339; x_wconf 89' lang='lat' dir='ltr'>generationem</span> <span class='ocrx_word' id='word_1_367' title='bbox 1842 2292 1886 2328; x_wconf 88' lang='grc'>61</span> 
     </span>
     <span class='ocr_line' id='line_1_83' title="bbox 1056 2344 1595 2396; baseline -0.006 -10"><span class='ocrx_word' id='word_1_368' title='bbox 1056 2346 1385 2396; x_wconf 84' lang='lat' dir='ltr'>generationem</span> <span class='ocrx_word' id='word_1_369' title='bbox 1403 2345 1503 2385; x_wconf 88' lang='lat' dir='ltr'>anni</span> <span class='ocrx_word' id='word_1_370' title='bbox 1520 2344 1595 2386; x_wconf 89' lang='lat' dir='ltr'>tui.</span> 
     </span>
    </p>

    <p class='ocr_par' dir='ltr' id='par_1_34' title="bbox 1056 2397 1882 2508">
     <span class='ocr_line' id='line_1_84' title="bbox 1106 2397 1882 2442; baseline -0.004 -1"><span class='ocrx_word' id='word_1_371' title='bbox 1106 2401 1236 2442; x_wconf 89' lang='lat' dir='ltr'>Initio</span> <span class='ocrx_word' id='word_1_372' title='bbox 1264 2406 1311 2442; x_wconf 91' lang='lat' dir='ltr'>tu</span> <span class='ocrx_word' id='word_1_373' title='bbox 1330 2400 1517 2441; x_wconf 90' lang='lat' dir='ltr'>Domine</span> <span class='ocrx_word' id='word_1_374' title='bbox 1543 2404 1707 2440; x_wconf 90' lang='lat' dir='ltr'>terram</span> <span class='ocrx_word' id='word_1_375' title='bbox 1732 2397 1882 2439; x_wconf 88' lang='lat' dir='ltr'>funda-</span> 
     </span>
     <span class='ocr_line' id='line_1_85' title="bbox 1056 2457 1882 2508; baseline -0.004 -11"><span class='ocrx_word' id='word_1_376' title='bbox 1056 2457 1125 2498; x_wconf 88' lang='lat' dir='ltr'>sti:</span> <span class='ocrx_word' id='word_1_377' title='bbox 1155 2458 1179 2483; x_wconf 91' lang='lat'>*</span> <span class='ocrx_word' id='word_1_378' title='bbox 1214 2461 1258 2497; x_wconf 94' lang='lat' dir='ltr'>et</span> <span class='ocrx_word' id='word_1_379' title='bbox 1296 2458 1431 2508; x_wconf 90' lang='lat' dir='ltr'>opera</span> <span class='ocrx_word' id='word_1_380' title='bbox 1465 2458 1672 2501; x_wconf 90' lang='lat' dir='ltr'>manuum</span> <span class='ocrx_word' id='word_1_381' title='bbox 1708 2457 1882 2496; x_wconf 91' lang='lat' dir='ltr'>tuarum</span> 
     </span>
    </p>
   </div>
   <div class='ocr_carea' id='block_1_6' title="bbox 1053 2512 1908 2664">
    <p class='ocr_par' dir='ltr' id='par_1_35' title="bbox 1053 2512 1908 2664">
     <span class='ocr_line' id='line_1_86' title="bbox 1056 2512 1287 2553; baseline -0.009 0"><span class='ocrx_word' id='word_1_382' title='bbox 1056 2517 1155 2553; x_wconf 87' lang='lat' dir='ltr'>sunt</span> <span class='ocrx_word' id='word_1_383' title='bbox 1176 2512 1287 2553; x_wconf 88' lang='lat' dir='ltr'>coeli.</span> 
     </span>
     <span class='ocr_line' id='line_1_87' title="bbox 1106 2567 1878 2620; baseline -0.005 -12"><span class='ocrx_word' id='word_1_384' title='bbox 1106 2568 1197 2620; x_wconf 92' lang='lat' dir='ltr'>Ipsi</span> <span class='ocrx_word' id='word_1_385' title='bbox 1223 2567 1444 2619; x_wconf 82' lang='lat' dir='ltr'>peribunt,</span> <span class='ocrx_word' id='word_1_386' title='bbox 1467 2571 1516 2608; x_wconf 91' lang='lat' dir='ltr'>tu</span> <span class='ocrx_word' id='word_1_387' title='bbox 1539 2572 1685 2608; x_wconf 91' lang='lat' dir='ltr'>autem</span> <span class='ocrx_word' id='word_1_388' title='bbox 1712 2567 1878 2617; x_wconf 91' lang='lat' dir='ltr'>perma-</span> 
     </span>
     <span class='ocr_line' id='line_1_88' title="bbox 1053 2620 1908 2664; baseline -0.006 0"><span class='ocrx_word' id='word_1_389' title='bbox 1053 2636 1147 2664; x_wconf 91' lang='lat' dir='ltr'>nes:</span> <span class='ocrx_word' id='word_1_390' title='bbox 1167 2624 1190 2649; x_wconf 91' lang='lat'>*</span> <span class='ocrx_word' id='word_1_391' title='bbox 1211 2628 1254 2664; x_wconf 91' lang='lat' dir='ltr'>et</span> <span class='ocrx_word' id='word_1_392' title='bbox 1273 2635 1424 2664; x_wconf 89' lang='lat' dir='ltr'>omnes</span> <span class='ocrx_word' id='word_1_393' title='bbox 1444 2623 1556 2664; x_wconf 91' lang='lat' dir='ltr'>sicut</span> <span class='ocrx_word' id='word_1_394' title='bbox 1574 2622 1878 2663; x_wconf 86' lang='lat' dir='ltr'>vestimentum</span> <span class='ocrx_word' id='word_1_395' title='bbox 1899 2620 1908 2627; x_wconf 72' lang='grc'>’</span> 
     </span>
    </p>
   </div>
   <div class='ocr_carea' id='block_1_7' title="bbox 1052 2681 1337 2721">
    <p class='ocr_par' dir='ltr' id='par_1_36' title="bbox 1052 2681 1337 2721">
     <span class='ocr_line' id='line_1_89' title="bbox 1052 2681 1337 2721; baseline -0.004 -1"><span class='ocrx_word' id='word_1_396' title='bbox 1052 2681 1337 2721; x_wconf 89' lang='lat' dir='ltr'>veterascent.</span> 
     </span>
    </p>
   </div>
   <div class='ocr_carea' id='block_1_8' title="bbox 121 112 1952 2783">
    <p class='ocr_par' dir='ltr' id='par_1_37' title="bbox 121 112 1952 2783">
     <span class='ocr_line' id='line_1_90' title="bbox 121 112 1952 2783; baseline 0 0"><span class='ocrx_word' id='word_1_397' title='bbox 121 112 1952 2783; x_wconf 95' lang='lat' dir='ltr'> </span> 
     </span>
    </p>
   </div>
  </div>
 </body>
</html>
