2040 2944
556 155 625 188 Die
654 155 679 188 1.
706 154 895 189 Octobris.
944 156 978 189 S.
1002 156 1167 199 Remigii
1191 157 1319 200 Episc.
1343 163 1379 192 et
1404 158 1512 192 Conf.

234 247 280 296 Y.
308 247 519 300 Speciosa
550 247 668 289 facta
700 260 748 289 es
776 253 821 291 et
849 250 1008 290 suavis.

179 307 227 358 Rv.
248 305 299 344 In
325 303 493 345 deliciis
516 303 621 353 tuis,
649 309 801 346 sancta
820 305 905 346 Dei
924 305 1007 347 Ge-

179 360 322 402 nitrix.

455 432 523 468 Ad
547 433 732 470 Nonam.

229 506 327 545 Ant.
358 502 563 545 Exaltata
582 508 659 544 est.

279 576 540 627 Capitulum.
700 579 830 620 Eccli.
846 581 909 619 24.

253 636 349 678 uasi
377 635 536 678 cedrus
555 636 748 679 exaltata
766 650 863 679 sum
881 638 925 678 in
939 637 1007 678 Li-

278 692 416 742 bano,
453 697 497 735 et
534 693 660 745 quasi
696 695 932 746 cypressus
964 694 1008 734 in

174 753 325 791 monte
346 749 470 791 Sion:
498 750 623 802 quasi
648 750 797 802 palma
816 750 1008 792 exaltata

175 818 272 846 sum
300 806 344 846 in
373 805 536 855 Cades,
566 810 611 847 et
640 807 765 858 quasi
792 806 1007 859 plantatio

174 874 290 903 rosae
309 862 353 902 in
372 862 397 903 J
400 861 560 903 ericho

225 918 273 968 R.
288 917 348 958 br.
369 918 582 981 Speciosa
596 918 712 960 facta
727 931 775 960 es
791 921 813 943 *
836 915 894 960 E't
913 922 1007 960 sua-

173 974 250 1015 vis.
289 974 510 1027 Speciosa.
556 968 686 1018 V.1n
715 974 883 1016 deliciis
910 975 1007 1026 tuis,

173 1035 327 1072 sancta
366 1030 451 1072 Dei
489 1030 702 1073 Genitrix.
751 1031 809 1074 Et
848 1032 1008 1074 suavis.

174 1086 327 1128 Gloria
345 1087 476 1128 Patri.
503 1087 725 1140 Speciosa.

226 1140 274 1189 Y.
304 1143 451 1194 Elegit
466 1156 564 1185 eam
577 1143 700 1186 Deus
721 1149 765 1186 et
778 1144 1008 1197 praeelegit

175 1212 282 1241 eam.
323 1200 369 1250 lxffv.
396 1199 454 1242 Et
481 1199 682 1243 habitare
711 1213 808 1243 eam
835 1201 939 1244 fecit
964 1201 1007 1242 in

173 1255 459 1299 tabernaculo
480 1269 573 1299 suo.

381 1350 443 1391 In
465 1350 523 1392 11.
547 1351 799 1402 vesperis.

225 1428 360 1462 Omnia
375 1435 413 1462 ut
432 1429 467 1461 in
484 1429 619 1471 primis
632 1434 772 1472 praeter
790 1432 1001 1473 sequentia.

485 1490 695 1539 Hymnus.

311 1556 335 1586 e
354 1544 616 1595 gestientem
631 1545 816 1597 gaudiis,

331 1602 396 1643 Te
417 1601 613 1643 sauciam
632 1601 872 1654 doloribus,

277 1658 343 1700 Te
361 1657 449 1710 jugi
470 1660 673 1700 amictam
693 1659 844 1710 gloria,

278 1715 316 1756 O
336 1715 476 1766 Virgo
496 1715 650 1765 Mater,
670 1716 914 1768 pangimus.

231 1790 332 1835 Ave,
351 1784 604 1826 redundans
624 1785 787 1836 gaudio

276 1840 394 1882 Dum
414 1841 625 1893 concipis,
646 1842 751 1883 dum
772 1843 935 1894 visitas,

277 1897 335 1938 Et
353 1896 460 1947 edis,
481 1897 625 1947 offers,
645 1899 825 1949 invenis,

276 1953 419 1996 Mater
437 1954 580 2006 beata,
600 1954 770 2005 Filium,

233 2028 334 2072 Ave,
354 2022 520 2073 dolens,
540 2028 584 2066 et
602 2025 755 2067 intimo

276 2079 328 2120 In
348 2078 484 2121 corde
504 2082 702 2131 agonem,
721 2081 918 2133 verbera,

277 2135 445 2187 Spinas,
465 2138 729 2189 crucemque
747 2137 845 2179 Filii

275 2192 502 2245 Perpessa,
521 2194 729 2247 princeps
752 2198 1004 2250 martyrum.

234 2266 333 2311 Ave,
351 2262 395 2303 in
412 2262 646 2316 triumphis
665 2264 774 2315 Filii,

277 2318 328 2358 In
347 2318 521 2368 ignibus
539 2319 757 2372 Paracliti,

276 2373 328 2414 In
348 2375 471 2426 regni
490 2375 659 2418 honore
681 2382 725 2420 et
742 2353 917 2430 l'umine,

277 2428 446 2481 Regina
464 2431 635 2483 fulgens
654 2433 805 2485 gloria.

234 2500 388 2541 Venite
409 2505 574 2551 gentes,
593 2503 761 2555 carpite

276 2553 344 2595 Ex
364 2555 432 2597 his
449 2569 574 2598 rosas
594 2560 825 2626 mysteriis,

276 2611 334 2652 Et
348 2612 521 2664 pulchri
540 2615 702 2656 amoris
719 2616 896 2668 inclytae

276 2667 406 2709 Matri
426 2671 612 2711 coronas
632 2672 805 2714 nectite.

1117 253 1139 292 J
1143 263 1221 293 esu
1239 250 1320 293 tibi
1340 251 1397 293 sit
1415 251 1566 302 gloria,

1167 307 1252 358 Qui
1270 313 1399 349 natus
1419 320 1468 349 es
1486 305 1542 349 de
1561 307 1754 358 Virgine,

1168 364 1279 405 Cum
1297 364 1429 406 Patre
1449 368 1494 405 et
1511 363 1627 405 almo
1647 364 1811 416 Spiritu

1167 420 1219 460 In
1239 420 1507 472 sempiterna
1527 420 1702 462 saecula.
1739 420 1894 463 Amen.

1118 483 1166 529 Y.
1190 480 1362 532 Regina
1392 480 1677 522 sacratissimi
1707 481 1894 531 Rosarii,

1062 548 1139 578 ora
1164 549 1247 590 pro
1267 537 1408 579 nobis.
1435 539 1486 591 Ra.
1512 537 1573 579 Ut
1594 535 1713 588 digni
1735 537 1894 579 efficia—

1060 605 1158 634 mur
1185 592 1553 646 promissionibus
1574 592 1748 635 Christi.

1115 653 1186 694 Ad
1222 654 1395 704 Magnis.
1437 656 1536 695 Ant.
1578 654 1717 696 Beata
1752 653 1895 696 Mater

1063 714 1107 751 et
1132 710 1297 752 intacta
1317 709 1476 760 Virgo,
1506 710 1701 761 gloriosa
1723 710 1894 761 Regina

1061 765 1228 816 mundi,
1248 765 1438 808 sentiant
1458 779 1612 808 omnes
1632 771 1757 808 tuum
1777 767 1893 818 juva-

1060 834 1162 863 men
1200 822 1466 874 quicl'imque
1511 822 1735 864 celebrant
1771 827 1894 864 tuam

1061 878 1325 920 sanctissimi
1351 878 1529 920 Rosarii
1556 879 1894 921 solemnitatem.

1116 936 1281 976 Oratio.
1299 935 1432 985 Deus,
1452 936 1585 987 cujus.
1604 936 1692 977 351.

1113 1004 1160 1038 Et
1184 1005 1224 1038 fit
1249 1015 1446 1039 commem.
1472 1005 1688 1040 Dominieae
1713 1017 1858 1042 occurs.

1289 1094 1374 1136 Die
1392 1095 1423 1135 1.
1443 1094 1664 1138 Octobris.

1152 1159 1195 1200 S.
1215 1159 1433 1210 Remigii
1452 1159 1598 1211 Episc.
1619 1167 1662 1202 et
1681 1161 1801 1202 Conf.

1248 1220 1500 1263 Semiduplex
1526 1221 1575 1255 ad
1599 1221 1707 1265 libit.,

1194 1273 1254 1307 vel
1281 1273 1456 1315 Simplex
1481 1273 1527 1308 de
1553 1279 1761 1318 praecepto.

1115 1324 1139 1368 3
1160 1325 1199 1359 Si
1224 1325 1299 1359 hoc
1316 1325 1474 1359 Festum
1495 1326 1711 1361 celebretur
1727 1328 1800 1362 sub
1817 1327 1892 1362 ritu

1060 1374 1243 1417 simplici,
1277 1373 1326 1407 iX.
1354 1373 1454 1408 Lect.
1486 1375 1557 1409 crit
1581 1373 1782 1417 RemIgius
1804 1373 1894 1418 Epi-

1061 1429 1216 1463 scopus.
1231 1425 1272 1455 ut
1289 1421 1399 1464 infra,
1421 1432 1506 1456 cum
1525 1424 1891 1458 commemoratione

1060 1470 1106 1503 de
1133 1479 1178 1503 eo
1204 1469 1242 1503 in
1264 1470 1381 1513 Vesp.
1407 1475 1443 1505 et
1467 1471 1677 1506 Laudibus.

1114 1521 1251 1555 Omnia
1284 1521 1331 1556 de
1363 1522 1508 1557 Comm.
1540 1523 1650 1558 Conf.
1679 1523 1789 1558 Pont.
1821 1521 1893 1566 [49]

1060 1574 1201 1612 praeter
1224 1579 1332 1613 sequ.
1357 1568 1417 1611 (m.
1441 1571 1466 1603 t.
1489 1569 1539 1611 v.)

1111 1621 1211 1662 Ant.
1254 1619 1474 1662 Sacerdos
1513 1625 1557 1663 et
1589 1620 1811 1670 Pontifex,
1850 1625 1895 1663 et

1059 1677 1270 1719 virtutum
1303 1677 1471 1729 opifex,
1514 1682 1668 1730 pastor
1701 1678 1818 1720 bone
1849 1677 1893 1718 in

1058 1733 1239 1786 populo,
1259 1746 1337 1775 ora
1356 1746 1438 1786 pro
1458 1733 1587 1775 nobis
1605 1734 1857 1776 Dominum.

1111 1790 1161 1842 V.
1184 1794 1365 1837 Amavit
1384 1807 1485 1836 eum
1502 1794 1735 1845 Dominus,
1761 1798 1806 1837 et
1825 1807 1892 1836 or-

1058 1851 1179 1893 navit
1207 1863 1319 1892 eum.
1371 1853 1421 1904 Rz.
1454 1850 1624 1893 Stolam
1651 1851 1804 1903 gloriae
1830 1853 1891 1892 in-

1059 1906 1154 1949 duit
1172 1920 1283 1949 eum.

1395 1960 1559 2003 Oratio.

1059 2012 1186 2118 Da,
1202 2017 1454 2068 quaesumus
1465 2018 1745 2069 omm'potens
1754 2016 1893 2058 Deus:

1163 2077 1212 2114 ut
1246 2071 1366 2114 beati
1393 2073 1585 2125 Remigii
1613 2072 1891 2114 Confessoris

1059 2128 1122 2170 tui
1146 2133 1280 2181 atque
1299 2129 1529 2171 Pontificis
1547 2129 1799 2171 veneranda
1823 2141 1890 2170 so-

1059 2185 1278 2235 lemnitas,
1305 2190 1350 2227 et
1372 2184 1798 2240 devotionem-nobis
1817 2188 1889 2227 au-

1057 2246 1159 2292 geat
1178 2246 1222 2284 et
1240 2242 1438 2284 salutem.
1465 2242 1550 2284 Per
1568 2241 1818 2284 Dominum.

1110 2313 1153 2346 In
1168 2312 1195 2347 Ι.
1213 2313 1249 2347 N
1253 2318 1324 2348 oct.
1346 2314 1447 2348 Lect.
1466 2313 1513 2348 de
1531 2313 1668 2357 Script.
1687 2324 1831 2349 occurr.

1291 2382 1341 2422 In
1359 2383 1411 2422 II.
1430 2382 1654 2422 Nocturno.

1360 2447 1544 2489 Lectio
1532 2461 1584 2488 lv.

1059 2505 1070 2550 μὲ
1146 2501 1385 2566 {emlgiuffi
1411 2502 1648 2553 episcopus
1672 2500 1888 2543 Rhemen-

1093 2537 1179 2612 Γὲῥῖζέ
1202 2558 1278 2607 sis,
1324 2557 1471 2598 floruit
1509 2557 1737 2599 Clodoveo
1784 2570 1887 2609 rege

1064 2598 1074 2627 ³¹
1093 2600 1109 2628 's'
1123 2614 1145 2639 2‘*
1164 2612 1174 2628 ²
1201 2615 1487 2662 Francorum,
1513 2626 1644 2665 quem
1663 2615 1796 2656 etiam
1814 2614 1886 2656 ba-

1055 2672 1250 2724 ptizavit,
1269 2676 1315 2713 et
1331 2671 1500 2723 primus
1518 2670 1710 2712 omnium
1726 2670 1886 2713 doctri-
