2040 2944
192 192 265 235 [18]

490 285 637 323 Lectio
660 284 711 321 ix.

273 349 291 384 t
306 342 477 390 Paulus,
498 341 572 392 qui
586 338 939 382 tertiusdecimus
956 342 1022 378 est

287 396 541 450 Apostolus,
561 394 780 448 judicandi
799 398 919 435 sorte
937 394 1021 445 pri—

191 455 381 502 vabitur,
414 466 514 494 cum
540 453 636 504 ipse
663 450 794 492 dicat:
829 450 1022 491 Nescitis

192 510 397 562 quoniam
470 507 650 559 angelos
723 505 1022 558 judicabimus,

192 571 355 618 quanto
370 565 509 615 magis
525 560 775 605 saecularia?
787 561 1022 603 Sciendum

189 634 378 673 namque
398 626 480 670 est,
509 632 677 668 omnes,
706 618 781 670 qui
805 617 861 658 ad
880 619 1021 658 exem-

189 677 311 730 plum
322 676 643 729 Apostolorum
660 687 738 716 sua
754 673 1023 725 reliquerunt

191 734 346 782 omnia,
366 738 410 774 et
431 732 571 774 secuti
592 736 692 772 sunt
713 730 945 778 Christum,
963 730 1021 780 ju-

190 788 310 831 dices
330 802 430 830 cum
450 801 503 830 eo
520 790 741 835 venturos,
763 786 876 826 sicut
892 785 1022 826 etiam

190 858 319 886 omne
344 844 595 886 mortalium
624 855 762 894 genus
791 854 888 882 esse
917 840 1021 893 judi-

189 901 389 942 candum.
444 901 555 950 Quia
592 899 708 940 enim
749 896 1021 938 duodenario

189 970 309 1009 saepe
342 960 524 998 numero
557 955 671 996 solet
704 954 747 994 in
784 953 1022 1005 Scripturis

189 1013 449 1054 universitas
478 1010 712 1062 designari,
750 1022 830 1062 per
858 1008 1021 1050 duode-

189 1069 274 1110 cim
302 1069 431 1110 sedes
459 1067 794 1121 Apostolorum,
828 1066 1022 1107 omnium

188 1125 480 1166 numerositas
518 1123 822 1176 judicantium,
861 1126 904 1163 et
941 1134 1021 1174 per

189 1180 425 1223 duodecim
438 1180 580 1222 tribus
593 1178 741 1227 Israel,
760 1178 1021 1219 universitas

189 1239 357 1287 eorum,
386 1237 460 1289 qui
484 1234 703 1287 judicandi
728 1239 844 1283 sunt,
879 1235 1020 1275 osten-

190 1292 317 1334 ditur.

240 1350 303 1390 Te
323 1349 467 1390 Deum
485 1347 725 1389 laudamus.
743 1347 802 1386 14.

449 1424 761 1451 *DQ—l

368 1494 466 1534 Pro
495 1490 838 1542 Evangelistis

499 1550 710 1591 Lectione«.

420 1610 467 1647 In
495 1610 524 1647 Ι.
554 1610 778 1648 Nocturno.

191 1672 346 1724 lncipit
371 1670 482 1712 liber
505 1669 748 1711 Ezechielis
772 1668 1020 1721 Prophetae.

289 1740 438 1780 Lectio
463 1742 483 1779 i.
762 1740 863 1790 Cap.
885 1740 911 1777 l.

196 1802 327 1863 ΙΓ)’[
342 1797 506 1838 factum
518 1801 584 1837 est
599 1797 642 1836 in
657 1796 882 1846 trigesimo
895 1807 1020 1845 anno,

268 1855 298 1901 ²53²
336 1853 378 1893 in
403 1857 575 1904 quarto,
604 1852 648 1892 in
672 1852 823 1903 quinta
847 1851 1021 1901 mensis,

196 1916 208 1932 -’
233 1902 283 1933 2
337 1921 436 1950 cum
469 1921 611 1950 essem
639 1909 683 1948 in
710 1907 856 1949 medio
886 1907 1020 1959 capti-

189 1967 346 2006 vorum
360 1965 480 2016 juxta
490 1964 670 2005 fluvium
682 1963 868 2013 Chobar,
879 1963 1021 2016 aperti

189 2026 290 2062 sunt
310 2020 426 2070 coeli,
456 2025 500 2061 et
519 2019 609 2061 vidi
628 2020 820 2062 visiones
838 2020 932 2061 Dei.
969 2020 1020 2060 In

190 2077 341 2128 quinta
354 2076 527 2125 mensis,
546 2076 642 2128 ipse
661 2081 729 2118 est
745 2089 884 2117 annus
901 2076 1019 2128 quin-

187 2138 258 2173 tus
273 2132 669 2182 transmigrationis
684 2132 798 2183 regis
809 2132 834 2172 J
836 2131 1019 2181 oachim,

189 2189 352 2230 factum
369 2193 436 2230 est
451 2188 634 2230 verbum
648 2187 827 2229 Domini
843 2187 899 2229 ad
913 2188 1019 2229 Eze-

188 2244 382 2293 chielem,
400 2244 537 2285 filium
552 2244 662 2285 Buzi
679 2243 958 2285 sacerdotem
976 2244 1019 2284 in

188 2304 306 2340 terra
335 2299 663 2350 Chaldaeorum,
701 2313 828 2342 secus
856 2300 1019 2352 fiumen

190 2355 379 2397 Chobar:
408 2361 451 2397 et
468 2356 583 2397 facta
603 2360 670 2398 est
690 2369 822 2408 super
842 2369 942 2398 eum
958 2356 1019 2397 ibi

188 2423 342 2452 manus
375 2411 563 2452 Domini.
608 2413 664 2454 Et
693 2412 802 2462 vidi,
840 2417 884 2454 et
917 2425 1019 2454 ecce

188 2471 344 2508 ventus
367 2467 552 2508 turbinis
576 2467 780 2509 veniebat
807 2468 862 2510 ab
883 2468 1018 2520 Aqui-

187 2522 303 2563 lone:
335 2527 379 2563 et
402 2522 539 2564 nubes
562 2536 735 2574 magna,
764 2529 808 2565 et
826 2524 938 2575 ignis
958 2524 1018 2564 in-

188 2578 390 2626 volvens,
433 2583 477 2619 et
511 2579 720 2630 splendor
758 2580 802 2620 in
835 2580 1018 2621 circuitu

189 2634 294 2685 ejus:
310 2638 353 2674 et
368 2631 423 2674 de
438 2633 584 2674 medio
600 2635 690 2685 ejus
707 2635 832 2687 quasi
848 2635 1017 2687 species

188 2689 351 2738 electri,
379 2688 423 2730 id
443 2694 520 2737 est,
546 2689 600 2730 de
618 2690 764 2732 medio
785 2691 906 2741 ignis.

753 190 962 221 Commune
992 186 1333 227 Evangelistarum.

1122 286 1170 335 Rg.
1197 282 1313 322 Ecce
1333 293 1416 331 ego
1434 280 1560 321 mitto
1576 292 1657 321 vos
1672 279 1785 320 sicut
1800 291 1906 320 oves

1076 338 1118 377 in
1138 336 1284 378 medio
1303 337 1520 389 luporum,
1549 335 1655 377 dicit
1673 335 1907 376 Dominus:

1070 399 1090 420 *
1120 394 1275 434 Estote
1295 405 1400 443 ergo
1419 391 1660 444 prudentes
1683 391 1796 432 sicut
1819 403 1905 432 ser-

1077 451 1244 502 pentes,
1255 453 1299 490 et
1315 448 1535 501 simplices
1550 448 1663 488 sicut
1677 446 1906 489 columbae.

1071 503 1120 554 Y,
1153 506 1270 546 Dum
1292 505 1436 546 lucem
1459 503 1646 554 habetis,
1674 503 1840 544 credite
1862 503 1906 543 in

1075 562 1238 611 lucem,
1281 566 1329 602 ut
1360 561 1437 601 fssii
1464 560 1574 601 lucis
1602 559 1707 600 sitis.
1751 560 1906 600 Estote

1076 630 1181 667 ergo
1202 616 1453 670 prudentes.

1376 674 1527 714 'Lectio
1548 674 1586 712 ii.

1157 735 1175 771 t
1198 730 1241 770 in
1258 729 1405 770 medio
1428 730 1519 780 ejus
1540 727 1782 769 similitudo
1804 729 1906 780 qua-

1178 791 1279 827 tuor
1307 785 1577 826 animalium:
1614 788 1658 825 et
1684 783 1755 825 hic
1783 786 1906 837 aspe-

1075 849 1172 883 ctus
1191 844 1358 891 eorum,
1387 839 1626 882 similitudo
1651 839 1840 881 hominis
1862 841 1907 881 in

1075 899 1149 940 eis.
1182 899 1379 948 Quatuor
1398 897 1534 938 facies
1548 897 1633 946 uni,
1657 901 1702 938 et
1717 898 1906 948 quatuor

1073 967 1231 1007 pennae
1263 954 1347 995 uni.
1405 953 1548 995 Pedes
1583 954 1737 994 eorum
1768 951 1906 1005 pedes

1075 1011 1198 1060 recti,
1228 1015 1272 1052 et
1294 1010 1445 1062 planta
1462 1008 1589 1062 pedis
1609 1010 1762 1050 eorum
1782 1009 1906 1061 quasi

1074 1067 1225 1119 planta
1266 1065 1392 1119 pedis
1428 1065 1572 1120 vituli,
1621 1070 1666 1106 et
1707 1065 1907 1106 scintsslae

1076 1123 1203 1175 quasi
1226 1124 1432 1175 aspectus
1458 1122 1558 1163 aeris
1577 1121 1814 1163 candentis.
1850 1121 1908 1162 Et

1074 1192 1228 1220 manus
1252 1179 1442 1220 hominis
1467 1178 1549 1220 sub
1573 1178 1730 1230 pennis
1754 1179 1907 1219 eorum

1074 1236 1117 1276 in
1141 1238 1332 1287 quatuor
1355 1234 1572 1288 partibus:
1606 1238 1651 1276 et
1675 1234 1826 1283 facieS‚
1863 1238 1908 1275 et

1074 1305 1241 1344 pennas
1268 1304 1348 1344 per
1378 1293 1567 1343 quatuor
1594 1294 1745 1343 partes
1776 1289 1906 1332 habe-

1074 1347 1194 1397 bant,
1223 1348 1471 1399 junctaeque
1500 1352 1624 1388 erant
1650 1359 1808 1399 pennae
1835 1348 1906 1388 eo-

1074 1416 1170 1444 rum
1195 1403 1374 1444 alterius
1401 1402 1457 1444 ad
1484 1403 1680 1444 alterum.
1715 1402 1818 1443 Non
1841 1415 1906 1444 re-

1074 1459 1360 1501 vertebantur
1391 1472 1491 1500 curn
1522 1458 1791 1500 incederent:
1827 1457 1907 1500 sed

1075 1516 1422 1568 unumquodque
1455 1520 1556 1557 ante
1593 1515 1750 1556 faciem
1781 1527 1907 1556 suam

1074 1572 1369 1622 gradiebatur.

1126 1633 1176 1684 R5.
1217 1628 1380 1669 Tollite
1411 1629 1561 1680 jugum
1594 1639 1742 1668 meum
1773 1638 1906 1679 super

1074 1697 1165 1734 VOS,
1185 1684 1292 1726 dicit
1305 1684 1534 1733 Dominus,
1554 1688 1598 1725 et
1615 1683 1771 1725 discite
1785 1695 1812 1724 a
1824 1695 1906 1732 me,

1076 1741 1177 1792 quia
1201 1741 1318 1782 mitis
1339 1753 1436 1782 sum
1455 1745 1500 1782 et
1517 1739 1694 1781 humilis
1712 1738 1863 1780 corde:
1879 1742 1902 1767 *

1073 1797 1097 1837 J
1100 1810 1233 1847 ugum
1262 1797 1377 1838 enim
1404 1810 1551 1838 meum
1579 1798 1712 1838 suave
1741 1799 1826 1845 est,
1862 1799 1906 1837 et

1075 1865 1186 1894 onus
1204 1866 1350 1894 meum
1374 1853 1482 1895 leve.
1516 1851 1567 1902 V.
1596 1853 1654 1894 Et
1676 1851 1906 1893 invenietis

1074 1909 1270 1961 requiem
1293 1909 1521 1951 animabus
1541 1908 1711 1951 vestris.
1747 1907 1906 1959 Jugum

1074 1977 1189 2006 emm
1207 1978 1364 2007 meum.

1171 2064 1176 2069 ,
1371 2020 1524 2060 Lectio
1547 2020 1600 2059 iii.

1144 2077 1363 2121 imilitudo
1393 2082 1540 2118 autem
1565 2076 1712 2118 vultus
1737 2078 1905 2118 eorum:

1160 2133 1294 2174 facies
1313 2133 1518 2183 hominis,
1546 2138 1590 2174 et
1613 2132 1747 2174 facies
1765 2131 1905 2173 leonis

1073 2202 1099 2229 a
1124 2188 1291 2230 dextris
1315 2189 1513 2241 ipsorum
1539 2190 1743 2241 quatuor:
1770 2187 1904 2229 facies

1073 2249 1221 2286 autem
1252 2244 1395 2294 bovis,
1432 2258 1458 2286 a
1490 2244 1677 2286 sinistris
1706 2244 1905 2297 ipsorum

1074 2303 1278 2353 quatuor,
1307 2306 1351 2342 et
1374 2301 1508 2342 facies
1532 2300 1691 2352 aquilae
1715 2299 1905 2352 desuper

1071 2357 1269 2409 ipsorum
1286 2359 1486 2409 quatuor.
1511 2356 1666 2404 Facies
1681 2357 1845 2405 eorum,
1861 2361 1905 2397 et

1071 2426 1228 2465 pennae
1271 2415 1424 2454 eorum
1465 2413 1654 2454 extentae
1697 2411 1904 2464 desuper:

1073 2468 1172 2510 duae
1195 2482 1353 2522 pennae
1377 2468 1646 2519 singulorum
1670 2467 1904 2519 jungeban-

1072 2530 1158 2574 tur,
1190 2530 1234 2566 et
1257 2524 1357 2566 duae
1383 2523 1591 2575 tegebant
1617 2526 1807 2576 corpora
1832 2525 1903 2565 eo-

1072 2593 1183 2621 rum:
1212 2585 1256 2622 et
1279 2578 1626 2631 unumquodque
1651 2582 1805 2621 eorum
1832 2591 1902 2621 co-

1071 2649 1165 2677 ram
1188 2635 1298 2676 facie
1318 2648 1397 2676 sua
1418 2634 1685 2676 ambulabat:
1713 2635 1789 2677 ubi
1808 2640 1902 2676 erat

1070 2694 1261 2744 impetus
1289 2691 1484 2743 spiritus,
1516 2691 1618 2732 illuc
1645 2690 1901 2742 gradieban-
