2040 2944
598 175 669 209 Die
693 175 722 208 4.
750 174 939 209 Octobris.
987 174 1021 208 S'.
1048 173 1245 207 Francisci
1271 173 1379 207 Conf.

129 270 267 309 micus
287 280 363 309 ero
382 267 568 310 inimicis
587 269 684 319 tuis,
705 274 748 311 et
767 270 959 321 affligam

130 324 376 374 affligentes
391 329 447 366 te.
474 325 793 378 Praecedetque
812 332 856 368 te
871 327 957 368 An-

128 380 252 430 gelus
271 393 406 422 meus.

214 460 231 480 ›.
251 440 312 481 br.
349 438 400 478 In
423 439 664 491 conspectu
686 438 958 490 Angelorum

129 498 152 521 *
227 493 380 535 sallam
421 494 501 536 tibi
538 495 660 536 Deus
706 508 841 536 meus.
897 497 958 537 In.

130 551 179 601 V.
201 549 416 592 Adorabo
441 550 498 592 ad
520 550 734 604 templum
758 557 958 594 sanctum

129 610 272 655 tuum,
308 611 352 648 et
387 606 634 649 confitebor
669 608 835 649 nomini
869 613 958 650 tuo.

129 662 329 704 Psallam.
362 663 516 704 Gloria
535 663 667 705 Patri.
699 664 760 704 In.

182 719 230 768 V.
246 719 444 762 Adorate
455 720 609 762 Deum.
634 721 683 773 R.
696 720 859 762 Omnes
871 721 957 761 An-

129 775 215 824 geli
235 777 337 828 ejus.

331 849 392 890 In
418 849 479 890 11.
504 850 758 902 vesperis.

157 910 244 944 Ant.
270 914 306 943 et
323 909 446 952 Capit.
466 909 512 943 de
530 908 648 943 Laud.
669 909 749 952 361;
770 909 830 943 ΡΞ.
854 915 894 943 ut
916 909 951 942 in

127 958 272 1001 I.Vesp.
288 958 334 991 de
347 957 452 991 Corn.
463 958 601 1001 Apost.
617 955 665 1000 [2]
679 963 715 992 et
730 958 816 991 loco
833 958 954 992 ultimi

388 1009 587 1050 Psalmus
608 1010 694 1049 137..

128 1059 430 1169 Confitebor
460 1063 540 1106 tibi
563 1065 752 1107 Domine
784 1065 829 1106 in
861 1070 958 1107 toto

229 1119 364 1161 corde
388 1133 504 1161 meo:
524 1123 547 1147 *
567 1122 774 1174 quoniam
798 1120 959 1163 audisti

130 1175 266 1218 verba
285 1176 374 1217 oris
395 1177 492 1219 mei.

181 1233 232 1272 In
267 1234 509 1286 conspectu
541 1233 812 1285 Angelorum
844 1235 958 1288 psal-

129 1288 216 1329 lam
249 1289 344 1331 tibi:
371 1290 395 1315 *
424 1289 622 1332 adorabo
656 1290 713 1332 ad
745 1291 958 1344 templum

130 1350 329 1387 sanctum
359 1351 497 1397 tuum,
531 1351 574 1388 et
607 1347 852 1390 confitebor
883 1350 958 1389 no-

128 1402 234 1443 mini
250 1407 340 1445 tuo.

180 1459 321 1512 Super
347 1459 648 1502 misericordia
668 1466 758 1511 tua,
787 1466 831 1503 et
850 1462 958 1503 veri-

127 1517 220 1558 tate
251 1521 341 1558 tua:
372 1517 396 1542 *
432 1517 639 1569 quoniam
669 1518 958 1569 magnificasti

129 1584 261 1625 super
275 1585 415 1623 omne,
434 1586 595 1615 nomen
610 1579 809 1616 sanctum
823 1579 958 1616 tuum.

180 1630 230 1670 In
247 1633 522 1682 quacumque
538 1630 608 1672 die
625 1631 889 1672 invocavero
903 1637 959 1681 te,

130 1686 289 1727 exaudi
312 1699 398 1728 me:
422 1687 445 1712 *
467 1686 780 1740 multiplicabis
803 1688 847 1728 in
871 1688 958 1729 ani-

128 1755 199 1782 ma
217 1755 317 1784 mea
335 1743 551 1784 virtatem.

182 1798 484 1841 Confiteantur
502 1799 583 1841 tibi
600 1800 788 1842 Domine
806 1813 959 1843 omnes
1013 1781 1069 1835 ’ᾗ
1082 1788 1122 1841 ἐξ·

129 1867 255 1906 reges
288 1860 432 1897 terrae:
460 1857 484 1883 *
492 1856 619 1911 quia
651 1855 882 1899 audierunt
915 1859 958 1898 o-

128 1911 244 1953 mnia
261 1912 398 1954 verba
416 1912 503 1954 oris
521 1913 599 1955 tui:

179 1969 237 2010 Et
255 1974 431 2011 cantent
449 1970 493 2010 in
511 1970 593 2011 viis
608 1970 799 2011 Domini:
814 1970 838 1996 *
854 1973 958 2022 quo-

129 2025 246 2067 niam
263 2039 422 2077 magna
441 2031 508 2068 est
527 2026 667 2077 gloria
685 2027 873 2068 Domini.

183 2082 398 2132 Quoniam
427 2083 626 2124 excelsus
654 2083 886 2134 Dominus,
916 2089 959 2126 et

130 2137 310 2180 humilia
337 2139 531 2192 respicit:
550 2141 574 2167 *
593 2144 638 2181 et
663 2139 752 2181 alta
777 2153 803 2181 a
827 2140 958 2192 longe

131 2195 367 2245 cognoscit.

181 2251 226 2292 Si
245 2251 528 2293 ambulavero
551 2252 595 2292 in
613 2252 760 2294 medio
779 2252 957 2295 tribula-

130 2307 276 2358 tionis,
308 2308 551 2350 vivificabis
583 2321 668 2350 me:
696 2311 720 2336 *
748 2314 792 2351 et
827 2322 959 2362 super

130 2363 238 2405 iram
255 2365 530 2407 inimicorum
548 2367 748 2407 meorum
765 2365 958 2407 extendi-

131 2419 187 2461 sti
204 2433 380 2463 manum
398 2427 533 2471 tuam,
561 2427 604 2464 et
623 2422 792 2463 salvum
810 2434 881 2463 me
900 2422 957 2463 fe-

132 2476 190 2517 cit
209 2476 390 2519 dextera
406 2483 492 2520 tua.

182 2532 397 2575 Dominus
410 2534 623 2576 retribuet
636 2547 720 2587 pro
733 2547 818 2575 me:
828 2534 851 2559 *
862 2534 959 2575 Dfie

134 2589 434 2632 misericordia
451 2596 527 2632 tua
545 2592 588 2632 in
607 2591 833 2632 saeculum:
857 2592 958 2642 ope-

134 2659 182 2686 ra
200 2648 406 2688 manuum
419 2650 594 2689 tuarum
612 2661 666 2689 ne
687 2646 916 2699 despicias

182 2703 359 2748 Hymnus
383 2708 424 2738 ut
448 2705 487 2738 in
510 2704 537 2739 I.
562 2705 677 2749 Vesp.
706 2708 781 2743 353.

1066 267 1179 318 W.In
1195 273 1437 324 conspectu
1453 271 1724 323 Angelorum
1737 272 1844 324 psal-

1011 328 1099 369 lam
1123 328 1204 369 tibi
1223 328 1343 369 Deus
1369 341 1504 370 meus.
1549 330 1596 380 K.
1628 328 1842 371 Adorabo

1012 384 1069 426 ad
1083 384 1296 437 templum
1312 390 1512 426 sanctum
1526 389 1662 435 tuum,
1683 389 1727 427 et
1742 398 1843 427 con-

1012 440 1174 482 fitebor
1192 441 1358 482 nomini
1377 445 1466 483 tuo.

1068 502 1138 543 Ad
1158 503 1331 553 Magnis.
1367 504 1462 543 Ant.
1492 502 1844 554 SanctiAngeli*

1013 557 1233 600 Custodes
1261 558 1419 608 nostri,
1446 558 1668 600 defendite
1694 572 1776 600 nos
1800 560 1844 600 in
1908 559 1910 561 ’

1011 614 1185 667 praelio,
1218 619 1266 656 ut
1299 627 1386 655 non
1418 617 1653 667 pereamus
1685 615 1728 656 in
1759 621 1843 658 tre-

1011 670 1172 712 mendo
1194 670 1366 722 judicio.

1236 784 1321 825 Die
1340 785 1378 824 4.
1399 784 1618 826 Octobris.

1113 855 1156 896 S.
1175 855 1430 897 Francisci
1449 856 1739 896 ConfesS(›ris.

1272 917 1424 960 Duplex
1452 918 1585 956 majus.

1066 975 1202 1009 Omnia
1238 975 1283 1009 dc
1315 975 1457 1009 Comni.
1490 975 1597 1008 Cont‘.
1628 984 1703 1007 non
1734 973 1842 1006 Pont.

1013 1025 1082 1068 [67]
1107 1028 1248 1066 praeter
1271 1034 1376 1066 sequ.

1350 1083 1514 1122 Oratio.

1102 1155 1192 1192 eus,
1220 1143 1294 1195 qui
1312 1142 1556 1184 Ecclesiam
1579 1148 1701 1185 tuam
1725 1143 1845 1186 beati

1133 1200 1356 1241 Francisci
1383 1200 1551 1241 meritis
1578 1200 1688 1242 foetu
1716 1213 1845 1242 novae

1011 1256 1150 1310 prolis
1178 1256 1438 1309 amplificas:
1466 1256 1610 1298 tribue
1636 1256 1764 1299 nobis
1791 1270 1845 1299 ex

1013 1315 1104 1366 ejus
1130 1313 1374 1355 imitatione
1402 1315 1577 1355 terrena
1606 1313 1844 1366 despicere,

1012 1375 1056 1412 et
1071 1370 1318 1412 coelestium
1333 1370 1551 1412 donorum
1562 1383 1737 1423 semper
1748 1383 1844 1423 par-

1010 1427 1267 1480 ticipatione
1286 1426 1490 1478 gaudere.
1517 1427 1602 1469 Per
1621 1427 1749 1468 Dfim.

1060 1498 1103 1531 In
1120 1497 1147 1531 Ι.
1166 1497 1275 1530 Noct.
1294 1496 1394 1529 Lcct.
1414 1495 1560 1537 Justus,
1582 1493 1617 1528 si
1637 1497 1770 1528 morte.
1795 1494 1841 1527 de

1011 1546 1147 1580 eodem
1172 1544 1376 1579 Communi
1403 1544 1428 1578 1.
1456 1543 1553 1578 loco.
1578 1542 1648 1586 [69]

1235 1616 1284 1654 In
1311 1615 1361 1654 ΙΙ.
1391 1614 1615 1653 Nocturno.

1313 1681 1465 1722 Lectio
1488 1681 1539 1720 iv.

1086 1737 1370 1799 rfflnciscuS,
1399 1736 1558 1777 Assisii
1590 1737 1634 1777 in
1661 1737 1844 1779 Umbria

1101 1843 1111 1846 st
1109 1791 1292 1842 natus,
1323 1793 1464 1845 patris
1499 1794 1749 1846 exemplum
1778 1807 1841 1836 se-

1015 1846 1116 1874 4
1147 1852 1286 1898 cutus,
1311 1863 1337 1890 a
1359 1849 1502 1902 prima
1525 1852 1658 1892 aetate
1677 1864 1840 1892 merca-

1010 1909 1157 1948 turam
1176 1906 1289 1948 fecit.
1322 1906 1407 1956 Qui
1433 1906 1626 1958 quodam
1647 1906 1718 1949 die
1737 1911 1857 1960 pau-·

1011 1975 1175 2015 perem,
1194 1975 1276 2015 pro
1294 1962 1456 2005 Christi
1475 1966 1625 2005 amore
1646 1964 1842 2016 flagitan-

1011 2025 1101 2062 tem
1132 2020 1380 2072 pecuniam,
1417 2033 1517 2061 cum
1547 2026 1710 2073 praeter
1743 2033 1841 2062 con-

1012 2075 1292 2118 suetudinem
1317 2076 1564 2129 repulisset,
1585 2079 1768 2129 repente
1788 2090 1842 2119 eo

1011 2134 1128 2175 facto
1159 2135 1424 2183 commotus,
1457 2133 1578 2183 large
1607 2134 1647 2175 ei
1674 2134 1841 2175 miseri-

1013 2189 1210 2232 cordiam
1241 2189 1498 2242 impertivit:
1532 2195 1576 2232 et
1604 2203 1659 2231 ex
1688 2203 1741 2232 eo
1770 2190 1842 2232 die

1011 2247 1109 2288 Deo
1137 2247 1341 2298 promisit
1369 2259 1417 2287 se
1444 2246 1607 2287 nemini
1633 2259 1843 2298 umquam

1011 2303 1213 2355 poscenti
1228 2302 1554 2354 eleemosynam
1571 2306 1842 2354 negaturum.
1890 2307 1892 2310 ’

1014 2359 1123 2400 Cum
1137 2371 1244 2400 vero
1263 2363 1368 2411 post
1386 2358 1431 2399 in
1444 2371 1624 2410 gravem
1638 2359 1842 2401 morbum

1010 2414 1246 2464 incidisset,
1271 2427 1326 2456 ex
1350 2427 1403 2456 eo
1428 2415 1666 2466 aliquando
1687 2416 1840 2457 confir-

1011 2474 1166 2521 matus
1186 2471 1323 2524 coepit
1342 2470 1565 2513 ardentius
1585 2472 1731 2514 colere
1750 2472 1842 2513 offi'-

1012 2529 1079 2570 cia
1099 2528 1304 2570 caritatis.
1338 2529 1435 2578 Qua
1457 2528 1502 2569 in
1527 2529 1841 2571 exercitatione

1011 2590 1181 2626 tantum
1191 2584 1389 2637 profecit,
1403 2589 1451 2626 ut
1464 2585 1730 2636 evangelicae
1744 2597 1839 2637 per-

1011 2641 1213 2683 fectionis
1240 2640 1442 2693 cupidus,
1469 2641 1685 2693 quidquid
1710 2641 1839 2682 habe-

1011 2703 1095 2748 ret,
1126 2697 1395 2750 pauperibus
1426 2697 1666 2749 largiretur.
1707 2696 1841 2747 Quod
