2040 2944
864 198 928 232 Ad
951 198 1132 234 Tertiam.
1813 196 1857 230 33

141 289 246 330 mini
260 289 344 330 Dei
363 289 502 330 nostri
518 301 651 341 super
665 302 758 339 nos,
779 294 822 331 et
837 291 973 342 opera

141 347 350 386 manuum
381 347 632 386 nostrarum
671 345 808 396 dirige
842 358 974 398 super

141 414 239 450 nos,
274 406 318 442 et
346 414 458 454 opus
486 403 695 443 manuum
723 404 974 443 nostrarum

143 457 292 509 dirige.

196 510 247 561 V.
265 514 418 555 Gloria
436 514 566 555 Patri.
599 515 648 566 Rv.
666 514 787 555 Sicut
807 519 910 556 erat.

251 581 447 623 Oremus.
707 580 870 621 Oratio.

144 642 389 748 Dirigere
418 651 462 687 et
489 647 784 698 sanctificare,
821 649 973 698 regere

248 707 292 743 et
310 702 556 753 gubernare
577 702 769 753 dignare,
785 704 974 744 Domine

143 759 265 799 Deus
279 759 376 800 Rex
397 759 498 800 coeli
514 764 558 800 et
573 764 715 808 terrae,
734 759 866 801 hodie
882 773 975 801 cor-

145 813 201 856 da
221 819 264 856 et
284 816 474 867 corpora
498 820 667 865 nostra,
693 829 862 865 sensus,
888 829 974 857 ser-

143 872 308 920 mones,
329 875 372 912 et
387 875 513 912 actus
528 877 705 913 nostros
720 872 763 912 in
778 872 874 922 lege
889 877 975 922 tua,

145 931 188 968 et
219 926 263 967 in
297 926 504 979 operibus
536 927 846 969 mandatorum
882 931 976 970 tuo-

144 995 255 1023 rum:
279 988 328 1024 ut
346 982 433 1032 hic,
459 988 503 1024 et
520 984 564 1024 in
585 986 812 1034 aeternum,
837 990 881 1026 te
906 998 977 1025 au-

145 1038 341 1088 xiliante,
361 1039 470 1080 salvi
490 1044 534 1081 et
552 1040 678 1081 liberi
698 1053 794 1082 esse
814 1043 977 1082 merea-

144 1108 258 1145 mur,
285 1095 488 1137 Salvator
511 1096 676 1138 mundi:
701 1097 785 1147 Qui
804 1097 914 1138 1711718
934 1103 978 1139 01

143 1164 301 1202 regnas
321 1152 365 1192 in
385 1152 547 1193 saecula
567 1153 842 1194 saeculorum.

196 1210 245 1262 Ην.
276 1208 430 1249 Α111011.

194 1264 244 1317 V.
273 1268 298 1308 J
299 1267 386 1309 ube
406 1267 566 1310 domne
585 1268 859 1310 benedicere.

194 1330 464 1371 Benedictio.
510 1329 616 1370 Dies
659 1333 702 1370 et
739 1334 863 1371 301118
899 1343 974 1370 110-

144 1388 261 1425 81108
285 1384 329 1424 111
355 1397 434 1425 8113
458 1398 569 1437 pace
595 1385 802 1438 disponat
826 1387 973 1426 Domi-

143 1453 226 1481 nus
247 1443 537 1493 omnipotens.
570 1445 621 1497 Ιζι.
654 1443 809 1483 Α111011.

194 1508 258 1542 Ad
274 1508 574 1543 Absolutionem
592 1510 762 1553 Capituli
788 1511 827 1544 in
844 1511 970 1545 Festis

142 1556 214 1591 dic.
240 1556 333 1600 Cap.
358 1556 493 1591 Nonae.
529 1557 624 1591 Post
642 1557 864 1592 Lectionem
888 1560 971 1593 bre-

142 1615 229 1639 vem
254 1604 395 1639 dicitur

194 1651 245 1703 V.
282 1655 562 1707 Adjutorium
594 1661 793 1698 nostrum
826 1657 868 1696 in
900 1658 975 1696 no-

144 1712 261 1753 mine
280 1712 469 1752 Domini.
507 1712 557 1764 Ru
583 1713 667 1762 Qui
691 1713 795 1754 fecit
814 1713 976 1754 coelum

145 1773 189 1809 et
207 1772 381 1809 terram.

196 1822 246 1874 V.
268 1827 534 1869 Benedicite.
561 1829 610 1881 Rt·
634 1829 768 1870 Deus.

198 1892 466 1934 Benedictio.
499 1893 715 1934 Dominus
739 1906 821 1934 nos
846 1893 975 1935 bene-

145 1949 282 1999 dicat,
310 1954 354 1991 et
382 1949 437 1991 ab
466 1950 585 1990 omni
612 1949 728 1990 malo
758 1949 976 1999 defendat,

145 2010 190 2047 et
209 2005 266 2047 ad
285 2006 419 2047 vitam
438 2005 654 2058 perducat
678 2008 903 2055 aeternam3
933 2010 977 2047 et

144 2061 340 2103 fidelium
360 2062 516 2103 animae
535 2075 615 2114 per
630 2061 977 2104 misericordiam

145 2118 228 2159 Dei
247 2118 526 2170 requiescant
543 2118 587 2158 in
605 2131 727 2170 pace.
752 2120 802 2172 Rg.
822 2118 976 2159 Amen.

392 2275 471 2316 Ad
497 2275 733 2316 Tertiam.

203 2348 328 2388 Pater
356 2350 516 2387 noster.
557 2347 647 2387 Ave
671 2346 819 2386 Maria.

199 2404 319 2444 Deus
338 2402 382 2442 in
402 2401 675 2453 adjutorium.
695 2402 754 2442 15.

456 2479 667 2529 Hymnus.

243 2553 327 2581 unc
348 2544 498 2581 sancte
517 2539 645 2580 nobis
664 2539 861 2591 Spiritus,

275 2596 420 2637 Unum
439 2596 558 2636 Patri
579 2608 677 2636 cum
698 2594 820 2642 Filio,

250 2652 442 2702 Dignare
460 2657 693 2704 promptus
713 2650 850 2699 ingeri

250 2707 415 2759 Nostro
435 2707 607 2749 refusus
625 2706 806 2759 pectori.

1082 290 1153 339 Os,
1172 290 1328 340 lingua,
1348 303 1483 339 mens,
1503 303 1667 339 sensus,
1687 291 1811 340 vigor

1131 346 1462 387 Confessionem
1481 348 1731 399 personent,

1130 402 1423 443 Flammescat
1441 403 1540 452 igne
1561 403 1730 451 caritas,

1130 458 1358 499 Accendat
1377 458 1508 499 ardor
1527 459 1764 511 proximos,

1087 541 1255 590 l’raesta,
1274 541 1405 581 Pater
1424 540 1629 592 piissime,

1129 597 1337 648 Patrique
1358 609 1538 648 compar
1556 597 1704 646 Unice,

1131 653 1240 693 Cum
1260 652 1423 704 Spiritu
1442 653 1660 694 Paraclito

1130 710 1338 759 Regnans
1357 721 1436 760 per
1456 721 1585 749 omne
1605 709 1824 750 saeculum.

1338 765 1491 805 Amen.

1080 842 1129 881 In
1160 841 1286 881 Dom.
1320 853 1398 892 per
1428 840 1613 880 Annum.
1652 842 1750 881 Ant.
1784 839 1853 880 Al-

1025 896 1164 947 leluja.

1078 971 1128 1009 In
1169 969 1305 1010 feriali
1348 971 1505 1011 Officio
1552 984 1631 1022 per
1670 972 1853 1012 Annum.

1027 1027 1127 1067 Ant.
1155 1023 1310 1065 Deduc
1329 1036 1409 1064 me.

1341 1117 1547 1158 Psalmus.

1064 1192 1131 1241 gig}
1146 1198 1270 1236 egem
1290 1197 1405 1236 pone
1420 1183 1525 1224 mihi
1539 1183 1727 1225 Domine
1743 1185 1857 1225 viam

1038 1239 1040 1241 ’
1066 1240 1133 1270 ⁷³³²*-
1163 1241 1518 1293 justificationum
1550 1242 1739 1284 tuarum:
1762 1242 1785 1266 *
1814 1245 1857 1282 et

1063 1289 1083 1316 h
1163 1299 1389 1349 exquiram
1410 1310 1506 1338 eam
1525 1310 1709 1350 semper.

1079 1358 1148 1398 Da
1175 1357 1281 1398 mihi
1308 1358 1592 1408 intellectum,
1623 1363 1666 1399 et
1694 1359 1856 1398 scruta-

1027 1414 1110 1455 bor
1142 1414 1284 1464 legem
1317 1419 1453 1455 tuam:
1480 1415 1503 1440 *
1537 1420 1580 1456 et
1612 1413 1857 1456 custodiam

1027 1470 1146 1512 illam
1166 1471 1210 1510 in
1230 1475 1325 1511 toto
1347 1471 1481 1512 corde
1501 1484 1611 1512 meo.

1080 1526 1236 1568 Deduc
1255 1539 1325 1568 me
1345 1527 1388 1567 in
1413 1527 1612 1568 semitam
1631 1525 1856 1566 mandato-

1028 1596 1125 1624 rum
1144 1585 1336 1624 tuorum:
1355 1584 1378 1608 *
1400 1584 1501 1635 quia
1519 1583 1661 1635 ipsam
1681 1582 1809 1622 volui.

1080 1639 1247 1680 Inclina
1271 1652 1347 1680 cor
1372 1652 1517 1680 meum
1541 1640 1585 1679 in
1608 1638 1857 1680 testimonia

1027 1700 1117 1736 tua:
1137 1696 1160 1720 *
1181 1700 1224 1736 et
1242 1708 1330 1736 non
1349 1696 1392 1735 in
1413 1695 1650 1736 avaritiam.

1080 1751 1245 1792 Averte
1271 1752 1424 1792 oculos
1447 1764 1573 1792 meos
1602 1764 1656 1791 ne
1681 1749 1857 1791 videant

1029 1808 1280 1848 vanitatem:
1300 1808 1322 1833 *
1342 1808 1386 1847 in
1404 1808 1475 1848 via
1492 1812 1568 1848 tua
1587 1806 1759 1847 vivifica
1775 1819 1856 1846 me.

1080 1864 1233 1905 Statue
1249 1876 1377 1904 servo
1393 1868 1470 1905 tuo
1487 1863 1709 1915 eloquium
1724 1867 1857 1910 tuum,

1028 1921 1052 1946 *
1071 1920 1115 1960 in
1134 1920 1292 1961 timore
1311 1924 1400 1961 tuo.

1081 1976 1276 2028 Amputa
1284 1976 1573 2028 opprobrium
1580 1988 1725 2016 meum
1739 1973 1858 2025 quod

1029 2033 1277 2085 suspicatus
1301 2045 1412 2073 sum:
1431 2033 1454 2058 *
1479 2032 1579 2084 quia
1602 2030 1759 2083 judicia
1783 2034 1857 2070 tua

1028 2088 1227 2140 jucunda.

1081 2146 1198 2186 Ecce
1227 2145 1458 2196 concupivi
1485 2143 1693 2184 mandata
1720 2146 1809 2182 tua:
1834 2142 1857 2166 *

1028 2202 1073 2242 in
1094 2201 1302 2252 aequitate
1321 2205 1396 2241 tua
1415 2200 1589 2240 vivifica
1607 2213 1688 2241 me.

1080 2258 1137 2298 Et
1154 2257 1300 2297 veniat
1319 2269 1451 2308 super
1469 2268 1539 2296 me
1558 2255 1857 2297 misericordia

1028 2318 1104 2354 tua
1136 2313 1340 2353 Domine:
1364 2313 1387 2337 *
1413 2311 1604 2352 salutare
1637 2316 1761 2352 tuum
1794 2324 1856 2352 se-

1029 2369 1221 2410 cundum
1241 2368 1464 2419 eloquium
1483 2372 1617 2408 tuum.

1081 2426 1137 2466 Et
1172 2422 1452 2476 respondebo
1490 2423 1856 2475 exprobrantibus

1028 2481 1133 2522 mihi
1152 2479 1349 2521 verbum:
1363 2480 1387 2504 *
1404 2479 1504 2531 quia
1524 2480 1698 2531 speravi
1712 2479 1755 2520 in
1771 2491 1855 2520 ser-

1028 2537 1231 2578 monibus
1250 2535 1347 2576 tuis.

1080 2594 1136 2633 Et
1163 2605 1218 2632 ne
1246 2590 1418 2631 auferas
1447 2590 1502 2631 de
1530 2603 1606 2631 ore
1634 2603 1733 2632 meo
1764 2603 1854 2631 ver—

1028 2650 1132 2691 bum
1149 2646 1344 2689 veritatis
1361 2648 1692 2698 usquequaque:
1711 2647 1734 2672 *
1755 2646 1855 2698 quia

1028 2707 1071 2746 in
1091 2703 1257 2755 judiciis
1276 2702 1362 2743 tuis
1381 2702 1698 2755 supersperavi.
