<?xml version="1.0" encoding="UTF-8"?>
<!DOCTYPE html PUBLIC "-//W3C//DTD XHTML 1.0 Transitional//EN"
    "http://www.w3.org/TR/xhtml1/DTD/xhtml1-transitional.dtd">
<html xmlns="http://www.w3.org/1999/xhtml" xml:lang="en" lang="en">
 <head>
  <title>
</title>
<meta http-equiv="Content-Type" content="text/html;charset=utf-8" />
  <meta name='ocr-system' content='tesseract 3.04.00' />
  <meta name='ocr-capabilities' content='ocr_page ocr_carea ocr_par ocr_line ocrx_word'/>
</head>
<body>
  <div class='ocr_page' id='page_1' title='image "./p4breviariumroma00cathuoft_0548.png"; bbox 0 0 2040 2944; ppageno 0'>
   <div class='ocr_carea' id='block_1_1' title="bbox 665 177 1402 221">
    <p class='ocr_par' dir='ltr' id='par_1_1' title="bbox 665 177 1402 221">
     <span class='ocr_line' id='line_1_1' title="bbox 665 177 1402 221; baseline -0.001 -10"><span class='ocrx_word' id='word_1_1' title='bbox 665 180 875 213; x_wconf 78' lang='lat' dir='ltr'>Commune</span> <span class='ocrx_word' id='word_1_2' title='bbox 902 178 1155 220; x_wconf 83' lang='lat' dir='ltr'>plurimorum</span> <span class='ocrx_word' id='word_1_3' title='bbox 1182 177 1402 221; x_wconf 74' lang='lat' dir='ltr'><strong>Martyrum.</strong></span> 
     </span>
    </p>
   </div>
   <div class='ocr_carea' id='block_1_2' title="bbox 170 275 1012 2537">
    <p class='ocr_par' dir='ltr' id='par_1_2' title="bbox 190 275 1006 524">
     <span class='ocr_line' id='line_1_2' title="bbox 277 275 905 323; baseline -0.008 -2"><span class='ocrx_word' id='word_1_4' title='bbox 277 280 465 323; x_wconf 84' lang='lat' dir='ltr'>Ilomilia</span> <span class='ocrx_word' id='word_1_5' title='bbox 485 276 750 320; x_wconf 83' lang='lat' dir='ltr'>venerabilis</span> <span class='ocrx_word' id='word_1_6' title='bbox 767 275 905 317; x_wconf 84' lang='lat' dir='ltr'>Bedae</span> 
     </span>
     <span class='ocr_line' id='line_1_3' title="bbox 456 333 723 386; baseline -0.011 -9"><span class='ocrx_word' id='word_1_7' title='bbox 456 333 723 386; x_wconf 73' lang='lat' dir='ltr'><strong>Presbyteri.</strong></span> 
     </span>
     <span class='ocr_line' id='line_1_4' title="bbox 322 408 853 450; baseline -0.002 -8"><span class='ocrx_word' id='word_1_8' title='bbox 322 410 398 443; x_wconf 75' lang='lat' dir='ltr'>Lib.</span> <span class='ocrx_word' id='word_1_9' title='bbox 418 410 446 442; x_wconf 73' lang='lat'>4.</span> <span class='ocrx_word' id='word_1_10' title='bbox 466 409 502 442; x_wconf 83' lang='lat' dir='ltr'>in</span> <span class='ocrx_word' id='word_1_11' title='bbox 522 409 675 442; x_wconf 81' lang='lat' dir='ltr'>Lucam.</span> <span class='ocrx_word' id='word_1_12' title='bbox 702 418 783 450; x_wconf 79' lang='lat' dir='ltr'>cap.</span> <span class='ocrx_word' id='word_1_13' title='bbox 802 408 853 441; x_wconf 77' lang='lat'>52.</span> 
     </span>
     <span class='ocr_line' id='line_1_5' title="bbox 190 461 1006 524; baseline -0.007 -16"><span class='ocrx_word' id='word_1_14' title='bbox 190 474 330 524; x_wconf 45' lang='lat' dir='ltr'>‘gfjffie</span> <span class='ocrx_word' id='word_1_15' title='bbox 371 465 457 507; x_wconf 93' lang='lat' dir='ltr'>hoc</span> <span class='ocrx_word' id='word_1_16' title='bbox 501 464 717 505; x_wconf 84' lang='lat' dir='ltr'>fermento</span> <span class='ocrx_word' id='word_1_17' title='bbox 760 461 1006 514; x_wconf 90' lang='lat' dir='ltr'>Apostolus</span> 
     </span>
    </p>

    <p class='ocr_par' dir='ltr' id='par_1_3' title="bbox 170 519 1010 1422">
     <span class='ocr_line' id='line_1_6' title="bbox 211 519 1007 575; baseline -0.008 -11.008"><span class='ocrx_word' id='word_1_18' title='bbox 211 544 298 570; x_wconf 35' lang='grc' dir='ltr'><em>κ</em></span> <span class='ocrx_word' id='word_1_19' title='bbox 330 521 547 575; x_wconf 76' lang='lat' dir='ltr'>praecipit:</span> <span class='ocrx_word' id='word_1_20' title='bbox 583 521 740 572; x_wconf 85' lang='lat' dir='ltr'>Itaque</span> <span class='ocrx_word' id='word_1_21' title='bbox 768 519 1007 571; x_wconf 89' lang='lat' dir='ltr'>epulemur,</span> 
     </span>
     <span class='ocr_line' id='line_1_7' title="bbox 178 575 1007 624; baseline -0.007 -3"><span class='ocrx_word' id='word_1_22' title='bbox 178 580 188 606; x_wconf 64' lang='lat' dir='ltr'><em>s</em></span> <span class='ocrx_word' id='word_1_23' title='bbox 209 580 298 606; x_wconf 96' lang='lat' dir='ltr'><em>A</em></span> <span class='ocrx_word' id='word_1_24' title='bbox 331 591 419 620; x_wconf 92' lang='lat' dir='ltr'>non</span> <span class='ocrx_word' id='word_1_25' title='bbox 441 579 485 619; x_wconf 92' lang='lat' dir='ltr'>in</span> <span class='ocrx_word' id='word_1_26' title='bbox 509 578 724 619; x_wconf 88' lang='lat' dir='ltr'>fermento</span> <span class='ocrx_word' id='word_1_27' title='bbox 747 575 902 624; x_wconf 89' lang='lat' dir='ltr'>veteri,</span> <span class='ocrx_word' id='word_1_28' title='bbox 935 587 1007 616; x_wconf 95' lang='lat' dir='ltr'>ne-</span> 
     </span>
     <span class='ocr_line' id='line_1_8' title="bbox 173 632 1007 688; baseline -0.007 -11"><span class='ocrx_word' id='word_1_29' title='bbox 173 649 257 688; x_wconf 89' lang='lat' dir='ltr'>que</span> <span class='ocrx_word' id='word_1_30' title='bbox 280 636 324 676; x_wconf 91' lang='lat' dir='ltr'>in</span> <span class='ocrx_word' id='word_1_31' title='bbox 348 635 563 677; x_wconf 86' lang='lat' dir='ltr'>fermento</span> <span class='ocrx_word' id='word_1_32' title='bbox 587 632 766 674; x_wconf 83' lang='lat' dir='ltr'>malitiae</span> <span class='ocrx_word' id='word_1_33' title='bbox 792 637 836 673; x_wconf 93' lang='lat' dir='ltr'>et</span> <span class='ocrx_word' id='word_1_34' title='bbox 858 633 1007 683; x_wconf 93' lang='lat' dir='ltr'>nequi-</span> 
     </span>
     <span class='ocr_line' id='line_1_9' title="bbox 170 688 1008 742; baseline -0.007 -8"><span class='ocrx_word' id='word_1_35' title='bbox 170 693 261 742; x_wconf 86' lang='lat' dir='ltr'>tiae,</span> <span class='ocrx_word' id='word_1_36' title='bbox 295 691 375 734; x_wconf 90' lang='lat' dir='ltr'>sed</span> <span class='ocrx_word' id='word_1_37' title='bbox 402 692 447 732; x_wconf 90' lang='lat' dir='ltr'>in</span> <span class='ocrx_word' id='word_1_38' title='bbox 476 690 642 742; x_wconf 85' lang='lat' dir='ltr'>azymis</span> <span class='ocrx_word' id='word_1_39' title='bbox 671 688 934 730; x_wconf 63' lang='lat' dir='ltr'>sinceritatis</span> <span class='ocrx_word' id='word_1_40' title='bbox 965 692 1008 729; x_wconf 87' lang='lat' dir='ltr'>et</span> 
     </span>
     <span class='ocr_line' id='line_1_10' title="bbox 171 744 1007 791; baseline -0.007 -1"><span class='ocrx_word' id='word_1_41' title='bbox 171 749 380 791; x_wconf 87' lang='lat' dir='ltr'>veritatis.</span> <span class='ocrx_word' id='word_1_42' title='bbox 414 748 530 789; x_wconf 93' lang='lat' dir='ltr'>Nam</span> <span class='ocrx_word' id='word_1_43' title='bbox 551 747 663 788; x_wconf 91' lang='lat' dir='ltr'>sicut</span> <span class='ocrx_word' id='word_1_44' title='bbox 684 745 908 786; x_wconf 88' lang='lat' dir='ltr'>modicum</span> <span class='ocrx_word' id='word_1_45' title='bbox 927 744 1007 785; x_wconf 92' lang='lat' dir='ltr'>fer-</span> 
     </span>
     <span class='ocr_line' id='line_1_11' title="bbox 170 801 1007 853; baseline -0.007 -6"><span class='ocrx_word' id='word_1_46' title='bbox 170 807 366 847; x_wconf 87' lang='lat' dir='ltr'>mentum</span> <span class='ocrx_word' id='word_1_47' title='bbox 385 810 526 846; x_wconf 90' lang='lat' dir='ltr'>totam</span> <span class='ocrx_word' id='word_1_48' title='bbox 542 804 704 852; x_wconf 80' lang='lat' dir='ltr'>farinae,</span> <span class='ocrx_word' id='word_1_49' title='bbox 726 802 796 843; x_wconf 92' lang='lat' dir='ltr'>cui</span> <span class='ocrx_word' id='word_1_50' title='bbox 809 801 1007 853; x_wconf 90' lang='lat' dir='ltr'>injicitur,</span> 
     </span>
     <span class='ocr_line' id='line_1_12' title="bbox 171 859 1008 913; baseline -0.007 -9"><span class='ocrx_word' id='word_1_51' title='bbox 171 875 362 904; x_wconf 83' lang='lat' dir='ltr'>massam</span> <span class='ocrx_word' id='word_1_52' title='bbox 383 860 641 913; x_wconf 80' lang='lat' dir='ltr'>corrumpit,</span> <span class='ocrx_word' id='word_1_53' title='bbox 669 859 1008 910; x_wconf 65' lang='lat' dir='ltr'>universamque</span> 
     </span>
     <span class='ocr_line' id='line_1_13' title="bbox 171 915 1009 970; baseline -0.008 -9"><span class='ocrx_word' id='word_1_54' title='bbox 171 932 277 961; x_wconf 83' lang='lat' dir='ltr'>mox</span> <span class='ocrx_word' id='word_1_55' title='bbox 319 917 681 970; x_wconf 90' lang='lat' dir='ltr'>conspersionem</span> <span class='ocrx_word' id='word_1_56' title='bbox 726 928 806 957; x_wconf 93' lang='lat' dir='ltr'>suo</span> <span class='ocrx_word' id='word_1_57' title='bbox 849 915 1009 966; x_wconf 90' lang='lat' dir='ltr'>sapore</span> 
     </span>
     <span class='ocr_line' id='line_1_14' title="bbox 174 970 1008 1017; baseline -0.007 0"><span class='ocrx_word' id='word_1_58' title='bbox 174 974 481 1017; x_wconf 89' lang='lat' dir='ltr'>commaculat:</span> <span class='ocrx_word' id='word_1_59' title='bbox 515 973 578 1014; x_wconf 92' lang='lat' dir='ltr'>sic</span> <span class='ocrx_word' id='word_1_60' title='bbox 605 973 809 1014; x_wconf 92' lang='lat' dir='ltr'>nimirum</span> <span class='ocrx_word' id='word_1_61' title='bbox 836 970 1008 1012; x_wconf 85' lang='lat' dir='ltr'>simula-</span> 
     </span>
     <span class='ocr_line' id='line_1_15' title="bbox 172 1027 1009 1084; baseline -0.007 -9"><span class='ocrx_word' id='word_1_62' title='bbox 172 1033 250 1083; x_wconf 85' lang='lat' dir='ltr'>tio,</span> <span class='ocrx_word' id='word_1_63' title='bbox 280 1032 401 1084; x_wconf 87' lang='lat' dir='ltr'>cujus</span> <span class='ocrx_word' id='word_1_64' title='bbox 423 1030 560 1072; x_wconf 90' lang='lat' dir='ltr'>semel</span> <span class='ocrx_word' id='word_1_65' title='bbox 581 1030 772 1071; x_wconf 89' lang='lat' dir='ltr'>animum</span> <span class='ocrx_word' id='word_1_66' title='bbox 792 1027 1009 1077; x_wconf 79' lang='lat' dir='ltr'>imbuerit,</span> 
     </span>
     <span class='ocr_line' id='line_1_16' title="bbox 174 1084 1009 1131; baseline -0.008 0"><span class='ocrx_word' id='word_1_67' title='bbox 174 1094 268 1131; x_wconf 89' lang='lat' dir='ltr'>tota</span> <span class='ocrx_word' id='word_1_68' title='bbox 302 1089 513 1130; x_wconf 84' lang='lat' dir='ltr'>virtutum</span> <span class='ocrx_word' id='word_1_69' title='bbox 544 1086 797 1128; x_wconf 89' lang='lat' dir='ltr'>sinceritate</span> <span class='ocrx_word' id='word_1_70' title='bbox 826 1090 869 1126; x_wconf 92' lang='lat' dir='ltr'>et</span> <span class='ocrx_word' id='word_1_71' title='bbox 900 1084 1009 1125; x_wconf 90' lang='lat' dir='ltr'>veri-</span> 
     </span>
     <span class='ocr_line' id='line_1_17' title="bbox 172 1143 1010 1193; baseline -0.008 -5"><span class='ocrx_word' id='word_1_72' title='bbox 172 1148 264 1188; x_wconf 89' lang='lat' dir='ltr'>tate</span> <span class='ocrx_word' id='word_1_73' title='bbox 295 1143 527 1186; x_wconf 85' lang='lat' dir='ltr'>fraudabit.</span> <span class='ocrx_word' id='word_1_74' title='bbox 585 1144 665 1185; x_wconf 89' lang='lat' dir='ltr'>Est</span> <span class='ocrx_word' id='word_1_75' title='bbox 697 1155 802 1193; x_wconf 85' lang='lat' dir='ltr'>ergo</span> <span class='ocrx_word' id='word_1_76' title='bbox 837 1154 1010 1183; x_wconf 91' lang='lat' dir='ltr'>sensus:</span> 
     </span>
     <span class='ocr_line' id='line_1_18' title="bbox 173 1197 1010 1244; baseline -0.007 0"><span class='ocrx_word' id='word_1_77' title='bbox 173 1201 403 1244; x_wconf 83' lang='lat' dir='ltr'>Attendite</span> <span class='ocrx_word' id='word_1_78' title='bbox 427 1213 482 1242; x_wconf 93' lang='lat' dir='ltr'>ne</span> <span class='ocrx_word' id='word_1_79' title='bbox 502 1199 767 1241; x_wconf 77' lang='lat' dir='ltr'>aemulemini</span> <span class='ocrx_word' id='word_1_80' title='bbox 789 1197 1010 1239; x_wconf 90' lang='lat' dir='ltr'>simulato-</span> 
     </span>
     <span class='ocr_line' id='line_1_19' title="bbox 174 1256 1010 1310; baseline -0.007 -9"><span class='ocrx_word' id='word_1_81' title='bbox 174 1272 259 1309; x_wconf 91' lang='lat' dir='ltr'>res,</span> <span class='ocrx_word' id='word_1_82' title='bbox 294 1258 395 1310; x_wconf 90' lang='lat' dir='ltr'>quia</span> <span class='ocrx_word' id='word_1_83' title='bbox 423 1257 568 1299; x_wconf 91' lang='lat' dir='ltr'>veniet</span> <span class='ocrx_word' id='word_1_84' title='bbox 595 1256 797 1309; x_wconf 88' lang='lat' dir='ltr'>profecto</span> <span class='ocrx_word' id='word_1_85' title='bbox 823 1260 1010 1307; x_wconf 89' lang='lat' dir='ltr'>tempus,</span> 
     </span>
     <span class='ocr_line' id='line_1_20' title="bbox 173 1311 1010 1368; baseline -0.006 -12"><span class='ocrx_word' id='word_1_86' title='bbox 173 1316 217 1356; x_wconf 90' lang='lat' dir='ltr'>in</span> <span class='ocrx_word' id='word_1_87' title='bbox 251 1328 339 1368; x_wconf 91' lang='lat' dir='ltr'>quo</span> <span class='ocrx_word' id='word_1_88' title='bbox 373 1319 417 1356; x_wconf 93' lang='lat' dir='ltr'>et</span> <span class='ocrx_word' id='word_1_89' title='bbox 449 1318 597 1355; x_wconf 90' lang='lat' dir='ltr'>vestra</span> <span class='ocrx_word' id='word_1_90' title='bbox 624 1313 763 1354; x_wconf 90' lang='lat' dir='ltr'>virtus</span> <span class='ocrx_word' id='word_1_91' title='bbox 797 1311 1010 1360; x_wconf 90' lang='lat' dir='ltr'>omnibus,</span> 
     </span>
     <span class='ocr_line' id='line_1_21' title="bbox 175 1368 906 1422; baseline -0.008 -8"><span class='ocrx_word' id='word_1_92' title='bbox 175 1378 218 1414; x_wconf 92' lang='lat' dir='ltr'>et</span> <span class='ocrx_word' id='word_1_93' title='bbox 238 1374 391 1414; x_wconf 91' lang='lat' dir='ltr'>eorum</span> <span class='ocrx_word' id='word_1_94' title='bbox 409 1370 628 1412; x_wconf 87' lang='lat' dir='ltr'>reveletur</span> <span class='ocrx_word' id='word_1_95' title='bbox 647 1368 906 1422; x_wconf 88' lang='lat' dir='ltr'>hypocrisis.</span> 
     </span>
    </p>

    <p class='ocr_par' dir='ltr' id='par_1_4' title="bbox 174 1428 1010 1824">
     <span class='ocr_line' id='line_1_22' title="bbox 227 1428 1010 1484; baseline -0.004 -13"><span class='ocrx_word' id='word_1_96' title='bbox 227 1434 277 1483; x_wconf 66' lang='lat' dir='ltr'>R.</span> <span class='ocrx_word' id='word_1_97' title='bbox 293 1433 484 1484; x_wconf 87' lang='lat' dir='ltr'>Propter</span> <span class='ocrx_word' id='word_1_98' title='bbox 498 1432 811 1473; x_wconf 85' lang='lat' dir='ltr'>testamentum</span> <span class='ocrx_word' id='word_1_99' title='bbox 820 1428 1010 1477; x_wconf 90' lang='lat' dir='ltr'>Domini,</span> 
     </span>
     <span class='ocr_line' id='line_1_23' title="bbox 176 1485 1010 1541; baseline -0.007 -10"><span class='ocrx_word' id='word_1_100' title='bbox 176 1494 219 1531; x_wconf 88' lang='lat' dir='ltr'>et</span> <span class='ocrx_word' id='word_1_101' title='bbox 242 1489 363 1541; x_wconf 86' lang='lat' dir='ltr'>leges</span> <span class='ocrx_word' id='word_1_102' title='bbox 390 1490 613 1541; x_wconf 83' lang='lat' dir='ltr'>paternas,</span> <span class='ocrx_word' id='word_1_103' title='bbox 643 1486 783 1528; x_wconf 89' lang='lat' dir='ltr'>sancti</span> <span class='ocrx_word' id='word_1_104' title='bbox 806 1485 891 1527; x_wconf 92' lang='lat' dir='ltr'>Dei</span> <span class='ocrx_word' id='word_1_105' title='bbox 914 1497 1010 1538; x_wconf 92' lang='lat' dir='ltr'>per-</span> 
     </span>
     <span class='ocr_line' id='line_1_24' title="bbox 175 1542 1006 1588; baseline -0.006 -1"><span class='ocrx_word' id='word_1_106' title='bbox 175 1546 379 1588; x_wconf 88' lang='lat' dir='ltr'>stiterunt</span> <span class='ocrx_word' id='word_1_107' title='bbox 410 1545 454 1585; x_wconf 92' lang='lat' dir='ltr'>in</span> <span class='ocrx_word' id='word_1_108' title='bbox 483 1546 633 1585; x_wconf 91' lang='lat' dir='ltr'>amore</span> <span class='ocrx_word' id='word_1_109' title='bbox 662 1542 962 1584; x_wconf 65' lang='lat' dir='ltr'>fraternitatis:</span> <span class='ocrx_word' id='word_1_110' title='bbox 984 1542 1006 1565; x_wconf 88' lang='lat'>*</span> 
     </span>
     <span class='ocr_line' id='line_1_25' title="bbox 176 1598 1009 1665; baseline -0.007 -21"><span class='ocrx_word' id='word_1_111' title='bbox 176 1603 288 1652; x_wconf 84' lang='lat' dir='ltr'>Quia</span> <span class='ocrx_word' id='word_1_112' title='bbox 314 1614 427 1643; x_wconf 92' lang='lat' dir='ltr'>unus</span> <span class='ocrx_word' id='word_1_113' title='bbox 455 1601 534 1642; x_wconf 87' lang='lat' dir='ltr'>fuit</span> <span class='ocrx_word' id='word_1_114' title='bbox 562 1613 738 1665; x_wconf 83' lang='lat' dir='ltr'>semper</span> <span class='ocrx_word' id='word_1_115' title='bbox 763 1599 942 1652; x_wconf 91' lang='lat' dir='ltr'>spiritus</span> <span class='ocrx_word' id='word_1_116' title='bbox 966 1598 1009 1638; x_wconf 92' lang='lat' dir='ltr'>in</span> 
     </span>
     <span class='ocr_line' id='line_1_26' title="bbox 176 1656 1010 1708; baseline -0.006 -8"><span class='ocrx_word' id='word_1_117' title='bbox 176 1659 256 1708; x_wconf 91' lang='lat' dir='ltr'>eis,</span> <span class='ocrx_word' id='word_1_118' title='bbox 294 1663 338 1700; x_wconf 95' lang='lat' dir='ltr'>et</span> <span class='ocrx_word' id='word_1_119' title='bbox 364 1671 451 1700; x_wconf 90' lang='lat' dir='ltr'>una</span> <span class='ocrx_word' id='word_1_120' title='bbox 478 1657 601 1699; x_wconf 91' lang='lat' dir='ltr'>fides.</span> <span class='ocrx_word' id='word_1_121' title='bbox 644 1657 694 1703; x_wconf 67' lang='lat' dir='ltr'>Y.</span> <span class='ocrx_word' id='word_1_122' title='bbox 733 1656 850 1697; x_wconf 92' lang='lat' dir='ltr'>Ecce</span> <span class='ocrx_word' id='word_1_123' title='bbox 879 1668 1010 1707; x_wconf 90' lang='lat' dir='ltr'>quam</span> 
     </span>
     <span class='ocr_line' id='line_1_27' title="bbox 174 1715 1010 1770; baseline -0.005 -9"><span class='ocrx_word' id='word_1_124' title='bbox 174 1719 340 1761; x_wconf 92' lang='lat' dir='ltr'>bonum</span> <span class='ocrx_word' id='word_1_125' title='bbox 355 1723 399 1760; x_wconf 91' lang='lat' dir='ltr'>et</span> <span class='ocrx_word' id='word_1_126' title='bbox 415 1731 546 1770; x_wconf 87' lang='lat' dir='ltr'>quam</span> <span class='ocrx_word' id='word_1_127' title='bbox 560 1716 797 1770; x_wconf 70' lang='lat' dir='ltr'>jucandum</span> <span class='ocrx_word' id='word_1_128' title='bbox 808 1715 1010 1758; x_wconf 89' lang='lat' dir='ltr'>habitare</span> 
     </span>
     <span class='ocr_line' id='line_1_28' title="bbox 174 1774 841 1824; baseline -0.003 -8"><span class='ocrx_word' id='word_1_129' title='bbox 174 1776 332 1818; x_wconf 91' lang='lat' dir='ltr'>fratres</span> <span class='ocrx_word' id='word_1_130' title='bbox 351 1775 395 1816; x_wconf 91' lang='lat' dir='ltr'>in</span> <span class='ocrx_word' id='word_1_131' title='bbox 413 1788 558 1816; x_wconf 91' lang='lat' dir='ltr'>unum.</span> <span class='ocrx_word' id='word_1_132' title='bbox 587 1774 700 1824; x_wconf 83' lang='lat' dir='ltr'>Quia</span> <span class='ocrx_word' id='word_1_133' title='bbox 718 1786 841 1815; x_wconf 93' lang='lat' dir='ltr'>unus.</span> 
     </span>
    </p>

    <p class='ocr_par' dir='ltr' id='par_1_5' title="bbox 462 1849 720 1890">
     <span class='ocr_line' id='line_1_29' title="bbox 462 1849 720 1890; baseline -0.004 -2"><span class='ocrx_word' id='word_1_134' title='bbox 462 1849 615 1890; x_wconf 85' lang='lat' dir='ltr'>Lectio</span> <span class='ocrx_word' id='word_1_135' title='bbox 636 1849 720 1889; x_wconf 75' lang='lat' dir='ltr'>viii.</span> 
     </span>
    </p>

    <p class='ocr_par' dir='ltr' id='par_1_6' title="bbox 175 1912 1011 2019">
     <span class='ocr_line' id='line_1_30' title="bbox 175 1912 1011 2019; baseline -0.006 -53"><span class='ocrx_word' id='word_1_136' title='bbox 175 1912 391 2019; x_wconf 89' lang='lat' dir='ltr'>Verum</span> <span class='ocrx_word' id='word_1_137' title='bbox 412 1923 532 1976; x_wconf 92' lang='lat' dir='ltr'>quod</span> <span class='ocrx_word' id='word_1_138' title='bbox 552 1922 764 1974; x_wconf 87' lang='lat' dir='ltr'>sequitur:</span> <span class='ocrx_word' id='word_1_139' title='bbox 793 1920 1011 1971; x_wconf 88' lang='lat' dir='ltr'>Quoniam</span> 
     </span>
    </p>

    <p class='ocr_par' dir='ltr' id='par_1_7' title="bbox 174 1976 1012 2537">
     <span class='ocr_line' id='line_1_31' title="bbox 281 1976 1010 2034; baseline -0.007 -12"><span class='ocrx_word' id='word_1_140' title='bbox 281 1994 380 2034; x_wconf 87' lang='lat' dir='ltr'>quae</span> <span class='ocrx_word' id='word_1_141' title='bbox 399 1981 443 2021; x_wconf 93' lang='lat' dir='ltr'>in</span> <span class='ocrx_word' id='word_1_142' title='bbox 462 1979 655 2022; x_wconf 87' lang='lat' dir='ltr'>tenebris</span> <span class='ocrx_word' id='word_1_143' title='bbox 676 1978 862 2028; x_wconf 78' lang='lat' dir='ltr'>dixistis,</span> <span class='ocrx_word' id='word_1_144' title='bbox 885 1977 929 2018; x_wconf 91' lang='lat' dir='ltr'>in</span> <span class='ocrx_word' id='word_1_145' title='bbox 948 1976 1010 2018; x_wconf 83' lang='lat' dir='ltr'>lu-</span> 
     </span>
     <span class='ocr_line' id='line_1_32' title="bbox 174 2033 1010 2079; baseline -0.006 0"><span class='ocrx_word' id='word_1_146' title='bbox 174 2037 291 2079; x_wconf 91' lang='lat' dir='ltr'>mine</span> <span class='ocrx_word' id='word_1_147' title='bbox 321 2036 534 2079; x_wconf 87' lang='lat' dir='ltr'>dicentur:</span> <span class='ocrx_word' id='word_1_148' title='bbox 576 2048 665 2077; x_wconf 92' lang='lat' dir='ltr'>non</span> <span class='ocrx_word' id='word_1_149' title='bbox 698 2034 842 2076; x_wconf 92' lang='lat' dir='ltr'>solum</span> <span class='ocrx_word' id='word_1_150' title='bbox 873 2033 918 2075; x_wconf 91' lang='lat' dir='ltr'>in</span> <span class='ocrx_word' id='word_1_151' title='bbox 949 2033 1010 2075; x_wconf 81' lang='lat' dir='ltr'>fu-</span> 
     </span>
     <span class='ocr_line' id='line_1_33' title="bbox 175 2089 1010 2146; baseline -0.006 -11"><span class='ocrx_word' id='word_1_152' title='bbox 175 2097 288 2144; x_wconf 78' lang='lat' dir='ltr'>turo,</span> <span class='ocrx_word' id='word_1_153' title='bbox 318 2093 495 2146; x_wconf 88' lang='lat' dir='ltr'>quando</span> <span class='ocrx_word' id='word_1_154' title='bbox 516 2097 673 2134; x_wconf 89' lang='lat' dir='ltr'>cuncta</span> <span class='ocrx_word' id='word_1_155' title='bbox 691 2091 891 2133; x_wconf 87' lang='lat' dir='ltr'>cordium</span> <span class='ocrx_word' id='word_1_156' title='bbox 915 2089 1010 2131; x_wconf 88' lang='lat' dir='ltr'>abs-</span> 
     </span>
     <span class='ocr_line' id='line_1_34' title="bbox 177 2146 1012 2203; baseline -0.004 -12"><span class='ocrx_word' id='word_1_157' title='bbox 177 2150 355 2192; x_wconf 82' lang='lat' dir='ltr'>condita</span> <span class='ocrx_word' id='word_1_158' title='bbox 375 2150 655 2203; x_wconf 81' lang='lat' dir='ltr'>proferentur</span> <span class='ocrx_word' id='word_1_159' title='bbox 675 2148 732 2190; x_wconf 88' lang='lat' dir='ltr'>ad</span> <span class='ocrx_word' id='word_1_160' title='bbox 750 2147 906 2197; x_wconf 91' lang='lat' dir='ltr'>lucem,</span> <span class='ocrx_word' id='word_1_161' title='bbox 931 2146 1012 2188; x_wconf 89' lang='lat' dir='ltr'>sed</span> 
     </span>
     <span class='ocr_line' id='line_1_35' title="bbox 177 2206 1011 2259; baseline -0.005 -11"><span class='ocrx_word' id='word_1_162' title='bbox 177 2212 221 2248; x_wconf 92' lang='lat' dir='ltr'>et</span> <span class='ocrx_word' id='word_1_163' title='bbox 239 2207 283 2247; x_wconf 94' lang='lat' dir='ltr'>in</span> <span class='ocrx_word' id='word_1_164' title='bbox 303 2206 511 2259; x_wconf 88' lang='lat' dir='ltr'>praesenti</span> <span class='ocrx_word' id='word_1_165' title='bbox 529 2207 730 2258; x_wconf 88' lang='lat' dir='ltr'>tempore</span> <span class='ocrx_word' id='word_1_166' title='bbox 744 2208 896 2257; x_wconf 90' lang='lat' dir='ltr'>potest</span> <span class='ocrx_word' id='word_1_167' title='bbox 911 2216 1011 2245; x_wconf 93' lang='lat' dir='ltr'>con-</span> 
     </span>
     <span class='ocr_line' id='line_1_36' title="bbox 177 2261 1011 2315; baseline -0.005 -11"><span class='ocrx_word' id='word_1_168' title='bbox 177 2265 383 2313; x_wconf 85' lang='lat' dir='ltr'>gruenter</span> <span class='ocrx_word' id='word_1_169' title='bbox 436 2262 595 2315; x_wconf 85' lang='lat' dir='ltr'>accipi:</span> <span class='ocrx_word' id='word_1_170' title='bbox 682 2261 858 2303; x_wconf 90' lang='lat' dir='ltr'>uoniam</span> <span class='ocrx_word' id='word_1_171' title='bbox 911 2272 1011 2312; x_wconf 90' lang='lat' dir='ltr'>quae</span> 
     </span>
     <span class='ocr_line' id='line_1_37' title="bbox 177 2313 1011 2367; baseline -0.005 -11"><span class='ocrx_word' id='word_1_172' title='bbox 177 2315 290 2356; x_wconf 92' lang='lat' dir='ltr'>inter</span> <span class='ocrx_word' id='word_1_173' title='bbox 313 2314 518 2356; x_wconf 83' lang='lat' dir='ltr'>tenebras</span> <span class='ocrx_word' id='word_1_174' title='bbox 540 2327 658 2367; x_wconf 94' lang='lat' dir='ltr'>quon</span> <span class='ocrx_word' id='word_1_175' title='bbox 694 2326 764 2354; x_wconf 89' lang='lat' dir='ltr'>am</span> <span class='ocrx_word' id='word_1_176' title='bbox 786 2313 1011 2365; x_wconf 87' lang='lat' dir='ltr'>pressura-</span> 
     </span>
     <span class='ocr_line' id='line_1_38' title="bbox 178 2368 1011 2424; baseline -0.004 -12"><span class='ocrx_word' id='word_1_177' title='bbox 178 2384 285 2421; x_wconf 86' lang='lat' dir='ltr'>rum,</span> <span class='ocrx_word' id='word_1_178' title='bbox 314 2375 629 2424; x_wconf 81' lang='lat' dir='ltr'>carcerumque</span> <span class='ocrx_word' id='word_1_179' title='bbox 649 2369 839 2420; x_wconf 91' lang='lat' dir='ltr'>umbras,</span> <span class='ocrx_word' id='word_1_180' title='bbox 861 2369 932 2411; x_wconf 88' lang='lat' dir='ltr'>vel</span> <span class='ocrx_word' id='word_1_181' title='bbox 949 2368 1011 2410; x_wconf 95' lang='lat' dir='ltr'>lo-</span> 
     </span>
     <span class='ocr_line' id='line_1_39' title="bbox 178 2426 1012 2480; baseline -0.002 -12"><span class='ocrx_word' id='word_1_182' title='bbox 178 2428 278 2476; x_wconf 75' lang='lat' dir='ltr'>ci&#39;iti,</span> <span class='ocrx_word' id='word_1_183' title='bbox 307 2427 378 2469; x_wconf 87' lang='lat' dir='ltr'>vel</span> <span class='ocrx_word' id='word_1_184' title='bbox 396 2428 517 2480; x_wconf 89' lang='lat' dir='ltr'>passi</span> <span class='ocrx_word' id='word_1_185' title='bbox 536 2432 637 2469; x_wconf 90' lang='lat' dir='ltr'>sunt</span> <span class='ocrx_word' id='word_1_186' title='bbox 655 2426 874 2479; x_wconf 82' lang='lat' dir='ltr'>Apostoli,</span> <span class='ocrx_word' id='word_1_187' title='bbox 896 2437 1012 2466; x_wconf 92' lang='lat' dir='ltr'>nunc</span> 
     </span>
     <span class='ocr_line' id='line_1_40' title="bbox 178 2481 1011 2537; baseline -0.002 -13"><span class='ocrx_word' id='word_1_188' title='bbox 178 2483 417 2526; x_wconf 90' lang='lat' dir='ltr'>clarificata</span> <span class='ocrx_word' id='word_1_189' title='bbox 435 2497 515 2537; x_wconf 90' lang='lat' dir='ltr'>per</span> <span class='ocrx_word' id='word_1_190' title='bbox 534 2484 688 2526; x_wconf 89' lang='lat' dir='ltr'>orbem</span> <span class='ocrx_word' id='word_1_191' title='bbox 706 2483 920 2532; x_wconf 81' lang='lat' dir='ltr'>Ecclesia,</span> <span class='ocrx_word' id='word_1_192' title='bbox 953 2481 1011 2523; x_wconf 93' lang='lat' dir='ltr'>le-</span> 
     </span>
    </p>
   </div>
   <div class='ocr_carea' id='block_1_3' title="bbox 1059 270 1902 2521">
    <p class='ocr_par' dir='ltr' id='par_1_8' title="bbox 1059 270 1898 890">
     <span class='ocr_line' id='line_1_41' title="bbox 1059 270 1894 324; baseline -0.005 -10"><span class='ocrx_word' id='word_1_193' title='bbox 1059 273 1141 315; x_wconf 89' lang='lat' dir='ltr'>ctis</span> <span class='ocrx_word' id='word_1_194' title='bbox 1169 275 1322 314; x_wconf 90' lang='lat' dir='ltr'>eorum</span> <span class='ocrx_word' id='word_1_195' title='bbox 1350 271 1537 322; x_wconf 77' lang='lat' dir='ltr'>actibuS‚</span> <span class='ocrx_word' id='word_1_196' title='bbox 1577 270 1754 324; x_wconf 82' lang='lat' dir='ltr'>publice</span> <span class='ocrx_word' id='word_1_197' title='bbox 1783 282 1894 323; x_wconf 85' lang='lat' dir='ltr'>prae-</span> 
     </span>
     <span class='ocr_line' id='line_1_42' title="bbox 1059 325 1897 378; baseline -0.005 -7"><span class='ocrx_word' id='word_1_198' title='bbox 1059 329 1272 371; x_wconf 87' lang='lat' dir='ltr'>dicantur.</span> <span class='ocrx_word' id='word_1_199' title='bbox 1300 328 1369 370; x_wconf 92' lang='lat' dir='ltr'>Ne</span> <span class='ocrx_word' id='word_1_200' title='bbox 1387 327 1640 371; x_wconf 86' lang='lat' dir='ltr'>terreamini</span> <span class='ocrx_word' id='word_1_201' title='bbox 1658 326 1713 369; x_wconf 89' lang='lat' dir='ltr'>ab</span> <span class='ocrx_word' id='word_1_202' title='bbox 1732 326 1800 368; x_wconf 92' lang='lat' dir='ltr'>his</span> <span class='ocrx_word' id='word_1_203' title='bbox 1821 325 1897 378; x_wconf 91' lang='lat' dir='ltr'>qui</span> 
     </span>
     <span class='ocr_line' id='line_1_43' title="bbox 1060 384 1896 438; baseline -0.006 -10"><span class='ocrx_word' id='word_1_204' title='bbox 1060 385 1267 428; x_wconf 87' lang='lat' dir='ltr'>occidunt</span> <span class='ocrx_word' id='word_1_205' title='bbox 1295 398 1469 438; x_wconf 90' lang='lat' dir='ltr'>corpus.</span> <span class='ocrx_word' id='word_1_206' title='bbox 1514 384 1560 426; x_wconf 92' lang='lat' dir='ltr'>Si</span> <span class='ocrx_word' id='word_1_207' title='bbox 1586 384 1896 437; x_wconf 83' lang='lat' dir='ltr'>persecutores</span> 
     </span>
     <span class='ocr_line' id='line_1_44' title="bbox 1060 439 1896 494; baseline -0.006 -10"><span class='ocrx_word' id='word_1_208' title='bbox 1060 444 1325 492; x_wconf 88' lang='lat' dir='ltr'>sanctorum,</span> <span class='ocrx_word' id='word_1_209' title='bbox 1343 441 1501 484; x_wconf 92' lang='lat' dir='ltr'>occisis</span> <span class='ocrx_word' id='word_1_210' title='bbox 1521 439 1793 494; x_wconf 86' lang='lat' dir='ltr'>corporibus,</span> <span class='ocrx_word' id='word_1_211' title='bbox 1807 451 1896 480; x_wconf 94' lang='lat' dir='ltr'>non</span> 
     </span>
     <span class='ocr_line' id='line_1_45' title="bbox 1059 494 1895 551; baseline -0.007 -10"><span class='ocrx_word' id='word_1_212' title='bbox 1059 499 1223 541; x_wconf 86' lang='lat' dir='ltr'>habent</span> <span class='ocrx_word' id='word_1_213' title='bbox 1252 499 1440 551; x_wconf 90' lang='lat' dir='ltr'>amplius</span> <span class='ocrx_word' id='word_1_214' title='bbox 1470 496 1576 550; x_wconf 85' lang='lat' dir='ltr'>quid</span> <span class='ocrx_word' id='word_1_215' title='bbox 1610 501 1765 538; x_wconf 89' lang='lat' dir='ltr'>contra</span> <span class='ocrx_word' id='word_1_216' title='bbox 1794 494 1895 536; x_wconf 92' lang='lat' dir='ltr'>illos</span> 
     </span>
     <span class='ocr_line' id='line_1_46' title="bbox 1061 551 1895 608; baseline -0.006 -11"><span class='ocrx_word' id='word_1_217' title='bbox 1061 561 1206 607; x_wconf 75' lang='lat' dir='ltr'>agant,</span> <span class='ocrx_word' id='word_1_218' title='bbox 1233 568 1339 606; x_wconf 87' lang='lat' dir='ltr'>ergo</span> <span class='ocrx_word' id='word_1_219' title='bbox 1365 555 1641 608; x_wconf 82' lang='lat' dir='ltr'>supervacua</span> <span class='ocrx_word' id='word_1_220' title='bbox 1664 552 1812 594; x_wconf 88' lang='lat' dir='ltr'>furunt</span> <span class='ocrx_word' id='word_1_221' title='bbox 1835 551 1895 592; x_wconf 90' lang='lat' dir='ltr'>in-</span> 
     </span>
     <span class='ocr_line' id='line_1_47' title="bbox 1061 610 1896 665; baseline -0.007 -11"><span class='ocrx_word' id='word_1_222' title='bbox 1061 613 1194 662; x_wconf 89' lang='lat' dir='ltr'>sania,</span> <span class='ocrx_word' id='word_1_223' title='bbox 1216 612 1289 665; x_wconf 91' lang='lat' dir='ltr'>qui</span> <span class='ocrx_word' id='word_1_224' title='bbox 1308 614 1483 653; x_wconf 90' lang='lat' dir='ltr'>mortua</span> <span class='ocrx_word' id='word_1_225' title='bbox 1500 610 1746 662; x_wconf 76' lang='lat' dir='ltr'>Martyrum</span> <span class='ocrx_word' id='word_1_226' title='bbox 1763 620 1896 650; x_wconf 86' lang='lat' dir='ltr'>mem-</span> 
     </span>
     <span class='ocr_line' id='line_1_48' title="bbox 1060 663 1898 720; baseline -0.006 -10"><span class='ocrx_word' id='word_1_227' title='bbox 1060 668 1141 710; x_wconf 89' lang='lat' dir='ltr'>bra</span> <span class='ocrx_word' id='word_1_228' title='bbox 1177 669 1281 710; x_wconf 88' lang='lat' dir='ltr'>feris</span> <span class='ocrx_word' id='word_1_229' title='bbox 1322 668 1567 720; x_wconf 74' lang='lat' dir='ltr'>avibiisque</span> <span class='ocrx_word' id='word_1_230' title='bbox 1605 663 1898 718; x_wconf 84' lang='lat' dir='ltr'>discerpenda</span> 
     </span>
     <span class='ocr_line' id='line_1_49' title="bbox 1061 720 1896 778; baseline -0.007 -11"><span class='ocrx_word' id='word_1_231' title='bbox 1061 726 1306 778; x_wconf 89' lang='lat' dir='ltr'>projiciunt,</span> <span class='ocrx_word' id='word_1_232' title='bbox 1335 738 1435 766; x_wconf 88' lang='lat' dir='ltr'>cum</span> <span class='ocrx_word' id='word_1_233' title='bbox 1459 724 1740 776; x_wconf 72' lang='lat' dir='ltr'>nequaquam</span> <span class='ocrx_word' id='word_1_234' title='bbox 1761 720 1896 763; x_wconf 90' lang='lat' dir='ltr'>omni-</span> 
     </span>
     <span class='ocr_line' id='line_1_50' title="bbox 1062 776 1896 835; baseline -0.006 -11"><span class='ocrx_word' id='word_1_235' title='bbox 1062 782 1272 835; x_wconf 81' lang='lat' dir='ltr'>potentiae</span> <span class='ocrx_word' id='word_1_236' title='bbox 1287 782 1382 831; x_wconf 92' lang='lat' dir='ltr'>Dei,</span> <span class='ocrx_word' id='word_1_237' title='bbox 1400 781 1503 834; x_wconf 93' lang='lat' dir='ltr'>quin</span> <span class='ocrx_word' id='word_1_238' title='bbox 1519 793 1571 822; x_wconf 90' lang='lat' dir='ltr'>ea</span> <span class='ocrx_word' id='word_1_239' title='bbox 1590 776 1896 821; x_wconf 86' lang='lat' dir='ltr'>resuscitando</span> 
     </span>
     <span class='ocr_line' id='line_1_51' title="bbox 1061 836 1715 890; baseline -0.006 -10"><span class='ocrx_word' id='word_1_240' title='bbox 1061 839 1264 888; x_wconf 88' lang='lat' dir='ltr'>vivificet,</span> <span class='ocrx_word' id='word_1_241' title='bbox 1293 838 1510 880; x_wconf 91' lang='lat' dir='ltr'>obsistere</span> <span class='ocrx_word' id='word_1_242' title='bbox 1534 836 1715 890; x_wconf 89' lang='lat' dir='ltr'>possint.</span> 
     </span>
    </p>

    <p class='ocr_par' dir='ltr' id='par_1_9' title="bbox 1061 891 1899 1220">
     <span class='ocr_line' id='line_1_52' title="bbox 1112 891 1897 948; baseline -0.005 -13"><span class='ocrx_word' id='word_1_243' title='bbox 1112 896 1163 948; x_wconf 69' lang='lat' dir='ltr'>R.</span> <span class='ocrx_word' id='word_1_244' title='bbox 1193 895 1341 937; x_wconf 87' lang='lat' dir='ltr'>Sancti</span> <span class='ocrx_word' id='word_1_245' title='bbox 1363 894 1460 944; x_wconf 93' lang='lat' dir='ltr'>mei,</span> <span class='ocrx_word' id='word_1_246' title='bbox 1491 894 1565 946; x_wconf 93' lang='lat' dir='ltr'>qui</span> <span class='ocrx_word' id='word_1_247' title='bbox 1589 893 1634 934; x_wconf 93' lang='lat' dir='ltr'>in</span> <span class='ocrx_word' id='word_1_248' title='bbox 1662 903 1793 934; x_wconf 92' lang='lat' dir='ltr'>carne</span> <span class='ocrx_word' id='word_1_249' title='bbox 1820 891 1897 944; x_wconf 91' lang='lat' dir='ltr'>po-</span> 
     </span>
     <span class='ocr_line' id='line_1_53' title="bbox 1063 947 1897 1003; baseline -0.006 -10"><span class='ocrx_word' id='word_1_250' title='bbox 1063 952 1150 1003; x_wconf 91' lang='lat' dir='ltr'>siti,</span> <span class='ocrx_word' id='word_1_251' title='bbox 1184 953 1408 994; x_wconf 86' lang='lat' dir='ltr'>certamen</span> <span class='ocrx_word' id='word_1_252' title='bbox 1431 949 1661 992; x_wconf 87' lang='lat' dir='ltr'>habuistis:</span> <span class='ocrx_word' id='word_1_253' title='bbox 1684 951 1707 975; x_wconf 91' lang='lat'>*</span> <span class='ocrx_word' id='word_1_254' title='bbox 1733 947 1897 989; x_wconf 84' lang='lat' dir='ltr'>Merce-</span> 
     </span>
     <span class='ocr_line' id='line_1_54' title="bbox 1065 1003 1899 1059; baseline -0.008 -8"><span class='ocrx_word' id='word_1_255' title='bbox 1065 1009 1166 1051; x_wconf 91' lang='lat' dir='ltr'>dem</span> <span class='ocrx_word' id='word_1_256' title='bbox 1210 1008 1374 1050; x_wconf 90' lang='lat' dir='ltr'>laboris</span> <span class='ocrx_word' id='word_1_257' title='bbox 1412 1020 1494 1059; x_wconf 84' lang='lat' dir='ltr'>ego</span> <span class='ocrx_word' id='word_1_258' title='bbox 1538 1006 1724 1048; x_wconf 89' lang='lat' dir='ltr'>reddam</span> <span class='ocrx_word' id='word_1_259' title='bbox 1760 1003 1899 1046; x_wconf 90' lang='lat' dir='ltr'>vobis.</span> 
     </span>
     <span class='ocr_line' id='line_1_55' title="bbox 1061 1059 1898 1111; baseline -0.01 -2"><span class='ocrx_word' id='word_1_260' title='bbox 1061 1060 1113 1111; x_wconf 61' lang='lat' dir='ltr'>Y.</span> <span class='ocrx_word' id='word_1_261' title='bbox 1150 1066 1312 1107; x_wconf 89' lang='lat' dir='ltr'>Venite</span> <span class='ocrx_word' id='word_1_262' title='bbox 1350 1063 1574 1106; x_wconf 92' lang='lat' dir='ltr'>benedicti</span> <span class='ocrx_word' id='word_1_263' title='bbox 1612 1061 1757 1104; x_wconf 89' lang='lat' dir='ltr'>Patris</span> <span class='ocrx_word' id='word_1_264' title='bbox 1800 1059 1898 1110; x_wconf 90' lang='lat' dir='ltr'>mei,</span> 
     </span>
     <span class='ocr_line' id='line_1_56' title="bbox 1064 1116 1898 1175; baseline -0.007 -11"><span class='ocrx_word' id='word_1_265' title='bbox 1064 1122 1281 1175; x_wconf 90' lang='lat' dir='ltr'>percipite</span> <span class='ocrx_word' id='word_1_266' title='bbox 1295 1134 1488 1172; x_wconf 83' lang='lat' dir='ltr'>regnum.</span> <span class='ocrx_word' id='word_1_267' title='bbox 1512 1118 1765 1161; x_wconf 88' lang='lat' dir='ltr'>Mercedem</span> <span class='ocrx_word' id='word_1_268' title='bbox 1779 1116 1898 1159; x_wconf 88' lang='lat' dir='ltr'>labo-</span> 
     </span>
     <span class='ocr_line' id='line_1_57' title="bbox 1064 1173 1899 1220; baseline -0.008 0"><span class='ocrx_word' id='word_1_269' title='bbox 1064 1179 1135 1220; x_wconf 90' lang='lat' dir='ltr'>ris.</span> <span class='ocrx_word' id='word_1_270' title='bbox 1149 1178 1305 1220; x_wconf 83' lang='lat' dir='ltr'>Gloria</span> <span class='ocrx_word' id='word_1_271' title='bbox 1314 1177 1446 1220; x_wconf 88' lang='lat' dir='ltr'>Patri.</span> <span class='ocrx_word' id='word_1_272' title='bbox 1457 1175 1710 1219; x_wconf 91' lang='lat' dir='ltr'>Mercedem</span> <span class='ocrx_word' id='word_1_273' title='bbox 1723 1173 1899 1216; x_wconf 88' lang='lat' dir='ltr'>laboris.</span> 
     </span>
    </p>

    <p class='ocr_par' dir='ltr' id='par_1_10' title="bbox 1369 1233 1594 1275">
     <span class='ocr_line' id='line_1_58' title="bbox 1369 1233 1594 1275; baseline -0.004 -1"><span class='ocrx_word' id='word_1_274' title='bbox 1369 1234 1520 1275; x_wconf 88' lang='lat' dir='ltr'>Lectio</span> <span class='ocrx_word' id='word_1_275' title='bbox 1540 1233 1594 1273; x_wconf 86' lang='lat' dir='ltr'>ix.</span> 
     </span>
    </p>

    <p class='ocr_par' dir='ltr' id='par_1_11' title="bbox 1154 1292 1898 1342">
     <span class='ocr_line' id='line_1_59' title="bbox 1154 1292 1898 1342; baseline -0.007 -9"><span class='ocrx_word' id='word_1_276' title='bbox 1154 1304 1212 1333; x_wconf 95' lang='lat' dir='ltr'>uo</span> <span class='ocrx_word' id='word_1_277' title='bbox 1233 1297 1380 1334; x_wconf 92' lang='lat' dir='ltr'>autem</span> <span class='ocrx_word' id='word_1_278' title='bbox 1399 1296 1500 1333; x_wconf 86' lang='lat' dir='ltr'>sunt</span> <span class='ocrx_word' id='word_1_279' title='bbox 1518 1292 1681 1342; x_wconf 87' lang='lat' dir='ltr'>genera</span> <span class='ocrx_word' id='word_1_280' title='bbox 1694 1299 1898 1341; x_wconf 90' lang='lat' dir='ltr'>persecu—</span> 
     </span>
    </p>

    <p class='ocr_par' dir='ltr' id='par_1_12' title="bbox 1063 1343 1902 2466">
     <span class='ocr_line' id='line_1_60' title="bbox 1177 1343 1899 1400; baseline -0.008 -10"><span class='ocrx_word' id='word_1_281' title='bbox 1177 1350 1340 1390; x_wconf 92' lang='lat' dir='ltr'>torum:</span> <span class='ocrx_word' id='word_1_282' title='bbox 1382 1361 1517 1389; x_wconf 93' lang='lat' dir='ltr'>unum</span> <span class='ocrx_word' id='word_1_283' title='bbox 1544 1346 1692 1400; x_wconf 84' lang='lat' dir='ltr'>palam</span> <span class='ocrx_word' id='word_1_284' title='bbox 1719 1343 1899 1386; x_wconf 87' lang='lat' dir='ltr'>saevien-</span> 
     </span>
     <span class='ocr_line' id='line_1_61' title="bbox 1063 1400 1899 1455; baseline -0.008 -8"><span class='ocrx_word' id='word_1_285' title='bbox 1063 1405 1191 1455; x_wconf 87' lang='lat' dir='ltr'>tium,</span> <span class='ocrx_word' id='word_1_286' title='bbox 1234 1405 1421 1446; x_wconf 83' lang='lat' dir='ltr'>alterum</span> <span class='ocrx_word' id='word_1_287' title='bbox 1447 1404 1550 1446; x_wconf 91' lang='lat' dir='ltr'>ficte</span> <span class='ocrx_word' id='word_1_288' title='bbox 1583 1400 1899 1444; x_wconf 87' lang='lat' dir='ltr'>fraudulenter-</span> 
     </span>
     <span class='ocr_line' id='line_1_62' title="bbox 1066 1459 1899 1514; baseline -0.007 -11"><span class='ocrx_word' id='word_1_289' title='bbox 1066 1474 1151 1514; x_wconf 91' lang='lat' dir='ltr'>que</span> <span class='ocrx_word' id='word_1_290' title='bbox 1175 1461 1502 1503; x_wconf 87' lang='lat' dir='ltr'>blandientium.</span> <span class='ocrx_word' id='word_1_291' title='bbox 1547 1459 1711 1501; x_wconf 87' lang='lat' dir='ltr'>Contra</span> <span class='ocrx_word' id='word_1_292' title='bbox 1735 1459 1899 1499; x_wconf 70' lang='lat' dir='ltr'>utram-</span> 
     </span>
     <span class='ocr_line' id='line_1_63' title="bbox 1066 1513 1900 1571; baseline -0.008 -11"><span class='ocrx_word' id='word_1_293' title='bbox 1066 1531 1151 1571; x_wconf 93' lang='lat' dir='ltr'>que</span> <span class='ocrx_word' id='word_1_294' title='bbox 1187 1531 1269 1560; x_wconf 93' lang='lat' dir='ltr'>nos</span> <span class='ocrx_word' id='word_1_295' title='bbox 1301 1519 1470 1559; x_wconf 91' lang='lat' dir='ltr'>munire</span> <span class='ocrx_word' id='word_1_296' title='bbox 1504 1521 1636 1569; x_wconf 89' lang='lat' dir='ltr'>atque</span> <span class='ocrx_word' id='word_1_297' title='bbox 1670 1513 1900 1556; x_wconf 83' lang='lat' dir='ltr'>instituere</span> 
     </span>
     <span class='ocr_line' id='line_1_64' title="bbox 1064 1569 1900 1625; baseline -0.007 -9"><span class='ocrx_word' id='word_1_298' title='bbox 1064 1575 1218 1616; x_wconf 82' lang='lat' dir='ltr'>volens</span> <span class='ocrx_word' id='word_1_299' title='bbox 1236 1574 1450 1623; x_wconf 85' lang='lat' dir='ltr'>Salvator,</span> <span class='ocrx_word' id='word_1_300' title='bbox 1469 1578 1512 1615; x_wconf 90' lang='lat' dir='ltr'>et</span> <span class='ocrx_word' id='word_1_301' title='bbox 1531 1585 1667 1625; x_wconf 87' lang='lat' dir='ltr'>supra</span> <span class='ocrx_word' id='word_1_302' title='bbox 1687 1570 1742 1612; x_wconf 93' lang='lat' dir='ltr'>ab</span> <span class='ocrx_word' id='word_1_303' title='bbox 1761 1569 1900 1622; x_wconf 90' lang='lat' dir='ltr'>hypo-</span> 
     </span>
     <span class='ocr_line' id='line_1_65' title="bbox 1065 1627 1901 1684; baseline -0.006 -12"><span class='ocrx_word' id='word_1_304' title='bbox 1065 1631 1167 1672; x_wconf 88' lang='lat' dir='ltr'>crisi</span> <span class='ocrx_word' id='word_1_305' title='bbox 1203 1631 1524 1684; x_wconf 88' lang='lat' dir='ltr'>pharisaeorum</span> <span class='ocrx_word' id='word_1_306' title='bbox 1565 1627 1815 1676; x_wconf 87' lang='lat' dir='ltr'>attendere,</span> <span class='ocrx_word' id='word_1_307' title='bbox 1857 1630 1901 1667; x_wconf 88' lang='lat' dir='ltr'>et</span> 
     </span>
     <span class='ocr_line' id='line_1_66' title="bbox 1064 1682 1901 1738; baseline -0.008 -9"><span class='ocrx_word' id='word_1_308' title='bbox 1064 1687 1135 1729; x_wconf 93' lang='lat' dir='ltr'>hic</span> <span class='ocrx_word' id='word_1_309' title='bbox 1175 1700 1202 1729; x_wconf 90' lang='lat' dir='ltr'>a</span> <span class='ocrx_word' id='word_1_310' title='bbox 1238 1687 1492 1729; x_wconf 89' lang='lat' dir='ltr'>carnificum</span> <span class='ocrx_word' id='word_1_311' title='bbox 1529 1685 1652 1727; x_wconf 88' lang='lat' dir='ltr'>caede</span> <span class='ocrx_word' id='word_1_312' title='bbox 1695 1682 1901 1738; x_wconf 79' lang='lat' dir='ltr'>praecipit</span> 
     </span>
     <span class='ocr_line' id='line_1_67' title="bbox 1064 1741 1901 1796; baseline -0.008 -10"><span class='ocrx_word' id='word_1_313' title='bbox 1064 1757 1152 1786; x_wconf 93' lang='lat' dir='ltr'>non</span> <span class='ocrx_word' id='word_1_314' title='bbox 1190 1745 1363 1786; x_wconf 88' lang='lat' dir='ltr'>timere:</span> <span class='ocrx_word' id='word_1_315' title='bbox 1411 1743 1513 1796; x_wconf 82' lang='lat' dir='ltr'>quia</span> <span class='ocrx_word' id='word_1_316' title='bbox 1548 1741 1755 1784; x_wconf 83' lang='lat' dir='ltr'>videlicet</span> <span class='ocrx_word' id='word_1_317' title='bbox 1796 1743 1901 1792; x_wconf 89' lang='lat' dir='ltr'>post</span> 
     </span>
     <span class='ocr_line' id='line_1_68' title="bbox 1065 1797 1902 1846; baseline -0.007 -4"><span class='ocrx_word' id='word_1_318' title='bbox 1065 1806 1254 1843; x_wconf 93' lang='lat' dir='ltr'>mortem</span> <span class='ocrx_word' id='word_1_319' title='bbox 1272 1813 1354 1842; x_wconf 94' lang='lat' dir='ltr'>nec</span> <span class='ocrx_word' id='word_1_320' title='bbox 1372 1800 1531 1842; x_wconf 91' lang='lat' dir='ltr'>horum</span> <span class='ocrx_word' id='word_1_321' title='bbox 1550 1797 1798 1846; x_wconf 84' lang='lat' dir='ltr'>crudelitas,</span> <span class='ocrx_word' id='word_1_322' title='bbox 1817 1807 1902 1837; x_wconf 93' lang='lat' dir='ltr'>nec</span> 
     </span>
     <span class='ocr_line' id='line_1_69' title="bbox 1063 1852 1899 1899; baseline -0.008 0"><span class='ocrx_word' id='word_1_323' title='bbox 1063 1857 1239 1899; x_wconf 92' lang='lat' dir='ltr'>illorum</span> <span class='ocrx_word' id='word_1_324' title='bbox 1275 1857 1422 1899; x_wconf 81' lang='lat' dir='ltr'>valeat</span> <span class='ocrx_word' id='word_1_325' title='bbox 1466 1854 1687 1897; x_wconf 90' lang='lat' dir='ltr'>simulatio</span> <span class='ocrx_word' id='word_1_326' title='bbox 1728 1852 1899 1895; x_wconf 87' lang='lat' dir='ltr'>durare.</span> 
     </span>
     <span class='ocr_line' id='line_1_70' title="bbox 1063 1911 1900 1966; baseline -0.007 -11"><span class='ocrx_word' id='word_1_327' title='bbox 1063 1914 1222 1956; x_wconf 91' lang='lat' dir='ltr'>Nonne</span> <span class='ocrx_word' id='word_1_328' title='bbox 1256 1914 1448 1966; x_wconf 92' lang='lat' dir='ltr'>quinque</span> <span class='ocrx_word' id='word_1_329' title='bbox 1476 1915 1681 1966; x_wconf 86' lang='lat' dir='ltr'>passeres</span> <span class='ocrx_word' id='word_1_330' title='bbox 1708 1911 1900 1952; x_wconf 88' lang='lat' dir='ltr'>veneunt</span> 
     </span>
     <span class='ocr_line' id='line_1_71' title="bbox 1066 1965 1899 2024; baseline -0.007 -12"><span class='ocrx_word' id='word_1_331' title='bbox 1066 1970 1302 2024; x_wconf 84' lang='lat' dir='ltr'>dipondio?</span> <span class='ocrx_word' id='word_1_332' title='bbox 1339 1971 1385 2012; x_wconf 90' lang='lat' dir='ltr'>Si</span> <span class='ocrx_word' id='word_1_333' title='bbox 1411 1968 1717 2017; x_wconf 86' lang='lat' dir='ltr'>minutissima,</span> <span class='ocrx_word' id='word_1_334' title='bbox 1747 1965 1899 2018; x_wconf 84' lang='lat' dir='ltr'>inquit,</span> 
     </span>
     <span class='ocr_line' id='line_1_72' title="bbox 1064 2024 1900 2079; baseline -0.008 -10"><span class='ocrx_word' id='word_1_335' title='bbox 1064 2027 1277 2078; x_wconf 88' lang='lat' dir='ltr'>animalia,</span> <span class='ocrx_word' id='word_1_336' title='bbox 1298 2032 1342 2069; x_wconf 93' lang='lat' dir='ltr'>et</span> <span class='ocrx_word' id='word_1_337' title='bbox 1359 2040 1458 2079; x_wconf 86' lang='lat' dir='ltr'>quae</span> <span class='ocrx_word' id='word_1_338' title='bbox 1480 2024 1678 2079; x_wconf 90' lang='lat' dir='ltr'>quolibet</span> <span class='ocrx_word' id='word_1_339' title='bbox 1696 2035 1777 2077; x_wconf 92' lang='lat' dir='ltr'>per</span> <span class='ocrx_word' id='word_1_340' title='bbox 1796 2024 1900 2063; x_wconf 76' lang='lat' dir='ltr'>aera</span> 
     </span>
     <span class='ocr_line' id='line_1_73' title="bbox 1064 2077 1900 2134; baseline -0.006 -10"><span class='ocrx_word' id='word_1_341' title='bbox 1064 2084 1263 2126; x_wconf 72' lang='lat' dir='ltr'>ferantur</span> <span class='ocrx_word' id='word_1_342' title='bbox 1291 2083 1502 2134; x_wconf 89' lang='lat' dir='ltr'>volatilia,</span> <span class='ocrx_word' id='word_1_343' title='bbox 1543 2083 1665 2123; x_wconf 91' lang='lat' dir='ltr'>Deus</span> <span class='ocrx_word' id='word_1_344' title='bbox 1699 2077 1900 2122; x_wconf 89' lang='lat' dir='ltr'>oblivisci</span> 
     </span>
     <span class='ocr_line' id='line_1_74' title="bbox 1064 2135 1900 2193; baseline -0.008 -11"><span class='ocrx_word' id='word_1_345' title='bbox 1064 2153 1152 2182; x_wconf 90' lang='lat' dir='ltr'>non</span> <span class='ocrx_word' id='word_1_346' title='bbox 1176 2145 1343 2193; x_wconf 84' lang='lat' dir='ltr'>potest3</span> <span class='ocrx_word' id='word_1_347' title='bbox 1375 2153 1456 2182; x_wconf 89' lang='lat' dir='ltr'>vos</span> <span class='ocrx_word' id='word_1_348' title='bbox 1483 2139 1558 2192; x_wconf 91' lang='lat' dir='ltr'>qui</span> <span class='ocrx_word' id='word_1_349' title='bbox 1583 2137 1640 2180; x_wconf 85' lang='lat' dir='ltr'>ad</span> <span class='ocrx_word' id='word_1_350' title='bbox 1664 2135 1900 2186; x_wconf 85' lang='lat' dir='ltr'>imaginem</span> 
     </span>
     <span class='ocr_line' id='line_1_75' title="bbox 1064 2190 1899 2246; baseline -0.008 -8"><span class='ocrx_word' id='word_1_351' title='bbox 1064 2197 1168 2239; x_wconf 89' lang='lat' dir='ltr'>facti</span> <span class='ocrx_word' id='word_1_352' title='bbox 1195 2197 1300 2238; x_wconf 90' lang='lat' dir='ltr'>estis</span> <span class='ocrx_word' id='word_1_353' title='bbox 1329 2196 1567 2246; x_wconf 87' lang='lat' dir='ltr'>Creatoris,</span> <span class='ocrx_word' id='word_1_354' title='bbox 1607 2206 1697 2235; x_wconf 94' lang='lat' dir='ltr'>non</span> <span class='ocrx_word' id='word_1_355' title='bbox 1726 2190 1899 2234; x_wconf 90' lang='lat' dir='ltr'>debetis</span> 
     </span>
     <span class='ocr_line' id='line_1_76' title="bbox 1064 2250 1899 2305; baseline -0.01 -10"><span class='ocrx_word' id='word_1_356' title='bbox 1064 2253 1220 2295; x_wconf 86' lang='lat' dir='ltr'>terreri</span> <span class='ocrx_word' id='word_1_357' title='bbox 1240 2252 1295 2295; x_wconf 90' lang='lat' dir='ltr'>ab</span> <span class='ocrx_word' id='word_1_358' title='bbox 1312 2252 1391 2303; x_wconf 84' lang='lat' dir='ltr'>his,</span> <span class='ocrx_word' id='word_1_359' title='bbox 1410 2253 1485 2305; x_wconf 92' lang='lat' dir='ltr'>qui</span> <span class='ocrx_word' id='word_1_360' title='bbox 1499 2250 1707 2294; x_wconf 88' lang='lat' dir='ltr'>occidunt</span> <span class='ocrx_word' id='word_1_361' title='bbox 1722 2259 1899 2300; x_wconf 92' lang='lat' dir='ltr'>corpus:</span> 
     </span>
     <span class='ocr_line' id='line_1_77' title="bbox 1067 2303 1900 2363; baseline -0.011 -11"><span class='ocrx_word' id='word_1_362' title='bbox 1067 2311 1168 2363; x_wconf 89' lang='lat' dir='ltr'>quia</span> <span class='ocrx_word' id='word_1_363' title='bbox 1212 2310 1287 2362; x_wconf 93' lang='lat' dir='ltr'>qui</span> <span class='ocrx_word' id='word_1_364' title='bbox 1331 2307 1645 2351; x_wconf 88' lang='lat' dir='ltr'>irrationabilia</span> <span class='ocrx_word' id='word_1_365' title='bbox 1696 2303 1900 2346; x_wconf 87' lang='lat' dir='ltr'>animalia</span> 
     </span>
     <span class='ocr_line' id='line_1_78' title="bbox 1065 2363 1900 2418; baseline -0.011 -9"><span class='ocrx_word' id='word_1_366' title='bbox 1065 2366 1296 2418; x_wconf 86' lang='lat' dir='ltr'>gubernat,</span> <span class='ocrx_word' id='word_1_367' title='bbox 1333 2364 1609 2408; x_wconf 88' lang='lat' dir='ltr'>rationabilia</span> <span class='ocrx_word' id='word_1_368' title='bbox 1633 2363 1787 2404; x_wconf 86' lang='lat' dir='ltr'>curare</span> <span class='ocrx_word' id='word_1_369' title='bbox 1811 2372 1900 2401; x_wconf 94' lang='lat' dir='ltr'>non</span> 
     </span>
     <span class='ocr_line' id='line_1_79' title="bbox 1067 2423 1236 2466; baseline -0.012 0"><span class='ocrx_word' id='word_1_370' title='bbox 1067 2423 1236 2466; x_wconf 83' lang='lat' dir='ltr'>desinit.</span> 
     </span>
    </p>

    <p class='ocr_par' dir='ltr' id='par_1_13' title="bbox 1115 2477 1693 2521">
     <span class='ocr_line' id='line_1_80' title="bbox 1115 2477 1693 2521; baseline -0.003 -3"><span class='ocrx_word' id='word_1_371' title='bbox 1115 2479 1181 2521; x_wconf 91' lang='lat' dir='ltr'>Te</span> <span class='ocrx_word' id='word_1_372' title='bbox 1199 2480 1344 2521; x_wconf 93' lang='lat' dir='ltr'>Deum</span> <span class='ocrx_word' id='word_1_373' title='bbox 1364 2477 1605 2520; x_wconf 74' lang='lat' dir='ltr'>laudamus,</span> <span class='ocrx_word' id='word_1_374' title='bbox 1634 2477 1693 2517; x_wconf 90' lang='grc'>14.</span> 
     </span>
    </p>
   </div>
   <div class='ocr_carea' id='block_1_4' title="bbox 106 118 1961 2812">
    <p class='ocr_par' dir='ltr' id='par_1_14' title="bbox 106 118 1961 2812">
     <span class='ocr_line' id='line_1_81' title="bbox 106 118 1961 2812; baseline 0 0"><span class='ocrx_word' id='word_1_375' title='bbox 106 118 1961 2812; x_wconf 95' lang='lat' dir='ltr'> </span> 
     </span>
    </p>
   </div>
  </div>
 </body>
</html>
