2040 2944
499 203 673 237 Officium
699 202 872 235 votivum
899 200 944 234 dc
971 202 1026 233 ss.
1054 199 1305 233 Eucharistiae
1329 200 1587 232 Sam-amento.

193 299 344 340 Noctis
362 298 567 340 recelitur
587 310 713 339 coena
732 295 980 344 novissima,

243 356 338 406 Qua
358 355 556 422 Christus
580 354 773 396 creditur
795 365 955 403 agnum
974 356 1018 393 et

500 424 654 463 azyma

242 467 429 509 Dedisse
449 467 667 517 fratribus,
687 468 808 519 juxta
825 466 1019 517 legitima

293 524 454 566 Priscis
474 523 644 566 indulta
662 523 873 576 patribus.

196 593 298 635 l'ost
314 607 473 644 agnum
489 594 696 691 typicum,
717 593 901 646 expletis
917 594 1019 645 epu-

245 708 417 760 Corpus
431 663 711 772 Dogitiicum
729 706 880 748 datum
895 705 1020 747 disci-

245 821 316 862 Sic
339 825 481 862 totum
500 764 715 870 Idrruirlisi’bus
740 818 861 871 quod
878 823 1022 861 totum

503 877 695 929 singulis,

296 935 401 987 Ejus
419 935 606 976 fatemur
624 934 837 976 manibus.

192 1004 231 1043 D
239 1002 329 1045 edit
345 1003 571 1055 fragilibus
587 1004 785 1057 corporis
800 1001 1022 1050 ferculum,

245 1059 381 1101 Dedit
406 1066 450 1102 et
474 1060 674 1103 tristibus
698 1059 921 1112 sanguinis
943 1060 1020 1111 po-

246 1173 428 1215 Dicens:
481 1117 667 1227 assffigffe
709 1173 842 1225 quod
894 1171 1023 1214 trado

506 1230 744 1280 vasculum,

300 1289 464 1330 Omnes
484 1301 538 1329 ex
558 1301 611 1329 eo
630 1287 778 1330 bibite.

194 1357 268 1399 Sic
287 1357 547 1399 sacrificium
565 1356 684 1398 istud
702 1356 899 1405 instituit,

250 1415 382 1467 Cujus
401 1413 592 1456 officium
612 1413 826 1456 committi
843 1411 983 1454 voluit

249 1471 362 1513 Solis
376 1470 655 1536 presbyteris5
674 1470 832 1523 quibus
848 1469 911 1510 sic
926 1470 1025 1510 con-

303 1584 360 1626 Ut
379 1533 634 1635 sumag‘gue?
644 1583 750 1626 dent
768 1582 936 1625 ceteris.

199 1650 328 1695 Panis
344 1655 567 1706 angelicus
582 1654 631 1695 fit
646 1653 773 1707 panis
787 1652 1027 1702 hominum3

250 1711 338 1752 Dat
359 1711 483 1764 panis
509 1710 688 1752 co'elicus
707 1710 860 1762 figuris
883 1708 1026 1750 termi-

254 1824 291 1865 O
316 1837 387 1866 res
409 1781 631 1874 miranbliltils}
654 1823 891 1865 manducat
913 1823 1029 1864 Dfim

303 1881 487 1934 Pauper,
507 1894 670 1931 servus,
691 1886 734 1923 et
750 1880 936 1922 humilis.

200 1948 267 1991 Te
290 1949 403 1991 trina
421 1950 573 1992 Deitas
596 1953 769 2002 unaque
793 1948 1027 2002 poscimus,

251 2006 322 2048 Sic
350 2019 431 2048 nos
458 2013 506 2049 tu
533 2007 679 2057 visita,
712 2007 826 2048 sicut
853 2011 897 2048 te
927 2005 1027 2047 celi-

251 2119 336 2161 Per
367 2124 467 2161 tuas
500 2077 677 2162 sle11lrlisitas
709 2119 795 2161 duc
826 2132 908 2161 nos
942 2131 1029 2171 quo

511 2176 743 2225 tendimus,

307 2231 378 2273 Ad
396 2232 550 2283 lucem,
571 2246 702 2286 quam
720 2231 951 2274 inhabitas.

512 2290 665 2331 Amen.

439 2360 487 2398 In
514 2361 544 2399 Ι.
572 2361 794 2399 Nocturno.

261 2423 355 2463 Ant.
380 2424 588 2469 Fructum
608 2427 886 2470 salutiferum.

493 2498 688 2538 I’salmus
718 2500 745 2538 1.

312 2562 443 2602 eatus
458 2562 534 2611 vir,
550 2564 624 2614 qui
643 2577 731 2606 non
746 2565 853 2606 abiit
868 2565 911 2605 in
932 2576 1032 2606 con-

222 2674 223 2681 *
246 2620 312 2680 341³*
337 2617 434 2658 silio
455 2618 699 2670 impierum,
720 2627 763 2662 et
780 2622 825 2662 in
843 2622 915 2662 via
934 2633 1032 2674 pec-

337 2676 534 2715 catorum
567 2689 655 2717 non
687 2678 822 2726 stetit,
854 2678 878 2703 *
912 2683 955 2719 et
988 2677 1033 2717 in

209 2729 418 2772 cathedra
438 2731 698 2783 pestilentiae
718 2746 805 2774 non
824 2733 951 2776 sedit:

1121 292 1210 335 Sed
1222 293 1268 334 in
1282 293 1378 345 lege
1389 292 1570 334 Domini
1578 293 1782 336 voluntas
1796 295 1899 347 ejus

1070 350 1094 376 *
1114 355 1158 392 et
1176 350 1222 391 in
1238 349 1333 402 lege
1349 351 1440 402 ejus
1459 349 1743 392 meditabitur
1760 350 1832 394 die
1847 363 1899 392 ac

1071 412 1213 449 nocte.

1124 464 1182 505 Et
1209 464 1291 505 erit
1317 468 1543 516 tamquam
1570 463 1753 515 lignum,
1780 463 1901 516 quod

1071 520 1318 574 plantatum
1328 525 1395 562 est
1410 533 1537 562 secus
1549 520 1760 562 decursus
1770 522 1900 573 aqua—

1072 591 1180 628 rum,
1207 578 1231 603 *
1259 576 1380 629 quod
1406 577 1598 619 fructum
1625 590 1753 619 suum
1779 576 1902 619 dabit

1072 634 1117 675 in
1136 636 1337 687 tempore
1357 646 1453 675 suo:

1123 691 1182 733 Et
1208 691 1363 732 felium
1391 692 1481 743 ejus
1509 703 1599 732 non
1619 690 1797 733 defluet:
1815 691 1839 717 *
1859 695 1903 733 et

1075 747 1222 789 emnia
1240 750 1530 800 quaecumque
1550 747 1698 798 faciet,
1721 759 1902 801 prospe-

1074 804 1296 846 rabuntur.

1125 861 1229 903 Non
1262 861 1326 902 sic
1357 861 1501 914 impii,
1533 874 1624 903 non
1655 861 1738 903 sic:
1769 861 1793 887 *
1825 859 1905 902 sed

1075 923 1300 971 tamquam
1345 918 1510 971 pulvis,
1553 931 1685 971 quem
1728 917 1906 971 prejicit

1075 980 1232 1017 ventus
1251 988 1276 1016 a
1294 975 1406 1017 facie
1424 979 1566 1017 terrae.

1127 1031 1236 1074 Ideo
1260 1044 1350 1074 non
1375 1035 1606 1083 resurgent
1629 1031 1754 1085 impii
1778 1031 1823 1072 in
1846 1031 1905 1084 ju-

1077 1089 1208 1131 dicio:
1233 1089 1257 1115 *
1282 1101 1426 1141 neque
1453 1090 1713 1142 peccatores
1736 1088 1781 1129 in
1805 1100 1906 1130 con-

1077 1146 1178 1188 cilio
1198 1147 1423 1198 justorum.

1128 1202 1347 1253 Queniam
1369 1202 1494 1244 novit
1515 1202 1610 1244 Dfis
1635 1202 1753 1243 viam
1776 1202 1907 1254 justo-

1076 1272 1188 1300 rum:
1206 1259 1230 1285 *
1250 1264 1294 1301 et
1311 1260 1395 1301 iter
1413 1259 1651 1312 impiorum
1668 1257 1841 1312 peribit.

1133 1316 1232 1355 Ant.
1271 1313 1484 1358 Fructum
1525 1315 1797 1357 salutiferum
1833 1327 1908 1366 gu·

1078 1372 1283 1415 standum
1328 1371 1450 1414 dedit
1491 1373 1708 1414 Dominus
1754 1372 1910 1414 mortis

1079 1443 1171 1471 suae
1189 1431 1402 1482 tempore.

1133 1487 1230 1525 Ant.
1259 1486 1300 1525 A
1320 1486 1466 1528 fructu
1483 1485 1698 1528 frumenti.

1367 1544 1565 1584 Psalmus
1586 1544 1624 1583 4.

1160 1614 1235 1641 um
1270 1600 1523 1642 invocarem
1572 1599 1796 1642 exaudivit
1839 1612 1910 1641 me

1171 1657 1294 1698 Deus
1317 1657 1492 1709 justitiae
1511 1669 1639 1698 meae:
1662 1657 1686 1682 *
1709 1657 1754 1698 in
1776 1655 1910 1698 tribu-

1080 1714 1244 1756 latione
1264 1713 1459 1755 dilatasti
1476 1713 1594 1754 mihi.

1132 1771 1342 1812 Miserere
1369 1770 1476 1820 mei,
1503 1770 1528 1796 *
1556 1774 1600 1812 et
1629 1769 1790 1812 exaudi
1817 1781 1911 1812 ora-

1081 1828 1247 1870 tionem
1264 1839 1420 1868 meam.

1133 1884 1232 1925 Filii
1264 1883 1491 1925 huminum
1524 1886 1758 1936 usquequo
1789 1882 1912 1934 gravi

1082 1938 1241 1983 corde?
1269 1941 1293 1966 *
1321 1944 1370 1982 ut
1398 1939 1506 1992 quid
1538 1939 1720 1992 diligitis
1747 1939 1912 1981 vanita-

1081 2003 1183 2048 tem,
1204 2002 1247 2039 et
1268 1996 1466 2050 quaeritis
1484 1995 1782 2039 mendacium?

1133 2055 1191 2096 Et
1223 2054 1383 2096 scitete
1422 2054 1630 2105 queniam
1662 2052 1914 2095 mirificavit

1082 2110 1299 2152 Dominus
1325 2115 1524 2152 sanctum
1549 2124 1690 2152 suum:
1715 2111 1739 2136 *
1763 2109 1912 2151 Demi-

1083 2181 1166 2209 nus
1194 2167 1402 2209 exaudiet
1433 2180 1503 2209 me
1538 2181 1638 2209 cum
1665 2167 1913 2209 clamavero

1084 2224 1141 2266 ad
1161 2237 1272 2266 eum.

1135 2281 1397 2332 Irascimini,
1427 2286 1471 2323 et
1497 2280 1633 2323 nolite
1660 2282 1865 2334 peccare:
1890 2280 1913 2305 *

1086 2351 1185 2391 quae
1205 2337 1350 2380 dicitis
1374 2339 1418 2379 in
1439 2337 1647 2380 cordibus
1666 2337 1843 2387 vestris,
1869 2337 1913 2377 in

1084 2394 1301 2436 cubilibus
1319 2395 1479 2437 vestris
1500 2394 1855 2447 compungimini.

1135 2452 1390 2494 Sacrificate
1425 2451 1690 2493 sacrificium
1726 2451 1914 2503 iustitiae,

1086 2513 1129 2550 et
1155 2510 1331 2561 sperate
1355 2509 1399 2549 in
1423 2507 1630 2549 Domino:
1653 2509 1678 2534 *
1701 2507 1828 2549 multi
1853 2506 1913 2549 di-

1085 2571 1205 2607 cunt:
1233 2566 1342 2615 Quis
1361 2564 1555 2606 ostendit
1573 2563 1703 2605 nobis
1722 2563 1862 2606 bona?

1135 2622 1364 2673 Signatum
1399 2626 1467 2663 est
1499 2634 1631 2674 super
1658 2634 1740 2663 nos
1767 2621 1914 2662 lumen

1085 2678 1231 2720 vultus
1258 2678 1323 2720 tui
1349 2677 1556 2720 Domine:
1574 2680 1598 2705 *
1617 2678 1781 2720 dedisti
1807 2677 1914 2719 laeti-

1085 2734 1192 2776 tiam
1211 2736 1254 2775 in
1275 2734 1410 2776 corde
1429 2747 1540 2776 meo.
