2040 2944
723 226 828 260 Feria
856 223 1022 258 secunda

254 331 446 383 Eripiens
474 331 644 379 inopem
670 323 723 364 de
747 334 877 363 manu
896 319 1011 360 forti-

198 391 321 429 orum
341 388 446 436 ejus:
466 386 487 409 *
508 384 687 433 egenum
714 385 756 420 et
775 380 1011 430 paoperem

198 458 222 485 a
243 440 538 495 diripientibus
559 450 666 479 eum.

248 505 478 553 Surgentes
510 504 643 540 testes
676 495 824 548 iniqui,
857 495 879 519 *
915 505 1011 545 quae

197 558 444 611 ignorabam
474 553 797 605 interrogabant
824 563 903 591 me.

249 616 559 660 Retribuebant
577 614 679 655 mihi
705 612 818 653 mala
838 624 918 664 pro
938 609 1011 651 bo-

198 677 278 717 nis:
298 677 320 701 *
340 673 610 716 sterilitatem
630 671 784 712 animae
803 680 922 708 meae.

247 737 339 786 Ego
380 739 523 775 autem
565 745 662 773 cum
702 729 805 770 mihi
841 726 1012 769 molesti

196 797 348 841 essent,
369 792 391 816 *
411 789 618 831 induebar
638 787 787 829 cilicio.

246 850 537 894 Humiliabam
569 850 610 890 in
643 847 797 900 jejunio
826 844 1011 886 animam

195 922 352 950 meam:
371 909 393 933 *
414 912 457 949 et
476 906 614 948 oratio
631 917 727 946 mea
745 904 787 943 in
803 902 897 942 sinu
912 912 1011 941 meo

196 966 483 1007 convertetur.

248 1025 378 1076 Quasi
406 1023 668 1076 proximum,
702 1025 745 1061 et
779 1019 900 1072 quasi
932 1018 1010 1058 fra-

196 1088 305 1124 trem
324 1087 529 1129 nostrum,
549 1079 610 1119 sic
630 1075 969 1129 complacebam:
988 1074 1011 1098 *

198 1138 318 1190 quasi
333 1137 482 1187 lugens
498 1141 541 1177 et
557 1134 845 1182 contristatus,
861 1131 923 1172 sic
938 1130 1011 1171 hu-

196 1193 402 1235 miliabar.

248 1255 301 1296 Et
329 1253 559 1295 adversum
577 1264 646 1292 me
665 1249 799 1291 laetati
828 1253 940 1297 sunt,
970 1252 1012 1288 et

197 1312 506 1352 convenerunt:
542 1309 565 1333 *
602 1308 864 1357 congregata
914 1308 1013 1345 sunt

197 1380 325 1419 super
343 1379 412 1407 me
432 1363 611 1415 flagella,
631 1369 673 1405 et
692 1361 896 1413 ignoravi.

247 1426 455 1479 Dissipati
488 1430 604 1474 sunt,
641 1436 720 1465 nec
754 1421 1011 1475 compuncti,

196 1485 468 1525 tentaverunt
512 1494 599 1530 me,
644 1479 1013 1521 subsannaverunt

197 1553 265 1580 me
295 1538 645 1580 subsannatione:
678 1537 700 1561 *
732 1535 1013 1577 frenduerunt

198 1609 326 1648 super
344 1608 413 1636 me
433 1593 632 1636 dentibus
651 1593 749 1634 suis.

248 1656 432 1697 Domine
454 1654 626 1707 quando
647 1651 877 1706 respicies?
902 1652 925 1677 *
950 1664 1012 1693 re-

198 1715 326 1754 stitue
346 1713 530 1753 animam
549 1723 689 1752 meam
708 1723 734 1751 a
748 1709 1013 1760 malignitate

198 1771 357 1818 eorum,
377 1782 401 1810 a
420 1767 616 1810 leonibus
636 1767 805 1808 unicam
823 1779 975 1807 meam.

249 1829 499 1871 Confitebor
509 1828 586 1870 tibi
600 1828 643 1868 in
657 1827 839 1869 ecclesia
848 1839 1013 1877 magna,

199 1887 220 1911 *
239 1886 281 1926 in
301 1885 464 1938 populo
483 1885 603 1935 gravi
621 1883 809 1925 laudabo
828 1889 882 1925 te.

250 1946 349 1987 Non
369 1944 717 1998 supergaudeant
732 1944 835 1985 mihi
857 1944 928 1996 qui
943 1942 1014 1985 ad-

200 2004 427 2043 versantur
437 2001 539 2042 mihi
550 2001 739 2053 iniquez*
749 2001 821 2052 qui
832 1999 1016 2042 oderunt

200 2072 268 2100 me
287 2058 419 2109 gratis
440 2063 482 2100 et
501 2060 692 2099 annuunt
711 2056 857 2098 oculis.

252 2119 462 2169 Quoniam
490 2118 593 2159 mihi
630 2117 804 2170 quidem
836 2117 1016 2170 pacifice

201 2175 488 2227 loquebantur
498 2191 506 2215 ε
516 2176 539 2199 *
551 2180 594 2216 et
603 2175 645 2215 in
656 2173 877 2215 iraci'mdia
887 2179 1016 2216 terrae

201 2231 437 2283 loquentes,
456 2231 581 2273 dolos
601 2230 860 2281 cogitabant.

254 2292 308 2333 Et
353 2291 638 2334 dilataverunt
682 2304 813 2344 super
853 2304 923 2332 me
968 2304 1017 2332 os

203 2361 344 2389 suum:
371 2349 394 2374 *
423 2347 636 2389 dixerunt:
661 2348 792 2398 Euge,
813 2360 931 2398 euge,
960 2347 1017 2388 vi-

204 2403 358 2446 derunt
378 2404 489 2445 oculi
509 2404 655 2445 nostri.

254 2459 412 2502 Vidisti
431 2461 625 2509 Domine,
643 2474 697 2501 ne
716 2460 861 2502 sileas:
885 2461 907 2485 *
931 2460 1018 2501 Do-

203 2517 316 2558 mine
335 2530 388 2558 ne
408 2516 605 2558 discedas
625 2530 649 2557 a
668 2530 747 2558 me.

256 2578 452 2627 'Exsurge
469 2583 510 2618 et
521 2576 693 2618 intende
704 2577 860 2628 judicio
870 2590 984 2619 meo:
995 2577 1019 2602 *

204 2634 322 2675 Deus
349 2646 488 2682 meus,
522 2638 564 2674 et
594 2633 803 2674 Dominus
827 2646 949 2675 meus
976 2634 1018 2674 in

205 2702 377 2731 causam
396 2702 546 2730 meam.

254 2747 277 2786 J
280 2745 406 2787 udica
442 2759 511 2787 me
548 2745 783 2787 secundum
817 2746 1020 2797 justitiam

1050 223 1096 256 ad
1124 221 1356 255 Matutinum.

1062 323 1180 359 tuam
1199 314 1385 355 Domine
1400 313 1520 353 Deus
1539 323 1672 359 meus»,
1693 309 1716 334 *
1736 313 1780 350 et
1798 321 1886 349 non

1063 369 1412 425 supergaudeant
1430 367 1544 409 mihi.

1114 433 1214 474 Non
1260 431 1405 472 dicant
1449 429 1491 469 in
1534 426 1739 469 cordibus
1779 425 1886 466 suis:

1063 491 1193 540 Euge,
1215 501 1338 539 euge,
1368 486 1522 528 animae
1547 489 1726 526 nostrae:
1753 483 1776 507 *
1805 495 1887 524 nec

1063 546 1226 587 dicant:
1245 543 1562 585 Devoravimus
1583 553 1692 582 eum.

1114 605 1394 653 Erubescant‚
1404 608 1447 644 et
1458 603 1738 644 revereantur
1749 599 1886 650 simul,

1063 664 1085 688 *
1107 663 1179 715 qui
1198 660 1468 713 gratulantur
1486 657 1611 699 malis
1630 657 1749 698 meis.

1114 722 1353 764 Induantur
1365 719 1618 762 confusione
1634 723 1678 760 et
1688 718 1886 759 reveren-

1062 780 1122 822 tia
1149 780 1171 805 *
1201 779 1274 831 qui
1306 790 1463 828 magna
1490 775 1728 828 loquuntur
1756 786 1887 826 super

1062 849 1142 878 me.

1114 891 1344 933 Exsaltent
1363 896 1406 932 et
1420 889 1623 931 laetentur
1643 888 1717 940 qui
1735 887 1888 929 volunt

1062 949 1266 1001 justitiam
1279 961 1436 989 meam:
1446 947 1470 971 *
1481 952 1524 988 et
1539 945 1685 987 dicant
1699 956 1887 996 semper:

1062 1005 1361 1056 Magnificetur
1380 1003 1609 1052 Dominus,
1639 1001 1711 1054 qui
1735 1000 1888 1042 volunt

1063 1075 1216 1115 pacem
1235 1075 1350 1102 serv1
1369 1073 1470 1112 elus.

1114 1124 1170 1164 Et
1188 1122 1333 1173 lingua
1351 1134 1449 1162 mea
1472 1118 1754 1161 meditabitur
1772 1118 1887 1170 justi-

1062 1180 1166 1222 tiam
1184 1184 1314 1228 tuam,
1333 1179 1356 1203 *
1375 1182 1469 1219 tota
1484 1176 1554 1218 die
1568 1174 1743 1217 laudem
1756 1179 1889 1216 tuam,

1334 1259 1530 1299 Psalmus
1559 1259 1624 1298 35.

1067 1321 1240 1427 Dixit
1275 1331 1456 1383 injustus
1501 1333 1549 1370 ut
1585 1326 1809 1379 delinquat
1843 1326 1888 1367 in

1184 1390 1440 1440 semetipso:
1475 1386 1499 1411 *
1536 1397 1623 1426 non
1657 1389 1723 1426 est
1758 1383 1890 1425 timor

1064 1446 1147 1487 Dei
1166 1450 1265 1487 ante
1286 1443 1437 1486 oculos
1458 1443 1558 1495 ejus.

1117 1502 1331 1553 Quoniam
1376 1499 1530 1542 dolose
1575 1498 1663 1548 egit
1705 1497 1748 1537 in
1790 1509 1889 1538 con-

1064 1561 1218 1612 spectu
1237 1559 1344 1610 ejus:
1363 1558 1387 1582 *
1407 1562 1454 1599 ut
1476 1555 1720 1597 inveniatur
1738 1553 1890 1606 iniqui-

1063 1621 1131 1657 tas
1151 1616 1240 1668 ejus
1259 1614 1315 1656 ad
1335 1613 1494 1656 odium.

1115 1671 1265 1714 Verba
1285 1671 1373 1713 oris
1393 1671 1483 1722 ejus
1507 1667 1722 1721 iniquitaS‚
1747 1671 1791 1708 et
1815 1665 1890 1707 do-

1064 1729 1150 1771 lus:
1186 1730 1209 1754 *
1245 1727 1384 1769 noluit
1419 1725 1661 1777 intelligere
1698 1728 1746 1765 ut
1778 1722 1890 1764 bene

1066 1788 1225 1837 ageret.

1116 1842 1395 1895 Iniquitatem
1414 1838 1649 1881 meditatus
1669 1842 1735 1879 est
1758 1836 1802 1877 in
1821 1849 1891 1878 cu-

1066 1899 1142 1941 bili
1178 1912 1277 1940 suo:
1313 1899 1336 1924 *
1375 1897 1511 1939 astitit
1544 1895 1661 1938 omni
1690 1894 1773 1936 viae
1802 1906 1891 1935 non

1066 1956 1210 2005 bonae,
1234 1954 1442 1996 malitiam
1466 1958 1612 1995 autem
1635 1964 1723 1993 non
1743 1949 1891 1993 odivit.

1118 2012 1304 2053 Domine
1314 2012 1358 2052 in
1369 2010 1483 2053 coelo
1493 2007 1793 2051 misericordia
1802 2011 1892 2049 tua:

1067 2069 1090 2095 *
1111 2074 1153 2110 et
1172 2069 1332 2110 veritas
1351 2073 1426 2110 tua
1444 2079 1583 2120 usque
1603 2064 1659 2107 ad
1677 2063 1838 2106 nubes„

1119 2126 1143 2166 J
1146 2125 1292 2167 ustitia
1309 2130 1384 2166 tua
1411 2124 1523 2166 sicut
1549 2126 1721 2164 montes
1739 2120 1842 2162 Dei:
1868 2120 1892 2145 *

1068 2181 1224 2233 judicia
1242 2187 1316 2223 tua
1335 2181 1518 2234 abyssus
1536 2179 1682 2221 multa.

1121 2238 1341 2287 Homines,
1353 2243 1397 2279 et
1407 2238 1595 2289 jumenta
1605 2233 1795 2277 salvabis
1805 2233 1892 2274 Do-

1069 2295 1200 2336 mine:
1232 2295 1255 2320 *
1289 2292 1658 2347 quemadmodum
1689 2289 1894 2343 multipli-

1070 2351 1178 2393 casti
1196 2350 1539 2392 misericordiam
1557 2356 1677 2392 tuam
1695 2349 1827 2390 Deus.

1122 2407 1220 2448 Filii
1248 2412 1394 2449 autem
1421 2407 1661 2457 hominum,
1689 2405 1712 2431 *
1741 2405 1786 2445 in
1803 2405 1893 2454 teg-

1069 2465 1185 2506 mine
1213 2464 1379 2506 alarum
1407 2466 1580 2506 tuarum
1610 2461 1860 2516 sperabunt.

1121 2520 1458 2562 Inebriabuntur
1494 2519 1549 2562 ab
1583 2519 1786 2561 ubertate
1818 2516 1894 2558 do-

1070 2591 1166 2618 mus
1193 2582 1300 2619 tuae:
1327 2578 1350 2603 *
1379 2582 1422 2618 et
1440 2579 1635 2618 torrente
1656 2573 1894 2627 voluptatis

1070 2639 1157 2676 tuae
1176 2633 1353 2686 potabis
1373 2646 1459 2675 eos.

1123 2690 1338 2740 Quoniam
1355 2689 1474 2742 apud
1487 2694 1531 2731 te
1547 2693 1613 2730 est
1628 2689 1726 2730 fons
1740 2687 1860 2728 vitae:
1871 2686 1894 2711 *

1073 2751 1115 2787 et
1134 2746 1178 2786 in
1197 2746 1359 2787 lumine
1377 2751 1453 2787 tuo
1473 2745 1718 2787 videbimus
1738 2743 1895 2785 lumen.
