<?xml version="1.0" encoding="UTF-8"?>
<!DOCTYPE html PUBLIC "-//W3C//DTD XHTML 1.0 Transitional//EN"
    "http://www.w3.org/TR/xhtml1/DTD/xhtml1-transitional.dtd">
<html xmlns="http://www.w3.org/1999/xhtml" xml:lang="en" lang="en">
 <head>
  <title>
</title>
<meta http-equiv="Content-Type" content="text/html;charset=utf-8" />
  <meta name='ocr-system' content='tesseract 3.04.00' />
  <meta name='ocr-capabilities' content='ocr_page ocr_carea ocr_par ocr_line ocrx_word'/>
</head>
<body>
  <div class='ocr_page' id='page_1' title='image "./p4breviariumroma00cathuoft_0170.png"; bbox 0 0 2040 2944; ppageno 0'>
   <div class='ocr_carea' id='block_1_1' title="bbox 747 206 1309 250">
    <p class='ocr_par' dir='ltr' id='par_1_1' title="bbox 747 206 1309 250">
     <span class='ocr_line' id='line_1_1' title="bbox 747 206 1309 250; baseline -0.005 -8"><span class='ocrx_word' id='word_1_1' title='bbox 747 208 949 243; x_wconf 79' lang='lat' dir='ltr'>Dominica</span> <span class='ocrx_word' id='word_1_2' title='bbox 974 208 1037 241; x_wconf 88' lang='lat' dir='ltr'>III.</span> <span class='ocrx_word' id='word_1_3' title='bbox 1063 206 1309 250; x_wconf 67' lang='lat' dir='ltr'>Septembris.</span> 
     </span>
    </p>
   </div>
   <div class='ocr_carea' id='block_1_2' title="bbox 177 305 1013 2783">
    <p class='ocr_par' dir='ltr' id='par_1_2' title="bbox 177 305 1007 1444">
     <span class='ocr_line' id='line_1_2' title="bbox 177 305 1003 368; baseline -0.016 -11"><span class='ocrx_word' id='word_1_4' title='bbox 177 316 219 356; x_wconf 92' lang='lat' dir='ltr'>in</span> <span class='ocrx_word' id='word_1_5' title='bbox 240 316 338 368; x_wconf 89' lang='lat' dir='ltr'>ipso</span> <span class='ocrx_word' id='word_1_6' title='bbox 359 313 652 366; x_wconf 89' lang='lat' dir='ltr'>permaneant.</span> <span class='ocrx_word' id='word_1_7' title='bbox 689 305 738 354; x_wconf 68' lang='lat' dir='ltr'>V.</span> <span class='ocrx_word' id='word_1_8' title='bbox 759 307 936 358; x_wconf 90' lang='lat' dir='ltr'>Inquire</span> <span class='ocrx_word' id='word_1_9' title='bbox 954 309 1003 345; x_wconf 94' lang='lat' dir='ltr'>ut</span> 
     </span>
     <span class='ocr_line' id='line_1_3' title="bbox 178 361 1001 422; baseline -0.015 -9"><span class='ocrx_word' id='word_1_10' title='bbox 178 372 310 412; x_wconf 88' lang='lat' dir='ltr'>facias</span> <span class='ocrx_word' id='word_1_11' title='bbox 333 382 430 422; x_wconf 84' lang='lat' dir='ltr'>quae</span> <span class='ocrx_word' id='word_1_12' title='bbox 450 366 612 419; x_wconf 88' lang='lat' dir='ltr'>placita</span> <span class='ocrx_word' id='word_1_13' title='bbox 633 370 732 405; x_wconf 92' lang='lat' dir='ltr'>sunt</span> <span class='ocrx_word' id='word_1_14' title='bbox 750 363 812 403; x_wconf 94' lang='lat' dir='ltr'>illi</span> <span class='ocrx_word' id='word_1_15' title='bbox 830 363 874 403; x_wconf 94' lang='lat' dir='ltr'>in</span> <span class='ocrx_word' id='word_1_16' title='bbox 893 361 1001 403; x_wconf 90' lang='lat' dir='ltr'>veri-</span> 
     </span>
     <span class='ocr_line' id='line_1_4' title="bbox 177 419 898 476; baseline -0.015 -6"><span class='ocrx_word' id='word_1_17' title='bbox 177 431 278 476; x_wconf 87' lang='lat' dir='ltr'>tate,</span> <span class='ocrx_word' id='word_1_18' title='bbox 299 432 341 468; x_wconf 93' lang='lat' dir='ltr'>et</span> <span class='ocrx_word' id='word_1_19' title='bbox 359 426 402 466; x_wconf 92' lang='lat' dir='ltr'>in</span> <span class='ocrx_word' id='word_1_20' title='bbox 423 428 517 465; x_wconf 92' lang='lat' dir='ltr'>tota</span> <span class='ocrx_word' id='word_1_21' title='bbox 536 422 698 463; x_wconf 84' lang='lat' dir='ltr'>virtute</span> <span class='ocrx_word' id='word_1_22' title='bbox 717 425 804 461; x_wconf 89' lang='lat' dir='ltr'>tua.</span> <span class='ocrx_word' id='word_1_23' title='bbox 831 419 898 460; x_wconf 90' lang='lat' dir='ltr'>Et.</span> 
     </span>
     <span class='ocr_line' id='line_1_5' title="bbox 478 491 705 533; baseline -0.013 -1"><span class='ocrx_word' id='word_1_24' title='bbox 478 492 629 533; x_wconf 80' lang='lat' dir='ltr'>Lectio</span> <span class='ocrx_word' id='word_1_25' title='bbox 651 491 705 531; x_wconf 88' lang='lat' dir='ltr'>iii.</span> 
     </span>
     <span class='ocr_line' id='line_1_6' title="bbox 178 548 1002 657; baseline -0.012 -59"><span class='ocrx_word' id='word_1_26' title='bbox 178 553 340 657; x_wconf 84' lang='lat' dir='ltr'>Igitur</span> <span class='ocrx_word' id='word_1_27' title='bbox 368 567 466 595; x_wconf 91' lang='lat' dir='ltr'>cum</span> <span class='ocrx_word' id='word_1_28' title='bbox 493 565 573 605; x_wconf 93' lang='lat' dir='ltr'>per</span> <span class='ocrx_word' id='word_1_29' title='bbox 602 550 902 604; x_wconf 88' lang='lat' dir='ltr'>captivitatem</span> <span class='ocrx_word' id='word_1_30' title='bbox 932 548 1002 589; x_wconf 92' lang='lat' dir='ltr'>de-</span> 
     </span>
     <span class='ocr_line' id='line_1_7' title="bbox 238 605 1003 655; baseline -0.013 -1"><span class='ocrx_word' id='word_1_31' title='bbox 238 614 429 654; x_wconf 82' lang='lat' dir='ltr'>venisset</span> <span class='ocrx_word' id='word_1_32' title='bbox 453 623 551 651; x_wconf 94' lang='lat' dir='ltr'>cum</span> <span class='ocrx_word' id='word_1_33' title='bbox 570 610 708 650; x_wconf 83' lang='lat' dir='ltr'>uxore</span> <span class='ocrx_word' id='word_1_34' title='bbox 728 619 821 655; x_wconf 89' lang='lat' dir='ltr'>sua,</span> <span class='ocrx_word' id='word_1_35' title='bbox 850 610 894 647; x_wconf 89' lang='lat' dir='ltr'>et</span> <span class='ocrx_word' id='word_1_36' title='bbox 913 605 1003 645; x_wconf 89' lang='lat' dir='ltr'>filio</span> 
     </span>
     <span class='ocr_line' id='line_1_8' title="bbox 179 661 1005 711; baseline -0.011 -1"><span class='ocrx_word' id='word_1_37' title='bbox 179 671 222 711; x_wconf 94' lang='lat' dir='ltr'>in</span> <span class='ocrx_word' id='word_1_38' title='bbox 267 668 488 710; x_wconf 91' lang='lat' dir='ltr'>civitatem</span> <span class='ocrx_word' id='word_1_39' title='bbox 523 665 713 707; x_wconf 88' lang='lat' dir='ltr'>Niniven</span> <span class='ocrx_word' id='word_1_40' title='bbox 752 675 851 704; x_wconf 93' lang='lat' dir='ltr'>cum</span> <span class='ocrx_word' id='word_1_41' title='bbox 887 661 1005 702; x_wconf 92' lang='lat' dir='ltr'>omni</span> 
     </span>
     <span class='ocr_line' id='line_1_9' title="bbox 178 718 1006 774; baseline -0.012 -7"><span class='ocrx_word' id='word_1_42' title='bbox 178 725 293 768; x_wconf 91' lang='lat' dir='ltr'>tribu</span> <span class='ocrx_word' id='word_1_43' title='bbox 317 737 409 773; x_wconf 90' lang='lat' dir='ltr'>sua,</span> <span class='ocrx_word' id='word_1_44' title='bbox 435 725 549 774; x_wconf 88' lang='lat' dir='ltr'>(cum</span> <span class='ocrx_word' id='word_1_45' title='bbox 573 733 726 763; x_wconf 90' lang='lat' dir='ltr'>omnes</span> <span class='ocrx_word' id='word_1_46' title='bbox 750 718 932 760; x_wconf 89' lang='lat' dir='ltr'>ederent</span> <span class='ocrx_word' id='word_1_47' title='bbox 951 730 1006 758; x_wconf 87' lang='lat' dir='ltr'>ex</span> 
     </span>
     <span class='ocr_line' id='line_1_10' title="bbox 178 773 1006 829; baseline -0.011 -6"><span class='ocrx_word' id='word_1_48' title='bbox 178 782 287 824; x_wconf 86' lang='lat' dir='ltr'>cibis</span> <span class='ocrx_word' id='word_1_49' title='bbox 333 779 586 829; x_wconf 87' lang='lat' dir='ltr'>Gentilium)</span> <span class='ocrx_word' id='word_1_50' title='bbox 635 778 718 818; x_wconf 87' lang='lat' dir='ltr'>iste</span> <span class='ocrx_word' id='word_1_51' title='bbox 769 773 1006 817; x_wconf 89' lang='lat' dir='ltr'>custodivit</span> 
     </span>
     <span class='ocr_line' id='line_1_11' title="bbox 178 835 1004 885; baseline -0.011 -5"><span class='ocrx_word' id='word_1_52' title='bbox 178 839 366 879; x_wconf 90' lang='lat' dir='ltr'>animam</span> <span class='ocrx_word' id='word_1_53' title='bbox 385 849 519 885; x_wconf 89' lang='lat' dir='ltr'>suam,</span> <span class='ocrx_word' id='word_1_54' title='bbox 540 840 583 876; x_wconf 91' lang='lat' dir='ltr'>et</span> <span class='ocrx_word' id='word_1_55' title='bbox 602 845 839 885; x_wconf 86' lang='lat' dir='ltr'>numquam</span> <span class='ocrx_word' id='word_1_56' title='bbox 859 835 1004 872; x_wconf 89' lang='lat' dir='ltr'>conta-</span> 
     </span>
     <span class='ocr_line' id='line_1_12' title="bbox 178 888 1007 939; baseline -0.011 -3"><span class='ocrx_word' id='word_1_57' title='bbox 178 895 366 936; x_wconf 87' lang='lat' dir='ltr'>minatus</span> <span class='ocrx_word' id='word_1_58' title='bbox 383 898 449 934; x_wconf 91' lang='lat' dir='ltr'>est</span> <span class='ocrx_word' id='word_1_59' title='bbox 463 893 506 933; x_wconf 90' lang='lat' dir='ltr'>in</span> <span class='ocrx_word' id='word_1_60' title='bbox 522 891 634 933; x_wconf 90' lang='lat' dir='ltr'>escis</span> <span class='ocrx_word' id='word_1_61' title='bbox 650 892 813 932; x_wconf 92' lang='lat' dir='ltr'>eorum.</span> <span class='ocrx_word' id='word_1_62' title='bbox 833 888 890 929; x_wconf 90' lang='lat' dir='ltr'>Et</span> <span class='ocrx_word' id='word_1_63' title='bbox 909 889 1007 939; x_wconf 93' lang='lat' dir='ltr'>quo-</span> 
     </span>
     <span class='ocr_line' id='line_1_13' title="bbox 178 945 1004 992; baseline -0.011 0"><span class='ocrx_word' id='word_1_64' title='bbox 178 952 295 992; x_wconf 91' lang='lat' dir='ltr'>niam</span> <span class='ocrx_word' id='word_1_65' title='bbox 327 962 496 991; x_wconf 90' lang='lat' dir='ltr'>memor</span> <span class='ocrx_word' id='word_1_66' title='bbox 524 948 603 989; x_wconf 82' lang='lat' dir='ltr'>fuit</span> <span class='ocrx_word' id='word_1_67' title='bbox 630 945 809 988; x_wconf 92' lang='lat' dir='ltr'>Domini</span> <span class='ocrx_word' id='word_1_68' title='bbox 837 945 881 985; x_wconf 92' lang='lat' dir='ltr'>in</span> <span class='ocrx_word' id='word_1_69' title='bbox 908 948 1004 985; x_wconf 92' lang='lat' dir='ltr'>toto</span> 
     </span>
     <span class='ocr_line' id='line_1_14' title="bbox 178 1000 1006 1055; baseline -0.012 -5"><span class='ocrx_word' id='word_1_70' title='bbox 178 1007 313 1050; x_wconf 90' lang='lat' dir='ltr'>corde</span> <span class='ocrx_word' id='word_1_71' title='bbox 333 1019 428 1055; x_wconf 89' lang='lat' dir='ltr'>suo,</span> <span class='ocrx_word' id='word_1_72' title='bbox 454 1004 576 1046; x_wconf 84' lang='lat' dir='ltr'>dedit</span> <span class='ocrx_word' id='word_1_73' title='bbox 598 1003 661 1044; x_wconf 91' lang='lat' dir='ltr'>illi</span> <span class='ocrx_word' id='word_1_74' title='bbox 681 1003 802 1043; x_wconf 93' lang='lat' dir='ltr'>Deus</span> <span class='ocrx_word' id='word_1_75' title='bbox 820 1000 1006 1053; x_wconf 86' lang='lat' dir='ltr'>gratiam</span> 
     </span>
     <span class='ocr_line' id='line_1_15' title="bbox 177 1057 1006 1115; baseline -0.011 -10"><span class='ocrx_word' id='word_1_76' title='bbox 177 1065 220 1105; x_wconf 95' lang='lat' dir='ltr'>in</span> <span class='ocrx_word' id='word_1_77' title='bbox 245 1064 485 1115; x_wconf 90' lang='lat' dir='ltr'>conspectu</span> <span class='ocrx_word' id='word_1_78' title='bbox 503 1060 779 1102; x_wconf 88' lang='lat' dir='ltr'>Salmanasar</span> <span class='ocrx_word' id='word_1_79' title='bbox 802 1057 934 1108; x_wconf 89' lang='lat' dir='ltr'>regis,</span> <span class='ocrx_word' id='word_1_80' title='bbox 963 1060 1006 1097; x_wconf 90' lang='lat' dir='ltr'>et</span> 
     </span>
     <span class='ocr_line' id='line_1_16' title="bbox 180 1117 1006 1170; baseline -0.01 -9"><span class='ocrx_word' id='word_1_81' title='bbox 180 1119 301 1162; x_wconf 85' lang='lat' dir='ltr'>dedit</span> <span class='ocrx_word' id='word_1_82' title='bbox 332 1118 394 1159; x_wconf 90' lang='lat' dir='ltr'>illi</span> <span class='ocrx_word' id='word_1_83' title='bbox 428 1118 695 1170; x_wconf 89' lang='lat' dir='ltr'>potestatem</span> <span class='ocrx_word' id='word_1_84' title='bbox 729 1117 1006 1166; x_wconf 90' lang='lat' dir='ltr'>quocumque</span> 
     </span>
     <span class='ocr_line' id='line_1_17' title="bbox 177 1171 1006 1224; baseline -0.01 -7"><span class='ocrx_word' id='word_1_85' title='bbox 177 1176 310 1218; x_wconf 89' lang='lat' dir='ltr'>vellet</span> <span class='ocrx_word' id='word_1_86' title='bbox 328 1176 406 1224; x_wconf 85' lang='lat' dir='ltr'>ire,</span> <span class='ocrx_word' id='word_1_87' title='bbox 435 1174 603 1215; x_wconf 92' lang='lat' dir='ltr'>habens</span> <span class='ocrx_word' id='word_1_88' title='bbox 622 1171 871 1213; x_wconf 92' lang='lat' dir='ltr'>libertatem</span> <span class='ocrx_word' id='word_1_89' title='bbox 891 1182 1006 1221; x_wconf 90' lang='lat' dir='ltr'>quae-</span> 
     </span>
     <span class='ocr_line' id='line_1_18' title="bbox 178 1227 1007 1284; baseline -0.011 -10"><span class='ocrx_word' id='word_1_90' title='bbox 178 1236 365 1284; x_wconf 90' lang='lat' dir='ltr'>cumque</span> <span class='ocrx_word' id='word_1_91' title='bbox 399 1231 544 1272; x_wconf 86' lang='lat' dir='ltr'>facere</span> <span class='ocrx_word' id='word_1_92' title='bbox 577 1229 800 1270; x_wconf 90' lang='lat' dir='ltr'>voluisset.</span> <span class='ocrx_word' id='word_1_93' title='bbox 851 1227 1007 1278; x_wconf 87' lang='lat' dir='ltr'>Perge-</span> 
     </span>
     <span class='ocr_line' id='line_1_19' title="bbox 177 1282 1007 1338; baseline -0.011 -7"><span class='ocrx_word' id='word_1_94' title='bbox 177 1289 253 1331; x_wconf 90' lang='lat' dir='ltr'>bat</span> <span class='ocrx_word' id='word_1_95' title='bbox 286 1300 390 1338; x_wconf 89' lang='lat' dir='ltr'>ergo</span> <span class='ocrx_word' id='word_1_96' title='bbox 419 1287 475 1328; x_wconf 93' lang='lat' dir='ltr'>ad</span> <span class='ocrx_word' id='word_1_97' title='bbox 505 1299 676 1334; x_wconf 90' lang='lat' dir='ltr'>omnes,</span> <span class='ocrx_word' id='word_1_98' title='bbox 710 1284 784 1336; x_wconf 91' lang='lat' dir='ltr'>qui</span> <span class='ocrx_word' id='word_1_99' title='bbox 812 1288 936 1325; x_wconf 91' lang='lat' dir='ltr'>erant</span> <span class='ocrx_word' id='word_1_100' title='bbox 963 1282 1007 1322; x_wconf 95' lang='lat' dir='ltr'>in</span> 
     </span>
     <span class='ocr_line' id='line_1_20' title="bbox 180 1339 1007 1398; baseline -0.008 -11"><span class='ocrx_word' id='word_1_101' title='bbox 180 1345 447 1398; x_wconf 66' lang='lat' dir='ltr'>captivitate,</span> <span class='ocrx_word' id='word_1_102' title='bbox 487 1348 530 1384; x_wconf 91' lang='lat' dir='ltr'>et</span> <span class='ocrx_word' id='word_1_103' title='bbox 557 1342 725 1384; x_wconf 87' lang='lat' dir='ltr'>monita</span> <span class='ocrx_word' id='word_1_104' title='bbox 753 1340 906 1382; x_wconf 91' lang='lat' dir='ltr'>salutis</span> <span class='ocrx_word' id='word_1_105' title='bbox 935 1339 1007 1380; x_wconf 89' lang='lat' dir='ltr'>da·</span> 
     </span>
     <span class='ocr_line' id='line_1_21' title="bbox 177 1402 347 1444; baseline -0.018 0"><span class='ocrx_word' id='word_1_106' title='bbox 177 1402 254 1444; x_wconf 91' lang='lat' dir='ltr'>bat</span> <span class='ocrx_word' id='word_1_107' title='bbox 274 1402 347 1443; x_wconf 91' lang='lat' dir='ltr'>eis.</span> 
     </span>
    </p>

    <p class='ocr_par' dir='ltr' id='par_1_3' title="bbox 178 1458 1009 1843">
     <span class='ocr_line' id='line_1_22' title="bbox 232 1458 1006 1514; baseline -0.009 -11"><span class='ocrx_word' id='word_1_108' title='bbox 232 1463 283 1514; x_wconf 57' lang='lat' dir='ltr'>Rv.</span> <span class='ocrx_word' id='word_1_109' title='bbox 300 1462 468 1503; x_wconf 89' lang='lat' dir='ltr'>Memor</span> <span class='ocrx_word' id='word_1_110' title='bbox 485 1465 580 1502; x_wconf 92' lang='lat' dir='ltr'>esto</span> <span class='ocrx_word' id='word_1_111' title='bbox 594 1460 666 1509; x_wconf 92' lang='lat' dir='ltr'>fili,</span> <span class='ocrx_word' id='word_1_112' title='bbox 684 1458 889 1511; x_wconf 91' lang='lat' dir='ltr'>quoniam</span> <span class='ocrx_word' id='word_1_113' title='bbox 903 1459 1006 1509; x_wconf 90' lang='lat' dir='ltr'>pau-</span> 
     </span>
     <span class='ocr_line' id='line_1_23' title="bbox 179 1513 1008 1572; baseline -0.007 -12"><span class='ocrx_word' id='word_1_114' title='bbox 179 1532 331 1572; x_wconf 88' lang='lat' dir='ltr'>perem</span> <span class='ocrx_word' id='word_1_115' title='bbox 363 1518 497 1559; x_wconf 83' lang='lat' dir='ltr'>vitam</span> <span class='ocrx_word' id='word_1_116' title='bbox 529 1517 739 1568; x_wconf 84' lang='lat' dir='ltr'>gerimus:</span> <span class='ocrx_word' id='word_1_117' title='bbox 763 1515 785 1539; x_wconf 89' lang='lat'>*</span> <span class='ocrx_word' id='word_1_118' title='bbox 810 1513 1008 1555; x_wconf 79' lang='lat' dir='ltr'>Habebis</span> 
     </span>
     <span class='ocr_line' id='line_1_24' title="bbox 179 1571 1008 1623; baseline -0.008 -6"><span class='ocrx_word' id='word_1_119' title='bbox 179 1576 315 1617; x_wconf 91' lang='lat' dir='ltr'>multa</span> <span class='ocrx_word' id='word_1_120' title='bbox 359 1574 492 1623; x_wconf 88' lang='lat' dir='ltr'>bona,</span> <span class='ocrx_word' id='word_1_121' title='bbox 539 1574 575 1614; x_wconf 91' lang='lat' dir='ltr'>si</span> <span class='ocrx_word' id='word_1_122' title='bbox 618 1572 814 1614; x_wconf 90' lang='lat' dir='ltr'>timueris</span> <span class='ocrx_word' id='word_1_123' title='bbox 855 1571 1008 1611; x_wconf 87' lang='lat' dir='ltr'>Deum.</span> 
     </span>
     <span class='ocr_line' id='line_1_25' title="bbox 180 1626 1008 1678; baseline -0.005 -8"><span class='ocrx_word' id='word_1_124' title='bbox 180 1626 231 1678; x_wconf 62' lang='lat' dir='ltr'>Y.</span> <span class='ocrx_word' id='word_1_125' title='bbox 258 1633 310 1672; x_wconf 88' lang='lat' dir='ltr'>In</span> <span class='ocrx_word' id='word_1_126' title='bbox 334 1635 479 1672; x_wconf 90' lang='lat' dir='ltr'>mente</span> <span class='ocrx_word' id='word_1_127' title='bbox 502 1629 665 1670; x_wconf 92' lang='lat' dir='ltr'>habeto</span> <span class='ocrx_word' id='word_1_128' title='bbox 691 1641 804 1677; x_wconf 88' lang='lat' dir='ltr'>eum,</span> <span class='ocrx_word' id='word_1_129' title='bbox 834 1632 877 1668; x_wconf 92' lang='lat' dir='ltr'>et</span> <span class='ocrx_word' id='word_1_130' title='bbox 902 1639 1008 1668; x_wconf 85' lang='lat' dir='ltr'>cave</span> 
     </span>
     <span class='ocr_line' id='line_1_26' title="bbox 179 1685 1009 1740; baseline -0.008 -10"><span class='ocrx_word' id='word_1_131' title='bbox 179 1687 411 1740; x_wconf 92' lang='lat' dir='ltr'>nequando</span> <span class='ocrx_word' id='word_1_132' title='bbox 445 1687 755 1739; x_wconf 83' lang='lat' dir='ltr'>praetermittas</span> <span class='ocrx_word' id='word_1_133' title='bbox 783 1685 1009 1736; x_wconf 85' lang='lat' dir='ltr'>praecepta</span> 
     </span>
     <span class='ocr_line' id='line_1_27' title="bbox 181 1740 1007 1796; baseline -0.008 -10"><span class='ocrx_word' id='word_1_134' title='bbox 181 1746 282 1796; x_wconf 88' lang='lat' dir='ltr'>ejus.</span> <span class='ocrx_word' id='word_1_135' title='bbox 323 1743 531 1784; x_wconf 80' lang='lat' dir='ltr'>Habebis.</span> <span class='ocrx_word' id='word_1_136' title='bbox 572 1742 725 1783; x_wconf 90' lang='lat' dir='ltr'>Gloria</span> <span class='ocrx_word' id='word_1_137' title='bbox 750 1740 879 1782; x_wconf 89' lang='lat' dir='ltr'>Patri.</span> <span class='ocrx_word' id='word_1_138' title='bbox 921 1740 1007 1780; x_wconf 89' lang='lat' dir='ltr'>Ha-</span> 
     </span>
     <span class='ocr_line' id='line_1_28' title="bbox 178 1801 314 1843; baseline -0.015 0"><span class='ocrx_word' id='word_1_139' title='bbox 178 1801 314 1843; x_wconf 89' lang='lat' dir='ltr'>bebis.</span> 
     </span>
    </p>

    <p class='ocr_par' dir='ltr' id='par_1_4' title="bbox 412 1866 774 1906">
     <span class='ocr_line' id='line_1_29' title="bbox 412 1866 774 1906; baseline 0 -2"><span class='ocrx_word' id='word_1_140' title='bbox 412 1866 461 1905; x_wconf 90' lang='lat' dir='ltr'>In</span> <span class='ocrx_word' id='word_1_141' title='bbox 480 1867 530 1905; x_wconf 89' lang='grc' dir='ltr'>ΙΙ.</span> <span class='ocrx_word' id='word_1_142' title='bbox 551 1866 774 1906; x_wconf 78' lang='lat' dir='ltr'>Nocturno.</span> 
     </span>
    </p>

    <p class='ocr_par' dir='ltr' id='par_1_5' title="bbox 270 1932 923 2092">
     <span class='ocr_line' id='line_1_30' title="bbox 270 1932 923 1983; baseline -0.003 -10"><span class='ocrx_word' id='word_1_143' title='bbox 270 1933 420 1975; x_wconf 87' lang='lat' dir='ltr'>Sermo</span> <span class='ocrx_word' id='word_1_144' title='bbox 441 1933 581 1974; x_wconf 86' lang='lat' dir='ltr'>saneti</span> <span class='ocrx_word' id='word_1_145' title='bbox 599 1932 760 1973; x_wconf 91' lang='lat' dir='ltr'>Leonis</span> <span class='ocrx_word' id='word_1_146' title='bbox 778 1932 923 1983; x_wconf 81' lang='lat' dir='ltr'>Papae.</span> 
     </span>
     <span class='ocr_line' id='line_1_31' title="bbox 290 1995 899 2038; baseline 0 -8"><span class='ocrx_word' id='word_1_147' title='bbox 290 1998 406 2030; x_wconf 74' lang='lat' dir='ltr'>Scrm.</span> <span class='ocrx_word' id='word_1_148' title='bbox 425 1998 454 2030; x_wconf 80' lang='lat'>9.</span> <span class='ocrx_word' id='word_1_149' title='bbox 474 1995 520 2030; x_wconf 90' lang='lat' dir='ltr'>de</span> <span class='ocrx_word' id='word_1_150' title='bbox 538 1996 681 2038; x_wconf 83' lang='lat' dir='ltr'>jejunio</span> <span class='ocrx_word' id='word_1_151' title='bbox 698 1996 727 2030; x_wconf 87' lang='lat'>7.</span> <span class='ocrx_word' id='word_1_152' title='bbox 744 1996 899 2030; x_wconf 87' lang='lat' dir='ltr'>mensis.</span> 
     </span>
     <span class='ocr_line' id='line_1_32' title="bbox 483 2052 707 2092; baseline 0.004 -1"><span class='ocrx_word' id='word_1_153' title='bbox 483 2052 633 2092; x_wconf 80' lang='lat' dir='ltr'>Lectio</span> <span class='ocrx_word' id='word_1_154' title='bbox 655 2052 707 2092; x_wconf 88' lang='lat' dir='ltr'>iv.</span> 
     </span>
    </p>

    <p class='ocr_par' dir='ltr' id='par_1_6' title="bbox 182 2112 1013 2783">
     <span class='ocr_line' id='line_1_33' title="bbox 186 2112 1009 2175; baseline -0.006 -18"><span class='ocrx_word' id='word_1_155' title='bbox 186 2126 238 2175; x_wconf 44' lang='lat' dir='ltr'>[fs-Q</span> <span class='ocrx_word' id='word_1_156' title='bbox 248 2143 269 2164; x_wconf 36' lang='grc' dir='ltr'>χ</span> <span class='ocrx_word' id='word_1_157' title='bbox 284 2116 350 2157; x_wconf 93' lang='lat' dir='ltr'>cio</span> <span class='ocrx_word' id='word_1_158' title='bbox 368 2114 554 2167; x_wconf 90' lang='lat' dir='ltr'>quidem,</span> <span class='ocrx_word' id='word_1_159' title='bbox 575 2112 859 2162; x_wconf 87' lang='lat' dir='ltr'>dilectissimi,</span> <span class='ocrx_word' id='word_1_160' title='bbox 878 2112 1009 2164; x_wconf 90' lang='lat' dir='ltr'>pluri-</span> 
     </span>
     <span class='ocr_line' id='line_1_34' title="bbox 229 2169 1011 2228; baseline -0.019 -4.76"><span class='ocrx_word' id='word_1_161' title='bbox 190 2175 277 2228; x_wconf 49' lang='grc' dir='ltr'>ὀῖῗ</span> <span class='ocrx_word' id='word_1_162' title='bbox 299 2184 395 2213; x_wconf 92' lang='lat' dir='ltr'>mos</span> <span class='ocrx_word' id='word_1_163' title='bbox 423 2176 617 2213; x_wconf 91' lang='lat' dir='ltr'>vestrum</span> <span class='ocrx_word' id='word_1_164' title='bbox 644 2170 705 2211; x_wconf 89' lang='lat' dir='ltr'>ita</span> <span class='ocrx_word' id='word_1_165' title='bbox 736 2170 780 2210; x_wconf 92' lang='lat' dir='ltr'>in</span> <span class='ocrx_word' id='word_1_166' title='bbox 807 2169 875 2218; x_wconf 91' lang='lat' dir='ltr'>iis,</span> <span class='ocrx_word' id='word_1_167' title='bbox 912 2181 1011 2220; x_wconf 83' lang='lat' dir='ltr'>quae</span> 
     </span>
     <span class='ocr_line' id='line_1_35' title="bbox 188 2225 1011 2269; baseline -0.006 1"><span class='ocrx_word' id='word_1_168' title='bbox 188 2232 273 2253; x_wconf 36' lang='grc' dir='ltr'>*ΨΑ</span> <span class='ocrx_word' id='word_1_169' title='bbox 301 2227 357 2269; x_wconf 90' lang='lat' dir='ltr'>ad</span> <span class='ocrx_word' id='word_1_170' title='bbox 398 2227 723 2269; x_wconf 79' lang='lat' dir='ltr'>observantiam</span> <span class='ocrx_word' id='word_1_171' title='bbox 764 2225 1011 2267; x_wconf 74' lang='lat' dir='ltr'>christianae</span> 
     </span>
     <span class='ocr_line' id='line_1_36' title="bbox 182 2282 1012 2336; baseline -0.004 -11"><span class='ocrx_word' id='word_1_172' title='bbox 182 2283 285 2326; x_wconf 91' lang='lat' dir='ltr'>fidei</span> <span class='ocrx_word' id='word_1_173' title='bbox 317 2285 552 2336; x_wconf 88' lang='lat' dir='ltr'>pertinent,</span> <span class='ocrx_word' id='word_1_174' title='bbox 593 2295 690 2325; x_wconf 87' lang='lat' dir='ltr'>esse</span> <span class='ocrx_word' id='word_1_175' title='bbox 723 2282 928 2331; x_wconf 87' lang='lat' dir='ltr'>devotos,</span> <span class='ocrx_word' id='word_1_176' title='bbox 964 2287 1012 2323; x_wconf 95' lang='lat' dir='ltr'>ut</span> 
     </span>
     <span class='ocr_line' id='line_1_37' title="bbox 182 2337 1011 2382; baseline -0.002 -2"><span class='ocrx_word' id='word_1_177' title='bbox 182 2340 342 2382; x_wconf 91' lang='lat' dir='ltr'>nostris</span> <span class='ocrx_word' id='word_1_178' title='bbox 375 2338 754 2381; x_wconf 81' lang='lat' dir='ltr'>cohortationibus</span> <span class='ocrx_word' id='word_1_179' title='bbox 785 2351 873 2379; x_wconf 91' lang='lat' dir='ltr'>non</span> <span class='ocrx_word' id='word_1_180' title='bbox 904 2337 1011 2379; x_wconf 93' lang='lat' dir='ltr'>indi-</span> 
     </span>
     <span class='ocr_line' id='line_1_38' title="bbox 182 2394 1010 2446; baseline -0.004 -9"><span class='ocrx_word' id='word_1_181' title='bbox 182 2401 313 2446; x_wconf 86' lang='lat' dir='ltr'>geant</span> <span class='ocrx_word' id='word_1_182' title='bbox 341 2395 576 2437; x_wconf 89' lang='lat' dir='ltr'>admoneri.</span> <span class='ocrx_word' id='word_1_183' title='bbox 630 2394 760 2446; x_wconf 91' lang='lat' dir='ltr'>Quod</span> <span class='ocrx_word' id='word_1_184' title='bbox 789 2395 903 2436; x_wconf 91' lang='lat' dir='ltr'>enirn</span> <span class='ocrx_word' id='word_1_185' title='bbox 936 2394 1010 2435; x_wconf 93' lang='lat' dir='ltr'>du-</span> 
     </span>
     <span class='ocr_line' id='line_1_39' title="bbox 183 2451 1011 2500; baseline -0.002 -7"><span class='ocrx_word' id='word_1_186' title='bbox 183 2451 287 2493; x_wconf 92' lang='lat' dir='ltr'>dum</span> <span class='ocrx_word' id='word_1_187' title='bbox 317 2457 360 2492; x_wconf 92' lang='lat' dir='ltr'>et</span> <span class='ocrx_word' id='word_1_188' title='bbox 387 2451 563 2493; x_wconf 87' lang='lat' dir='ltr'>traditio</span> <span class='ocrx_word' id='word_1_189' title='bbox 593 2451 805 2500; x_wconf 91' lang='lat' dir='ltr'>decrevit,</span> <span class='ocrx_word' id='word_1_190' title='bbox 841 2456 884 2492; x_wconf 89' lang='lat' dir='ltr'>et</span> <span class='ocrx_word' id='word_1_191' title='bbox 911 2463 1011 2492; x_wconf 90' lang='lat' dir='ltr'>con-</span> 
     </span>
     <span class='ocr_line' id='line_1_40' title="bbox 183 2506 1011 2558; baseline -0.001 -10"><span class='ocrx_word' id='word_1_192' title='bbox 183 2506 372 2549; x_wconf 79' lang='lat' dir='ltr'>suetudo</span> <span class='ocrx_word' id='word_1_193' title='bbox 428 2508 632 2558; x_wconf 74' lang='lat' dir='ltr'>firmavit,</span> <span class='ocrx_word' id='word_1_194' title='bbox 689 2520 770 2548; x_wconf 90' lang='lat' dir='ltr'>nec</span> <span class='ocrx_word' id='word_1_195' title='bbox 825 2506 1011 2548; x_wconf 84' lang='lat' dir='ltr'>eruditio</span> 
     </span>
     <span class='ocr_line' id='line_1_41' title="bbox 183 2563 1011 2616; baseline -0.001 -12"><span class='ocrx_word' id='word_1_196' title='bbox 183 2565 370 2615; x_wconf 88' lang='lat' dir='ltr'>ignorat,</span> <span class='ocrx_word' id='word_1_197' title='bbox 411 2577 493 2604; x_wconf 93' lang='lat' dir='ltr'>nec</span> <span class='ocrx_word' id='word_1_198' title='bbox 529 2566 670 2616; x_wconf 88' lang='lat' dir='ltr'>pietas</span> <span class='ocrx_word' id='word_1_199' title='bbox 706 2563 1011 2616; x_wconf 81' lang='lat' dir='ltr'>praetermittit.</span> 
     </span>
     <span class='ocr_line' id='line_1_42' title="bbox 183 2619 1012 2671; baseline -0.002 -9"><span class='ocrx_word' id='word_1_200' title='bbox 183 2619 270 2662; x_wconf 87' lang='lat' dir='ltr'>Sed</span> <span class='ocrx_word' id='word_1_201' title='bbox 306 2620 408 2671; x_wconf 90' lang='lat' dir='ltr'>quia</span> <span class='ocrx_word' id='word_1_202' title='bbox 441 2619 727 2661; x_wconf 89' lang='lat' dir='ltr'>sacerdotalis</span> <span class='ocrx_word' id='word_1_203' title='bbox 762 2619 895 2660; x_wconf 90' lang='lat' dir='ltr'>officii</span> <span class='ocrx_word' id='word_1_204' title='bbox 928 2624 1012 2665; x_wconf 82' lang='lat' dir='ltr'>est,</span> 
     </span>
     <span class='ocr_line' id='line_1_43' title="bbox 184 2675 1012 2726; baseline -0.002 -9"><span class='ocrx_word' id='word_1_205' title='bbox 184 2689 287 2726; x_wconf 87' lang='lat' dir='ltr'>erga</span> <span class='ocrx_word' id='word_1_206' title='bbox 312 2688 463 2717; x_wconf 90' lang='lat' dir='ltr'>omnes</span> <span class='ocrx_word' id='word_1_207' title='bbox 487 2675 696 2716; x_wconf 75' lang='lat' dir='ltr'>Ecclesiae</span> <span class='ocrx_word' id='word_1_208' title='bbox 722 2675 836 2716; x_wconf 87' lang='lat' dir='ltr'>filios</span> <span class='ocrx_word' id='word_1_209' title='bbox 863 2687 1012 2716; x_wconf 87' lang='lat' dir='ltr'>curam</span> 
     </span>
     <span class='ocr_line' id='line_1_44' title="bbox 183 2729 1013 2783; baseline -0.001 -11"><span class='ocrx_word' id='word_1_210' title='bbox 183 2732 345 2774; x_wconf 88' lang='lat' dir='ltr'>habere</span> <span class='ocrx_word' id='word_1_211' title='bbox 369 2734 660 2780; x_wconf 89' lang='lat' dir='ltr'>communem,</span> <span class='ocrx_word' id='word_1_212' title='bbox 689 2732 731 2771; x_wconf 94' lang='lat' dir='ltr'>in</span> <span class='ocrx_word' id='word_1_213' title='bbox 757 2730 802 2773; x_wconf 93' lang='lat' dir='ltr'>id</span> <span class='ocrx_word' id='word_1_214' title='bbox 826 2729 946 2783; x_wconf 88' lang='lat' dir='ltr'>quod</span> <span class='ocrx_word' id='word_1_215' title='bbox 970 2735 1013 2771; x_wconf 89' lang='lat' dir='ltr'>et</span> 
     </span>
    </p>
   </div>
   <div class='ocr_carea' id='block_1_3' title="bbox 1055 297 1889 1082">
    <p class='ocr_par' dir='ltr' id='par_1_7' title="bbox 1055 297 1888 626">
     <span class='ocr_line' id='line_1_45' title="bbox 1055 297 1885 353; baseline -0.006 -10"><span class='ocrx_word' id='word_1_216' title='bbox 1055 302 1237 344; x_wconf 89' lang='lat' dir='ltr'>rudibus</span> <span class='ocrx_word' id='word_1_217' title='bbox 1263 301 1404 353; x_wconf 87' lang='lat' dir='ltr'>prosit</span> <span class='ocrx_word' id='word_1_218' title='bbox 1429 306 1472 341; x_wconf 90' lang='lat' dir='ltr'>et</span> <span class='ocrx_word' id='word_1_219' title='bbox 1499 298 1660 349; x_wconf 86' lang='lat' dir='ltr'>doctis,</span> <span class='ocrx_word' id='word_1_220' title='bbox 1695 310 1807 350; x_wconf 90' lang='lat' dir='ltr'>quos</span> <span class='ocrx_word' id='word_1_221' title='bbox 1833 297 1885 339; x_wconf 90' lang='lat' dir='ltr'>si-</span> 
     </span>
     <span class='ocr_line' id='line_1_46' title="bbox 1055 355 1886 409; baseline -0.006 -9"><span class='ocrx_word' id='word_1_222' title='bbox 1055 359 1145 400; x_wconf 93' lang='lat' dir='ltr'>mul</span> <span class='ocrx_word' id='word_1_223' title='bbox 1177 357 1411 408; x_wconf 85' lang='lat' dir='ltr'>diligimus,</span> <span class='ocrx_word' id='word_1_224' title='bbox 1442 355 1608 409; x_wconf 87' lang='lat' dir='ltr'>pariter</span> <span class='ocrx_word' id='word_1_225' title='bbox 1639 355 1886 396; x_wconf 85' lang='lat' dir='ltr'>incitamus:</span> 
     </span>
     <span class='ocr_line' id='line_1_47' title="bbox 1055 410 1887 468; baseline -0.007 -11"><span class='ocrx_word' id='word_1_226' title='bbox 1055 421 1103 457; x_wconf 92' lang='lat' dir='ltr'>ut</span> <span class='ocrx_word' id='word_1_227' title='bbox 1134 415 1354 468; x_wconf 89' lang='lat' dir='ltr'>jejunium,</span> <span class='ocrx_word' id='word_1_228' title='bbox 1395 412 1515 465; x_wconf 90' lang='lat' dir='ltr'>quod</span> <span class='ocrx_word' id='word_1_229' title='bbox 1546 411 1675 453; x_wconf 88' lang='lat' dir='ltr'>nobis</span> <span class='ocrx_word' id='word_1_230' title='bbox 1712 410 1887 464; x_wconf 86' lang='lat' dir='ltr'>septimi</span> 
     </span>
     <span class='ocr_line' id='line_1_48' title="bbox 1055 466 1888 518; baseline -0.007 -5"><span class='ocrx_word' id='word_1_231' title='bbox 1055 472 1216 513; x_wconf 91' lang='lat' dir='ltr'>mensis</span> <span class='ocrx_word' id='word_1_232' title='bbox 1236 474 1439 513; x_wconf 88' lang='lat' dir='ltr'>recursus</span> <span class='ocrx_word' id='word_1_233' title='bbox 1458 468 1626 518; x_wconf 85' lang='lat' dir='ltr'>indicit,</span> <span class='ocrx_word' id='word_1_234' title='bbox 1646 466 1734 509; x_wconf 87' lang='lat' dir='ltr'>fide</span> <span class='ocrx_word' id='word_1_235' title='bbox 1753 467 1888 508; x_wconf 88' lang='lat' dir='ltr'>alacri</span> 
     </span>
     <span class='ocr_line' id='line_1_49' title="bbox 1056 524 1886 581; baseline -0.007 -11"><span class='ocrx_word' id='word_1_236' title='bbox 1056 541 1135 581; x_wconf 91' lang='lat' dir='ltr'>per</span> <span class='ocrx_word' id='word_1_237' title='bbox 1161 528 1493 578; x_wconf 87' lang='lat' dir='ltr'>castigationem</span> <span class='ocrx_word' id='word_1_238' title='bbox 1517 524 1648 566; x_wconf 85' lang='lat' dir='ltr'>animi</span> <span class='ocrx_word' id='word_1_239' title='bbox 1668 528 1712 566; x_wconf 88' lang='lat' dir='ltr'>et</span> <span class='ocrx_word' id='word_1_240' title='bbox 1730 524 1886 576; x_wconf 89' lang='lat' dir='ltr'>corpo-</span> 
     </span>
     <span class='ocr_line' id='line_1_50' title="bbox 1057 584 1420 626; baseline -0.003 -1"><span class='ocrx_word' id='word_1_241' title='bbox 1057 585 1116 626; x_wconf 92' lang='lat' dir='ltr'>ris</span> <span class='ocrx_word' id='word_1_242' title='bbox 1137 584 1420 626; x_wconf 88' lang='lat' dir='ltr'>celebremus.</span> 
     </span>
    </p>

    <p class='ocr_par' dir='ltr' id='par_1_8' title="bbox 1057 642 1889 1082">
     <span class='ocr_line' id='line_1_51' title="bbox 1111 642 1888 696; baseline 0 -13"><span class='ocrx_word' id='word_1_243' title='bbox 1111 644 1162 696; x_wconf 66' lang='lat' dir='ltr'>R.</span> <span class='ocrx_word' id='word_1_244' title='bbox 1200 644 1454 687; x_wconf 89' lang='lat' dir='ltr'>Sufficiebat</span> <span class='ocrx_word' id='word_1_245' title='bbox 1489 642 1616 684; x_wconf 93' lang='lat' dir='ltr'>nobis</span> <span class='ocrx_word' id='word_1_246' title='bbox 1648 643 1888 695; x_wconf 87' lang='lat' dir='ltr'>paupertas</span> 
     </span>
     <span class='ocr_line' id='line_1_52' title="bbox 1057 699 1889 751; baseline -0.005 -8"><span class='ocrx_word' id='word_1_247' title='bbox 1057 707 1223 751; x_wconf 92' lang='lat' dir='ltr'>nostra,</span> <span class='ocrx_word' id='word_1_248' title='bbox 1248 707 1296 743; x_wconf 93' lang='lat' dir='ltr'>ut</span> <span class='ocrx_word' id='word_1_249' title='bbox 1320 700 1486 742; x_wconf 82' lang='lat' dir='ltr'>divitiae</span> <span class='ocrx_word' id='word_1_250' title='bbox 1513 699 1889 751; x_wconf 86' lang='lat' dir='ltr'>computarentur:</span> 
     </span>
     <span class='ocr_line' id='line_1_53' title="bbox 1057 755 1886 810; baseline -0.005 -11"><span class='ocrx_word' id='word_1_251' title='bbox 1057 771 1294 810; x_wconf 91' lang='lat' dir='ltr'>numquam</span> <span class='ocrx_word' id='word_1_252' title='bbox 1312 758 1465 799; x_wconf 88' lang='lat' dir='ltr'>fuisset</span> <span class='ocrx_word' id='word_1_253' title='bbox 1480 755 1668 809; x_wconf 90' lang='lat' dir='ltr'>pecunia</span> <span class='ocrx_word' id='word_1_254' title='bbox 1682 755 1789 807; x_wconf 90' lang='lat' dir='ltr'>ipsa,</span> <span class='ocrx_word' id='word_1_255' title='bbox 1805 767 1886 807; x_wconf 91' lang='lat' dir='ltr'>pro</span> 
     </span>
     <span class='ocr_line' id='line_1_54' title="bbox 1060 810 1887 868; baseline -0.006 -12"><span class='ocrx_word' id='word_1_256' title='bbox 1060 828 1146 868; x_wconf 91' lang='lat' dir='ltr'>qua</span> <span class='ocrx_word' id='word_1_257' title='bbox 1170 815 1328 856; x_wconf 89' lang='lat' dir='ltr'>misisti</span> <span class='ocrx_word' id='word_1_258' title='bbox 1355 814 1493 855; x_wconf 89' lang='lat' dir='ltr'>filium</span> <span class='ocrx_word' id='word_1_259' title='bbox 1519 817 1718 854; x_wconf 92' lang='lat' dir='ltr'>nostrum</span> <span class='ocrx_word' id='word_1_260' title='bbox 1760 810 1784 835; x_wconf 89' lang='lat'>*</span> <span class='ocrx_word' id='word_1_261' title='bbox 1804 811 1887 852; x_wconf 91' lang='lat' dir='ltr'>Ba-</span> 
     </span>
     <span class='ocr_line' id='line_1_55' title="bbox 1059 843 1889 913; baseline -0.006 0"><span class='ocrx_word' id='word_1_262' title='bbox 1059 871 1204 913; x_wconf 90' lang='lat' dir='ltr'>culum</span> <span class='ocrx_word' id='word_1_263' title='bbox 1232 870 1470 912; x_wconf 84' lang='lat' dir='ltr'>senectutis</span> <span class='ocrx_word' id='word_1_264' title='bbox 1498 873 1673 910; x_wconf 81' lang='lat' dir='ltr'>nostrae.</span> <span class='ocrx_word' id='word_1_265' title='bbox 1710 843 1761 913; x_wconf 41' lang='lat' dir='ltr'>lis.</span> <span class='ocrx_word' id='word_1_266' title='bbox 1788 867 1889 908; x_wconf 86' lang='lat' dir='ltr'>Heu</span> 
     </span>
     <span class='ocr_line' id='line_1_56' title="bbox 1058 924 1888 979; baseline -0.006 -11"><span class='ocrx_word' id='word_1_267' title='bbox 1058 940 1128 969; x_wconf 91' lang='lat' dir='ltr'>me</span> <span class='ocrx_word' id='word_1_268' title='bbox 1146 927 1208 968; x_wconf 93' lang='lat' dir='ltr'>fili</span> <span class='ocrx_word' id='word_1_269' title='bbox 1227 927 1300 977; x_wconf 92' lang='lat' dir='ltr'>mi,</span> <span class='ocrx_word' id='word_1_270' title='bbox 1318 932 1367 969; x_wconf 90' lang='lat' dir='ltr'>ut</span> <span class='ocrx_word' id='word_1_271' title='bbox 1388 925 1495 979; x_wconf 86' lang='lat' dir='ltr'>quid</span> <span class='ocrx_word' id='word_1_272' title='bbox 1512 930 1557 967; x_wconf 90' lang='lat' dir='ltr'>te</span> <span class='ocrx_word' id='word_1_273' title='bbox 1576 924 1773 965; x_wconf 87' lang='lat' dir='ltr'>misimus</span> <span class='ocrx_word' id='word_1_274' title='bbox 1791 936 1888 976; x_wconf 91' lang='lat' dir='ltr'>per-</span> 
     </span>
     <span class='ocr_line' id='line_1_57' title="bbox 1059 981 1888 1035; baseline -0.006 -10"><span class='ocrx_word' id='word_1_275' title='bbox 1059 984 1266 1035; x_wconf 90' lang='lat' dir='ltr'>egrinari,</span> <span class='ocrx_word' id='word_1_276' title='bbox 1294 983 1440 1024; x_wconf 90' lang='lat' dir='ltr'>lumen</span> <span class='ocrx_word' id='word_1_277' title='bbox 1464 981 1695 1024; x_wconf 89' lang='lat' dir='ltr'>oculorum</span> <span class='ocrx_word' id='word_1_278' title='bbox 1717 982 1888 1022; x_wconf 91' lang='lat' dir='ltr'>nostro-</span> 
     </span>
     <span class='ocr_line' id='line_1_58' title="bbox 1058 1039 1431 1082; baseline -0.003 -1"><span class='ocrx_word' id='word_1_279' title='bbox 1058 1039 1176 1082; x_wconf 85' lang='lat' dir='ltr'>rum?</span> <span class='ocrx_word' id='word_1_280' title='bbox 1205 1039 1431 1082; x_wconf 90' lang='lat' dir='ltr'>Baculum.</span> 
     </span>
    </p>
   </div>
   <div class='ocr_carea' id='block_1_4' title="bbox 1371 1114 1582 1156">
    <p class='ocr_par' dir='ltr' id='par_1_9' title="bbox 1371 1114 1582 1156">
     <span class='ocr_line' id='line_1_59' title="bbox 1371 1114 1582 1156; baseline -0.009 -2"><span class='ocrx_word' id='word_1_281' title='bbox 1371 1114 1523 1156; x_wconf 90' lang='lat' dir='ltr'>Lectio</span> <span class='ocrx_word' id='word_1_282' title='bbox 1544 1127 1582 1153; x_wconf 89' lang='lat' dir='ltr'>v.</span> 
     </span>
    </p>
   </div>
   <div class='ocr_carea' id='block_1_5' title="bbox 1060 1175 1915 1683">
    <p class='ocr_par' dir='ltr' id='par_1_10' title="bbox 1107 1175 1890 1231">
     <span class='ocr_line' id='line_1_60' title="bbox 1107 1175 1890 1231; baseline -0.003 -10"><span class='ocrx_word' id='word_1_283' title='bbox 1107 1179 1191 1221; x_wconf 90' lang='lat' dir='ltr'>deo</span> <span class='ocrx_word' id='word_1_284' title='bbox 1225 1179 1341 1221; x_wconf 91' lang='lat' dir='ltr'>enim</span> <span class='ocrx_word' id='word_1_285' title='bbox 1372 1178 1470 1231; x_wconf 90' lang='lat' dir='ltr'>ipsa</span> <span class='ocrx_word' id='word_1_286' title='bbox 1502 1176 1782 1219; x_wconf 79' lang='lat' dir='ltr'>continentiae</span> <span class='ocrx_word' id='word_1_287' title='bbox 1815 1175 1890 1219; x_wconf 93' lang='lat' dir='ltr'>ob-</span> 
     </span>
    </p>

    <p class='ocr_par' dir='ltr' id='par_1_11' title="bbox 1060 1233 1915 1683">
     <span class='ocr_line' id='line_1_61' title="bbox 1122 1233 1893 1287; baseline -0.004 -10"><span class='ocrx_word' id='word_1_288' title='bbox 1122 1235 1341 1278; x_wconf 85' lang='lat' dir='ltr'>servantia</span> <span class='ocrx_word' id='word_1_289' title='bbox 1366 1236 1555 1287; x_wconf 89' lang='lat' dir='ltr'>quatuor</span> <span class='ocrx_word' id='word_1_290' title='bbox 1580 1239 1647 1275; x_wconf 90' lang='lat' dir='ltr'>est</span> <span class='ocrx_word' id='word_1_291' title='bbox 1671 1233 1893 1285; x_wconf 86' lang='lat' dir='ltr'>assignata</span> 
     </span>
     <span class='ocr_line' id='line_1_62' title="bbox 1060 1290 1892 1345; baseline -0.004 -11"><span class='ocrx_word' id='word_1_292' title='bbox 1060 1292 1351 1345; x_wconf 80' lang='lat' dir='ltr'>temporibus,</span> <span class='ocrx_word' id='word_1_293' title='bbox 1382 1296 1431 1333; x_wconf 92' lang='lat' dir='ltr'>ut</span> <span class='ocrx_word' id='word_1_294' title='bbox 1462 1291 1506 1331; x_wconf 93' lang='lat' dir='ltr'>in</span> <span class='ocrx_word' id='word_1_295' title='bbox 1534 1290 1728 1343; x_wconf 90' lang='lat' dir='ltr'>idipsum</span> <span class='ocrx_word' id='word_1_296' title='bbox 1755 1291 1892 1332; x_wconf 88' lang='lat' dir='ltr'>totius</span> 
     </span>
     <span class='ocr_line' id='line_1_63' title="bbox 1061 1346 1892 1398; baseline -0.002 -8"><span class='ocrx_word' id='word_1_297' title='bbox 1061 1350 1162 1390; x_wconf 91' lang='lat' dir='ltr'>anni</span> <span class='ocrx_word' id='word_1_298' title='bbox 1186 1348 1396 1390; x_wconf 82' lang='lat' dir='ltr'>redeunte</span> <span class='ocrx_word' id='word_1_299' title='bbox 1421 1346 1627 1397; x_wconf 91' lang='lat' dir='ltr'>decursu,</span> <span class='ocrx_word' id='word_1_300' title='bbox 1656 1359 1892 1398; x_wconf 86' lang='lat' dir='ltr'>cognosce-</span> 
     </span>
     <span class='ocr_line' id='line_1_64' title="bbox 1061 1403 1892 1456; baseline -0.004 -9"><span class='ocrx_word' id='word_1_301' title='bbox 1061 1408 1207 1447; x_wconf 91' lang='lat' dir='ltr'>remus</span> <span class='ocrx_word' id='word_1_302' title='bbox 1245 1418 1326 1446; x_wconf 91' lang='lat' dir='ltr'>nos</span> <span class='ocrx_word' id='word_1_303' title='bbox 1361 1403 1660 1446; x_wconf 86' lang='lat' dir='ltr'>indesinenter</span> <span class='ocrx_word' id='word_1_304' title='bbox 1691 1403 1892 1456; x_wconf 91' lang='lat' dir='ltr'>purifica-</span> 
     </span>
     <span class='ocr_line' id='line_1_65' title="bbox 1060 1460 1915 1514; baseline -0.004 -10"><span class='ocrx_word' id='word_1_305' title='bbox 1060 1462 1254 1504; x_wconf 82' lang='lat' dir='ltr'>tionibus</span> <span class='ocrx_word' id='word_1_306' title='bbox 1274 1460 1485 1512; x_wconf 88' lang='lat' dir='ltr'>indigere:</span> <span class='ocrx_word' id='word_1_307' title='bbox 1514 1462 1777 1514; x_wconf 90' lang='lat' dir='ltr'>semperque</span> <span class='ocrx_word' id='word_1_308' title='bbox 1796 1472 1893 1502; x_wconf 88' lang='lat' dir='ltr'>esse</span> <span class='ocrx_word' id='word_1_309' title='bbox 1914 1462 1915 1465; x_wconf 74' lang='grc'>’</span> 
     </span>
     <span class='ocr_line' id='line_1_66' title="bbox 1061 1516 1893 1569; baseline -0.002 -9"><span class='ocrx_word' id='word_1_310' title='bbox 1061 1518 1304 1569; x_wconf 90' lang='lat' dir='ltr'>nitendum,</span> <span class='ocrx_word' id='word_1_311' title='bbox 1337 1516 1444 1559; x_wconf 92' lang='lat' dir='ltr'>dum</span> <span class='ocrx_word' id='word_1_312' title='bbox 1471 1516 1597 1568; x_wconf 89' lang='lat' dir='ltr'>hujus</span> <span class='ocrx_word' id='word_1_313' title='bbox 1625 1517 1729 1558; x_wconf 89' lang='lat' dir='ltr'>vitae</span> <span class='ocrx_word' id='word_1_314' title='bbox 1758 1517 1893 1558; x_wconf 89' lang='lat' dir='ltr'>varie-</span> 
     </span>
     <span class='ocr_line' id='line_1_67' title="bbox 1061 1571 1894 1627; baseline -0.004 -10"><span class='ocrx_word' id='word_1_315' title='bbox 1061 1578 1151 1617; x_wconf 90' lang='lat' dir='ltr'>tate</span> <span class='ocrx_word' id='word_1_316' title='bbox 1172 1576 1399 1627; x_wconf 86' lang='lat' dir='ltr'>jactamur,</span> <span class='ocrx_word' id='word_1_317' title='bbox 1427 1579 1477 1615; x_wconf 92' lang='lat' dir='ltr'>ut</span> <span class='ocrx_word' id='word_1_318' title='bbox 1495 1575 1745 1626; x_wconf 89' lang='lat' dir='ltr'>peccatum,</span> <span class='ocrx_word' id='word_1_319' title='bbox 1774 1571 1894 1626; x_wconf 92' lang='lat' dir='ltr'>quod</span> 
     </span>
     <span class='ocr_line' id='line_1_68' title="bbox 1062 1629 1895 1683; baseline -0.002 -11"><span class='ocrx_word' id='word_1_320' title='bbox 1062 1631 1296 1683; x_wconf 89' lang='lat' dir='ltr'>fragilitate</span> <span class='ocrx_word' id='word_1_321' title='bbox 1338 1631 1480 1672; x_wconf 91' lang='lat' dir='ltr'>carnis</span> <span class='ocrx_word' id='word_1_322' title='bbox 1522 1635 1566 1672; x_wconf 90' lang='lat' dir='ltr'>et</span> <span class='ocrx_word' id='word_1_323' title='bbox 1603 1629 1895 1682; x_wconf 75' lang='lat' dir='ltr'>cupiditatum</span> 
     </span>
    </p>
   </div>
   <div class='ocr_carea' id='block_1_6' title="bbox 1061 1686 1955 1741">
    <p class='ocr_par' dir='ltr' id='par_1_12' title="bbox 1061 1686 1955 1741">
     <span class='ocr_line' id='line_1_69' title="bbox 1061 1686 1955 1741; baseline -0.003 -12"><span class='ocrx_word' id='word_1_324' title='bbox 1061 1688 1305 1741; x_wconf 88' lang='lat' dir='ltr'>pollutione</span> <span class='ocrx_word' id='word_1_325' title='bbox 1329 1686 1616 1736; x_wconf 90' lang='lat' dir='ltr'>contrahitur,</span> <span class='ocrx_word' id='word_1_326' title='bbox 1643 1686 1810 1738; x_wconf 83' lang='lat' dir='ltr'>jejuniis</span> <span class='ocrx_word' id='word_1_327' title='bbox 1834 1691 1894 1727; x_wconf 91' lang='lat' dir='ltr'>at·</span> <span class='ocrx_word' id='word_1_328' title='bbox 1954 1686 1955 1689; x_wconf 73' lang='grc'>’</span> 
     </span>
    </p>
   </div>
   <div class='ocr_carea' id='block_1_7' title="bbox 1062 1742 1931 2364">
    <p class='ocr_par' dir='ltr' id='par_1_13' title="bbox 1062 1742 1895 2011">
     <span class='ocr_line' id='line_1_70' title="bbox 1064 1742 1894 1797; baseline -0.004 -11"><span class='ocrx_word' id='word_1_329' title='bbox 1064 1758 1147 1797; x_wconf 90' lang='lat' dir='ltr'>que</span> <span class='ocrx_word' id='word_1_330' title='bbox 1168 1744 1457 1796; x_wconf 87' lang='lat' dir='ltr'>eleemosynis</span> <span class='ocrx_word' id='word_1_331' title='bbox 1478 1743 1688 1785; x_wconf 86' lang='lat' dir='ltr'>deleatur.</span> <span class='ocrx_word' id='word_1_332' title='bbox 1720 1742 1894 1784; x_wconf 89' lang='lat' dir='ltr'>Esuria-</span> 
     </span>
     <span class='ocr_line' id='line_1_71' title="bbox 1062 1798 1893 1854; baseline -0.004 -11"><span class='ocrx_word' id='word_1_333' title='bbox 1062 1814 1160 1843; x_wconf 91' lang='lat' dir='ltr'>mus</span> <span class='ocrx_word' id='word_1_334' title='bbox 1178 1801 1420 1854; x_wconf 89' lang='lat' dir='ltr'>paululum,</span> <span class='ocrx_word' id='word_1_335' title='bbox 1445 1799 1733 1850; x_wconf 90' lang='lat' dir='ltr'>dilectissimi,</span> <span class='ocrx_word' id='word_1_336' title='bbox 1757 1804 1802 1841; x_wconf 88' lang='lat' dir='ltr'>et</span> <span class='ocrx_word' id='word_1_337' title='bbox 1820 1798 1893 1840; x_wconf 90' lang='lat' dir='ltr'>ali-</span> 
     </span>
     <span class='ocr_line' id='line_1_72' title="bbox 1064 1854 1895 1909; baseline -0.004 -10"><span class='ocrx_word' id='word_1_338' title='bbox 1064 1857 1338 1909; x_wconf 93' lang='lat' dir='ltr'>quantulum,</span> <span class='ocrx_word' id='word_1_339' title='bbox 1372 1855 1493 1908; x_wconf 92' lang='lat' dir='ltr'>quod</span> <span class='ocrx_word' id='word_1_340' title='bbox 1524 1854 1724 1908; x_wconf 90' lang='lat' dir='ltr'>juvandis</span> <span class='ocrx_word' id='word_1_341' title='bbox 1751 1855 1895 1908; x_wconf 73' lang='lat' dir='ltr'>pqssit</span> 
     </span>
     <span class='ocr_line' id='line_1_73' title="bbox 1062 1911 1893 1966; baseline -0.002 -11"><span class='ocrx_word' id='word_1_342' title='bbox 1062 1913 1277 1966; x_wconf 91' lang='lat' dir='ltr'>prodesse</span> <span class='ocrx_word' id='word_1_343' title='bbox 1297 1911 1581 1966; x_wconf 87' lang='lat' dir='ltr'>pauperibus,</span> <span class='ocrx_word' id='word_1_344' title='bbox 1606 1917 1772 1953; x_wconf 87' lang='lat' dir='ltr'>nostrae</span> <span class='ocrx_word' id='word_1_345' title='bbox 1792 1924 1893 1953; x_wconf 87' lang='lat' dir='ltr'>con·</span> 
     </span>
     <span class='ocr_line' id='line_1_74' title="bbox 1063 1968 1625 2011; baseline -0.005 0"><span class='ocrx_word' id='word_1_346' title='bbox 1063 1969 1286 2011; x_wconf 90' lang='lat' dir='ltr'>suetudini</span> <span class='ocrx_word' id='word_1_347' title='bbox 1305 1968 1625 2011; x_wconf 88' lang='lat' dir='ltr'>subtrahamus.</span> 
     </span>
    </p>

    <p class='ocr_par' dir='ltr' id='par_1_14' title="bbox 1064 2028 1931 2364">
     <span class='ocr_line' id='line_1_75' title="bbox 1115 2028 1894 2085; baseline -0.005 -12"><span class='ocrx_word' id='word_1_348' title='bbox 1115 2035 1167 2085; x_wconf 60' lang='lat' dir='ltr'>Rg.</span> <span class='ocrx_word' id='word_1_349' title='bbox 1183 2029 1440 2072; x_wconf 88' lang='lat' dir='ltr'>Benedicite</span> <span class='ocrx_word' id='word_1_350' title='bbox 1458 2029 1604 2071; x_wconf 87' lang='lat' dir='ltr'>Deum</span> <span class='ocrx_word' id='word_1_351' title='bbox 1623 2028 1739 2079; x_wconf 89' lang='lat' dir='ltr'>coeli,</span> <span class='ocrx_word' id='word_1_352' title='bbox 1761 2033 1805 2070; x_wconf 89' lang='lat' dir='ltr'>et</span> <span class='ocrx_word' id='word_1_353' title='bbox 1824 2041 1894 2070; x_wconf 87' lang='lat' dir='ltr'>co-</span> 
     </span>
     <span class='ocr_line' id='line_1_76' title="bbox 1064 2085 1895 2129; baseline -0.004 0"><span class='ocrx_word' id='word_1_354' title='bbox 1064 2101 1158 2129; x_wconf 91' lang='lat' dir='ltr'>ram</span> <span class='ocrx_word' id='word_1_355' title='bbox 1197 2086 1399 2128; x_wconf 90' lang='lat' dir='ltr'>omnibus</span> <span class='ocrx_word' id='word_1_356' title='bbox 1432 2085 1682 2127; x_wconf 84' lang='lat' dir='ltr'>viventibus</span> <span class='ocrx_word' id='word_1_357' title='bbox 1717 2085 1895 2127; x_wconf 87' lang='lat' dir='ltr'>confite-</span> 
     </span>
     <span class='ocr_line' id='line_1_77' title="bbox 1064 2141 1931 2194; baseline -0.005 -8"><span class='ocrx_word' id='word_1_358' title='bbox 1064 2145 1168 2186; x_wconf 91' lang='lat' dir='ltr'>mini</span> <span class='ocrx_word' id='word_1_359' title='bbox 1187 2144 1241 2185; x_wconf 82' lang='lat' dir='ltr'>ei:</span> <span class='ocrx_word' id='word_1_360' title='bbox 1259 2146 1283 2171; x_wconf 87' lang='lat'>*</span> <span class='ocrx_word' id='word_1_361' title='bbox 1305 2143 1416 2194; x_wconf 91' lang='lat' dir='ltr'>Quia</span> <span class='ocrx_word' id='word_1_362' title='bbox 1439 2143 1542 2184; x_wconf 88' lang='lat' dir='ltr'>fecit</span> <span class='ocrx_word' id='word_1_363' title='bbox 1565 2141 1794 2184; x_wconf 89' lang='lat' dir='ltr'>vobiscum</span> <span class='ocrx_word' id='word_1_364' title='bbox 1817 2142 1894 2182; x_wconf 91' lang='lat' dir='ltr'>mi·</span> <span class='ocrx_word' id='word_1_365' title='bbox 1929 2151 1931 2153; x_wconf 80' lang='grc'><strong>’</strong></span> 
     </span>
     <span class='ocr_line' id='line_1_78' title="bbox 1065 2192 1894 2251; baseline -0.004 -9"><span class='ocrx_word' id='word_1_366' title='bbox 1065 2199 1351 2242; x_wconf 89' lang='lat' dir='ltr'>sericordiam</span> <span class='ocrx_word' id='word_1_367' title='bbox 1368 2212 1502 2240; x_wconf 90' lang='lat' dir='ltr'>suam.</span> <span class='ocrx_word' id='word_1_368' title='bbox 1532 2192 1581 2245; x_wconf 65' lang='lat' dir='ltr'>Ys-</span> <span class='ocrx_word' id='word_1_369' title='bbox 1598 2199 1752 2251; x_wconf 89' lang='lat' dir='ltr'>Ipsum</span> <span class='ocrx_word' id='word_1_370' title='bbox 1765 2198 1894 2240; x_wconf 90' lang='lat' dir='ltr'>bene-</span> 
     </span>
     <span class='ocr_line' id='line_1_79' title="bbox 1065 2255 1896 2307; baseline -0.004 -8"><span class='ocrx_word' id='word_1_371' title='bbox 1065 2257 1215 2307; x_wconf 90' lang='lat' dir='ltr'>dicite,</span> <span class='ocrx_word' id='word_1_372' title='bbox 1248 2261 1292 2297; x_wconf 91' lang='lat' dir='ltr'>et</span> <span class='ocrx_word' id='word_1_373' title='bbox 1315 2258 1488 2297; x_wconf 88' lang='lat' dir='ltr'>cantate</span> <span class='ocrx_word' id='word_1_374' title='bbox 1514 2255 1593 2296; x_wconf 86' lang='lat' dir='ltr'>illi:</span> <span class='ocrx_word' id='word_1_375' title='bbox 1626 2260 1670 2297; x_wconf 90' lang='lat' dir='ltr'>et</span> <span class='ocrx_word' id='word_1_376' title='bbox 1694 2257 1896 2297; x_wconf 85' lang='lat' dir='ltr'>enarrate</span> 
     </span>
     <span class='ocr_line' id='line_1_80' title="bbox 1066 2311 1716 2364; baseline -0.005 -9"><span class='ocrx_word' id='word_1_377' title='bbox 1066 2314 1211 2355; x_wconf 90' lang='lat' dir='ltr'>omnia</span> <span class='ocrx_word' id='word_1_378' title='bbox 1230 2312 1444 2354; x_wconf 90' lang='lat' dir='ltr'>mirabilia</span> <span class='ocrx_word' id='word_1_379' title='bbox 1464 2312 1565 2364; x_wconf 90' lang='lat' dir='ltr'>ejus.</span> <span class='ocrx_word' id='word_1_380' title='bbox 1594 2311 1716 2362; x_wconf 88' lang='lat' dir='ltr'>Quia.</span> 
     </span>
    </p>
   </div>
   <div class='ocr_carea' id='block_1_8' title="bbox 1368 2381 1592 2424">
    <p class='ocr_par' dir='ltr' id='par_1_15' title="bbox 1368 2381 1592 2424">
     <span class='ocr_line' id='line_1_81' title="bbox 1368 2381 1592 2424; baseline -0.009 -1"><span class='ocrx_word' id='word_1_381' title='bbox 1368 2382 1519 2424; x_wconf 90' lang='lat' dir='ltr'>Lectio</span> <span class='ocrx_word' id='word_1_382' title='bbox 1541 2381 1592 2422; x_wconf 89' lang='lat' dir='ltr'>vi.</span> 
     </span>
    </p>
   </div>
   <div class='ocr_carea' id='block_1_9' title="bbox 1065 2445 1897 2782">
    <p class='ocr_par' dir='ltr' id='par_1_16' title="bbox 1065 2445 1897 2782">
     <span class='ocr_line' id='line_1_82' title="bbox 1067 2445 1895 2552; baseline -0.005 -61"><span class='ocrx_word' id='word_1_383' title='bbox 1067 2446 1368 2552; x_wconf 88' lang='lat' dir='ltr'>Deleetetur</span> <span class='ocrx_word' id='word_1_384' title='bbox 1396 2447 1662 2490; x_wconf 88' lang='lat' dir='ltr'>conscientia</span> <span class='ocrx_word' id='word_1_385' title='bbox 1688 2445 1895 2497; x_wconf 89' lang='lat' dir='ltr'>benigno-</span> 
     </span>
     <span class='ocr_line' id='line_1_83' title="bbox 1160 2503 1897 2554; baseline -0.001 -9"><span class='ocrx_word' id='word_1_386' title='bbox 1160 2518 1256 2546; x_wconf 92' lang='lat' dir='ltr'>rum</span> <span class='ocrx_word' id='word_1_387' title='bbox 1271 2503 1486 2547; x_wconf 89' lang='lat' dir='ltr'>fructibus</span> <span class='ocrx_word' id='word_1_388' title='bbox 1500 2503 1728 2554; x_wconf 87' lang='lat' dir='ltr'>largitatis:</span> <span class='ocrx_word' id='word_1_389' title='bbox 1744 2507 1788 2544; x_wconf 90' lang='lat' dir='ltr'>et</span> <span class='ocrx_word' id='word_1_390' title='bbox 1802 2506 1897 2554; x_wconf 91' lang='lat' dir='ltr'>gau·</span> 
     </span>
     <span class='ocr_line' id='line_1_84' title="bbox 1066 2558 1897 2612; baseline -0.005 -9"><span class='ocrx_word' id='word_1_391' title='bbox 1066 2561 1137 2603; x_wconf 89' lang='lat' dir='ltr'>dia</span> <span class='ocrx_word' id='word_1_392' title='bbox 1161 2561 1376 2610; x_wconf 90' lang='lat' dir='ltr'>tribuens,</span> <span class='ocrx_word' id='word_1_393' title='bbox 1405 2573 1493 2612; x_wconf 92' lang='lat' dir='ltr'>quo</span> <span class='ocrx_word' id='word_1_394' title='bbox 1521 2573 1568 2602; x_wconf 91' lang='lat' dir='ltr'>es</span> <span class='ocrx_word' id='word_1_395' title='bbox 1593 2558 1897 2610; x_wconf 84' lang='lat' dir='ltr'>laetificandus,</span> 
     </span>
     <span class='ocr_line' id='line_1_85' title="bbox 1065 2615 1895 2670; baseline -0.001 -11"><span class='ocrx_word' id='word_1_396' title='bbox 1065 2618 1266 2670; x_wconf 87' lang='lat' dir='ltr'>accipies.</span> <span class='ocrx_word' id='word_1_397' title='bbox 1294 2617 1484 2659; x_wconf 90' lang='lat' dir='ltr'>Dilectio</span> <span class='ocrx_word' id='word_1_398' title='bbox 1500 2616 1701 2669; x_wconf 83' lang='lat' dir='ltr'>proximi,</span> <span class='ocrx_word' id='word_1_399' title='bbox 1719 2615 1895 2658; x_wconf 88' lang='lat' dir='ltr'>dilectio</span> 
     </span>
     <span class='ocr_line' id='line_1_86' title="bbox 1065 2671 1897 2726; baseline -0.002 -11"><span class='ocrx_word' id='word_1_400' title='bbox 1065 2674 1149 2715; x_wconf 86' lang='lat' dir='ltr'>Dei</span> <span class='ocrx_word' id='word_1_401' title='bbox 1174 2679 1256 2723; x_wconf 87' lang='lat' dir='ltr'>est,</span> <span class='ocrx_word' id='word_1_402' title='bbox 1286 2674 1361 2726; x_wconf 89' lang='lat' dir='ltr'>qui</span> <span class='ocrx_word' id='word_1_403' title='bbox 1382 2672 1701 2725; x_wconf 91' lang='lat' dir='ltr'>plenitudinem</span> <span class='ocrx_word' id='word_1_404' title='bbox 1724 2671 1835 2723; x_wconf 87' lang='lat' dir='ltr'>legis</span> <span class='ocrx_word' id='word_1_405' title='bbox 1854 2677 1897 2713; x_wconf 93' lang='lat' dir='ltr'>et</span> 
     </span>
     <span class='ocr_line' id='line_1_87' title="bbox 1065 2727 1895 2782; baseline -0.004 -11"><span class='ocrx_word' id='word_1_406' title='bbox 1065 2730 1388 2782; x_wconf 88' lang='lat' dir='ltr'>Prophetarum</span> <span class='ocrx_word' id='word_1_407' title='bbox 1409 2729 1452 2769; x_wconf 91' lang='lat' dir='ltr'>in</span> <span class='ocrx_word' id='word_1_408' title='bbox 1476 2728 1560 2770; x_wconf 88' lang='lat' dir='ltr'>hac</span> <span class='ocrx_word' id='word_1_409' title='bbox 1583 2727 1770 2779; x_wconf 81' lang='lat' dir='ltr'>geminae</span> <span class='ocrx_word' id='word_1_410' title='bbox 1790 2728 1895 2770; x_wconf 89' lang='lat' dir='ltr'>cari-</span> 
     </span>
    </p>
   </div>
   <div class='ocr_carea' id='block_1_10' title="bbox 113 148 1959 2838">
    <p class='ocr_par' dir='ltr' id='par_1_17' title="bbox 113 148 1959 2838">
     <span class='ocr_line' id='line_1_88' title="bbox 113 148 1959 2838; baseline 0 0"><span class='ocrx_word' id='word_1_411' title='bbox 113 148 1959 2838; x_wconf 95' lang='lat' dir='ltr'> </span> 
     </span>
    </p>
   </div>
  </div>
 </body>
</html>
