2040 2944
210 211 255 246 54
766 211 874 246 Fcria
900 210 1010 245 tertia
1036 211 1085 245 ad
1108 209 1343 244 Matutinum.

213 307 316 347 mini
342 318 442 358 spes
471 305 573 355 ejus:
600 303 623 327 ¹⁸¹
651 305 693 343 et
720 313 807 342 non
837 300 1028 352 respexit

213 364 255 404 in
284 362 494 403 vanitates
523 364 564 400 et
591 357 778 398 insanias
806 356 945 397 falsas.

265 418 399 460 Multa
435 415 572 457 fecisti
608 420 655 456 tu
687 413 873 454 Domine
909 413 1028 454 Deus

214 488 333 516 meus
362 471 572 514 mirabilia
598 476 686 512 tua:
714 470 736 495 *
764 475 807 511 et
835 469 1027 520 cogitati-

214 531 365 572 onibus
373 529 455 571 tuis
466 541 552 569 non
564 532 629 569 est
638 527 709 579 qui
720 526 868 567 similis
876 526 931 567 sit
941 525 1028 567 tibi.

265 589 525 631 Annuntiavi
536 593 579 630 et
588 588 760 629 locutus
771 600 881 628 sum:
891 587 914 612 *
924 586 1027 627 mul-

212 646 391 700 tiplicati
420 650 518 687 sunt
546 657 676 697 super
704 646 940 684 numerum.

263 702 527 744 Sacrificium
557 706 599 742 et
625 700 887 742 oblationem
910 699 1028 740 nolu-

213 760 296 801 isti:
315 760 338 784 *
358 771 483 799 aures
507 762 650 799 autem
675 756 893 809 perfecisti
915 755 1028 796 mihi.

263 815 579 857 Holocaustum
629 818 672 854 et
714 825 794 864 pro
845 814 1028 864 peccato

212 885 298 913 non
326 870 570 924 postulasti:
597 870 620 895 *
646 875 748 911 tunc
780 867 882 910 dixi:
914 869 1028 909 Ecce

211 928 349 970 venio.

263 985 313 1025 In
342 983 483 1036 capite
516 982 613 1024 libri
640 982 847 1034 scriptum
881 986 946 1022 est
974 981 1028 1022 de

211 1054 282 1082 me
308 1046 356 1082 ut
382 1040 569 1081 facerem
601 1038 868 1080 voluntatem
894 1042 1029 1079 tuam:

212 1098 235 1123 *
254 1097 373 1138 Deus
391 1109 512 1137 meus
534 1095 660 1145 volui,
685 1099 729 1136 et
748 1094 888 1145 legem
911 1099 1029 1136 tuam

212 1155 255 1195 in
281 1152 424 1194 medio
453 1152 596 1194 cordis
623 1151 718 1193 mei.

213 1229 224 1251 ,-
264 1209 526 1251 Annuntiavi
544 1208 747 1260 justitiam
764 1213 883 1249 tuam
901 1208 943 1248 in
964 1221 1028 1249 ec-

214 1267 343 1308 clesia
361 1278 526 1316 magna,
542 1266 564 1290 *
577 1277 677 1306 ecce
696 1264 809 1306 labia
827 1277 925 1306 mea
942 1277 1029 1306 non

214 1322 470 1376 prohibebo:
497 1322 682 1362 Domine
709 1326 756 1363 tu
783 1321 912 1363 scisti.

264 1379 287 1420 J
291 1379 479 1421 ustitiam
502 1384 620 1420 tuam
643 1391 730 1419 non
752 1377 960 1419 abscondi
986 1378 1029 1418 in

215 1435 347 1477 corde
380 1447 494 1476 meo:
527 1435 550 1460 *
583 1435 809 1476 veritatem
841 1439 959 1476 tuam
987 1439 1030 1476 et

215 1492 401 1533 salutare
428 1497 549 1533 tuum
577 1490 675 1532 dixi.

265 1548 365 1589 Non
385 1547 593 1589 abscondi
612 1547 952 1588 misericordiam
966 1553 1029 1589 tu-

215 1617 283 1645 am
313 1610 355 1645 et
388 1604 614 1646 veritatem
640 1609 758 1645 tuam
786 1605 809 1629 *
837 1617 861 1645 a
890 1607 1028 1646 conci-

215 1661 272 1701 lio
299 1661 445 1702 multo.

266 1717 334 1758 Tu
362 1722 504 1758 autem
522 1717 708 1758 Domine
735 1729 789 1758 ne
816 1717 944 1768 longe
972 1718 1030 1758 fa-

217 1774 303 1814 cias
324 1773 621 1815 miserationes
645 1779 741 1815 tuas
762 1786 787 1814 a
807 1787 893 1815 me:
912 1775 935 1799 *
955 1774 1029 1814 mi-

216 1829 451 1870 sericordia
474 1835 548 1871 tua
576 1835 619 1871 et
642 1830 801 1872 veritas
824 1835 898 1872 tua
923 1843 1030 1872 sem-

216 1898 294 1938 per
312 1888 593 1938 susceperunt
619 1899 699 1927 me.

269 1942 1033 1991 Quoniamcircumdederuntmema-

218 1998 269 2047 la,
282 2011 463 2050 quorum
478 2011 564 2040 non
578 2004 643 2040 est
657 2002 875 2040 numerus:
885 1999 908 2024 *
919 2011 1033 2040 com-

218 2054 538 2106 prehenderunt
556 2067 625 2096 me
646 2055 894 2108 iniquitates
914 2068 1033 2106 meae,

219 2116 261 2152 et
288 2124 373 2152 non
402 2111 523 2164 potui
554 2116 600 2153 ut
627 2111 830 2153 viderem.

269 2166 565 2220 Multiplicatae
588 2173 686 2209 sunt
705 2181 835 2221 super
855 2169 1034 2221 capillos

220 2223 372 2275 capitis
399 2223 499 2264 mei:
524 2225 547 2249 *
571 2229 614 2266 et
642 2237 717 2265 cor
743 2238 887 2266 meum
915 2225 1034 2267 dere-

219 2279 342 2331 liquit
368 2292 447 2321 me.

272 2335 550 2388 Complaceat
563 2337 640 2378 tibi
652 2337 837 2379 Demine
852 2343 899 2380 ut
911 2340 1035 2380 eruas

219 2404 304 2432 me:
323 2392 346 2416 *
365 2392 560 2442 Domine,
581 2393 636 2434 ad
657 2393 946 2444 adjuvandum
966 2409 1035 2437 me

220 2447 398 2500 respice.

274 2503 598 2547 Confundantur
618 2511 660 2548 et
682 2509 960 2550 revereantur
985 2509 1035 2549 si-

221 2559 320 2610 mul,
349 2561 421 2612 qui
450 2568 646 2612 quaerunt
674 2563 858 2605 animam
885 2577 1036 2615 meam,

221 2617 243 2642 *
272 2621 319 2658 ut
346 2617 542 2659 auferant
570 2631 675 2659 eam.

274 2673 590 2715 Convertantur
616 2677 871 2726 retrorsum,
905 2682 947 2718 et
976 2690 1037 2718 re-

223 2731 490 2771 vereantur*
510 2731 582 2782 qui
610 2731 759 2774 volunt
786 2732 889 2774 mihi
916 2733 1039 2774 mala.

1128 299 1288 340 Ferant
1332 296 1560 339 confestim
1604 295 1901 339 confusionem

1080 355 1241 404 suam‚*
1253 354 1326 407 qui
1342 353 1490 395 dicunt
1503 352 1621 393 mihi:
1636 353 1767 404 Euge,
1783 365 1902 405 euge.

1132 410 1371 460 Exsultent,
1400 415 1443 451 et
1469 409 1671 451 laetentur
1699 422 1830 462 super
1857 415 1901 452 te

1080 480 1230 509 omnes
1265 468 1509 519 quaerentes
1542 470 1601 507 te:
1629 465 1652 491 *
1681 471 1724 508 et
1757 465 1903 509 dicant

1081 537 1267 577 semper:
1280 522 1581 574 Magnificetur
1590 522 1818 565 Deminus:
1830 524 1902 576 qui

1081 581 1262 631 diligunt
1289 580 1477 621 salutare
1503 584 1636 621 tuum.

1132 638 1227 688 Ego
1239 642 1383 678 autem
1398 634 1623 677 mendicus
1634 648 1730 677 sum
1741 640 1784 677 et
1799 648 1902 688 pau-

1080 707 1173 747 per:
1190 694 1213 719 *
1235 693 1448 734 Dominus
1475 691 1687 734 sollicitus
1715 697 1782 734 est
1808 693 1903 734 mei.

1131 750 1318 802 Adjutor
1334 762 1467 799 meus,
1484 754 1528 790 et
1543 750 1768 801 protector
1780 762 1903 791 meus

1079 813 1127 849 tu
1155 806 1387 848 es:*Deus
1414 818 1547 855 meus,
1575 818 1629 846 ne
1649 805 1905 847 tardaveris,

1136 866 1234 906 Ant.
1263 865 1319 906 Ut
1335 875 1423 904 non
1440 861 1689 914 delinquam
1701 862 1746 903 in
1759 862 1904 914 lingua

1079 932 1186 961 mea.

1136 978 1234 1017 Ant.
1257 977 1382 1017 Sana.

1345 1039 1542 1081 Psalmus
1570 1040 1642 1080 40.

1083 1092 1289 1197 Beatus
1319 1094 1392 1146 qui
1419 1093 1619 1145 intelligit
1650 1106 1781 1172 super
1809 1095 1904 1190 ege-

1184 1160 1300 1196 num,
1338 1151 1382 1188 et
1411 1149 1667 1199 paaperem:
1754 1147 1799 1188 in
1867 1146 1906 1188 'e

1081 1204 1195 1245 mala
1222 1203 1425 1245 liberabit
1454 1216 1552 1245 eum
1579 1203 1803 1245 Dominus.

1133 1260 1346 1302 Dominus
1375 1262 1604 1302 conservet
1633 1273 1746 1310 eum,
1778 1265 1822 1302 et
1847 1259 1907 1302 vi-

1082 1318 1228 1359 vificet
1251 1330 1360 1367 eum,
1386 1322 1429 1359 et
1454 1317 1632 1359 beatum
1658 1317 1789 1359 faciat
1809 1330 1907 1359 eum

1081 1375 1125 1415 in
1152 1379 1284 1416 terra:
1312 1374 1335 1399 *
1364 1379 1407 1416 et
1440 1387 1529 1416 non
1559 1373 1705 1416 tradat
1738 1387 1837 1416 eum
1863 1374 1907 1415 in

1084 1431 1272 1472 animam
1298 1430 1572 1472 inimicorum
1600 1432 1702 1483 ejus.

1133 1488 1347 1529 Dominus
1382 1501 1513 1541 opem
1545 1488 1656 1530 ferat
1687 1487 1749 1528 illi
1777 1499 1908 1540 super

1082 1545 1243 1587 lectum
1277 1544 1443 1586 doloris
1477 1546 1581 1597 ejus:
1607 1545 1631 1570 *
1659 1544 1908 1586 universum

1083 1606 1266 1643 stratum
1286 1602 1376 1654 ejus
1396 1602 1582 1644 versasti
1595 1602 1639 1643 in
1656 1601 1908 1643 infirmitate

1084 1671 1183 1710 ejus.
1590 1690 1594 1693 Δ

1135 1715 1230 1767 Ego
1251 1714 1354 1756 dixi:
1377 1714 1564 1756 Domine
1582 1714 1789 1756 miserere
1809 1714 1908 1755 mei:

1084 1773 1107 1797 *
1135 1785 1241 1813 sana
1274 1771 1461 1812 animam
1487 1784 1647 1822 meam,
1683 1771 1784 1824 quia
1808 1783 1908 1824 pec-

1085 1829 1181 1870 cavi
1207 1828 1297 1870 tibi.

1136 1885 1305 1926 Inimici
1323 1885 1409 1927 mei
1434 1885 1636 1927 dixerunt
1659 1884 1773 1925 mala
1790 1883 1910 1925 mihi:

1085 1943 1108 1968 *
1125 1941 1310 1992 Quando
1335 1941 1555 1992 morietur,
1582 1946 1626 1983 et
1649 1940 1810 1994 peribit
1834 1953 1908 1982 no-

1085 2011 1186 2040 men
1213 1997 1325 2051 ejus?

1137 2056 1194 2097 Et
1221 2055 1258 2096 si
1290 2054 1616 2106 ingrediebatur
1649 2058 1697 2096 ut
1730 2053 1909 2103 videret,

1087 2125 1198 2155 vana
1224 2111 1502 2164 loquebatur,
1536 2112 1560 2137 *
1588 2124 1665 2153 cor
1693 2111 1783 2163 ejus
1810 2122 1909 2152 con-

1087 2168 1284 2219 gregavit
1311 2169 1583 2221 iniquitatem
1613 2167 1705 2210 sibi.

1139 2224 1457 2276 Egrediebatur
1481 2225 1613 2275 foras,
1640 2224 1664 2251 *
1693 2228 1736 2266 et
1759 2223 1907 2276 loque-

1088 2281 1215 2323 batur
1234 2282 1278 2322 in
1295 2281 1496 2334 idipsum.

1138 2337 1909 2380 Adversummesusurrabantomnes

1088 2395 1248 2436 inimici
1274 2395 1374 2436 mei:
1393 2396 1416 2420 *
1440 2395 1672 2437 adversum
1699 2406 1768 2435 me
1797 2393 1910 2444 eogi-

1087 2452 1240 2494 tabant
1266 2452 1381 2493 mala
1407 2452 1522 2493 mihi.

1140 2508 1338 2550 Verbum
1369 2508 1564 2561 iniquum
1597 2508 1913 2550 constituerunt

1090 2565 1321 2607 adversum
1339 2578 1425 2606 me:
1440 2566 1463 2591 *
1480 2564 1704 2618 Numquid
1724 2564 1797 2617 qui
1815 2563 1912 2605 dor-

1089 2622 1167 2663 mit
1193 2635 1281 2663 non
1309 2621 1481 2674 adjiciet
1507 2627 1555 2664 ut
1582 2619 1803 2672 resargat?

1142 2679 1313 2720 Etenim
1332 2678 1464 2719 homo
1484 2679 1605 2731 pacis
1623 2690 1744 2728 meae,
1764 2678 1807 2718 in
1828 2690 1914 2729 quo

1092 2735 1282 2787 speravi:
1300 2736 1323 2760 *
1347 2735 1419 2787 qui
1445 2734 1604 2777 edebat
1624 2747 1760 2788 panes
1783 2746 1916 2784 meOS,
