2040 2944
822 230 1025 265 Dominica
1050 230 1095 264 II.
1121 230 1310 265 Octobris,

210 329 315 379 ejus:
335 334 378 370 et
397 333 594 370 sanctum
613 326 971 369 conculcabatur:
991 331 1035 368 et

208 385 286 426 fssii
318 385 655 435 alienigenarum
689 389 812 425 erant
842 383 886 423 in
918 396 1033 432 arce,

209 441 269 483 ibi
293 447 386 484 erat
407 441 619 483 habitatio
641 440 862 481 Gentium:
891 445 934 482 et
962 440 1032 481 ab·

208 498 297 539 lata
316 503 383 539 est
402 497 607 550 voluptas
626 511 651 538 a
670 497 824 546 Jacob,
851 502 894 538 et
917 496 1032 538 defe-

208 555 266 596 cit
284 554 343 596 ibi
362 554 479 603 tibia,
499 559 543 596 et
562 554 739 595 cithara.

259 620 308 669 Κ.
335 616 523 658 Refulsit
541 616 618 658 sol.
635 617 724 658 163.

513 688 665 729 Lectio
687 689 724 728 ii.

285 755 304 792 t
329 751 582 803 congregati
608 756 724 801 sunt,
753 756 796 793 et
819 753 1032 794 venerunt

298 807 342 848 in
374 807 560 860 Maspha
593 812 746 850 contra
773 808 1031 850 Jerusalem:

205 863 306 915 quia
319 864 442 906 locus
460 865 669 906 orationis
685 870 778 907 erat
791 865 834 906 in
846 864 1032 918 Maspha

205 925 305 962 ante
324 921 366 962 in
386 921 533 962 Israel.
565 922 622 963 Et
640 922 938 973 jejunaverunt
957 922 1031 964 illa

205 976 292 1027 die,
321 983 364 1019 et
387 977 622 1020 induerunt
645 991 691 1020 se
718 979 883 1029 ciliciis,
912 984 955 1021 et
975 981 1030 1021 ci-

203 1047 352 1075 nerem
376 1035 678 1087 imposuerunt
703 1036 836 1089 capiti
861 1049 958 1077 suo:
986 1042 1030 1079 et

204 1090 475 1133 disciderunt
493 1092 756 1134 vestimenta
779 1106 871 1134 sua:
896 1099 939 1136 et
959 1107 1028 1135 ex-

204 1147 450 1200 panderunt
475 1149 612 1191 libros
637 1149 761 1201 legis,
791 1149 846 1192 de
871 1150 1029 1203 quibus

204 1205 513 1247 scrutabantur
566 1207 732 1248 Gentes
787 1206 1028 1249 similitudi-

203 1273 302 1302 nem
326 1262 658 1305 simulacrorum
680 1266 873 1305 suorum:
899 1269 944 1306 et
968 1269 1027 1306 at-

200 1318 394 1360 tulerunt
431 1322 686 1362 ornamenta
722 1320 1028 1371 sacerdotalia,

203 1379 246 1416 et
265 1375 495 1428 primitias,
523 1382 566 1418 et
591 1376 797 1418 decimas:
826 1382 870 1419 et
896 1378 1027 1419 susci-

199 1433 404 1474 taverunt
430 1433 688 1484 Nazaraeos,
719 1435 792 1486 qui
820 1434 1026 1487 impleve-

201 1494 300 1530 rant
339 1488 449 1531 dies:
495 1495 539 1532 et
580 1490 877 1533 clamaverunt
917 1504 1027 1533 voce

199 1558 357 1597 magna
384 1546 427 1587 in
460 1546 637 1597 coelum,
665 1547 876 1590 dicentes:
912 1547 1028 1599 Quid

199 1602 406 1644 faciemus
437 1603 550 1654 istis,
590 1609 634 1646 et
669 1617 756 1657 quo
789 1618 867 1646 eos
900 1605 1027 1647 duce-

198 1659 321 1701 mus?
363 1666 407 1702 et
454 1667 606 1704 sancta
649 1667 725 1704 tua
769 1662 1028 1704 conculcata

199 1722 314 1766 sunt,
348 1723 391 1759 et
420 1719 717 1760 contaminata
745 1724 862 1768 sunt,
891 1724 935 1761 et
963 1732 1027 1760 sa-

199 1772 402 1816 cerdotes
428 1775 492 1817 tui
520 1775 625 1817 facti
653 1781 754 1818 sunt
780 1776 823 1816 in
851 1775 1027 1827 luctum,

199 1834 242 1871 et
266 1830 309 1870 in
336 1831 636 1874 humilitatem.
673 1833 729 1875 Et
755 1845 858 1875 ecce
876 1832 1026 1874 Natio-

198 1899 276 1928 nes
301 1890 600 1930 convenerunt
622 1889 857 1931 adversum
880 1902 961 1931 nos
979 1893 1028 1930 ut

198 1955 279 1984 nos
300 1943 571 1997 disperdant:
599 1951 648 1987 tu
674 1947 760 1987 scis
788 1959 886 1998 quae
913 1946 1026 1996 cogi-

1084 338 1191 377 gem.
1229 326 1286 367 Et
1308 327 1542 367 moverunt
1569 330 1730 376 eastra,
1759 330 1803 368 et
1827 325 1913 368 eol-

1083 382 1339 423 locaverunt
1363 381 1419 423 ad
1437 382 1650 423 Austrum
1672 382 1914 424 Emmaum.

1083 439 1139 480 Et
1159 439 1219 480 ait
1237 439 1262 479 J
1264 437 1390 480 udas:
1410 438 1716 489 Accingimini‚
1735 443 1779 480 et
1798 441 1911 481 esto—

1083 500 1127 537 te
1156 495 1232 536 filii
1262 497 1484 549 potentes,
1523 499 1566 536 et
1599 497 1742 537 estote
1769 496 1914 549 parati

1082 552 1126 593 in
1145 566 1283 603 mane,
1307 557 1356 594 ut
1374 552 1578 605 pugnetis
1597 550 1809 593 adversus
1827 552 1912 594 Na-

1083 609 1226 651 ti6nes
1254 609 1351 660 has,
1385 622 1483 661 quae
1512 610 1813 650 convenerunt
1839 609 1913 652 ad-

1086 667 1239 707 versus
1255 679 1336 708 nos
1358 663 1615 718 disperdere
1635 677 1733 714 nos,
1757 670 1801 706 et
1819 678 1913 707 san-

1084 727 1155 764 cta
1174 728 1341 764 nostra:
1361 722 1568 774 queniam
1582 721 1737 763 melius
1753 726 1820 764 est
1833 734 1913 764 nos

1083 780 1196 821 mori
1221 780 1264 820 in
1291 779 1425 829 bello,
1461 791 1592 831 quam
1617 777 1768 820 videre
1798 778 1914 820 mala

1083 836 1225 886 gentis
1243 841 1419 886 nostrae,
1439 840 1483 877 et
1502 837 1766 876 sanctorum.
1793 835 1914 877 Sicut

1076 897 1232 939 ‚autem
1254 893 1385 934 fuerit
1403 891 1606 934 voluntas
1630 892 1674 932 in
1695 891 1825 942 coelo,
1850 892 1913 934 sie

1084 949 1187 1058 fiaitss..
1213 1007 1264 1047 In
1283 1006 1468 1059 hymnis.
1487 1006 1575 1046 164.

1359 1111 1388 1148 S
1405 1122 1431 1147 a
1449 1111 1475 1146 b
1492 1110 1519 1146 b
1537 1121 1563 1146 a
1579 1113 1596 1145 t
1613 1121 1638 1146 ο

1178 1164 1263 1194 antc
1288 1160 1533 1195 Dominicam
1555 1158 1603 1194 11.
1628 1158 1819 1194 Octobris.

1136 1211 1207 1252 Ad
1231 1212 1403 1263 Magnis.
1439 1214 1540 1253 Ant.
1578 1209 1765 1252 Refulsit
1793 1210 1861 1252 sol
1887 1210 1911 1236 *

1083 1268 1127 1308 in
1155 1267 1337 1321 clypeos
1367 1270 1543 1317 aureos,
1584 1271 1627 1308 et
1654 1266 1910 1319 resplendu-

1084 1326 1211 1366 erunt
1234 1329 1407 1366 montes
1432 1324 1487 1365 ab
1516 1324 1595 1373 eis,
1629 1327 1672 1364 et
1697 1322 1910 1366 fortiti'ido

1084 1382 1292 1423 Gentium
1311 1380 1526 1434 dissipata
1546 1384 1623 1422 est.

1136 1434 1187 1487 V.
1221 1438 1487 1490 Vespertina
1523 1436 1665 1478 oratio
1700 1435 1910 1478 ascendat

1082 1494 1139 1536 ad
1170 1500 1214 1536 te
1242 1494 1441 1536 Domine.
1489 1496 1541 1548 R.
1578 1493 1636 1535 Et
1669 1492 1912 1536 descendat

1082 1564 1215 1604 super
1237 1563 1319 1592 nos
1341 1549 1647 1592 misericordia
1669 1555 1755 1592 tua.

1339 1629 1653 1655 *ww-.—

1177 1695 1453 1745 Dominica
1474 1693 1540 1744 H.
1564 1694 1819 1745 Octobris.

1317 1778 1366 1817 In
1393 1778 1423 1816 I.
1451 1777 1675 1817 Nocturno.

1120 1842 1187 1882 De
1206 1839 1320 1882 libro
1339 1839 1483 1893 primo
1502 1838 1872 1881 Machabaeorum.

1183 1912 1335 1953 Lectio
1355 1912 1379 1952 i.
1595 1912 1699 1964 Cap.
1716 1913 1754 1951 4.
1772 1924 1807 1952 e.

1116 1987 1200 2015 x
1213 1975 1292 2016 ixit
1324 1978 1471 2016 autem
1496 1973 1648 2023 Judas,
1682 1978 1726 2015 et
1754 1972 1911 2014 fratres

197 2003 292 2040 tant
320 2000 363 2041 in
390 2014 483 2043 nos.
520 2002 755 2053 Quemodo
783 2003 1026 2056 poterimus
1091 2032 1093 2034 .
1202 2021 1205 2033 ·

198 2056 438 2100 subsistere
458 2064 558 2100 ante
578 2059 734 2100 faciem
754 2061 920 2109 eerum,
943 2059 1026 2100 nisi

198 2117 244 2154 tu
263 2113 384 2155 Deus
405 2114 586 2167 adjuves
604 2115 708 2158 nos?

252 2175 302 2226 R.
328 2174 605 2217 Ornaverunt
626 2176 794 2218 faciem.
812 2177 901 2218 164.

500 2248 651 2290 Lectio
673 2250 726 2289 iii.

278 2319 297 2355 t
345 2315 461 2357 tubis
512 2316 866 2357 exclamaverunt
915 2328 1025 2357 voce

295 2385 463 2422 magna.
516 2373 573 2414 Et
603 2379 706 2425 post
738 2372 834 2414 haec
867 2374 1025 2414 eonsti-

195 2427 278 2469 tuit
296 2428 432 2470 Judas
457 2427 591 2470 duces
615 2429 786 2482 pepuli,
814 2428 1024 2478 tribunos,

197 2489 240 2525 et
255 2485 541 2535 centurienes,
558 2491 601 2527 et
611 2485 1024 2539 pentacontarchos,

198 2545 240 2580 et
260 2539 532 2583 decuriones.
564 2542 620 2583 Et
640 2541 750 2584 dixit
767 2542 851 2592 his,
877 2541 951 2593 qui
970 2554 1024 2582 ae-

197 2596 436 2639 dificabant
469 2597 642 2647 domos,
676 2604 719 2640 et
751 2597 1025 2652 sponsabant

196 2655 375 2703 uxores,
414 2659 458 2695 et
488 2654 746 2707 plantabant
777 2657 943 2703 vineas,
981 2659 1024 2695 et

198 2709 506 2759 formidolosis,
524 2716 572 2751 ut
587 2710 781 2752 redirent
794 2712 1023 2762 unusquis-

199 2777 283 2818 que
301 2766 345 2806 in
365 2765 543 2808 domum
562 2780 685 2808 suam
705 2766 948 2808 secundum
965 2766 1023 2807 le-

1118 2027 1205 2083 tdssjis
1230 2032 1335 2083 ejus:
1360 2031 1478 2072 Ecce
1505 2029 1684 2072 contriti
1709 2034 1810 2071 sunt
1833 2029 1910 2070 ini—

1115 2086 1204 2114 ’ΛΛ
1224 2088 1326 2129 mici
1334 2087 1486 2129 nostri:
1497 2085 1786 2128 ascendamus
1795 2099 1911 2127 nunc

1079 2144 1291 2186 mundare
1320 2149 1487 2193 sancta,
1515 2149 1560 2186 et
1587 2145 1812 2184 renovare.
1852 2142 1910 2184 Et

1080 2203 1373 2252 congregatus
1408 2206 1475 2242 est
1507 2199 1649 2242 omnis
1681 2199 1910 2249 exercitus,

1080 2263 1124 2299 et
1158 2256 1450 2299 ascenderunt
1487 2257 1530 2297 in
1567 2261 1762 2298 montem
1793 2255 1910 2297 Sion.

1079 2314 1136 2356 Et
1172 2314 1375 2355 viderunt
1411 2313 1802 2355 sanctificationem
1837 2310 1909 2354 de-

1079 2373 1259 2420 sertam,
1292 2376 1335 2412 et
1367 2370 1506 2411 altare
1537 2369 1833 2422 profanatum,
1865 2373 1910 2410 et

1078 2433 1231 2480 portas
1252 2430 1440 2476 exustas,
1461 2431 1505 2468 et
1522 2427 1567 2467 in
1585 2425 1706 2467 atriis
1721 2423 1908 2475 virgulta

1078 2489 1180 2526 nata
1206 2484 1318 2526 sicut
1347 2484 1391 2524 in
1421 2483 1553 2532 saltu,
1586 2482 1656 2523 vel
1680 2482 1724 2522 in
1751 2481 1907 2522 monti-

1078 2541 1170 2590 bus,
1190 2546 1234 2582 et
1253 2539 1543 2593 pastoph6ria
1562 2537 1716 2580 diruta.
1750 2538 1807 2579 Et
1827 2537 1906 2579 sci-

1078 2597 1236 2639 derunt
1259 2596 1520 2638 vestimenta
1543 2607 1636 2644 sua,
1664 2599 1707 2636 et
1728 2594 1906 2646 planxe-

1078 2660 1176 2695 runt
1202 2653 1383 2706 planctu
1409 2664 1584 2702 magno,
1617 2656 1661 2692 et
1688 2650 1906 2704 imposue-

1077 2715 1177 2751 runt
1212 2711 1403 2751 cinerem
1435 2720 1568 2759 super
1601 2712 1734 2759 eaput
1769 2719 1906 2748 suum.

1077 2766 1132 2807 Et
1156 2764 1408 2807 ceciderunt
1431 2764 1474 2805 in
1494 2763 1651 2805 faciem
1670 2775 1803 2816 super
1821 2767 1904 2804 ter-
