2040 2944
702 224 804 258 Infrn
830 223 1125 257 Hebdomadam
1151 223 1171 257 i.
1198 223 1386 257 Octobris.

499 319 650 360 Lectio
671 319 709 359 ii.

274 385 293 421 t
320 384 367 421 ut
394 378 581 420 cessavit
605 377 728 430 loqui
754 376 890 418 verba
913 375 1020 425 haec,

285 435 468 477 accessit
497 434 675 487 quidam
700 433 880 475 Judaeus
906 433 949 474 in
977 435 1019 474 ό-

193 493 355 534 mnium
379 491 517 533 oculis
537 491 784 533 sacrificare
803 489 934 532 idolis
952 502 1018 530 su-

194 563 273 603 per
292 561 411 590 aram
430 549 473 589 in
495 548 671 590 civitate
687 547 850 597 Modin,
870 549 1019 588 semin-

194 605 297 647 dum
319 605 482 656 jussum
504 605 633 656 regis:
662 610 705 646 et
725 603 835 646 vidit
852 603 1019 645 Matha-

193 662 323 710 th1as,
352 666 396 703 et
416 660 571 712 doluit,
600 667 643 703 et
665 662 1022 703 contremuerunt

193 730 319 759 renes
348 719 457 770 ejus,
495 723 538 760 et
565 720 776 759 accensus
805 722 872 759 est
899 717 1021 758 furor

193 775 284 826 ejus
319 774 561 817 secandum
588 774 793 827 judicium
820 773 945 825 legis,
977 779 1022 816 et

192 830 384 872 insiliens
443 831 678 873 trucidavit
732 843 831 872 eum
888 843 1021 884 super

193 900 329 928 aram:
370 887 449 930 sed.
492 893 536 930 et
574 889 731 938 virum,
774 900 904 940 quem
944 900 1022 929 rex

193 944 437 986 Antiochus
477 947 672 994 miserat,
716 945 790 996 qui
835 944 1022 996 cogebat

192 1001 431 1052 immolare,
452 1002 613 1044 occidit
630 1002 674 1043 in
693 1003 791 1055 ipso
810 1004 1022 1055 tempore,

194 1063 238 1099 et
266 1071 386 1099 aram
414 1057 645 1109 destrlixit‚
679 1064 723 1101 et
756 1059 923 1101 zelatus
955 1066 1023 1102 est

193 1115 351 1165 legem,
385 1115 496 1157 sicut
528 1115 631 1158 fecit
658 1117 847 1158 Phinees
875 1116 1022 1158 Zamri

192 1171 284 1213 fssio
303 1171 478 1213 Salomi.

244 1231 293 1282 R.
324 1228 601 1271 Ornaverunt
619 1229 786 1271 faciem.
806 1231 894 1271 164.

493 1287 644 1327 Lectio
667 1287 720 1326 iii.

324 1342 585 1385 exclamavit
615 1342 881 1386 Mathathias
911 1356 1023 1386 voce

297 1411 455 1450 magna
507 1400 551 1440 in
605 1400 801 1451 civitate,
858 1400 1023 1442 dicens:

196 1455 363 1504 Omnis,
392 1456 466 1508 qui
489 1456 631 1498 zelum
654 1457 787 1499 habet
809 1457 918 1508 legis
938 1460 1022 1498 stei-

194 1517 322 1553 tuens
341 1515 661 1563 testamentum,
681 1515 807 1556 exeat
826 1519 929 1566 post
942 1527 1023 1556 me.

195 1568 251 1610 Et
277 1569 385 1620 fugit
407 1569 519 1622 ipse,
549 1575 592 1612 et
614 1570 693 1611 filii
720 1572 811 1623 ejus
835 1571 878 1611 in
903 1584 1023 1613 mon-

195 1630 274 1674 tes,
294 1631 338 1667 et
357 1625 626 1677 reliquerunt
646 1631 936 1680 quaeciimque
950 1627 1023 1669 ha-

195 1681 361 1724 bebant
388 1683 648 1726 incivitate.
689 1684 815 1726 Tunc
844 1684 1022 1726 descen-

197 1737 353 1780 derunt
382 1740 507 1782 multi
533 1742 780 1792 quaerentes
806 1741 1023 1793 judicium,

196 1800 239 1836 et
258 1796 482 1846 justitiam,
506 1797 549 1838 in
569 1796 806 1840 desertum:
833 1804 877 1840 et
899 1798 1021 1841 sede-

196 1857 295 1893 runt
314 1852 375 1894 ibi
393 1853 494 1905 ipsi,
520 1859 564 1895 et
583 1854 660 1895 filii
680 1857 846 1906 eorum,
873 1861 917 1897 et
935 1869 1024 1897 mu-

195 1909 326 1950 lieres
363 1912 531 1960 eorum,
577 1916 621 1952 et
657 1913 821 1964 pecora
858 1915 1025 1954 eorum:

198 1965 403 2063 qiffiniam
436 1966 756 2010 inundaverunt
788 1981 921 2022 super
949 1983 1025 2012 eos

195 2036 239 2063 m
285 2035 321 2063 a.

251 2082 301 2132 R.
326 2080 377 2121 In
397 2080 580 2133 hymnis.
598 2083 687 2124 164.

382 2194 566 2231 Feria
604 2195 843 2242 Quinta.

242 2247 306 2287 De
325 2246 438 2289 libro
458 2248 601 2300 primo
621 2248 987 2292 Machabaeorum.

300 2306 451 2346 Lectio
473 2306 496 2344 i.
726 2305 829 2356 Cap.
844 2306 879 2344 2.
895 2304 920 2344 f.

327 2365 792 2418 appropinquaverunt
817 2367 911 2409 dies
937 2368 1025 2410 Ma-

302 2420 483 2463 thathiae
499 2423 724 2473 moriendi,
745 2429 788 2466 et
803 2423 913 2466 dixit
926 2424 1026 2466 filiis

199 2477 303 2518 suis:
322 2477 449 2519 Nunc
469 2479 714 2522 confortata
730 2485 796 2522 est
811 2481 1026 2534 superbia,

201 2538 245 2575 et
263 2534 507 2585 castigatio,
527 2542 570 2578 et
585 2542 759 2590 tempus
775 2538 1026 2587 eversionis,

201 2594 245 2632 et
264 2590 328 2632 ira
346 2590 666 2642 indignationis.
698 2594 827 2635 Nunc
851 2606 972 2645 ergo,
999 2607 1025 2636 o

200 2647 295 2697 filii,
331 2648 611 2690 aemulatores
644 2652 786 2692 estote
817 2650 943 2701 legis,
984 2656 1027 2692 et

202 2704 304 2746 date
346 2704 512 2746 animas
554 2711 724 2748 vestras
769 2719 851 2759 pro
895 2711 1026 2749 testa-

200 2762 348 2803 mento
376 2766 551 2813 patrum
578 2765 842 2814 vestrorum,
870 2768 914 2805 et
940 2776 1027 2805 me-

1072 322 1268 362 ment0te
1294 323 1478 374 operum
1500 325 1692 373 patrum,
1718 334 1819 374 quae
1841 321 1900 362 fe-

1074 378 1226 418 cerunt
1257 378 1301 418 in
1332 377 1689 428 generationibus
1720 378 1824 420 suis:
1857 382 1901 419 et

1074 434 1298 486 accipietis
1316 434 1501 485 gloriam
1518 447 1737 486 magnam,
1763 439 1807 477 et
1825 447 1900 475 no-

1073 502 1173 531 men
1193 493 1415 532 aeternum.
1451 490 1676 533 Abraham
1694 503 1839 533 nonne
1857 491 1902 532 in

1073 547 1316 589 tentatione
1343 548 1545 589 inventus
1574 552 1641 589 est
1668 546 1831 597 fidelis,
1859 552 1903 590 et

1075 606 1325 656 reputatum
1349 610 1415 646 est
1439 603 1555 646 eiad
1574 603 1804 656 justitiam?
1831 605 1903 646 Jo-

1076 660 1186 712 seph
1204 661 1247 701 in
1266 662 1467 714 tempore
1486 661 1699 712 angnstiae
1720 674 1812 703 suae
1831 674 1901 704 cu·

1074 716 1257 759 stodivit
1282 717 1556 768 mandatum,
1590 723 1634 759 et
1666 718 1806 760 factus
1835 723 1902 760 est

1075 771 1279 815 dominus
1307 775 1503 828 AEgypti.
1557 774 1745 816 Phinees
1774 780 1903 828 pater

1074 835 1235 880 noster,
1253 831 1438 873 zelando
1459 831 1599 872 zelum
1619 831 1714 881 Dei,
1733 831 1904 884 accepit

1075 889 1386 929 testamentum
1405 887 1641 930 sacerdotii
1661 888 1823 930 aeterni.

1126 946 1177 997 R.
1205 943 1449 997 Adaperiat
1468 945 1695 986 Dominus.
1714 946 1801 986 162.

1382 1002 1533 1043 Lectio
1554 1002 1592 1042 ii.

1075 1055 1249 1162 ζῘθειιε
1272 1057 1376 1099 dum
1399 1058 1598 1111 implevit
1621 1058 1821 1110 verbum,
1846 1060 1905 1101 fa-

1168 1120 1264 1156 ctus
1293 1119 1360 1156 est
1389 1113 1479 1156 dux
1506 1115 1550 1155 in
1575 1115 1723 1156 Israel.
1760 1116 1906 1167 Caleb,

1078 1172 1182 1213 dum
1205 1171 1465 1213 testificatur
1486 1172 1530 1212 in
1555 1171 1758 1222 ecclesia,
1785 1174 1907 1214 acce-

1076 1229 1143 1282 pit
1162 1228 1479 1270 haerediteitem.
1507 1228 1653 1270 David
1671 1229 1715 1270 in
1735 1242 1814 1271 sua
1830 1229 1906 1270 mi-

1078 1286 1319 1327 sericordia
1353 1289 1617 1327 consecntus
1652 1291 1721 1328 est
1756 1286 1908 1329 sedem

1076 1343 1198 1394 regni
1223 1343 1267 1384 in
1292 1342 1465 1383 saecula.
1501 1342 1636 1394 Elias,
1665 1343 1771 1385 dum
1793 1343 1908 1386 zelat

1077 1400 1220 1441 zelum
1251 1399 1378 1450 legis,
1410 1401 1616 1452 receptus
1648 1405 1716 1442 est
1746 1400 1790 1441 in
1822 1413 1907 1442 eoe—

1076 1457 1177 1497 lum.
1212 1456 1406 1497 Ananias
1425 1461 1469 1498 et
1487 1457 1672 1498 Azarias
1692 1462 1736 1499 et
1753 1457 1908 1499 Misa’el

1078 1513 1318 1563 credentes
1337 1513 1511 1555 liberati
1531 1518 1631 1555 sunt
1651 1513 1706 1556 de
1721 1514 1908 1556 flamma.

1077 1570 1235 1612 Daniel
1262 1570 1306 1610 in
1334 1582 1413 1611 sua
1441 1570 1724 1623 simplicitate
1752 1571 1907 1613 libera-

1077 1632 1149 1668 tus
1175 1632 1242 1669 est
1268 1626 1323 1668 de
1350 1639 1426 1668 ore
1450 1626 1638 1668 leonum.
1674 1627 1732 1670 Et
1753 1627 1814 1670 ita
1837 1640 1908 1669 co-

1077 1684 1216 1736 giteite
1234 1696 1315 1737 per
1338 1684 1684 1734 generandum,
1713 1689 1771 1726 et
1779 1697 1908 1736 gene-

1078 1741 1307 1783 rationem.
1333 1741 1437 1793 quia
1459 1753 1613 1782 omnes
1635 1740 1710 1793 qui
1729 1746 1910 1794 sperant

1077 1797 1122 1838 in
1142 1810 1256 1848 eum,
1275 1810 1364 1839 non
1383 1797 1669 1839 infirmantur.
1695 1797 1754 1839 Et
1772 1810 1798 1839 a
1815 1810 1909 1840 ver-

1078 1854 1146 1896 bis
1177 1854 1260 1895 viri
1291 1855 1540 1907 peccatoris
1570 1866 1626 1895 ne
1657 1854 1909 1897 timueritis:

1080 1911 1182 1964 quia
1200 1910 1340 1962 gloria
1359 1912 1450 1964 ejus
1470 1916 1658 1960 stercus,
1685 1916 1729 1952 et
1747 1911 1908 1954 vermis

1080 1974 1162 2010 est:
1196 1967 1330 2009 hodie
1359 1968 1598 2018 extollitur,
1630 1971 1675 2008 et
1699 1980 1797 2010 cras
1819 1981 1909 2010 non

1078 2025 1337 2068 invenietur:
1370 2026 1472 2078 quia
1504 2026 1743 2067 conversus
1771 2030 1838 2067 est
1864 2026 1908 2067 in
1984 2038 1987 2040 ·

1078 2087 1240 2124 terram
1281 2095 1424 2132 suam,
1479 2087 1524 2123 et
1564 2081 1774 2131 cogitatio
1817 2083 1908 2135 ejus

1078 2139 1221 2192 periit.

1133 2197 1184 2248 R.
1208 2195 1428 2238 Exafldiat
1446 2196 1673 2238 Dominus.
1692 2197 1779 2238 162.

1384 2248 1535 2290 Lectio
1556 2249 1610 2289 iii.

1080 2300 1222 2407 Vos
1253 2322 1358 2361 ergo
1390 2309 1469 2350 filii
1502 2308 1827 2359 confortamini,
1865 2313 1909 2351 et

1187 2367 1369 2408 viriliter
1396 2367 1511 2418 agite
1536 2367 1580 2407 in
1604 2366 1716 2417 lege:
1746 2366 1847 2418 quia
1865 2366 1908 2416 in

1079 2425 1176 2477 ipsa
1195 2423 1376 2475 gloriosi
1396 2424 1528 2466 eritis.
1560 2423 1618 2465 Et
1634 2435 1738 2464 ecce
1757 2423 1908 2464 Simon

1079 2481 1213 2522 frater
1241 2486 1406 2530 vester,
1442 2480 1535 2522 scio
1564 2480 1685 2532 quod
1713 2480 1779 2521 vir
1807 2493 1907 2522 con-

1080 2537 1165 2578 sssii
1189 2542 1273 2579 est:
1299 2537 1445 2590 ipsum
1473 2535 1621 2578 audite
1645 2549 1835 2590 semper,
1864 2541 1909 2579 et

1079 2594 1174 2646 ipse
1209 2594 1292 2635 erit
1323 2593 1450 2634 vobis
1482 2597 1620 2645 pater.
1682 2593 1740 2634 Et
1771 2593 1908 2635 Judas

1079 2650 1362 2692 Machabaeus
1386 2649 1511 2691 fortis
1530 2648 1695 2691 viribus
1718 2663 1743 2690 a
1764 2650 1907 2701 juven-

1079 2710 1173 2749 tt'ite
1189 2720 1277 2757 sua,
1296 2706 1352 2748 sit
1370 2705 1496 2748 vobis
1511 2706 1717 2759 princeps
1732 2706 1908 2756 militiae,

1080 2770 1125 2805 et
1143 2764 1240 2816 ipse
1259 2767 1359 2814 aget
1377 2762 1541 2804 bellum
1559 2762 1724 2816 populi.
1759 2763 1818 2805 Et
1835 2762 1908 2805 ad-
