2040 2944
423 162 495 196 Dic
519 164 549 196 9.
575 163 673 196 Nov.

150 258 248 299 loca
263 257 437 298 fuerunt
448 258 545 299 Deo
563 257 720 307 dicata,
738 271 836 310 quae
852 271 877 298 a
893 257 984 309 qui-

151 313 340 356 busdam
355 314 571 364 Oratoria,
590 314 645 356 ab
662 315 756 356 aliis
772 314 984 356 Ecclesiae

152 370 427 419 dicebantur,
471 370 547 412 ubi
585 371 785 413 collectae
820 370 985 412 fiebant

150 439 232 479 per
258 439 390 467 unam
424 426 612 477 sabbati,
651 432 694 468 et
723 427 984 469 christianus

150 482 343 535 populus
364 485 503 532 orare,
522 483 606 524 Dei
620 483 804 525 verbum
819 482 983 532 audire,

152 543 196 580 et
240 538 563 580 Eucharistiam
609 543 782 580 sumere
827 539 983 580 solitus

151 599 258 636 erat:
288 608 377 636 non
400 601 547 637 tamen
570 595 645 636 illa
664 595 777 638 adeo
798 596 984 637 solemni

151 652 238 692 ritu
258 652 643 701 consecrabantur,
662 665 744 694 nec
762 652 806 693 in
828 653 890 693 eis
910 651 983 693 ad-

150 706 236 748 huc
254 708 299 748 in
317 708 493 749 titulum
513 711 705 750 erectum
723 714 816 750 erat
833 709 982 757 altare,

152 762 274 815 quod
288 763 524 806 chrismate
535 764 789 814 delibutum,
804 766 983 806 Domini

151 820 290 861 nostri
310 820 336 860 J
339 833 416 862 esu
436 820 608 871 Christi,
635 822 709 874 qui
733 821 881 871 altare,
907 821 982 863 ho-

151 876 234 917 stia
263 880 308 917 et
335 877 545 918 sacerdos
573 884 723 920 noster
752 883 835 928 est,
875 878 981 928 figu-

151 945 245 973 ram
265 935 541 985 exprimeret.

200 992 252 1045 R.
281 993 520 1035 Orantibus
543 995 587 1034 in
610 995 710 1036 1000
733 996 836 1045 isto,
856 996 879 1019 *
908 996 981 1036 Di-

150 1050 274 1090 mitte
298 1052 484 1102 peccata
508 1052 664 1104 populi
688 1052 752 1093 tui
771 1052 910 1102 Deus,
939 1058 983 1095 et

151 1105 335 1147 ostende
355 1106 417 1147 eis
433 1107 549 1148 viam
562 1107 735 1159 bonam,
755 1122 835 1161 per
851 1123 983 1161 quam

152 1161 392 1212 ambulent,
426 1168 469 1205 et
499 1163 556 1205 da
587 1164 774 1214 gloriam
805 1166 849 1205 in
881 1165 981 1207 loco

150 1217 248 1259 isto.
288 1214 339 1266 V.
374 1220 458 1269 Qui
486 1221 601 1272 regis
630 1222 766 1263 Israel
792 1222 982 1274 intende,

152 1274 231 1325 quir
264 1275 447 1318 deducis
483 1277 604 1318 velut
640 1290 768 1319 ovem
804 1279 982 1332 Joseph,

152 1331 390 1382 quisedes
427 1346 561 1386 super
599 1334 845 1376 Cherubim.
908 1337 982 1377 Di-

151 1388 286 1429 mitte.

460 1438 613 1478 Lectio
633 1453 670 1478 v.

150 1490 278 1598 Sed
302 1497 378 1540 ubi
402 1498 717 1540 Constantinus
740 1500 982 1553 imperator

233 1566 314 1606 per
336 1554 544 1607 baptismi
571 1558 894 1598 sacramentum
919 1571 982 1599 sa-

151 1609 335 1652 nitatem
389 1611 664 1663 salutemque
719 1617 983 1655 consecutus

152 1670 234 1716 est,
263 1671 358 1708 tum
385 1667 575 1719 primum
601 1668 698 1719 lege
727 1669 782 1710 ab
812 1682 865 1711 eo
894 1670 984 1711 lata

128 1755 130 1757 ,
154 1723 413 1764 concessum
433 1728 500 1765 est
518 1728 615 1766 toto
632 1724 740 1766 orbe
755 1729 983 1777 terrarum,

154 1777 391 1820 Christiani
409 1784 457 1821 ut
473 1780 681 1821 ecclesias
696 1780 984 1824 aedificarent:

154 1846 266 1885 quos
299 1835 372 1876 ille
403 1848 492 1877 non
525 1836 668 1878 solum
700 1837 863 1888 edicto,
905 1839 984 1881 sed

154 1891 286 1932 etiam
318 1892 523 1945 exemplo
556 1893 613 1934 ad
645 1906 816 1935 sacram
849 1894 983 1937 aedifi-

153 1948 373 1989 cationem
400 1954 468 1990 est
494 1949 764 1991 cohortatus.
801 1951 916 1992 Nam
941 1958 984 1995 et

152 2003 196 2043 in
227 2017 308 2045 suo
336 2005 622 2047 Lateranensi
652 2006 818 2058 palatio
847 2008 983 2050 eccle-

153 2059 263 2101 siam
277 2061 494 2102 Salvatori
509 2061 742 2112 dedicavit,
763 2068 807 2105 et
826 2064 866 2105 ei
883 2077 983 2106 con-

152 2115 364 2158 tinentem
390 2117 619 2160 basilicam
642 2120 818 2161 nomine
843 2122 983 2163 sancti

152 2172 176 2212 J
179 2173 332 2214 oannis
345 2174 562 2227 Baptistae
578 2173 787 2226 condidit,
807 2189 860 2218 eo
880 2177 981 2219 loco

155 2241 242 2280 quo
265 2230 378 2283 ipse,
407 2230 658 2282 baptizatus
682 2245 707 2273 a
731 2239 885 2275 sancto
905 2234 982 2275 Sil-

153 2287 313 2336 vestro,
327 2299 351 2328 a
364 2287 488 2339 lepra
501 2289 737 2331 mundatus
753 2295 834 2332 est:
852 2303 984 2342 quam

153 2341 271 2383 idem
293 2343 498 2386 Pontifex
524 2347 802 2387 consecravit
828 2347 982 2399 quinto

153 2397 260 2440 Idus
290 2399 571 2443 Novembris:
603 2404 724 2454 cujus
757 2416 982 2445 consecra-

154 2454 288 2496 tionis
311 2458 524 2499 memoria
544 2458 793 2501 celebratur
811 2458 983 2501 hodier-

155 2523 212 2552 no
245 2509 332 2562 die,
368 2526 456 2565 quo
491 2515 682 2567 primum
715 2516 873 2556 Romae
905 2519 982 2568 pu-

155 2567 269 2609 blice
301 2569 489 2611 ecclesia
525 2574 782 2613 consecrata
815 2577 898 2621 est,
941 2577 984 2613 et

154 2624 300 2675 imago
325 2625 567 2668 salvatoris
594 2628 638 2668 in
665 2630 834 2680 pariete
864 2627 983 2680 depi-

155 2686 226 2722 cta
245 2681 412 2733 populo
433 2685 618 2725 romano
638 2684 854 2736 apparuit.

722 163 765 196 ln
788 163 1042 197 Dedicationc
1068 164 1249 198 1335111030
1275 166 1330 198 Ss.
1358 166 1583 199 Salvatoris.

1808 162 1874 197 417

1090 260 1141 311 R1.
1170 256 1208 297 Ο
1229 269 1362 308 quam
1380 256 1642 298 metuendus
1663 262 1730 299 est
1748 257 1872 299 locus

1037 314 1134 355 iste:
1153 317 1175 342 *
1196 313 1314 355 Vere
1338 326 1426 354 non
1453 318 1519 354 est
1539 313 1610 355 hic
1630 313 1763 363 aliud,
1789 314 1872 354 nisi

1039 369 1196 410 domus
1215 369 1314 418 Dei,
1336 374 1379 410 et
1399 374 1527 421 porta
1547 369 1658 410 coeli.
1687 368 1738 420 V.
1761 371 1872 411 Haec

1038 430 1106 466 est
1139 425 1296 466 domus
1323 425 1502 466 Domini
1527 425 1711 467 firmiter
1737 427 1871 468 aedifi-

1038 483 1152 530 cata,
1183 481 1296 522 bene
1330 480 1512 523 fundata
1544 487 1611 524 est
1640 495 1774 535 supra
1803 483 1871 523 fir-

1037 551 1154 579 mam
1173 542 1357 590 petram.
1385 538 1515 579 Vere.

1338 634 1492 675 Lectio
1514 635 1567 673 vi.

1039 685 1211 809 Quod
1238 707 1275 747 si
1298 706 1456 748 beatus
1481 707 1690 749 Silvester
1714 710 1872 759 postea

1140 764 1183 804 in
1212 764 1547 805 consecratione
1577 764 1726 804 altaris
1751 764 1871 805 Prin-

1037 821 1148 873 cipis
1163 820 1484 872 Apostolorum
1505 820 1711 870 decrevit,
1730 825 1779 861 ut
1799 820 1870 861 de-

1036 880 1189 930 inceps
1222 877 1305 917 nisi
1339 890 1393 918 ex
1425 877 1573 930 lapide
1602 877 1755 918 altaria
1783 890 1871 918 non

1037 933 1378 983 aedificarentur,
1405 939 1552 976 tamen
1576 934 1772 976 basilicae
1791 934 1871 975 La-

1035 990 1278 1032 teranensis
1307 990 1445 1032 altare
1473 991 1554 1031 fuit
1582 1003 1605 1032 e
1634 991 1751 1041 ligno
1781 992 1871 1031 ere-

1037 1051 1169 1088 ctum:
1197 1046 1317 1098 quod
1341 1047 1500 1087 mirum
1524 1060 1612 1088 non
1636 1051 1714 1088 est.
1755 1047 1871 1087 Nam

1037 1116 1136 1144 cum
1163 1116 1188 1144 a
1214 1109 1368 1145 sancto
1392 1103 1524 1145 Petro
1550 1116 1692 1155 usque
1718 1103 1775 1144 ad
1793 1103 1871 1144 Sil-

1036 1162 1249 1210 vestrum,
1295 1165 1479 1213 propter
1522 1161 1872 1213 persecutiones,

1035 1217 1274 1258 Pontifices
1317 1222 1440 1258 certo
1485 1217 1586 1258 loco
1631 1219 1872 1258 consistere

1035 1286 1124 1314 non
1153 1278 1354 1326 possent:
1384 1277 1665 1326 quocumque
1695 1285 1772 1314 eos
1800 1286 1871 1314 ne-

1037 1330 1221 1371 cessitas
1250 1330 1552 1383 compulisset,
1586 1330 1679 1371 sive
1707 1330 1751 1370 in
1778 1343 1870 1382 cry-

1036 1392 1151 1439 ptas,
1172 1387 1264 1428 sive
1284 1387 1328 1428 in
1349 1387 1619 1435 coemeteria,
1640 1387 1734 1428 sive
1754 1387 1798 1427 in
1817 1399 1872 1427 ae-

1037 1442 1116 1484 des
1133 1443 1319 1495 piorum,
1339 1456 1472 1495 super
1491 1443 1566 1485 illo
1583 1443 1711 1485 altari
1725 1443 1871 1494 ligneo

1037 1498 1094 1540 ad
1135 1512 1252 1540 arcae
1292 1500 1622 1542 similitudinem
1659 1502 1872 1547 concavo,

1037 1569 1162 1597 sacra
1194 1556 1423 1598 faciebant.
1484 1558 1581 1606 Quo
1616 1556 1743 1597 altari
1776 1568 1871 1596 san-

1037 1619 1135 1655 ctus
1173 1613 1401 1663 Silvester,
1448 1612 1621 1655 reddita
1657 1612 1872 1653 Ecclesiae

1036 1682 1159 1722 pace,
1176 1669 1356 1710 honoris
1372 1682 1505 1711 causa
1520 1669 1736 1721 Principis
1752 1669 1871 1720 Apo-

1038 1726 1271 1775 stolorum,
1304 1726 1379 1777 qui
1411 1727 1456 1766 in
1487 1726 1563 1767 illo
1597 1725 1871 1766 sacrificasse

1039 1781 1214 1831 dicitur,
1241 1788 1284 1824 et
1307 1782 1577 1834 reliquorum
1595 1781 1871 1831 Pontificum,

1040 1839 1114 1890 qui
1131 1851 1272 1890 usque
1297 1838 1354 1880 ad
1373 1838 1419 1879 id
1439 1844 1615 1890 tempus
1635 1837 1692 1879 ad
1710 1839 1869 1890 myste-

1038 1895 1103 1936 ria
1131 1894 1405 1936 conficienda
1433 1907 1486 1936 eo
1515 1895 1583 1935 usi
1610 1894 1799 1944 fuerant,
1827 1894 1871 1933 in

1037 1951 1324 1993 Lateranensi
1351 1951 1492 2003 prima
1521 1950 1708 1992 ecclesia
1737 1950 1870 1991 00110-

1038 2010 1156 2058 cato,
1185 2008 1370 2049 sancivit
1395 2021 1450 2049 ne
1477 2007 1710 2059 quisquam
1737 2007 1780 2046 in
1805 2019 1870 2055 eo,

1037 2069 1202 2116 praeter
1216 2063 1467 2105 Romanum
1481 2063 1753 2112 Pontificem,
1769 2062 1870 2103 Mis-

1037 2134 1131 2162 sam
1148 2120 1358 2173 deinceps
1373 2120 1630 2162 celebraret.
1657 2119 1871 2161 Eamdem

1038 2177 1268 2219 ecclesiam
1287 2177 1515 2226 incendiis,
1538 2176 1870 2227 vastationibus,

1036 2239 1167 2275 terrae
1199 2237 1379 2287 insuper
1414 2233 1609 2275 motibus
1643 2233 1870 2285 disjectam

1038 2292 1345 2342 eversamque,
1388 2303 1440 2331 ac
1484 2289 1637 2331 sedula
1672 2290 1870 2331 Summo-

1037 2360 1134 2388 rum
1166 2347 1432 2388 Pontificum
1466 2359 1571 2387 cura
1607 2349 1870 2399 reparatam,

1036 2415 1153 2444 nova
1182 2401 1469 2454 postmodum
1494 2402 1721 2444 molitione
1747 2403 1869 2444 resti-

1036 2462 1192 2508 tutam,
1211 2458 1479 2500 Benedictus
1499 2458 1694 2500 decimus
1715 2459 1870 2504 tertius

1037 2515 1241 2557 Pontifex
1267 2515 1485 2556 Maximus
1514 2515 1678 2557 ordinis
1706 2515 1869 2556 Praedi-

1037 2573 1247 2620 catorum,
1264 2571 1334 2613 die
1350 2571 1562 2622 vigesima
1578 2574 1736 2614 octava
1750 2573 1871 2623 Apri-

1036 2628 1090 2669 lis
1118 2628 1219 2672 anni
1246 2627 1463 2668 millesimi
1494 2628 1869 2681 septingentesimi

1036 2684 1236 2735 vigesimi
1254 2684 1382 2734 sexti,
1406 2684 1492 2725 ritu
1511 2684 1696 2726 solemni
1716 2696 1866 2725 conse-
