2040 2944
876 198 937 231 Ad
963 199 1127 234 Sextam.
1817 199 1861 233 35

193 283 292 324 Fiat
316 284 620 326 misericcrdia
643 290 719 327 tua
747 292 796 328 ut
820 300 973 328 conso-

141 338 255 380 letur
291 353 378 390 me,
415 342 439 366 *
476 340 717 383 secundum
750 343 973 395 e16quium

141 399 266 436 tuum
285 408 414 437 servo
434 401 523 438 tuo.

193 452 385 494 Veniant
408 453 514 494 mihi
538 455 844 496 miseraticnes
873 460 972 506 tuae,

142 511 187 549 et
205 508 365 549 vivam:
384 509 407 535 *
429 510 531 562 quia
554 510 625 552 lex
647 515 723 552 tua
741 511 972 553 meditatio

140 577 241 605 mea
260 570 338 606 est.

195 620 528 663 Confundantur
557 623 751 676 superbi,
782 624 883 676 quia
912 625 972 665 in-

140 676 254 727 juste
272 677 550 729 iniquitatem
570 679 767 721 fecerunt
786 681 830 720 in
849 693 934 722 me:
948 682 972 706 *

142 745 224 783 ego
249 738 397 775 autem
422 735 662 777 exercebor
685 737 730 777 in
753 736 971 778 mandatis

140 789 239 830 tuis.
511 816 513 818 -

192 845 517 889 convertantur
544 848 651 889 mihi
679 849 884 891 timentes
913 855 971 891 te:

139 901 163 927 *
183 907 228 943 et
247 902 323 954 qui
341 905 558 946 noverunt
577 905 829 947 testimc'mia
848 912 934 948 tua.

191 959 290 1000 Fiat
313 972 390 1000 cor
413 973 559 1002 meum
578 962 907 1004 immaculatum
926 963 970 1003 in

138 1015 521 1066 justificationibus
536 1018 633 1067 tuis,
653 1019 676 1043 *
696 1024 744 1060 ut
762 1032 850 1060 non
870 1032 969 1060 con-

138 1071 307 1113 fundar.

190 1129 290 1170 Ant.
320 1130 516 1183 Alleluia,
536 1131 718 1183 alleluja,
747 1132 928 1184 alleluja.

189 1197 363 1241 Sequens
382 1199 506 1243 Capit.
532 1203 568 1233 et
594 1199 669 1234 alia
687 1200 725 1234 in
744 1201 831 1234 aliis
849 1201 967 1235 Horis

137 1245 317 1280 dicuntur
347 1247 387 1281 in
415 1247 525 1281 Dom.
552 1258 573 1281 a
604 1248 668 1282 HI.
700 1252 791 1291 post
815 1249 966 1283 Pentec.

136 1304 260 1337 usque
278 1295 327 1329 ad
343 1295 576 1330 Adventum.
602 1296 867 1340 Responsoria
884 1297 966 1331 bre-

135 1341 200 1376 via
226 1343 342 1377 etiam
367 1344 503 1378 eodem
528 1348 700 1388 tempore
726 1346 903 1379 similiter
932 1351 967 1379 et

136 1399 224 1433 quae
249 1401 354 1435 sequ.
380 1392 420 1425 in
445 1392 570 1426 feriali
596 1392 743 1427 Officio.

188 1446 448 1499 Capitulum.
601 1450 630 1490 1.
650 1450 674 1489 J
678 1463 801 1490 oann.
822 1451 859 1489 4.
880 1461 914 1489 c.

133 1501 303 1608 Deus
318 1507 479 1548 caritas
499 1513 581 1549 est:
602 1513 646 1550 et
666 1508 741 1560 qui
756 1514 904 1551 manet
923 1510 967 1550 in

241 1563 436 1613 caritate,
450 1564 494 1605 in
504 1565 602 1606 Deo
618 1570 776 1615 manet,
792 1570 836 1607 et
845 1566 967 1607 Deus

135 1618 181 1659 in
200 1631 265 1660 eo.

187 1676 237 1727 R.
257 1675 319 1717 br.
350 1676 517 1717 Inclina
541 1690 618 1718 cor
637 1690 784 1719 meum
802 1678 924 1719 Deus
942 1678 963 1700 *

136 1730 538 1774 Intestimdniatua.
553 1733 730 1774 Inclina.
743 1730 967 1780 V*.Averte

137 1786 290 1828 oeulos
305 1801 440 1838 meos,
455 1802 510 1830 ne
526 1789 703 1831 videant
714 1790 967 1832 vanitatem:

135 1843 181 1883 in
204 1843 275 1884 via
298 1848 374 1886 tua
397 1845 570 1887 vivifica
593 1859 674 1888 me.
714 1847 776 1887 In.
812 1846 968 1888 Glcria

135 1899 267 1941 Patri.
295 1900 472 1942 Inclina.

184 1953 236 2004 V.
274 1956 370 2008 Ego
403 1957 508 2007 dixi,
540 1958 731 2000 D6mine
758 1959 967 2001 miserere

135 2011 233 2053 mei.
255 2015 307 2066 R.
336 2014 451 2055 Sana
471 2015 661 2056 animam
679 2028 839 2065 meam,
865 2016 968 2068 quia

136 2069 319 2120 peccavi
337 2070 429 2112 tibi.

184 2129 235 2168 In
277 2127 413 2169 feriali
456 2127 614 2168 Officio
656 2140 734 2179 per
777 2126 961 2167 Annum.

133 2184 235 2225 Ant.
273 2181 430 2224 Deduc
457 2196 527 2224 me
551 2183 741 2224 Demine
769 2183 813 2224 in
842 2184 965 2225 semi-

135 2241 226 2278 tam
244 2238 552 2280 mandatdrum
571 2241 758 2280 tucrum.

185 2308 446 2361 Capitulum.
620 2309 644 2348 J
648 2321 776 2350 erem.
797 2308 853 2348 17.
875 2321 909 2348 c.

135 2361 289 2470 Sana
307 2381 377 2409 me
392 2368 581 2410 Demine
601 2373 645 2410 et
660 2369 864 2410 sanabor:
884 2369 964 2410 sal-

223 2436 327 2464 vum
345 2437 415 2466 me
430 2425 509 2474 fac,
524 2429 568 2466 et
583 2424 731 2465 salvus
747 2438 838 2467 ero:
860 2427 964 2477 qu6-

134 2479 251 2520 niam
269 2479 365 2521 laus
384 2494 482 2522 mea
502 2486 550 2522 tu
570 2494 627 2522 es.

185 2536 235 2588 R.
247 2535 309 2576 br.
328 2537 443 2578 Sana
453 2537 642 2577 animam
655 2549 809 2586 meam,
818 2535 840 2558 *
853 2537 965 2587 Quia

134 2592 316 2643 peccavi
348 2592 438 2634 tibi.
483 2594 608 2635 Sana.
645 2591 695 2640 Υ.
730 2594 824 2644 Ego
858 2592 964 2643 dixi,

134 2647 324 2690 D6mine
344 2649 552 2691 miserere
575 2650 672 2690 mei.
707 2649 828 2699 Quia.
861 2648 963 2690 Gla-

134 2703 200 2744 ria
217 2704 349 2746 Patri.
376 2706 501 2747 Sana.

1083 286 1131 338 V'.
1157 289 1346 340 Adjutor
1371 304 1494 332 meus
1514 297 1627 341 esto,
1654 305 1707 333 ne
1733 291 1852 333 dere-

1028 344 1200 396 linquas
1232 359 1312 387 me.
1369 351 1415 401 R'·
1449 347 1605 399 Neque
1639 347 1855 400 despicias

1026 413 1095 441 me
1115 401 1236 442 Deus
1257 402 1460 444 salutaris
1480 416 1615 445 meus.

1081 473 1245 513 Quando
1276 475 1325 507 ad
1350 475 1478 509 Matut.
1511 477 1624 510 dictae
1656 482 1743 510 sunt
1769 477 1854 510 l’re-

1029 530 1107 558 ces,
1144 521 1192 554 ad
1222 522 1409 559 Tertiam,
1450 526 1602 557 sextam
1637 530 1671 557 ct
1705 525 1851 557 Nonam

1029 569 1138 601 flexis
1164 570 1327 611 genibus
1354 570 1509 605 dicitur:

1124 625 1217 676 yrie
1236 625 1427 666 eleison.
1470 628 1644 669 Christe
1677 629 1852 670 eleison.

1156 681 1288 732 Kyrie
1309 682 1485 724 eleison.

1083 737 1206 777 Pater
1226 743 1386 779 noster.
1409 746 1590 780 secreto.

1079 787 1129 838 V.
1146 793 1202 834 Et
1220 807 1274 835 ne
1293 807 1374 835 nos
1394 795 1577 837 indacas
1593 797 1636 836 in
1652 797 1851 838 tentati&-

1024 860 1134 889 nem.
1166 851 1215 902 Rg.
1232 849 1319 891 Sed
1336 850 1474 892 libera
1493 865 1574 893 nos
1595 865 1620 893 a
1639 853 1766 894 malo.

1079 900 1128 952 x'.
1153 906 1342 948 Demine
1366 907 1488 948 Deus
1513 908 1725 950 virtutum
1753 922 1851 950 con-

1023 962 1146 1002 verte
1174 975 1266 1003 nos.
1321 967 1368 1018 Ixffr.
1394 964 1451 1005 Et
1484 965 1668 1006 ostende
1697 965 1851 1007 faciem

1023 1021 1155 1067 tuam,
1177 1024 1221 1059 et
1241 1019 1351 1060 salvi
1371 1021 1542 1062 erimus.

1078 1072 1127 1122 V.
1149 1075 1349 1126 Exsurge
1370 1076 1559 1126 Christe,
1585 1077 1742 1129 adjuva
1760 1091 1851 1119 nos.

1026 1133 1075 1184 Rg.
1105 1130 1163 1171 Et
1193 1130 1331 1172 libera
1362 1145 1444 1173 nos
1475 1138 1660 1186 propter
1691 1147 1850 1175 nomen

1023 1190 1157 1226 tuum.

1076 1240 1126 1291 V.
1168 1243 1359 1285 deine
1405 1245 1564 1287 exaudi
1605 1246 1849 1288 oratic'mem

1021 1311 1174 1340 meam.
1220 1302 1269 1353 R:-
1298 1301 1355 1342 Et
1382 1301 1547 1343 clamor
1574 1315 1697 1343 meus
1725 1302 1781 1344 ad
1805 1308 1849 1344 te

1021 1356 1178 1397 Veniat.

1076 1409 1125 1460 VI.
1158 1412 1375 1454 Deminus
1413 1414 1652 1456 vobiscum.
1706 1420 1751 1471 R'·
1793 1415 1850 1456 Et

1021 1479 1121 1508 cum
1140 1469 1298 1520 spiritu
1316 1474 1405 1511 tuo.

1069 1537 1239 1572 Oremus.
1269 1539 1401 1574 Oratio
1427 1539 1671 1574 conveniens

1229 1609 1284 1611 *ἶ
1306 1601 1585 1624 ——<-‘,'³Yi¹&[·=Z-8’—
1592 1612 1643 1615 q

1275 1662 1354 1703 Ad
1381 1663 1597 1704 sextam.

1078 1726 1207 1766 Pater
1226 1733 1387 1769 noster.
1420 1731 1510 1770 Ave
1530 1729 1677 1770 Maria.

1074 1782 1194 1823 Deus
1214 1783 1257 1823 in
1277 1783 1550 1836 adjuterium.
1570 1786 1628 1826 15.

1329 1851 1538 1901 Hymnus.

1135 1908 1256 1944 ector
1276 1910 1446 1956 potens,
1466 1919 1599 1947 verax
1619 1907 1750 1956 Deus,

1156 1960 1240 2009 Qui
1259 1962 1481 2013 temperas
1500 1975 1646 2004 rerum
1666 1964 1794 2012 vices,

1096 2014 1342 2067 Splenddre
1360 2031 1487 2059 mane
1506 2018 1736 2069 illuminas,

1096 2072 1154 2112 Et
1172 2073 1346 2122 ignibus
1364 2074 1606 2116 meridiem:

1048 2137 1288 2188 Exstingue
1308 2138 1506 2180 flammas
1525 2139 1676 2188 litium,

1096 2192 1234 2235 Aufer
1254 2194 1445 2236 caldrem
1464 2195 1655 2244 n6xium,

1097 2249 1256 2290 Confer
1276 2250 1463 2292 salutem
1483 2253 1728 2303 cOrporum,

1095 2305 1348 2357 Veramque
1367 2319 1522 2358 pacem
1542 2306 1751 2348 cdrdium.

1049 2369 1225 2419 Praesta,
1244 2370 1375 2412 Pater
1394 2371 1600 2423 piissime,

1094 2425 1302 2478 Patrique
1322 2439 1503 2479 compar
1522 2427 1669 2476 Unice,

1095 2480 1205 2521 Cum
1223 2482 1387 2534 Spiritu
1405 2482 1624 2524 Paraclito

1094 2537 1300 2588 Regnans
1319 2551 1398 2590 per
1418 2551 1546 2580 omne
1567 2538 1785 2580 saeculum.

1326 2594 1479 2636 Amen.

1070 2654 1118 2692 In
1146 2653 1272 2691 Dom.
1300 2664 1379 2703 per
1407 2652 1591 2690 Annum.
1630 2650 1729 2689 Ant.
1769 2647 1839 2687 Al-

1015 2705 1156 2756 leluja.
