<?xml version="1.0" encoding="UTF-8"?>
<!DOCTYPE html PUBLIC "-//W3C//DTD XHTML 1.0 Transitional//EN"
    "http://www.w3.org/TR/xhtml1/DTD/xhtml1-transitional.dtd">
<html xmlns="http://www.w3.org/1999/xhtml" xml:lang="en" lang="en">
 <head>
  <title>
</title>
<meta http-equiv="Content-Type" content="text/html;charset=utf-8" />
  <meta name='ocr-system' content='tesseract 3.04.00' />
  <meta name='ocr-capabilities' content='ocr_page ocr_carea ocr_par ocr_line ocrx_word'/>
</head>
<body>
  <div class='ocr_page' id='page_1' title='image "./p4breviariumroma00cathuoft_0636.png"; bbox 0 0 2040 2944; ppageno 0'>
   <div class='ocr_carea' id='block_1_1' title="bbox 672 169 1419 213">
    <p class='ocr_par' dir='ltr' id='par_1_1' title="bbox 672 169 1419 213">
     <span class='ocr_line' id='line_1_1' title="bbox 672 169 1419 213; baseline 0 -10"><span class='ocrx_word' id='word_1_1' title='bbox 672 170 716 204; x_wconf 94' lang='lat' dir='ltr'><strong>In</strong></span> <span class='ocrx_word' id='word_1_2' title='bbox 739 170 864 204; x_wconf 88' lang='lat' dir='ltr'><strong>Festis</strong></span> <span class='ocrx_word' id='word_1_3' title='bbox 889 170 929 203; x_wconf 91' lang='lat' dir='ltr'><strong>B.</strong></span> <span class='ocrx_word' id='word_1_4' title='bbox 954 169 1085 204; x_wconf 85' lang='lat' dir='ltr'><strong>Mariae</strong></span> <span class='ocrx_word' id='word_1_5' title='bbox 1108 170 1153 203; x_wconf 93' lang='lat' dir='ltr'><strong>V.</strong></span> <span class='ocrx_word' id='word_1_6' title='bbox 1178 179 1246 213; x_wconf 89' lang='lat' dir='ltr'><strong>per</strong></span> <span class='ocrx_word' id='word_1_7' title='bbox 1269 179 1419 204; x_wconf 89' lang='lat' dir='ltr'><strong>annum.</strong></span> 
     </span>
    </p>
   </div>
   <div class='ocr_carea' id='block_1_2' title="bbox 269 267 1001 477">
    <p class='ocr_par' dir='ltr' id='par_1_2' title="bbox 269 267 1001 477">
     <span class='ocr_line' id='line_1_2' title="bbox 269 267 767 316; baseline 0.002 -9"><span class='ocrx_word' id='word_1_8' title='bbox 269 268 405 309; x_wconf 83' lang='lat' dir='ltr'><strong>Beata</strong></span> <span class='ocrx_word' id='word_1_9' title='bbox 423 267 561 308; x_wconf 84' lang='lat' dir='ltr'><strong>Mater</strong></span> <span class='ocrx_word' id='word_1_10' title='bbox 579 270 767 316; x_wconf 81' lang='lat' dir='ltr'><strong>munere,</strong></span> 
     </span>
     <span class='ocr_line' id='line_1_3' title="bbox 315 323 854 375; baseline 0 -11"><span class='ocrx_word' id='word_1_11' title='bbox 315 323 444 374; x_wconf 88' lang='lat' dir='ltr'><strong>Cujus</strong></span> <span class='ocrx_word' id='word_1_12' title='bbox 464 324 677 375; x_wconf 91' lang='lat' dir='ltr'><strong>supernus</strong></span> <span class='ocrx_word' id='word_1_13' title='bbox 697 323 854 365; x_wconf 83' lang='lat' dir='ltr'><strong>artifex</strong></span> 
     </span>
     <span class='ocr_line' id='line_1_4' title="bbox 314 378 960 431; baseline 0 -11"><span class='ocrx_word' id='word_1_14' title='bbox 314 378 522 420; x_wconf 91' lang='lat' dir='ltr'><strong>Mundum</strong></span> <span class='ocrx_word' id='word_1_15' title='bbox 542 378 705 431; x_wconf 77' lang='lat' dir='ltr'>pugillo</span> <span class='ocrx_word' id='word_1_16' title='bbox 726 380 960 427; x_wconf 80' lang='lat' dir='ltr'><strong>centinens,</strong></span> 
     </span>
     <span class='ocr_line' id='line_1_5' title="bbox 314 434 1001 477; baseline -0.001 0"><span class='ocrx_word' id='word_1_17' title='bbox 314 435 491 477; x_wconf 84' lang='lat' dir='ltr'>Ventris</span> <span class='ocrx_word' id='word_1_18' title='bbox 512 434 591 476; x_wconf 93' lang='lat' dir='ltr'><strong>sub</strong></span> <span class='ocrx_word' id='word_1_19' title='bbox 612 448 713 476; x_wconf 92' lang='lat' dir='ltr'><strong>arca</strong></span> <span class='ocrx_word' id='word_1_20' title='bbox 734 435 905 477; x_wconf 88' lang='lat' dir='ltr'><strong>clausus</strong></span> <span class='ocrx_word' id='word_1_21' title='bbox 925 440 1001 477; x_wconf 92' lang='lat' dir='ltr'><strong>est.</strong></span> 
     </span>
    </p>
   </div>
   <div class='ocr_carea' id='block_1_3' title="bbox 264 508 938 730">
    <p class='ocr_par' dir='ltr' id='par_1_3' title="bbox 264 508 938 730">
     <span class='ocr_line' id='line_1_6' title="bbox 264 508 701 557; baseline -0.005 -7"><span class='ocrx_word' id='word_1_22' title='bbox 264 511 400 551; x_wconf 83' lang='lat' dir='ltr'><strong>Beata</strong></span> <span class='ocrx_word' id='word_1_23' title='bbox 419 508 519 550; x_wconf 89' lang='lat' dir='ltr'><strong>coeli</strong></span> <span class='ocrx_word' id='word_1_24' title='bbox 538 508 701 557; x_wconf 81' lang='lat' dir='ltr'><strong>nuntio,</strong></span> 
     </span>
     <span class='ocr_line' id='line_1_7' title="bbox 312 563 902 616; baseline -0.003 -10"><span class='ocrx_word' id='word_1_25' title='bbox 312 563 537 606; x_wconf 82' lang='lat' dir='ltr'><strong>Foecunda</strong></span> <span class='ocrx_word' id='word_1_26' title='bbox 557 569 708 605; x_wconf 89' lang='lat' dir='ltr'><strong>sancto</strong></span> <span class='ocrx_word' id='word_1_27' title='bbox 729 564 902 616; x_wconf 83' lang='lat' dir='ltr'><strong>Spiritu,</strong></span> 
     </span>
     <span class='ocr_line' id='line_1_8' title="bbox 314 620 830 671; baseline -0.002 -9"><span class='ocrx_word' id='word_1_28' title='bbox 314 620 601 663; x_wconf 83' lang='lat' dir='ltr'><strong>Desideratus</strong></span> <span class='ocrx_word' id='word_1_29' title='bbox 620 620 830 671; x_wconf 86' lang='lat' dir='ltr'><strong>gentibus,</strong></span> 
     </span>
     <span class='ocr_line' id='line_1_9' title="bbox 313 677 938 730; baseline -0.003 -11"><span class='ocrx_word' id='word_1_30' title='bbox 313 677 442 730; x_wconf 92' lang='lat' dir='ltr'><strong>Cujus</strong></span> <span class='ocrx_word' id='word_1_31' title='bbox 460 690 539 730; x_wconf 92' lang='lat' dir='ltr'><strong>per</strong></span> <span class='ocrx_word' id='word_1_32' title='bbox 557 677 702 718; x_wconf 87' lang='lat' dir='ltr'><strong>alvum</strong></span> <span class='ocrx_word' id='word_1_33' title='bbox 721 677 841 718; x_wconf 87' lang='lat' dir='ltr'><strong>fusus</strong></span> <span class='ocrx_word' id='word_1_34' title='bbox 861 681 938 718; x_wconf 92' lang='lat' dir='ltr'><strong>est.</strong></span> 
     </span>
    </p>
   </div>
   <div class='ocr_carea' id='block_1_4' title="bbox 263 755 1028 977">
    <p class='ocr_par' dir='ltr' id='par_1_4' title="bbox 263 755 1028 977">
     <span class='ocr_line' id='line_1_10' title="bbox 263 755 702 807; baseline 0 -12"><span class='ocrx_word' id='word_1_35' title='bbox 263 757 285 795; x_wconf 91' lang='lat' dir='ltr'>J</span> <span class='ocrx_word' id='word_1_36' title='bbox 288 769 364 798; x_wconf 92' lang='lat' dir='ltr'><strong>esu</strong></span> <span class='ocrx_word' id='word_1_37' title='bbox 382 755 462 797; x_wconf 90' lang='lat' dir='ltr'><strong>tibi</strong></span> <span class='ocrx_word' id='word_1_38' title='bbox 481 755 537 797; x_wconf 89' lang='lat' dir='ltr'><strong>sit</strong></span> <span class='ocrx_word' id='word_1_39' title='bbox 554 755 702 807; x_wconf 78' lang='lat' dir='ltr'><strong>gleria‚</strong></span> 
     </span>
     <span class='ocr_line' id='line_1_11' title="bbox 313 810 893 862; baseline 0 -9"><span class='ocrx_word' id='word_1_40' title='bbox 313 812 396 862; x_wconf 92' lang='lat' dir='ltr'><strong>Qui</strong></span> <span class='ocrx_word' id='word_1_41' title='bbox 415 817 542 853; x_wconf 91' lang='lat' dir='ltr'><strong>natus</strong></span> <span class='ocrx_word' id='word_1_42' title='bbox 562 824 607 853; x_wconf 90' lang='lat' dir='ltr'><strong>es</strong></span> <span class='ocrx_word' id='word_1_43' title='bbox 628 810 682 853; x_wconf 90' lang='lat' dir='ltr'><strong>de</strong></span> <span class='ocrx_word' id='word_1_44' title='bbox 701 812 893 862; x_wconf 79' lang='lat' dir='ltr'><strong>Virgine,</strong></span> 
     </span>
     <span class='ocr_line' id='line_1_12' title="bbox 313 868 955 920; baseline -0.003 -10"><span class='ocrx_word' id='word_1_45' title='bbox 313 869 421 910; x_wconf 92' lang='lat' dir='ltr'><strong>Cum</strong></span> <span class='ocrx_word' id='word_1_46' title='bbox 438 868 577 918; x_wconf 90' lang='lat' dir='ltr'><strong>Patre,</strong></span> <span class='ocrx_word' id='word_1_47' title='bbox 597 873 641 909; x_wconf 93' lang='lat' dir='ltr'><strong>et</strong></span> <span class='ocrx_word' id='word_1_48' title='bbox 659 868 773 909; x_wconf 90' lang='lat' dir='ltr'><strong>almo</strong></span> <span class='ocrx_word' id='word_1_49' title='bbox 793 868 955 920; x_wconf 83' lang='lat' dir='ltr'>Spiritu</span> 
     </span>
     <span class='ocr_line' id='line_1_13' title="bbox 311 924 1028 977; baseline -0.003 -11"><span class='ocrx_word' id='word_1_50' title='bbox 311 926 361 966; x_wconf 94' lang='lat' dir='ltr'><strong>In</strong></span> <span class='ocrx_word' id='word_1_51' title='bbox 385 924 647 977; x_wconf 90' lang='lat' dir='ltr'><strong>sempiterna</strong></span> <span class='ocrx_word' id='word_1_52' title='bbox 671 924 841 966; x_wconf 80' lang='lat' dir='ltr'><strong>saecula.</strong></span> <span class='ocrx_word' id='word_1_53' title='bbox 878 924 1028 965; x_wconf 91' lang='lat' dir='ltr'><strong>Amen.</strong></span> 
     </span>
    </p>
   </div>
   <div class='ocr_carea' id='block_1_5' title="bbox 443 1026 786 1065">
    <p class='ocr_par' dir='ltr' id='par_1_5' title="bbox 443 1026 786 1065">
     <span class='ocr_line' id='line_1_14' title="bbox 443 1026 786 1065; baseline 0 -1"><span class='ocrx_word' id='word_1_54' title='bbox 443 1026 491 1065; x_wconf 89' lang='lat' dir='ltr'><strong>In</strong></span> <span class='ocrx_word' id='word_1_55' title='bbox 513 1026 542 1064; x_wconf 92' lang='lat' dir='ltr'><strong>I.</strong></span> <span class='ocrx_word' id='word_1_56' title='bbox 566 1026 786 1065; x_wconf 77' lang='lat' dir='ltr'><strong>Nocturno.</strong></span> 
     </span>
    </p>
   </div>
   <div class='ocr_carea' id='block_1_6' title="bbox 207 1097 1028 1252">
    <p class='ocr_par' dir='ltr' id='par_1_6' title="bbox 207 1097 1028 1252">
     <span class='ocr_line' id='line_1_15' title="bbox 258 1097 1028 1139; baseline -0.001 0"><span class='ocrx_word' id='word_1_57' title='bbox 258 1100 355 1139; x_wconf 90' lang='lat' dir='ltr'><strong>Ant.</strong></span> <span class='ocrx_word' id='word_1_58' title='bbox 388 1097 628 1139; x_wconf 83' lang='lat' dir='ltr'>Benedicta</span> <span class='ocrx_word' id='word_1_59' title='bbox 655 1103 703 1139; x_wconf 92' lang='lat' dir='ltr'><strong>tu</strong></span> <span class='ocrx_word' id='word_1_60' title='bbox 727 1099 750 1125; x_wconf 88' lang='lat'>*</span> <span class='ocrx_word' id='word_1_61' title='bbox 773 1098 817 1138; x_wconf 91' lang='lat' dir='ltr'><strong>in</strong></span> <span class='ocrx_word' id='word_1_62' title='bbox 844 1097 1028 1138; x_wconf 91' lang='lat' dir='ltr'><strong>mulieri-</strong></span> 
     </span>
     <span class='ocr_line' id='line_1_16' title="bbox 207 1153 1028 1252; baseline -0.002 -56"><span class='ocrx_word' id='word_1_63' title='bbox 207 1154 305 1252; x_wconf 51' lang='grc' dir='ltr'>ξὲιίε,</span> <span class='ocrx_word' id='word_1_64' title='bbox 330 1159 374 1196; x_wconf 91' lang='lat' dir='ltr'><strong>et</strong></span> <span class='ocrx_word' id='word_1_65' title='bbox 397 1153 653 1196; x_wconf 88' lang='lat' dir='ltr'><strong>benedictus</strong></span> <span class='ocrx_word' id='word_1_66' title='bbox 676 1153 841 1195; x_wconf 89' lang='lat' dir='ltr'><strong>fructus</strong></span> <span class='ocrx_word' id='word_1_67' title='bbox 865 1154 1028 1195; x_wconf 90' lang='lat' dir='ltr'><strong>ventris</strong></span> 
     </span>
    </p>
   </div>
   <div class='ocr_carea' id='block_1_7' title="bbox 315 1271 1029 1390">
    <p class='ocr_par' dir='ltr' id='par_1_7' title="bbox 246 1271 1029 1400">
     <span class='ocr_line' id='line_1_17' title="bbox 484 1271 745 1312; baseline 0.004 -1"><span class='ocrx_word' id='word_1_68' title='bbox 484 1271 681 1312; x_wconf 85' lang='lat' dir='ltr'><strong>Psalmus</strong></span> <span class='ocrx_word' id='word_1_69' title='bbox 710 1273 745 1312; x_wconf 87' lang='grc'><strong>8.</strong></span> 
     </span>
     <span class='ocr_line' id='line_1_18' title="bbox 315 1340 1029 1390; baseline 0.003 -10.824"><span class='ocrx_word' id='word_1_70' title='bbox 246 1341 482 1400; x_wconf 71' lang='grc' dir='ltr'><strong>,χχόῐῐιὶηθ</strong></span> <span class='ocrx_word' id='word_1_71' title='bbox 531 1340 744 1381; x_wconf 77' lang='lat' dir='ltr'><strong>Deminus</strong></span> <span class='ocrx_word' id='word_1_72' title='bbox 796 1346 960 1390; x_wconf 87' lang='lat' dir='ltr'><strong>noster,</strong></span> <span class='ocrx_word' id='word_1_73' title='bbox 1006 1342 1029 1368; x_wconf 87' lang='lat'>*</span> 
     </span>
    </p>
   </div>
   <div class='ocr_carea' id='block_1_8' title="bbox 207 1395 1029 2747">
    <p class='ocr_par' dir='ltr' id='par_1_8' title="bbox 252 1395 1027 1497">
     <span class='ocr_line' id='line_1_19' title="bbox 252 1395 1027 1449; baseline 0 -12"><span class='ocrx_word' id='word_1_74' title='bbox 252 1400 289 1443; x_wconf 46' lang='lat' dir='ltr'><em>ff</em></span> <span class='ocrx_word' id='word_1_75' title='bbox 331 1428 334 1435; x_wconf 36' lang='lat' dir='ltr'><strong>i</strong></span> <span class='ocrx_word' id='word_1_76' title='bbox 359 1410 487 1449; x_wconf 90' lang='lat' dir='ltr'><strong>quam</strong></span> <span class='ocrx_word' id='word_1_77' title='bbox 506 1395 762 1438; x_wconf 86' lang='lat' dir='ltr'><strong>admirabile</strong></span> <span class='ocrx_word' id='word_1_78' title='bbox 782 1402 848 1438; x_wconf 91' lang='lat' dir='ltr'><strong>est</strong></span> <span class='ocrx_word' id='word_1_79' title='bbox 870 1409 1027 1438; x_wconf 92' lang='lat' dir='ltr'><strong>nomen</strong></span> 
     </span>
     <span class='ocr_line' id='line_1_20' title="bbox 286 1452 903 1497; baseline 0 -3"><span class='ocrx_word' id='word_1_80' title='bbox 286 1453 329 1479; x_wconf 37' lang='lat'><strong>*³⁷</strong></span> <span class='ocrx_word' id='word_1_81' title='bbox 355 1458 477 1494; x_wconf 90' lang='lat' dir='ltr'><strong>tuum</strong></span> <span class='ocrx_word' id='word_1_82' title='bbox 494 1453 536 1494; x_wconf 91' lang='lat' dir='ltr'><strong>in</strong></span> <span class='ocrx_word' id='word_1_83' title='bbox 554 1455 755 1497; x_wconf 88' lang='lat' dir='ltr'><strong>universa</strong></span> <span class='ocrx_word' id='word_1_84' title='bbox 773 1452 903 1494; x_wconf 86' lang='lat' dir='ltr'><strong>terra!</strong></span> 
     </span>
    </p>

    <p class='ocr_par' dir='ltr' id='par_1_9' title="bbox 210 1510 1028 1621">
     <span class='ocr_line' id='line_1_21' title="bbox 261 1510 1028 1562; baseline 0 -11"><span class='ocrx_word' id='word_1_85' title='bbox 261 1510 474 1560; x_wconf 78' lang='lat' dir='ltr'><strong>Queniam</strong></span> <span class='ocrx_word' id='word_1_86' title='bbox 517 1512 686 1554; x_wconf 86' lang='lat' dir='ltr'><strong>elevata</strong></span> <span class='ocrx_word' id='word_1_87' title='bbox 729 1515 796 1551; x_wconf 92' lang='lat' dir='ltr'><strong>est</strong></span> <span class='ocrx_word' id='word_1_88' title='bbox 836 1510 1028 1562; x_wconf 87' lang='lat' dir='ltr'><strong>magnifi-</strong></span> 
     </span>
     <span class='ocr_line' id='line_1_22' title="bbox 210 1566 842 1621; baseline 0 -14"><span class='ocrx_word' id='word_1_89' title='bbox 210 1566 351 1609; x_wconf 87' lang='lat' dir='ltr'><strong>centia</strong></span> <span class='ocrx_word' id='word_1_90' title='bbox 378 1571 463 1617; x_wconf 87' lang='lat' dir='ltr'><strong>tua,</strong></span> <span class='ocrx_word' id='word_1_91' title='bbox 483 1570 506 1595; x_wconf 87' lang='lat'>*</span> <span class='ocrx_word' id='word_1_92' title='bbox 535 1581 666 1621; x_wconf 91' lang='lat' dir='ltr'><strong>super</strong></span> <span class='ocrx_word' id='word_1_93' title='bbox 693 1566 842 1608; x_wconf 89' lang='lat' dir='ltr'><strong>coelos.</strong></span> 
     </span>
    </p>

    <p class='ocr_par' dir='ltr' id='par_1_10' title="bbox 207 1623 1029 1834">
     <span class='ocr_line' id='line_1_23' title="bbox 260 1623 1028 1666; baseline 0.001 -3"><span class='ocrx_word' id='word_1_94' title='bbox 260 1623 326 1663; x_wconf 86' lang='lat' dir='ltr'><strong>Ex</strong></span> <span class='ocrx_word' id='word_1_95' title='bbox 355 1635 430 1664; x_wconf 92' lang='lat' dir='ltr'><strong>ore</strong></span> <span class='ocrx_word' id='word_1_96' title='bbox 458 1625 684 1666; x_wconf 84' lang='lat' dir='ltr'><strong>infantium</strong></span> <span class='ocrx_word' id='word_1_97' title='bbox 708 1628 751 1665; x_wconf 92' lang='lat' dir='ltr'><strong>et</strong></span> <span class='ocrx_word' id='word_1_98' title='bbox 776 1623 1028 1665; x_wconf 85' lang='lat' dir='ltr'><strong>lactentium</strong></span> 
     </span>
     <span class='ocr_line' id='line_1_24' title="bbox 208 1679 1029 1733; baseline -0.001 -12"><span class='ocrx_word' id='word_1_99' title='bbox 208 1679 430 1732; x_wconf 82' lang='lat' dir='ltr'><strong>perfecisti</strong></span> <span class='ocrx_word' id='word_1_100' title='bbox 448 1680 622 1723; x_wconf 89' lang='lat' dir='ltr'><strong>laudem</strong></span> <span class='ocrx_word' id='word_1_101' title='bbox 635 1684 816 1733; x_wconf 90' lang='lat' dir='ltr'><strong>propter</strong></span> <span class='ocrx_word' id='word_1_102' title='bbox 830 1679 1029 1721; x_wconf 90' lang='lat' dir='ltr'><strong>inimicos</strong></span> 
     </span>
     <span class='ocr_line' id='line_1_25' title="bbox 207 1736 1028 1785; baseline 0.001 -9"><span class='ocrx_word' id='word_1_103' title='bbox 207 1741 324 1785; x_wconf 86' lang='lat' dir='ltr'><strong>tuos,</strong></span> <span class='ocrx_word' id='word_1_104' title='bbox 353 1737 376 1763; x_wconf 86' lang='lat'>*</span> <span class='ocrx_word' id='word_1_105' title='bbox 411 1741 459 1778; x_wconf 93' lang='lat' dir='ltr'><strong>ut</strong></span> <span class='ocrx_word' id='word_1_106' title='bbox 498 1737 696 1780; x_wconf 90' lang='lat' dir='ltr'><strong>destruas</strong></span> <span class='ocrx_word' id='word_1_107' title='bbox 730 1736 949 1777; x_wconf 89' lang='lat' dir='ltr'><strong>inimicum</strong></span> <span class='ocrx_word' id='word_1_108' title='bbox 985 1741 1028 1778; x_wconf 91' lang='lat' dir='ltr'><strong>et</strong></span> 
     </span>
     <span class='ocr_line' id='line_1_26' title="bbox 209 1791 407 1834; baseline 0.005 -1"><span class='ocrx_word' id='word_1_109' title='bbox 209 1791 407 1834; x_wconf 80' lang='lat' dir='ltr'><strong>ulterem.</strong></span> 
     </span>
    </p>

    <p class='ocr_par' dir='ltr' id='par_1_11' title="bbox 210 1849 1028 2015">
     <span class='ocr_line' id='line_1_27' title="bbox 260 1849 1028 1898; baseline -0.001 -8"><span class='ocrx_word' id='word_1_110' title='bbox 260 1849 474 1898; x_wconf 75' lang='lat' dir='ltr'><strong>Queniam</strong></span> <span class='ocrx_word' id='word_1_111' title='bbox 522 1850 682 1892; x_wconf 91' lang='lat' dir='ltr'><strong>videbo</strong></span> <span class='ocrx_word' id='word_1_112' title='bbox 732 1849 870 1891; x_wconf 88' lang='lat' dir='ltr'><strong>coelos</strong></span> <span class='ocrx_word' id='word_1_113' title='bbox 918 1854 1028 1898; x_wconf 87' lang='lat' dir='ltr'><strong>tuos,</strong></span> 
     </span>
     <span class='ocr_line' id='line_1_28' title="bbox 210 1905 1028 1958; baseline -0.001 -12"><span class='ocrx_word' id='word_1_114' title='bbox 210 1907 343 1958; x_wconf 82' lang='lat' dir='ltr'><strong>epera</strong></span> <span class='ocrx_word' id='word_1_115' title='bbox 370 1906 605 1958; x_wconf 79' lang='lat' dir='ltr'><strong>digiterum</strong></span> <span class='ocrx_word' id='word_1_116' title='bbox 627 1908 817 1948; x_wconf 79' lang='lat' dir='ltr'><strong>tuerum:</strong></span> <span class='ocrx_word' id='word_1_117' title='bbox 836 1907 859 1932; x_wconf 89' lang='lat'>*</span> <span class='ocrx_word' id='word_1_118' title='bbox 884 1905 1028 1946; x_wconf 89' lang='lat' dir='ltr'><strong>lunam</strong></span> 
     </span>
     <span class='ocr_line' id='line_1_29' title="bbox 210 1962 849 2015; baseline 0 -13"><span class='ocrx_word' id='word_1_119' title='bbox 210 1967 253 2003; x_wconf 88' lang='lat' dir='ltr'><strong>et</strong></span> <span class='ocrx_word' id='word_1_120' title='bbox 272 1962 432 2013; x_wconf 84' lang='lat' dir='ltr'><strong>stellas,</strong></span> <span class='ocrx_word' id='word_1_121' title='bbox 461 1976 559 2015; x_wconf 89' lang='lat' dir='ltr'><strong>quae</strong></span> <span class='ocrx_word' id='word_1_122' title='bbox 578 1968 627 2004; x_wconf 93' lang='lat' dir='ltr'><strong>tu</strong></span> <span class='ocrx_word' id='word_1_123' title='bbox 647 1962 849 2004; x_wconf 81' lang='lat' dir='ltr'><strong>fundasti.</strong></span> 
     </span>
    </p>

    <p class='ocr_par' dir='ltr' id='par_1_12' title="bbox 209 2018 1027 2173">
     <span class='ocr_line' id='line_1_30' title="bbox 261 2018 1027 2071; baseline -0.001 -12"><span class='ocrx_word' id='word_1_124' title='bbox 261 2018 376 2069; x_wconf 93' lang='lat' dir='ltr'>Quid</span> <span class='ocrx_word' id='word_1_125' title='bbox 396 2024 462 2061; x_wconf 91' lang='lat' dir='ltr'><strong>est</strong></span> <span class='ocrx_word' id='word_1_126' title='bbox 481 2019 628 2069; x_wconf 85' lang='lat' dir='ltr'><strong>homo,</strong></span> <span class='ocrx_word' id='word_1_127' title='bbox 657 2018 775 2071; x_wconf 92' lang='lat' dir='ltr'><strong>quod</strong></span> <span class='ocrx_word' id='word_1_128' title='bbox 794 2030 961 2060; x_wconf 91' lang='lat' dir='ltr'><strong>memor</strong></span> <span class='ocrx_word' id='word_1_129' title='bbox 981 2030 1027 2059; x_wconf 92' lang='lat' dir='ltr'><strong>es</strong></span> 
     </span>
     <span class='ocr_line' id='line_1_31' title="bbox 211 2073 1027 2127; baseline 0 -12"><span class='ocrx_word' id='word_1_130' title='bbox 211 2073 321 2126; x_wconf 89' lang='lat' dir='ltr'><strong>ejus?</strong></span> <span class='ocrx_word' id='word_1_131' title='bbox 341 2076 364 2102; x_wconf 84' lang='lat'>*</span> <span class='ocrx_word' id='word_1_132' title='bbox 381 2080 455 2117; x_wconf 93' lang='lat' dir='ltr'><strong>aut</strong></span> <span class='ocrx_word' id='word_1_133' title='bbox 473 2075 588 2117; x_wconf 91' lang='lat' dir='ltr'><strong>filius</strong></span> <span class='ocrx_word' id='word_1_134' title='bbox 606 2075 803 2125; x_wconf 78' lang='lat' dir='ltr'><strong>heminis,</strong></span> <span class='ocrx_word' id='word_1_135' title='bbox 823 2074 1027 2127; x_wconf 80' lang='lat' dir='ltr'><strong>queniam</strong></span> 
     </span>
     <span class='ocr_line' id='line_1_32' title="bbox 209 2130 501 2173; baseline 0.003 -2"><span class='ocrx_word' id='word_1_136' title='bbox 209 2131 359 2173; x_wconf 81' lang='lat' dir='ltr'>visitas</span> <span class='ocrx_word' id='word_1_137' title='bbox 379 2130 501 2173; x_wconf 89' lang='lat' dir='ltr'><strong>eum?</strong></span> 
     </span>
    </p>

    <p class='ocr_par' dir='ltr' id='par_1_13' title="bbox 211 2187 1029 2407">
     <span class='ocr_line' id='line_1_33' title="bbox 261 2187 1027 2241; baseline 0.001 -13"><span class='ocrx_word' id='word_1_138' title='bbox 261 2187 454 2229; x_wconf 80' lang='lat' dir='ltr'><strong>Minuisti</strong></span> <span class='ocrx_word' id='word_1_139' title='bbox 490 2201 588 2230; x_wconf 93' lang='lat' dir='ltr'><strong>eum</strong></span> <span class='ocrx_word' id='word_1_140' title='bbox 625 2188 757 2241; x_wconf 87' lang='lat' dir='ltr'><strong>paulo</strong></span> <span class='ocrx_word' id='word_1_141' title='bbox 794 2188 935 2229; x_wconf 93' lang='lat' dir='ltr'><strong>minus</strong></span> <span class='ocrx_word' id='word_1_142' title='bbox 973 2187 1027 2229; x_wconf 91' lang='lat' dir='ltr'><strong>ab</strong></span> 
     </span>
     <span class='ocr_line' id='line_1_34' title="bbox 211 2243 1029 2295; baseline 0.004 -12"><span class='ocrx_word' id='word_1_143' title='bbox 211 2243 401 2295; x_wconf 87' lang='lat' dir='ltr'><strong>Angelis,</strong></span> <span class='ocrx_word' id='word_1_144' title='bbox 417 2244 556 2295; x_wconf 78' lang='lat' dir='ltr'><strong>gleria</strong></span> <span class='ocrx_word' id='word_1_145' title='bbox 571 2250 614 2286; x_wconf 91' lang='lat' dir='ltr'><strong>et</strong></span> <span class='ocrx_word' id='word_1_146' title='bbox 628 2244 794 2286; x_wconf 81' lang='lat' dir='ltr'><strong>honere</strong></span> <span class='ocrx_word' id='word_1_147' title='bbox 810 2245 1029 2286; x_wconf 84' lang='lat' dir='ltr'><strong>coronasti</strong></span> 
     </span>
     <span class='ocr_line' id='line_1_35' title="bbox 212 2301 1028 2354; baseline 0.002 -14"><span class='ocrx_word' id='word_1_148' title='bbox 212 2311 323 2340; x_wconf 89' lang='lat' dir='ltr'><strong>eum:</strong></span> <span class='ocrx_word' id='word_1_149' title='bbox 349 2302 373 2327; x_wconf 88' lang='lat'>*</span> <span class='ocrx_word' id='word_1_150' title='bbox 401 2306 445 2342; x_wconf 88' lang='lat' dir='ltr'><strong>et</strong></span> <span class='ocrx_word' id='word_1_151' title='bbox 478 2301 739 2343; x_wconf 88' lang='lat' dir='ltr'><strong>constituisti</strong></span> <span class='ocrx_word' id='word_1_152' title='bbox 770 2313 868 2342; x_wconf 92' lang='lat' dir='ltr'><strong>eum</strong></span> <span class='ocrx_word' id='word_1_153' title='bbox 898 2314 1028 2354; x_wconf 91' lang='lat' dir='ltr'><strong>super</strong></span> 
     </span>
     <span class='ocr_line' id='line_1_36' title="bbox 213 2357 767 2407; baseline 0.004 -11"><span class='ocrx_word' id='word_1_154' title='bbox 213 2357 346 2407; x_wconf 81' lang='lat' dir='ltr'><strong>epera</strong></span> <span class='ocrx_word' id='word_1_155' title='bbox 364 2358 568 2398; x_wconf 83' lang='lat' dir='ltr'><strong>manuum</strong></span> <span class='ocrx_word' id='word_1_156' title='bbox 584 2359 767 2398; x_wconf 82' lang='lat' dir='ltr'><strong>tuarum.</strong></span> 
     </span>
    </p>

    <p class='ocr_par' dir='ltr' id='par_1_14' title="bbox 210 2411 1028 2580">
     <span class='ocr_line' id='line_1_37' title="bbox 264 2411 1028 2466; baseline 0.004 -15"><span class='ocrx_word' id='word_1_157' title='bbox 264 2411 419 2453; x_wconf 92' lang='lat' dir='ltr'><strong>Omnia</strong></span> <span class='ocrx_word' id='word_1_158' title='bbox 459 2413 679 2466; x_wconf 87' lang='lat' dir='ltr'><strong>subjecisti</strong></span> <span class='ocrx_word' id='word_1_159' title='bbox 720 2413 800 2455; x_wconf 91' lang='lat' dir='ltr'><strong>sub</strong></span> <span class='ocrx_word' id='word_1_160' title='bbox 842 2413 1028 2466; x_wconf 91' lang='lat' dir='ltr'><strong>pedibus</strong></span> 
     </span>
     <span class='ocr_line' id='line_1_38' title="bbox 212 2468 1028 2519; baseline 0.002 -11"><span class='ocrx_word' id='word_1_161' title='bbox 212 2468 320 2519; x_wconf 90' lang='lat' dir='ltr'><strong>ejus,</strong></span> <span class='ocrx_word' id='word_1_162' title='bbox 348 2469 371 2495; x_wconf 89' lang='lat'>*</span> <span class='ocrx_word' id='word_1_163' title='bbox 408 2481 513 2510; x_wconf 89' lang='lat' dir='ltr'><strong>oves</strong></span> <span class='ocrx_word' id='word_1_164' title='bbox 546 2475 589 2511; x_wconf 92' lang='lat' dir='ltr'><strong>et</strong></span> <span class='ocrx_word' id='word_1_165' title='bbox 619 2470 757 2511; x_wconf 91' lang='lat' dir='ltr'><strong>boves</strong></span> <span class='ocrx_word' id='word_1_166' title='bbox 786 2470 1028 2511; x_wconf 88' lang='lat' dir='ltr'><strong>universas:</strong></span> 
     </span>
     <span class='ocr_line' id='line_1_39' title="bbox 210 2525 797 2580; baseline 0.007 -16"><span class='ocrx_word' id='word_1_167' title='bbox 210 2525 386 2576; x_wconf 80' lang='lat' dir='ltr'><strong>insuper</strong></span> <span class='ocrx_word' id='word_1_168' title='bbox 406 2530 448 2566; x_wconf 92' lang='lat' dir='ltr'><strong>et</strong></span> <span class='ocrx_word' id='word_1_169' title='bbox 466 2527 626 2577; x_wconf 90' lang='lat' dir='ltr'><strong>pecora</strong></span> <span class='ocrx_word' id='word_1_170' title='bbox 645 2527 797 2580; x_wconf 90' lang='lat' dir='ltr'><strong>campi.</strong></span> 
     </span>
    </p>

    <p class='ocr_par' dir='ltr' id='par_1_15' title="bbox 214 2579 1028 2689">
     <span class='ocr_line' id='line_1_40' title="bbox 262 2579 1028 2635; baseline 0.004 -15"><span class='ocrx_word' id='word_1_171' title='bbox 262 2579 476 2621; x_wconf 80' lang='lat' dir='ltr'><strong>Velucres</strong></span> <span class='ocrx_word' id='word_1_172' title='bbox 496 2581 605 2631; x_wconf 88' lang='lat' dir='ltr'><strong>coeli,</strong></span> <span class='ocrx_word' id='word_1_173' title='bbox 627 2587 669 2624; x_wconf 91' lang='lat' dir='ltr'><strong>et</strong></span> <span class='ocrx_word' id='word_1_174' title='bbox 687 2583 831 2635; x_wconf 86' lang='lat' dir='ltr'><strong>pisces</strong></span> <span class='ocrx_word' id='word_1_175' title='bbox 850 2582 990 2631; x_wconf 89' lang='lat' dir='ltr'><strong>maris,</strong></span> <span class='ocrx_word' id='word_1_176' title='bbox 1005 2583 1028 2607; x_wconf 90' lang='lat'>*</span> 
     </span>
     <span class='ocr_line' id='line_1_41' title="bbox 214 2636 959 2689; baseline 0.003 -13"><span class='ocrx_word' id='word_1_177' title='bbox 214 2637 286 2689; x_wconf 93' lang='lat' dir='ltr'><strong>qui</strong></span> <span class='ocrx_word' id='word_1_178' title='bbox 304 2636 606 2689; x_wconf 66' lang='lat' dir='ltr'><strong>perambulant</strong></span> <span class='ocrx_word' id='word_1_179' title='bbox 625 2639 799 2680; x_wconf 82' lang='lat' dir='ltr'><strong>semitas</strong></span> <span class='ocrx_word' id='word_1_180' title='bbox 817 2638 959 2680; x_wconf 89' lang='lat' dir='ltr'><strong>maris.</strong></span> 
     </span>
    </p>

    <p class='ocr_par' dir='ltr' id='par_1_16' title="bbox 263 2693 1028 2747">
     <span class='ocr_line' id='line_1_42' title="bbox 263 2693 1028 2747; baseline 0.004 -14"><span class='ocrx_word' id='word_1_181' title='bbox 263 2693 449 2735; x_wconf 79' lang='lat' dir='ltr'><strong>Demine</strong></span> <span class='ocrx_word' id='word_1_182' title='bbox 463 2693 675 2736; x_wconf 69' lang='lat' dir='ltr'><strong>Dominus</strong></span> <span class='ocrx_word' id='word_1_183' title='bbox 692 2697 884 2746; x_wconf 87' lang='lat' dir='ltr'><strong>noster‚*</strong></span> <span class='ocrx_word' id='word_1_184' title='bbox 899 2707 1028 2747; x_wconf 91' lang='lat' dir='ltr'><strong>quam</strong></span> 
     </span>
    </p>
   </div>
   <div class='ocr_carea' id='block_1_9' title="bbox 1083 267 1900 365">
    <p class='ocr_par' dir='ltr' id='par_1_17' title="bbox 1083 267 1900 365">
     <span class='ocr_line' id='line_1_43' title="bbox 1083 267 1900 311; baseline 0.004 -3"><span class='ocrx_word' id='word_1_185' title='bbox 1083 267 1337 309; x_wconf 65' lang='lat' dir='ltr'><strong>admirAbile</strong></span> <span class='ocrx_word' id='word_1_186' title='bbox 1354 272 1420 309; x_wconf 91' lang='lat' dir='ltr'><strong>est</strong></span> <span class='ocrx_word' id='word_1_187' title='bbox 1433 280 1592 310; x_wconf 89' lang='lat' dir='ltr'><strong>nomen</strong></span> <span class='ocrx_word' id='word_1_188' title='bbox 1607 273 1730 311; x_wconf 90' lang='lat' dir='ltr'><strong>tuum</strong></span> <span class='ocrx_word' id='word_1_189' title='bbox 1749 270 1793 310; x_wconf 92' lang='lat' dir='ltr'><strong>in</strong></span> <span class='ocrx_word' id='word_1_190' title='bbox 1811 269 1900 311; x_wconf 93' lang='lat' dir='ltr'><strong>uni-</strong></span> 
     </span>
     <span class='ocr_line' id='line_1_44' title="bbox 1083 323 1356 365; baseline 0 -1"><span class='ocrx_word' id='word_1_191' title='bbox 1083 325 1209 365; x_wconf 91' lang='lat' dir='ltr'><strong>versa</strong></span> <span class='ocrx_word' id='word_1_192' title='bbox 1226 323 1356 365; x_wconf 90' lang='lat' dir='ltr'><strong>terra!</strong></span> 
     </span>
    </p>
   </div>
   <div class='ocr_carea' id='block_1_10' title="bbox 1085 388 1901 488">
    <p class='ocr_par' dir='ltr' id='par_1_18' title="bbox 1085 388 1901 488">
     <span class='ocr_line' id='line_1_45' title="bbox 1128 388 1901 441; baseline 0.004 -12"><span class='ocrx_word' id='word_1_193' title='bbox 1128 391 1227 430; x_wconf 88' lang='lat' dir='ltr'><strong>Ant.</strong></span> <span class='ocrx_word' id='word_1_194' title='bbox 1253 388 1492 431; x_wconf 83' lang='lat' dir='ltr'><strong>Benedicta</strong></span> <span class='ocrx_word' id='word_1_195' title='bbox 1510 394 1559 431; x_wconf 90' lang='lat' dir='ltr'><strong>tu</strong></span> <span class='ocrx_word' id='word_1_196' title='bbox 1578 391 1622 431; x_wconf 93' lang='lat' dir='ltr'><strong>in</strong></span> <span class='ocrx_word' id='word_1_197' title='bbox 1638 390 1901 441; x_wconf 90' lang='lat' dir='ltr'><strong>mulieribus,</strong></span> 
     </span>
     <span class='ocr_line' id='line_1_46' title="bbox 1085 444 1858 488; baseline 0 -1"><span class='ocrx_word' id='word_1_198' title='bbox 1085 450 1127 487; x_wconf 92' lang='lat' dir='ltr'><strong>et</strong></span> <span class='ocrx_word' id='word_1_199' title='bbox 1146 444 1402 487; x_wconf 92' lang='lat' dir='ltr'><strong>benedictus</strong></span> <span class='ocrx_word' id='word_1_200' title='bbox 1421 445 1586 488; x_wconf 89' lang='lat' dir='ltr'><strong>fructus</strong></span> <span class='ocrx_word' id='word_1_201' title='bbox 1604 447 1767 488; x_wconf 90' lang='lat' dir='ltr'><strong>ventris</strong></span> <span class='ocrx_word' id='word_1_202' title='bbox 1785 446 1858 488; x_wconf 90' lang='lat' dir='ltr'><strong>tui.</strong></span> 
     </span>
    </p>
   </div>
   <div class='ocr_carea' id='block_1_11' title="bbox 1082 508 1902 739">
    <p class='ocr_par' dir='ltr' id='par_1_19' title="bbox 1082 508 1902 664">
     <span class='ocr_line' id='line_1_47' title="bbox 1130 508 1901 563; baseline 0.009 -17"><span class='ocrx_word' id='word_1_203' title='bbox 1130 508 1227 547; x_wconf 88' lang='lat' dir='ltr'><strong>Ant.</strong></span> <span class='ocrx_word' id='word_1_204' title='bbox 1270 509 1392 552; x_wconf 88' lang='lat' dir='ltr'><strong>Sicut</strong></span> <span class='ocrx_word' id='word_1_205' title='bbox 1423 510 1599 563; x_wconf 90' lang='lat' dir='ltr'><strong>myrrha</strong></span> <span class='ocrx_word' id='word_1_206' title='bbox 1631 511 1655 537; x_wconf 86' lang='grc'><em>*</em></span> <span class='ocrx_word' id='word_1_207' title='bbox 1687 510 1826 553; x_wconf 87' lang='lat' dir='ltr'><strong>electa</strong></span> <span class='ocrx_word' id='word_1_208' title='bbox 1858 523 1901 553; x_wconf 95' lang='lat'><strong>0-</strong></span> 
     </span>
     <span class='ocr_line' id='line_1_48' title="bbox 1084 566 1902 610; baseline 0 -2"><span class='ocrx_word' id='word_1_209' title='bbox 1084 566 1236 608; x_wconf 78' lang='lat' dir='ltr'><strong>derem</strong></span> <span class='ocrx_word' id='word_1_210' title='bbox 1279 566 1438 608; x_wconf 90' lang='lat' dir='ltr'><strong>dedisti</strong></span> <span class='ocrx_word' id='word_1_211' title='bbox 1484 567 1709 610; x_wconf 72' lang='lat' dir='ltr'><strong>suavitatis</strong></span> <span class='ocrx_word' id='word_1_212' title='bbox 1753 571 1902 609; x_wconf 87' lang='lat' dir='ltr'><strong>sancta</strong></span> 
     </span>
     <span class='ocr_line' id='line_1_49' title="bbox 1082 623 1398 664; baseline -0.003 0"><span class='ocrx_word' id='word_1_213' title='bbox 1082 623 1165 664; x_wconf 92' lang='lat' dir='ltr'><strong>Dei</strong></span> <span class='ocrx_word' id='word_1_214' title='bbox 1190 623 1398 664; x_wconf 81' lang='lat' dir='ltr'><strong>Genitrix.</strong></span> 
     </span>
    </p>

    <p class='ocr_par' dir='ltr' id='par_1_20' title="bbox 1351 698 1623 739">
     <span class='ocr_line' id='line_1_50' title="bbox 1351 698 1623 739; baseline -0.004 0"><span class='ocrx_word' id='word_1_215' title='bbox 1351 698 1547 739; x_wconf 84' lang='lat' dir='ltr'><strong>Psalmus</strong></span> <span class='ocrx_word' id='word_1_216' title='bbox 1566 698 1623 738; x_wconf 83' lang='lat'><strong>18.</strong></span> 
     </span>
    </p>
   </div>
   <div class='ocr_carea' id='block_1_12' title="bbox 1080 775 1903 2743">
    <p class='ocr_par' dir='ltr' id='par_1_21' title="bbox 1081 775 1903 929">
     <span class='ocr_line' id='line_1_51' title="bbox 1155 775 1903 827; baseline 0.005 -11"><span class='ocrx_word' id='word_1_217' title='bbox 1155 775 1229 816; x_wconf 90' lang='lat' dir='ltr'><strong>oeli</strong></span> <span class='ocrx_word' id='word_1_218' title='bbox 1256 777 1458 817; x_wconf 84' lang='lat' dir='ltr'><strong>enarrant</strong></span> <span class='ocrx_word' id='word_1_219' title='bbox 1484 775 1668 826; x_wconf 69' lang='lat' dir='ltr'><strong>gloriam</strong></span> <span class='ocrx_word' id='word_1_220' title='bbox 1690 778 1788 827; x_wconf 92' lang='lat' dir='ltr'><strong>Dei,</strong></span> <span class='ocrx_word' id='word_1_221' title='bbox 1811 779 1835 804; x_wconf 86' lang='lat'>*</span> <span class='ocrx_word' id='word_1_222' title='bbox 1860 783 1903 820; x_wconf 92' lang='lat' dir='ltr'><strong>et</strong></span> 
     </span>
     <span class='ocr_line' id='line_1_52' title="bbox 1172 833 1903 885; baseline 0.005 -13"><span class='ocrx_word' id='word_1_223' title='bbox 1172 834 1306 884; x_wconf 80' lang='lat' dir='ltr'><strong>epera</strong></span> <span class='ocrx_word' id='word_1_224' title='bbox 1332 833 1537 873; x_wconf 81' lang='lat' dir='ltr'><strong>manuum</strong></span> <span class='ocrx_word' id='word_1_225' title='bbox 1565 834 1655 885; x_wconf 91' lang='lat' dir='ltr'><strong>ejus</strong></span> <span class='ocrx_word' id='word_1_226' title='bbox 1679 835 1903 877; x_wconf 78' lang='lat' dir='ltr'><strong>annuntiat</strong></span> 
     </span>
     <span class='ocr_line' id='line_1_53' title="bbox 1081 888 1409 929; baseline 0 -1"><span class='ocrx_word' id='word_1_227' title='bbox 1081 888 1409 929; x_wconf 88' lang='lat' dir='ltr'><strong>firmamentum.</strong></span> 
     </span>
    </p>

    <p class='ocr_par' dir='ltr' id='par_1_22' title="bbox 1080 943 1903 1044">
     <span class='ocr_line' id='line_1_54' title="bbox 1132 943 1903 997; baseline 0.008 -13"><span class='ocrx_word' id='word_1_228' title='bbox 1132 944 1237 985; x_wconf 93' lang='lat' dir='ltr'><strong>Dies</strong></span> <span class='ocrx_word' id='word_1_229' title='bbox 1269 943 1354 986; x_wconf 91' lang='lat' dir='ltr'><strong>diei</strong></span> <span class='ocrx_word' id='word_1_230' title='bbox 1386 947 1554 986; x_wconf 81' lang='lat' dir='ltr'><strong>eructat</strong></span> <span class='ocrx_word' id='word_1_231' title='bbox 1585 946 1783 997; x_wconf 90' lang='lat' dir='ltr'><strong>verbum,</strong></span> <span class='ocrx_word' id='word_1_232' title='bbox 1807 947 1831 974; x_wconf 87' lang='lat'>*</span> <span class='ocrx_word' id='word_1_233' title='bbox 1859 952 1903 990; x_wconf 93' lang='lat' dir='ltr'><strong>et</strong></span> 
     </span>
     <span class='ocr_line' id='line_1_55' title="bbox 1080 1000 1735 1044; baseline 0.005 -3"><span class='ocrx_word' id='word_1_234' title='bbox 1080 1013 1168 1042; x_wconf 81' lang='lat' dir='ltr'><strong>nox</strong></span> <span class='ocrx_word' id='word_1_235' title='bbox 1186 1001 1304 1042; x_wconf 91' lang='lat' dir='ltr'><strong>nocti</strong></span> <span class='ocrx_word' id='word_1_236' title='bbox 1322 1000 1484 1042; x_wconf 89' lang='lat' dir='ltr'><strong>indicat</strong></span> <span class='ocrx_word' id='word_1_237' title='bbox 1502 1001 1735 1044; x_wconf 88' lang='lat' dir='ltr'><strong>scientiam.</strong></span> 
     </span>
    </p>

    <p class='ocr_par' dir='ltr' id='par_1_23' title="bbox 1080 1057 1901 1212">
     <span class='ocr_line' id='line_1_56' title="bbox 1131 1057 1901 1111; baseline 0.004 -13"><span class='ocrx_word' id='word_1_238' title='bbox 1131 1057 1232 1098; x_wconf 93' lang='lat' dir='ltr'><strong>Non</strong></span> <span class='ocrx_word' id='word_1_239' title='bbox 1251 1061 1351 1098; x_wconf 93' lang='lat' dir='ltr'><strong>sunt</strong></span> <span class='ocrx_word' id='word_1_240' title='bbox 1368 1057 1566 1111; x_wconf 80' lang='lat' dir='ltr'><strong>loquelae,</strong></span> <span class='ocrx_word' id='word_1_241' title='bbox 1585 1071 1726 1111; x_wconf 91' lang='lat' dir='ltr'><strong>neque</strong></span> <span class='ocrx_word' id='word_1_242' title='bbox 1741 1062 1901 1102; x_wconf 80' lang='lat' dir='ltr'><strong>serme-</strong></span> 
     </span>
     <span class='ocr_line' id='line_1_57' title="bbox 1080 1114 1898 1166; baseline 0.005 -12"><span class='ocrx_word' id='word_1_243' title='bbox 1080 1126 1172 1163; x_wconf 90' lang='lat' dir='ltr'><strong>nes,</strong></span> <span class='ocrx_word' id='word_1_244' title='bbox 1197 1114 1221 1139; x_wconf 92' lang='lat'>*</span> <span class='ocrx_word' id='word_1_245' title='bbox 1246 1126 1430 1166; x_wconf 91' lang='lat' dir='ltr'><strong>quorum</strong></span> <span class='ocrx_word' id='word_1_246' title='bbox 1458 1130 1545 1158; x_wconf 92' lang='lat' dir='ltr'><strong>non</strong></span> <span class='ocrx_word' id='word_1_247' title='bbox 1572 1115 1802 1158; x_wconf 77' lang='lat' dir='ltr'><strong>audiantur</strong></span> <span class='ocrx_word' id='word_1_248' title='bbox 1827 1129 1898 1158; x_wconf 89' lang='lat' dir='ltr'><strong>vo-</strong></span> 
     </span>
     <span class='ocr_line' id='line_1_58' title="bbox 1081 1172 1334 1212; baseline -0.004 -1"><span class='ocrx_word' id='word_1_249' title='bbox 1081 1183 1154 1212; x_wconf 93' lang='lat' dir='ltr'><strong>ces</strong></span> <span class='ocrx_word' id='word_1_250' title='bbox 1174 1172 1334 1211; x_wconf 80' lang='lat' dir='ltr'><strong>eerum.</strong></span> 
     </span>
    </p>

    <p class='ocr_par' dir='ltr' id='par_1_24' title="bbox 1081 1227 1901 1382">
     <span class='ocr_line' id='line_1_59' title="bbox 1131 1227 1901 1271; baseline 0.004 -4"><span class='ocrx_word' id='word_1_251' title='bbox 1131 1227 1182 1267; x_wconf 90' lang='lat' dir='ltr'><strong>In</strong></span> <span class='ocrx_word' id='word_1_252' title='bbox 1213 1239 1386 1269; x_wconf 92' lang='lat' dir='ltr'><strong>omnem</strong></span> <span class='ocrx_word' id='word_1_253' title='bbox 1418 1234 1580 1271; x_wconf 89' lang='lat' dir='ltr'><strong>terram</strong></span> <span class='ocrx_word' id='word_1_254' title='bbox 1607 1229 1740 1271; x_wconf 87' lang='lat' dir='ltr'><strong>exivit</strong></span> <span class='ocrx_word' id='word_1_255' title='bbox 1768 1241 1901 1270; x_wconf 91' lang='lat' dir='ltr'><strong>sonus</strong></span> 
     </span>
     <span class='ocr_line' id='line_1_60' title="bbox 1081 1284 1901 1328; baseline 0.004 -4"><span class='ocrx_word' id='word_1_256' title='bbox 1081 1285 1246 1324; x_wconf 80' lang='lat' dir='ltr'><strong>eerum:</strong></span> <span class='ocrx_word' id='word_1_257' title='bbox 1277 1284 1300 1310; x_wconf 86' lang='lat'>*</span> <span class='ocrx_word' id='word_1_258' title='bbox 1333 1290 1376 1327; x_wconf 90' lang='lat' dir='ltr'><strong>et</strong></span> <span class='ocrx_word' id='word_1_259' title='bbox 1406 1286 1450 1326; x_wconf 90' lang='lat' dir='ltr'><strong>in</strong></span> <span class='ocrx_word' id='word_1_260' title='bbox 1482 1286 1591 1328; x_wconf 91' lang='lat' dir='ltr'><strong>fines</strong></span> <span class='ocrx_word' id='word_1_261' title='bbox 1623 1285 1741 1327; x_wconf 92' lang='lat' dir='ltr'><strong>orbis</strong></span> <span class='ocrx_word' id='word_1_262' title='bbox 1771 1290 1901 1328; x_wconf 86' lang='lat' dir='ltr'><strong>terrae</strong></span> 
     </span>
     <span class='ocr_line' id='line_1_61' title="bbox 1081 1339 1394 1382; baseline 0.006 -2"><span class='ocrx_word' id='word_1_263' title='bbox 1081 1339 1214 1381; x_wconf 92' lang='lat' dir='ltr'><strong>verba</strong></span> <span class='ocrx_word' id='word_1_264' title='bbox 1234 1342 1394 1382; x_wconf 80' lang='lat' dir='ltr'><strong>cerum.</strong></span> 
     </span>
    </p>

    <p class='ocr_par' dir='ltr' id='par_1_25' title="bbox 1080 1396 1902 1561">
     <span class='ocr_line' id='line_1_62' title="bbox 1132 1396 1902 1450; baseline 0.004 -14"><span class='ocrx_word' id='word_1_265' title='bbox 1132 1397 1181 1436; x_wconf 89' lang='lat' dir='ltr'><strong>In</strong></span> <span class='ocrx_word' id='word_1_266' title='bbox 1206 1396 1297 1438; x_wconf 92' lang='lat' dir='ltr'><strong>sole</strong></span> <span class='ocrx_word' id='word_1_267' title='bbox 1320 1398 1467 1450; x_wconf 80' lang='lat' dir='ltr'><strong>pesuit</strong></span> <span class='ocrx_word' id='word_1_268' title='bbox 1489 1397 1816 1440; x_wconf 77' lang='lat' dir='ltr'><strong>tabernaculum</strong></span> <span class='ocrx_word' id='word_1_269' title='bbox 1835 1411 1902 1439; x_wconf 93' lang='lat' dir='ltr'><strong>su·</strong></span> 
     </span>
     <span class='ocr_line' id='line_1_63' title="bbox 1082 1453 1902 1507; baseline 0.005 -15"><span class='ocrx_word' id='word_1_270' title='bbox 1082 1466 1172 1493; x_wconf 90' lang='lat' dir='ltr'><strong>um:</strong></span> <span class='ocrx_word' id='word_1_271' title='bbox 1203 1453 1226 1478; x_wconf 88' lang='lat'>*</span> <span class='ocrx_word' id='word_1_272' title='bbox 1258 1458 1301 1494; x_wconf 91' lang='lat' dir='ltr'><strong>et</strong></span> <span class='ocrx_word' id='word_1_273' title='bbox 1331 1454 1425 1506; x_wconf 93' lang='lat' dir='ltr'><strong>ipse</strong></span> <span class='ocrx_word' id='word_1_274' title='bbox 1462 1459 1684 1506; x_wconf 91' lang='lat' dir='ltr'><strong>tamquam</strong></span> <span class='ocrx_word' id='word_1_275' title='bbox 1716 1467 1902 1507; x_wconf 91' lang='lat' dir='ltr'><strong>sponsus</strong></span> 
     </span>
     <span class='ocr_line' id='line_1_64' title="bbox 1080 1509 1723 1561; baseline 0.002 -11"><span class='ocrx_word' id='word_1_276' title='bbox 1080 1509 1324 1561; x_wconf 82' lang='lat' dir='ltr'><strong>procedens</strong></span> <span class='ocrx_word' id='word_1_277' title='bbox 1343 1510 1398 1552; x_wconf 92' lang='lat' dir='ltr'><strong>de</strong></span> <span class='ocrx_word' id='word_1_278' title='bbox 1416 1510 1608 1552; x_wconf 81' lang='lat' dir='ltr'><strong>thalamo</strong></span> <span class='ocrx_word' id='word_1_279' title='bbox 1628 1523 1723 1552; x_wconf 92' lang='lat' dir='ltr'><strong>suo:</strong></span> 
     </span>
    </p>

    <p class='ocr_par' dir='ltr' id='par_1_26' title="bbox 1081 1565 1901 1731">
     <span class='ocr_line' id='line_1_65' title="bbox 1132 1565 1901 1618; baseline 0.003 -12"><span class='ocrx_word' id='word_1_280' title='bbox 1132 1565 1378 1608; x_wconf 81' lang='lat' dir='ltr'><strong>Exsultavit</strong></span> <span class='ocrx_word' id='word_1_281' title='bbox 1409 1571 1457 1608; x_wconf 91' lang='lat' dir='ltr'><strong>ut</strong></span> <span class='ocrx_word' id='word_1_282' title='bbox 1487 1567 1609 1618; x_wconf 85' lang='lat' dir='ltr'><strong>gigas</strong></span> <span class='ocrx_word' id='word_1_283' title='bbox 1643 1566 1699 1608; x_wconf 92' lang='lat' dir='ltr'><strong>ad</strong></span> <span class='ocrx_word' id='word_1_284' title='bbox 1731 1568 1901 1608; x_wconf 90' lang='lat' dir='ltr'><strong>curren—</strong></span> 
     </span>
     <span class='ocr_line' id='line_1_66' title="bbox 1081 1621 1901 1675; baseline 0.002 -12"><span class='ocrx_word' id='word_1_285' title='bbox 1081 1621 1182 1663; x_wconf 90' lang='lat' dir='ltr'><strong>dam</strong></span> <span class='ocrx_word' id='word_1_286' title='bbox 1201 1622 1329 1672; x_wconf 88' lang='lat' dir='ltr'><strong>viam,</strong></span> <span class='ocrx_word' id='word_1_287' title='bbox 1349 1623 1372 1649; x_wconf 86' lang='lat'>*</span> <span class='ocrx_word' id='word_1_288' title='bbox 1391 1636 1416 1664; x_wconf 91' lang='lat' dir='ltr'><strong>a</strong></span> <span class='ocrx_word' id='word_1_289' title='bbox 1435 1636 1604 1665; x_wconf 88' lang='lat' dir='ltr'><strong>summo</strong></span> <span class='ocrx_word' id='word_1_290' title='bbox 1627 1623 1741 1665; x_wconf 88' lang='lat' dir='ltr'><strong>coelo</strong></span> <span class='ocrx_word' id='word_1_291' title='bbox 1761 1625 1901 1675; x_wconf 88' lang='lat' dir='ltr'><strong>egres-</strong></span> 
     </span>
     <span class='ocr_line' id='line_1_67' title="bbox 1082 1691 1272 1731; baseline -0.005 -11"><span class='ocrx_word' id='word_1_292' title='bbox 1082 1691 1146 1720; x_wconf 81' lang='lat' dir='ltr'><strong>sio</strong></span> <span class='ocrx_word' id='word_1_293' title='bbox 1166 1691 1272 1731; x_wconf 76' lang='lat' dir='ltr'><strong>ejus:</strong></span> 
     </span>
    </p>

    <p class='ocr_par' dir='ltr' id='par_1_27' title="bbox 1080 1735 1902 1901">
     <span class='ocr_line' id='line_1_68' title="bbox 1131 1735 1902 1788; baseline 0 -11"><span class='ocrx_word' id='word_1_294' title='bbox 1131 1736 1188 1777; x_wconf 87' lang='lat' dir='ltr'><strong>Et</strong></span> <span class='ocrx_word' id='word_1_295' title='bbox 1213 1739 1420 1777; x_wconf 81' lang='lat' dir='ltr'><strong>occursus</strong></span> <span class='ocrx_word' id='word_1_296' title='bbox 1445 1737 1535 1788; x_wconf 90' lang='lat' dir='ltr'><strong>ejus</strong></span> <span class='ocrx_word' id='word_1_297' title='bbox 1557 1749 1696 1788; x_wconf 89' lang='lat' dir='ltr'><strong>usque</strong></span> <span class='ocrx_word' id='word_1_298' title='bbox 1715 1735 1771 1778; x_wconf 91' lang='lat' dir='ltr'><strong>ad</strong></span> <span class='ocrx_word' id='word_1_299' title='bbox 1790 1749 1902 1777; x_wconf 91' lang='lat' dir='ltr'><strong>sum-</strong></span> 
     </span>
     <span class='ocr_line' id='line_1_69' title="bbox 1080 1791 1900 1845; baseline 0.002 -13"><span class='ocrx_word' id='word_1_300' title='bbox 1080 1805 1198 1833; x_wconf 92' lang='lat' dir='ltr'><strong>mum</strong></span> <span class='ocrx_word' id='word_1_301' title='bbox 1214 1793 1317 1844; x_wconf 91' lang='lat' dir='ltr'><strong>ejus:</strong></span> <span class='ocrx_word' id='word_1_302' title='bbox 1335 1793 1359 1819; x_wconf 86' lang='lat'>*</span> <span class='ocrx_word' id='word_1_303' title='bbox 1378 1805 1458 1834; x_wconf 92' lang='lat' dir='ltr'><strong>nec</strong></span> <span class='ocrx_word' id='word_1_304' title='bbox 1478 1798 1544 1835; x_wconf 91' lang='lat' dir='ltr'><strong>est</strong></span> <span class='ocrx_word' id='word_1_305' title='bbox 1564 1793 1638 1845; x_wconf 94' lang='lat' dir='ltr'><strong>qui</strong></span> <span class='ocrx_word' id='word_1_306' title='bbox 1656 1805 1703 1834; x_wconf 90' lang='lat' dir='ltr'><strong>se</strong></span> <span class='ocrx_word' id='word_1_307' title='bbox 1721 1791 1900 1834; x_wconf 82' lang='lat' dir='ltr'><strong>abscen-</strong></span> 
     </span>
     <span class='ocr_line' id='line_1_70' title="bbox 1081 1847 1484 1901; baseline 0.002 -12"><span class='ocrx_word' id='word_1_308' title='bbox 1081 1847 1156 1890; x_wconf 88' lang='lat' dir='ltr'><strong>dat</strong></span> <span class='ocrx_word' id='word_1_309' title='bbox 1175 1861 1200 1889; x_wconf 91' lang='lat' dir='ltr'><strong>a</strong></span> <span class='ocrx_word' id='word_1_310' title='bbox 1219 1849 1363 1891; x_wconf 81' lang='lat' dir='ltr'><strong>calere</strong></span> <span class='ocrx_word' id='word_1_311' title='bbox 1383 1850 1484 1901; x_wconf 89' lang='lat' dir='ltr'><strong>ejus.</strong></span> 
     </span>
    </p>

    <p class='ocr_par' dir='ltr' id='par_1_28' title="bbox 1081 1905 1903 2115">
     <span class='ocr_line' id='line_1_71' title="bbox 1131 1905 1901 1947; baseline 0.001 -1"><span class='ocrx_word' id='word_1_312' title='bbox 1131 1905 1223 1946; x_wconf 84' lang='lat' dir='ltr'><strong>Lex</strong></span> <span class='ocrx_word' id='word_1_313' title='bbox 1238 1905 1414 1946; x_wconf 77' lang='lat' dir='ltr'><strong>Demini</strong></span> <span class='ocrx_word' id='word_1_314' title='bbox 1430 1905 1706 1947; x_wconf 81' lang='lat' dir='ltr'><strong>immaculata</strong></span> <span class='ocrx_word' id='word_1_315' title='bbox 1725 1907 1901 1947; x_wconf 87' lang='lat' dir='ltr'><strong>conver-</strong></span> 
     </span>
     <span class='ocr_line' id='line_1_72' title="bbox 1081 1962 1903 2004; baseline 0.001 -2"><span class='ocrx_word' id='word_1_316' title='bbox 1081 1966 1176 2003; x_wconf 91' lang='lat' dir='ltr'><strong>tens</strong></span> <span class='ocrx_word' id='word_1_317' title='bbox 1196 1962 1374 2003; x_wconf 86' lang='lat' dir='ltr'><strong>animas:</strong></span> <span class='ocrx_word' id='word_1_318' title='bbox 1385 1963 1408 1988; x_wconf 89' lang='lat'>*</span> <span class='ocrx_word' id='word_1_319' title='bbox 1418 1962 1713 2004; x_wconf 65' lang='lat' dir='ltr'><strong>testimenium</strong></span> <span class='ocrx_word' id='word_1_320' title='bbox 1726 1962 1903 2003; x_wconf 79' lang='lat' dir='ltr'><strong>Demini</strong></span> 
     </span>
     <span class='ocr_line' id='line_1_73' title="bbox 1081 2017 1901 2071; baseline 0.002 -13"><span class='ocrx_word' id='word_1_321' title='bbox 1081 2017 1228 2068; x_wconf 89' lang='lat' dir='ltr'><strong>fidele,</strong></span> <span class='ocrx_word' id='word_1_322' title='bbox 1264 2018 1520 2071; x_wconf 81' lang='lat' dir='ltr'><strong>sapientiam</strong></span> <span class='ocrx_word' id='word_1_323' title='bbox 1556 2023 1770 2071; x_wconf 80' lang='lat' dir='ltr'><strong>praestans</strong></span> <span class='ocrx_word' id='word_1_324' title='bbox 1805 2020 1901 2071; x_wconf 78' lang='lat' dir='ltr'><strong>par-</strong></span> 
     </span>
     <span class='ocr_line' id='line_1_74' title="bbox 1082 2074 1202 2115; baseline -0.008 0"><span class='ocrx_word' id='word_1_325' title='bbox 1082 2074 1202 2115; x_wconf 90' lang='lat' dir='ltr'><strong>vulis.</strong></span> 
     </span>
    </p>

    <p class='ocr_par' dir='ltr' id='par_1_29' title="bbox 1081 2130 1900 2294">
     <span class='ocr_line' id='line_1_75' title="bbox 1131 2130 1900 2180; baseline 0 -8"><span class='ocrx_word' id='word_1_326' title='bbox 1131 2131 1157 2171; x_wconf 89' lang='lat' dir='ltr'>J</span> <span class='ocrx_word' id='word_1_327' title='bbox 1158 2131 1317 2172; x_wconf 87' lang='lat' dir='ltr'><strong>ustitiae</strong></span> <span class='ocrx_word' id='word_1_328' title='bbox 1331 2131 1508 2172; x_wconf 81' lang='lat' dir='ltr'><strong>Demini</strong></span> <span class='ocrx_word' id='word_1_329' title='bbox 1521 2136 1664 2180; x_wconf 79' lang='lat' dir='ltr'><strong>rectae,</strong></span> <span class='ocrx_word' id='word_1_330' title='bbox 1682 2130 1900 2172; x_wconf 73' lang='lat' dir='ltr'><strong>laetifican-</strong></span> 
     </span>
     <span class='ocr_line' id='line_1_76' title="bbox 1081 2186 1899 2240; baseline 0 -12"><span class='ocrx_word' id='word_1_331' title='bbox 1081 2191 1147 2228; x_wconf 88' lang='lat' dir='ltr'><strong>tes</strong></span> <span class='ocrx_word' id='word_1_332' title='bbox 1184 2186 1334 2228; x_wconf 86' lang='lat' dir='ltr'><strong>corda:</strong></span> <span class='ocrx_word' id='word_1_333' title='bbox 1365 2188 1389 2213; x_wconf 91' lang='lat'>*</span> <span class='ocrx_word' id='word_1_334' title='bbox 1420 2189 1691 2240; x_wconf 90' lang='lat' dir='ltr'><strong>praeceptum</strong></span> <span class='ocrx_word' id='word_1_335' title='bbox 1725 2187 1899 2228; x_wconf 81' lang='lat' dir='ltr'><strong>Demini</strong></span> 
     </span>
     <span class='ocr_line' id='line_1_77' title="bbox 1081 2243 1730 2294; baseline 0.002 -10"><span class='ocrx_word' id='word_1_336' title='bbox 1081 2243 1286 2294; x_wconf 78' lang='lat' dir='ltr'><strong>lucidum;</strong></span> <span class='ocrx_word' id='word_1_337' title='bbox 1305 2243 1549 2285; x_wconf 81' lang='lat' dir='ltr'><strong>illuminans</strong></span> <span class='ocrx_word' id='word_1_338' title='bbox 1568 2243 1730 2285; x_wconf 73' lang='lat' dir='ltr'><strong>6culos,</strong></span> 
     </span>
    </p>

    <p class='ocr_par' dir='ltr' id='par_1_30' title="bbox 1080 2300 1901 2521">
     <span class='ocr_line' id='line_1_78' title="bbox 1132 2300 1899 2351; baseline -0.001 -11"><span class='ocrx_word' id='word_1_339' title='bbox 1132 2300 1283 2341; x_wconf 90' lang='lat' dir='ltr'><strong>Timor</strong></span> <span class='ocrx_word' id='word_1_340' title='bbox 1309 2300 1486 2341; x_wconf 79' lang='lat' dir='ltr'><strong>Demini</strong></span> <span class='ocrx_word' id='word_1_341' title='bbox 1512 2305 1701 2349; x_wconf 84' lang='lat' dir='ltr'><strong>sanctus,</strong></span> <span class='ocrx_word' id='word_1_342' title='bbox 1733 2301 1899 2351; x_wconf 90' lang='lat' dir='ltr'><strong>perma-</strong></span> 
     </span>
     <span class='ocr_line' id='line_1_79' title="bbox 1081 2354 1901 2407; baseline 0 -11"><span class='ocrx_word' id='word_1_343' title='bbox 1081 2369 1186 2398; x_wconf 90' lang='lat' dir='ltr'><strong>nens</strong></span> <span class='ocrx_word' id='word_1_344' title='bbox 1214 2356 1257 2396; x_wconf 91' lang='lat' dir='ltr'><strong>in</strong></span> <span class='ocrx_word' id='word_1_345' title='bbox 1285 2356 1490 2398; x_wconf 80' lang='lat' dir='ltr'><strong>saeculum</strong></span> <span class='ocrx_word' id='word_1_346' title='bbox 1519 2355 1680 2397; x_wconf 82' lang='lat' dir='ltr'><strong>saeculi:</strong></span> <span class='ocrx_word' id='word_1_347' title='bbox 1698 2355 1722 2381; x_wconf 90' lang='lat'>*</span> <span class='ocrx_word' id='word_1_348' title='bbox 1744 2354 1901 2407; x_wconf 90' lang='lat' dir='ltr'><strong>judicia</strong></span> 
     </span>
     <span class='ocr_line' id='line_1_80' title="bbox 1080 2412 1899 2465; baseline 0 -12"><span class='ocrx_word' id='word_1_349' title='bbox 1080 2412 1256 2453; x_wconf 79' lang='lat' dir='ltr'><strong>Demini</strong></span> <span class='ocrx_word' id='word_1_350' title='bbox 1281 2425 1399 2462; x_wconf 87' lang='lat' dir='ltr'><strong>vera,</strong></span> <span class='ocrx_word' id='word_1_351' title='bbox 1426 2412 1655 2465; x_wconf 86' lang='lat' dir='ltr'><strong>justificata</strong></span> <span class='ocrx_word' id='word_1_352' title='bbox 1678 2412 1721 2452; x_wconf 89' lang='lat' dir='ltr'><strong>in</strong></span> <span class='ocrx_word' id='word_1_353' title='bbox 1747 2416 1899 2453; x_wconf 91' lang='lat' dir='ltr'><strong>semet-</strong></span> 
     </span>
     <span class='ocr_line' id='line_1_81' title="bbox 1080 2482 1185 2521; baseline 0 -12"><span class='ocrx_word' id='word_1_354' title='bbox 1080 2482 1185 2521; x_wconf 90' lang='lat' dir='ltr'><strong>1psa.</strong></span> 
     </span>
    </p>

    <p class='ocr_par' dir='ltr' id='par_1_31' title="bbox 1080 2524 1898 2691">
     <span class='ocr_line' id='line_1_82' title="bbox 1131 2524 1898 2576; baseline -0.003 -9"><span class='ocrx_word' id='word_1_355' title='bbox 1131 2525 1446 2567; x_wconf 90' lang='lat' dir='ltr'><strong>Desiderabilia</strong></span> <span class='ocrx_word' id='word_1_356' title='bbox 1464 2536 1595 2576; x_wconf 90' lang='lat' dir='ltr'><strong>super</strong></span> <span class='ocrx_word' id='word_1_357' title='bbox 1613 2537 1764 2565; x_wconf 91' lang='lat' dir='ltr'><strong>aurum</strong></span> <span class='ocrx_word' id='word_1_358' title='bbox 1781 2529 1824 2566; x_wconf 94' lang='lat' dir='ltr'><strong>et</strong></span> <span class='ocrx_word' id='word_1_359' title='bbox 1840 2524 1898 2565; x_wconf 83' lang='lat' dir='ltr'><strong>la-</strong></span> 
     </span>
     <span class='ocr_line' id='line_1_83' title="bbox 1080 2580 1898 2635; baseline -0.002 -11"><span class='ocrx_word' id='word_1_360' title='bbox 1080 2582 1227 2635; x_wconf 92' lang='lat' dir='ltr'><strong>pidem</strong></span> <span class='ocrx_word' id='word_1_361' title='bbox 1244 2582 1483 2635; x_wconf 78' lang='lat' dir='ltr'><strong>pretiesum</strong></span> <span class='ocrx_word' id='word_1_362' title='bbox 1501 2580 1698 2622; x_wconf 90' lang='lat' dir='ltr'><strong>multum:</strong></span> <span class='ocrx_word' id='word_1_363' title='bbox 1712 2581 1735 2606; x_wconf 92' lang='lat'>*</span> <span class='ocrx_word' id='word_1_364' title='bbox 1751 2586 1794 2622; x_wconf 91' lang='lat' dir='ltr'><strong>et</strong></span> <span class='ocrx_word' id='word_1_365' title='bbox 1809 2580 1898 2622; x_wconf 86' lang='lat' dir='ltr'><strong>dul-</strong></span> 
     </span>
     <span class='ocr_line' id='line_1_84' title="bbox 1081 2637 1687 2691; baseline -0.005 -11"><span class='ocrx_word' id='word_1_366' title='bbox 1081 2639 1199 2680; x_wconf 80' lang='lat' dir='ltr'><strong>ciera</strong></span> <span class='ocrx_word' id='word_1_367' title='bbox 1218 2650 1348 2691; x_wconf 91' lang='lat' dir='ltr'><strong>super</strong></span> <span class='ocrx_word' id='word_1_368' title='bbox 1366 2637 1451 2678; x_wconf 91' lang='lat' dir='ltr'><strong>mel</strong></span> <span class='ocrx_word' id='word_1_369' title='bbox 1470 2642 1513 2678; x_wconf 90' lang='lat' dir='ltr'><strong>et</strong></span> <span class='ocrx_word' id='word_1_370' title='bbox 1531 2637 1687 2678; x_wconf 89' lang='lat' dir='ltr'><strong>favum.</strong></span> 
     </span>
    </p>

    <p class='ocr_par' dir='ltr' id='par_1_32' title="bbox 1131 2693 1896 2743">
     <span class='ocr_line' id='line_1_85' title="bbox 1131 2693 1896 2743; baseline -0.003 -7"><span class='ocrx_word' id='word_1_371' title='bbox 1131 2695 1301 2737; x_wconf 90' lang='lat' dir='ltr'><strong>Etenim</strong></span> <span class='ocrx_word' id='word_1_372' title='bbox 1324 2706 1475 2736; x_wconf 91' lang='lat' dir='ltr'><strong>servus</strong></span> <span class='ocrx_word' id='word_1_373' title='bbox 1498 2698 1598 2735; x_wconf 91' lang='lat' dir='ltr'><strong>tuus</strong></span> <span class='ocrx_word' id='word_1_374' title='bbox 1622 2693 1812 2736; x_wconf 77' lang='lat' dir='ltr'><strong>custedit</strong></span> <span class='ocrx_word' id='word_1_375' title='bbox 1835 2705 1896 2743; x_wconf 91' lang='lat' dir='ltr'><strong>ea,</strong></span> 
     </span>
    </p>
   </div>
   <div class='ocr_carea' id='block_1_13' title="bbox 150 111 1955 2796">
    <p class='ocr_par' dir='ltr' id='par_1_33' title="bbox 150 111 1955 2796">
     <span class='ocr_line' id='line_1_86' title="bbox 150 111 1955 2796; baseline 0 0"><span class='ocrx_word' id='word_1_376' title='bbox 150 111 1955 2796; x_wconf 95' lang='lat' dir='ltr'><strong> </strong></span> 
     </span>
    </p>
   </div>
  </div>
 </body>
</html>
