2040 2944
460 155 532 189 Die
560 155 611 189 19.
637 155 739 198 Sept.
787 154 844 188 Ss.
868 153 1046 187 Januarii
1070 153 1198 196 Episc.
1225 158 1261 187 et
1287 154 1371 188 Soc.
1398 154 1618 198 Martyrum.

184 255 401 306 Martyres
421 253 765 306 pronuntiasset,
791 253 932 294 Oculis
951 265 1015 293 re-

184 312 318 363 pente
352 314 524 362 captus,
562 311 716 350 orante
749 321 854 350 mox
882 309 1015 350 beato

184 367 210 407 J
211 366 408 416 anuario,
440 366 588 407 lumen
612 365 794 417 recepit:
828 378 916 417 quo
941 365 1016 406 mi-

185 423 336 464 raculo
362 422 590 464 huminum
614 421 751 462 millia
777 421 868 463 fere
894 422 1016 473 quin-

186 492 271 531 que
287 479 448 520 Christi
464 478 597 520 fidem
613 479 912 530 susceperunt.
931 478 1017 520 Ve-

185 548 282 576 rum
314 536 511 586 ingratus
543 534 675 587 judex
704 534 840 575 nihilo
872 534 1016 586 placa-

185 593 273 634 tior
296 592 440 633 factus
464 590 700 640 beneficio,
730 590 810 632 sed
837 603 1017 632 conver-

186 649 310 690 sione
336 653 472 691 tantae
499 647 791 690 multitudinis
822 652 947 688 actus
974 647 1018 687 in

185 704 368 755 rabiem3
385 705 549 746 veritus
564 704 754 745 maxime
769 703 1018 757 principum

186 761 383 811 decreta,
411 766 612 802 sanctum
636 762 895 813 episcopum
919 772 1018 801 cum

187 818 319 858 seeiis
337 816 486 868 gladio
504 817 676 869 percuti
693 817 830 869 jussit.

238 886 289 938 R.
327 881 527 923 Verbera
561 880 816 923 carnificum
849 893 937 922 non
969 881 1018 922 ti-

186 941 388 980 muerunt
407 938 548 980 sancti
566 939 660 988 Dei,
679 938 916 980 morientes
935 950 1017 990 pro

188 995 350 1037 Christi
374 995 567 1044 nemine,
588 999 611 1023 *
629 995 689 1036 Ut
714 993 918 1036 haeredes
944 994 1018 1035 fie-

187 1056 284 1093 rent
302 1052 346 1092 in
366 1050 500 1093 domo
521 1051 708 1092 Demini.
732 1047 782 1098 V.
806 1049 1017 1092 Tradide-

187 1112 288 1149 runt
319 1110 508 1160 cerpora
546 1120 626 1148 sua
657 1111 842 1160 propter
873 1107 1017 1148 Deum

187 1163 245 1205 ad
264 1163 492 1216 supplicia.
520 1163 579 1205 Ut
598 1162 810 1205 haeredes.

487 1246 639 1287 Lectio
659 1247 712 1287 vi.

186 1310 409 1416 Horum
435 1317 625 1368 corpora
649 1315 845 1356 finitimae
870 1314 1018 1364 urbes,

290 1385 374 1424 pro
406 1385 488 1414 suo
521 1384 719 1424 quaeque⁴
745 1371 894 1413 studio
928 1383 1018 1413 cer-

186 1433 280 1470 tum
321 1428 404 1470 sibi
447 1430 683 1481 patrenum
719 1441 774 1470 ex
810 1428 863 1469 iis
900 1426 1019 1480 apud

186 1485 330 1526 Deum
349 1483 602 1537 adoptandi,
623 1483 879 1537 sepelienda
898 1486 1018 1525 cura-

186 1546 298 1582 runt.
329 1541 523 1582 Januarii
549 1554 713 1594 corpus
736 1540 1019 1593 Neapolitani

188 1597 338 1638 divino
377 1597 607 1640 admonitu
639 1597 851 1639 extulere:
899 1597 1019 1648 quod

186 1653 329 1705 primo
344 1653 657 1703 Beneventum,
675 1650 778 1695 inde
797 1652 854 1694 ad
872 1666 1019 1694 mona-

187 1709 368 1750 sterium
386 1710 549 1750 montis
567 1709 771 1760 Virginis,
790 1711 1019 1761 postremo

186 1764 423 1817 Neapolim
441 1765 716 1815 translatum,
740 1770 784 1807 et
802 1765 847 1806 in
867 1765 1021 1817 majeri

187 1821 376 1862 ecclesia
395 1821 639 1871 cenditum,
665 1821 814 1863 multis
834 1821 1019 1863 miracu-

187 1877 241 1918 lis
261 1877 428 1919 claruit.
462 1877 551 1920 Sed
569 1877 679 1920 illud
696 1878 740 1918 in
759 1877 912 1930 primis
932 1890 1019 1919 me-

186 1933 460 1983 morandum,
482 1933 603 1986 quod
618 1935 900 1986 erumpentes
916 1934 1021 1975 olim

187 2002 212 2030 e
236 1994 387 2031 monte
405 1990 606 2032 Vesuvio
630 1990 906 2031 flammarum
929 1990 1019 2041 glo-

186 2045 284 2096 bos,
303 2058 385 2087 nec
404 2046 558 2087 vicinis
577 2046 728 2096 mod0,
755 2045 836 2088 sed
853 2046 1020 2098 longin-

189 2102 286 2153 quis
332 2102 466 2143 etiam
507 2102 760 2154 regienibus
802 2102 1021 2144 vastitatis

187 2164 354 2199 metum
372 2157 624 2208 afferentes,
655 2159 875 2200 exstinxit.
908 2159 1020 2200 Prae-

189 2213 357 2255 clarum
388 2214 498 2256 illud
531 2227 726 2267 quoque,
770 2214 891 2266 quod
931 2215 1021 2266 ejus

190 2270 377 2321 sanguis,
397 2270 472 2322 qui
491 2271 535 2311 in
555 2270 748 2323 ampulla
762 2273 902 2313 vitrea
921 2283 1021 2312 con-

191 2327 336 2368 cretus
355 2329 624 2376 asservatur,
652 2339 752 2368 cum
774 2326 819 2367 in
838 2328 1020 2379 conspe-

191 2386 264 2423 ctu
292 2382 451 2434 capitis
487 2382 683 2435 ejusdem
710 2382 917 2434 Martyris
943 2385 1020 2434 pe-

190 2437 321 2487 nitur,
345 2437 653 2480 admirandum
671 2439 714 2479 in
733 2437 916 2479 modum
935 2438 1021 2479 col-

190 2492 407 2544 liquefieri
434 2499 478 2536 et
506 2494 706 2545 ebullire,
741 2493 926 2546 perinde
961 2499 1022 2535 at-

193 2561 278 2599 que
301 2562 454 2591 recens
478 2550 660 2599 effusus,
690 2550 747 2592 ad
766 2549 863 2591 haec
881 2562 1022 2601 usque

193 2605 394 2656 tempora
413 2606 616 2648 cernitur.

246 2670 296 2720 R.
322 2668 578 2722 Tamquam.
599 2670 675 2722 [41]

350 2810 416 2835 Pars
431 2811 601 2836 Autumnans.

1286 253 1336 291 In
1362 253 1434 291 III.
1463 253 1686 291 Nocturno.

1080 312 1235 354 Lectio
1256 312 1398 353 sancti
1411 310 1639 362 Evangelii
1658 309 1903 352 secundum

1354 368 1624 409 Matthaeum.

1175 430 1328 471 Lectio
1350 432 1419 471 vii.
1614 432 1718 484 Cap.
1733 433 1798 472 24.

1070 485 1146 591 In
1164 489 1239 530 illo
1259 490 1475 541 tempore:
1498 488 1690 529 Sedente
1709 487 1733 528 J
1736 500 1815 528 esu
1835 499 1902 527 su-

1130 558 1210 597 per
1224 549 1420 586 montem
1434 544 1607 594 Oliveti,
1623 545 1905 585 accesserunt

1071 601 1128 643 ad
1147 615 1248 644 eum
1268 601 1474 654 discipuli
1489 602 1673 650 secreto,
1693 600 1905 642 dicentes:

1070 658 1153 699 Dic
1181 658 1309 699 nobis
1340 657 1517 709 quando
1543 657 1640 699 haec
1668 661 1806 698 erunt.
1847 657 1905 698 Et

1071 715 1250 767 reliqua.

1099 784 1292 830 Homilia
1314 785 1455 826 sancti
1474 783 1632 825 Hilarii
1652 784 1879 836 Episcopi.

1198 854 1408 887 Continent.
1428 852 1465 885 in
1483 851 1616 885 Matth.
1635 861 1716 884 can.
1733 850 1785 883 25.

1082 917 1093 963 ᾖ
1110 913 1192 963 4445<
1203 907 1375 960 {scipuli
1384 907 1623 948 Dominum
1635 906 1908 957 interrogant

1085 970 1088 988 ¹
1106 959 1175 1012 5.)
1220 964 1396 1016 quando
1415 963 1513 1004 haec
1532 963 1703 1012 fierent,
1730 961 1907 1013 quodve

1111 1044 1125 1045 ἡ
1146 1023 1149 1025 ’
1175 1025 1191 1039 ⁴³
1219 1021 1391 1071 signum
1428 1025 1471 1062 et
1508 1019 1725 1061 adventus
1763 1019 1830 1059 sui
1865 1024 1908 1060 et

1072 1077 1465 1118 consummatienis
1490 1076 1642 1117 saeculi
1660 1077 1907 1116 noscerent.

1073 1133 1129 1175 Et
1149 1133 1252 1185 quia
1276 1133 1360 1174 tria
1384 1132 1482 1174 haec
1500 1133 1544 1173 in
1564 1145 1701 1173 unum
1722 1134 1909 1184 quaesita

1074 1194 1191 1240 sunt,
1221 1189 1439 1231 distinctis
1468 1194 1512 1231 et
1536 1189 1752 1241 temporis
1777 1192 1822 1229 et
1847 1188 1907 1228 in-

1072 1246 1329 1297 telligentiae
1359 1245 1756 1297 significationibus
1785 1257 1908 1297 sepa-

1072 1304 1235 1344 rantur.
1303 1302 1619 1356 Respondetur
1655 1302 1787 1353 igitur
1824 1301 1908 1354 pri-

1073 1372 1192 1399 mum
1221 1357 1277 1400 de
1306 1359 1498 1400 civitatis
1526 1361 1704 1409 occasu,
1735 1363 1779 1400 et
1808 1371 1908 1400 con-

1073 1415 1304 1456 firmantur
1345 1416 1533 1457 veritate
1576 1415 1808 1465 doctrinae,
1854 1428 1910 1456 ne

1074 1472 1172 1523 quis
1191 1471 1324 1512 fallax
1343 1472 1648 1523 ignorantibus
1663 1476 1819 1524 posset
1834 1471 1909 1513 ob-

1073 1530 1240 1580 repere.
1274 1528 1463 1570 Venturi
1487 1529 1602 1570 enim
1627 1533 1752 1570 erant
1776 1528 1910 1570 etiam

1074 1587 1228 1625 earum
1253 1586 1471 1637 tempore,
1506 1586 1581 1637 qui
1613 1598 1661 1626 se
1687 1584 1910 1626 Christum

1075 1646 1222 1682 essent
1235 1642 1539 1694 nuncupaturi.
1566 1642 1626 1683 Ut
1645 1642 1778 1692 igitur
1797 1641 1910 1683 fides

1073 1697 1286 1749 pestifero
1323 1696 1558 1739 mendacio
1599 1697 1771 1739 detrahi
1808 1711 1910 1750 pos-

1074 1759 1151 1803 set,
1172 1753 1414 1799 admonitio
1435 1754 1675 1806 praecessit.

1126 1819 1177 1870 Ει.
1193 1815 1384 1867 Propter
1398 1817 1711 1857 testamentum
1722 1815 1911 1865 Demini,

1074 1875 1118 1912 et
1141 1870 1263 1922 leges
1288 1873 1512 1923 paternas,
1547 1871 1687 1913 sancti
1709 1872 1794 1913 Dei
1814 1885 1910 1924 per-

1073 1927 1278 1969 stiterunt
1306 1928 1349 1968 in
1377 1930 1527 1970 amore
1555 1929 1857 1970 fraternitatis:
1884 1932 1905 1954 *

1075 1984 1187 2033 Quia
1211 1997 1322 2025 unus
1347 1984 1427 2026 fuit
1451 1997 1628 2037 semper
1656 1985 1837 2037 spiritus
1867 1985 1911 2025 in

1075 2040 1157 2089 eis,
1200 2045 1243 2081 et
1272 2053 1359 2082 una
1385 2040 1508 2082 fides.
1551 2039 1601 2090 V.
1631 2041 1749 2082 Ecce
1778 2054 1910 2092 quam

1073 2096 1238 2138 bonum
1255 2101 1298 2138 et
1314 2109 1445 2148 quam
1459 2096 1696 2149 jucundum
1710 2097 1911 2139 habitare

1074 2152 1231 2194 fratres
1252 2153 1295 2193 in
1315 2167 1460 2195 unum.
1489 2154 1611 2204 Quia.

1362 2220 1514 2261 Lectio
1538 2220 1620 2260 viii.

1154 2278 1358 2319 onfirmat
1383 2278 1515 2328 igitur
1540 2291 1617 2320 eos
1642 2279 1699 2320 ad
1722 2279 1909 2322 toleran-

1170 2334 1278 2375 tiam
1301 2334 1575 2386 passionum,
1600 2335 1733 2386 fugae,
1758 2335 1910 2378 verbe-

1075 2390 1268 2439 ratienis,
1286 2390 1500 2440 interitus,
1520 2395 1565 2432 et
1582 2391 1750 2443 publici
1768 2392 1812 2432 in
1833 2405 1911 2434 eos

1076 2445 1168 2487 odii
1195 2450 1380 2498 propter
1413 2459 1573 2488 nomen
1602 2448 1704 2499 ejus.
1758 2449 1907 2500 Atque

1076 2502 1143 2543 his
1164 2501 1343 2554 quidem
1358 2503 1666 2545 vexatienibus
1681 2505 1808 2545 multi
1821 2509 1909 2545 tur-

1075 2558 1314 2607 babuntur,
1348 2564 1392 2600 et
1419 2559 1553 2601 tantis
1580 2559 1909 2611 insurgentibus

1076 2614 1202 2655 malis
1232 2614 1666 2665 scandalizabuntur,
1696 2621 1740 2658 et
1767 2627 1908 2666 usque

1075 2670 1119 2711 in
1159 2674 1360 2712 mutuum
1400 2671 1551 2714 edium
1591 2672 1909 2714 excitabuntur.

1635 2804 1700 2836 21*
