2040 2944
640 183 742 215 Infra
768 182 951 215 Octavam
976 181 1242 215 Dedicationis
1268 181 1462 215 Ecelesiae.

395 278 438 322 Q
455 289 490 319 u
508 287 539 318 a
556 289 584 318 1·
602 277 625 318 t
643 287 674 318 a
716 277 758 318 D
778 277 796 318 i
814 287 841 318 e

443 336 551 376 infra
572 336 793 376 Octavam.

259 402 299 435 In
329 402 355 435 1.
388 401 585 435 Nocturno
620 402 822 436 Lectiones
855 402 902 437 de
932 402 1029 436 Scri-

207 455 318 492 ptura
342 455 573 484 occurrente.

431 507 479 545 In
508 507 557 545 II.
585 506 806 545 Nocturna

251 566 316 604 De
343 563 553 604 Sermone
583 561 720 602 sancti
748 560 980 611 Augustini

509 618 731 671 Episcopi.

323 683 381 717 Ex
406 685 521 719 Serm.
545 685 618 718 256.
644 685 690 719 de
715 684 914 728 Tempore.

507 737 657 778 Lectio
679 737 731 777 iv.

218 803 253 839 cg.
273 800 343 838 3
360 786 544 829 ttendite
576 786 620 826 in
655 786 826 838 psalmo
861 785 1031 827 dedica-

218 840 229 877 s·
247 873 339 903 b
379 844 520 893 tionis,
542 855 671 895 quem
690 842 824 884 modo
842 842 1031 883 cantavi-

228 896 327 927 2³²¹
377 913 489 949 mus,
516 913 570 941 ex
592 902 716 940 ruina
736 898 1032 941 aedificiorum.

207 956 470 998 Conscidisti
516 969 692 998 saccum
735 969 895 997 meum:
948 955 1034 997 hoe

206 1013 397 1066 pertinet
422 1013 479 1055 ad
502 1015 681 1054 ruinam.
718 1012 832 1063 Quid
853 1024 958 1063 ergo
977 1011 1033 1053 ad

207 1068 464 1111 aedificium?
501 1070 558 1111 Et
584 1069 810 1110 accinxisti
833 1081 903 1110 me
926 1068 1032 1109 laeti-

206 1127 278 1167 tia.
324 1127 426 1168 Vox
458 1125 765 1168 dedicationis:
796 1125 856 1167 Ut
888 1130 1034 1166 cantet

207 1182 288 1224 tibi
307 1183 446 1235 gloria
464 1195 573 1232 mea,
594 1187 637 1224 et
651 1195 739 1224 non
755 1185 1033 1234 compungar.

208 1240 315 1289 Quis
341 1246 423 1289 est,
458 1240 532 1292 qui
558 1237 773 1292 loquitur?
814 1239 865 1279 In
889 1238 1033 1280 verbis

208 1297 299 1348 ejus
318 1297 553 1348 agnoscite.
593 1296 638 1337 Si
662 1298 852 1348 expono,
879 1295 1032 1336 obscu-

207 1366 304 1394 rum
337 1358 413 1395 est.
453 1354 571 1404 Ergo
599 1352 734 1394 verba
762 1353 852 1404 ejus
881 1351 1034 1402 dicam,

210 1411 415 1451 continuo
437 1409 683 1461 agnoscetis
702 1409 966 1460 loquentem,
986 1412 1034 1449 ut

209 1466 364 1508 ametis
381 1466 688 1519 alloquentem.
725 1466 831 1516 Quis
851 1470 932 1515 est,
961 1465 1034 1516 qui

209 1522 355 1565 dicere
382 1523 541 1575 potuit:
573 1522 737 1563 Eruisti
763 1522 951 1564 Domine
979 1520 1033 1562 ab

208 1579 356 1621 inferis
375 1580 563 1620 animam
582 1576 746 1620 meam?

262 1641 310 1691 R.
339 1635 577 1677 Orantibus
595 1635 639 1676 in
658 1635 768 1676 loco.
796 1633 892 1687 [118]

515 1696 667 1737 Lectio
688 1710 724 1736 v,

212 1747 379 1854 Cujus
403 1749 547 1790 anima
565 1749 649 1800 jam
667 1748 722 1789 ab
745 1747 893 1790 inferis
913 1748 1035 1788 eruta

300 1810 378 1855 est,
398 1805 480 1846 nisi
500 1804 555 1847 de
576 1817 662 1856 qua
679 1804 843 1846 dictum
863 1809 929 1846 est
948 1803 1033 1844 alio

208 1861 324 1903 loco:
378 1861 480 1903 Non
525 1861 802 1913 derelinques
847 1860 1035 1901 animam

209 1931 351 1960 meam
378 1918 422 1959 in
449 1916 639 1960 inferno?
670 1917 937 1970 Proponitur
963 1916 1034 1958 de-

209 1974 388 2025 dicatio,
414 1979 458 2017 et
477 1976 676 2017 cantatur
694 1973 913 2024 liberatio,
937 1975 1034 2015 can-

209 2032 343 2073 ticum
362 2031 650 2074 dedicationis
669 2030 841 2081 domus,
869 2035 913 2072 et.
933 2030 1034 2072 dici-

209 2094 292 2130 tur:
310 2088 528 2130 Exaltabo
548 2093 591 2130 te
610 2088 809 2138 Domine,
829 2087 1035 2139 quoniam

210 2146 443 2199 suscepisti
472 2158 558 2187 me:
596 2150 639 2187 et
670 2158 758 2186 non
792 2142 1035 2196 jucundasti

210 2202 407 2244 inimicos
438 2214 562 2244 meos
595 2214 727 2255 super
757 2213 838 2242 me.
882 2201 1034 2242 Atten-

212 2258 301 2300 dite
320 2259 344 2299 J
346 2258 497 2300 udaeos
515 2259 728 2308 inimicos,
753 2257 827 2310 qui
847 2270 894 2299 se
910 2259 1035 2318 puta-

210 2309 316 2362 bant
352 2311 566 2353 occidisse
604 2310 842 2359 Christum,
879 2311 1035 2351 vicisse

210 2371 433 2419 tamquam
490 2368 730 2416 inimicum,
789 2365 1035 2419 perdidisse

212 2425 337 2475 quasi
356 2423 575 2466 hominem
595 2424 752 2466 ceteris
773 2423 956 2464 similem
976 2427 1035 2464 at-

212 2492 297 2532 que
315 2480 555 2522 mortalem.
605 2482 650 2533 K.
678 2480 716 2522 Ο
737 2492 879 2532 quam.
899 2479 995 2531 [118]

508 2538 658 2578 Lectio
680 2539 732 2578 vi.

214 2588 512 2694 Resurrexit
530 2594 659 2635 tertia
677 2593 758 2642 die,
777 2598 820 2635 et
840 2594 930 2644 ejus
949 2605 1036 2632 vox

315 2654 396 2691 est:
414 2649 630 2691 Exaltabo
649 2654 693 2691 te
713 2649 910 2697 Domine,
932 2651 1034 2700 quo-

212 2707 326 2748 niam
338 2706 570 2758 suscepisti
580 2718 660 2747 me.
680 2705 906 2748 Attendite
917 2704 1035 2756 Apo-

1082 272 1242 314 stolum
1288 271 1519 313 dicentem:
1560 271 1749 323 Propter
1787 269 1906 322 quod

1082 342 1181 370 eum
1209 327 1428 370 exaltavit.
1464 327 1520 369 Et
1546 339 1635 368 non
1660 326 1906 379 jucundasti

1081 385 1279 426 inimicos
1297 396 1421 426 meos
1438 396 1572 436 super
1589 395 1669 425 me.
1704 383 1797 436 Ipsi
1816 383 1905 436 qui·

1083 442 1183 483 dem
1202 442 1245 482 in
1265 440 1425 482 Christi
1447 444 1589 482 morte
1615 438 1905 492 jucundaban-

1082 503 1168 548 tur,
1222 497 1302 539 sed
1346 497 1390 538 in
1440 497 1531 549 ejus
1575 496 1906 544 resurrectione,

1083 554 1352 604 ascensione,
1412 552 1727 606 praedicatione
1773 551 1907 604 aliqui

1083 610 1501 664 compungebantur.
1560 610 1611 650 In
1661 609 1751 661 ejus
1802 621 1906 660 ergo

1083 667 1409 721 praedicatione,
1431 671 1474 708 et
1491 679 1571 719 per
1590 665 1908 719 Apostolorum

1084 724 1342 766 constantiae
1389 722 1728 765 diffamationem
1776 721 1908 774 aliqui

1084 779 1502 833 compungebantur,
1530 784 1573 821 et
1597 777 1908 820 converteban-

1083 843 1168 879 tur:
1199 837 1334 890 aliqui
1358 835 1704 885 obdurabantur,
1737 839 1782 877 et
1809 847 1909 876 con·

1084 893 1393 944 fundebantur,
1420 892 1526 934 nulli
1544 897 1690 934 tamen
1707 890 1909 944 jucunda-

1085 950 1254 992 bantur.
1290 955 1340 1006 Rt·
1374 949 1503 991 Mane
1524 961 1715 1000 surgens.
1743 947 1840 1001 [118]

1298 1032 1346 1071 In
1373 1032 1443 1071 111.
1471 1031 1692 1071 Nocturno.

1086 1090 1239 1132 Lectio
1265 1087 1650 1187 sanctillfflvangelii
1672 1087 1911 1130 secandum

1448 1158 1585 1187 ucam.

1186 1215 1338 1256 Lectio
1359 1214 1427 1255 vii.
1625 1212 1727 1265 Cap.
1746 1213 1804 1253 19.

1085 1263 1161 1371 In
1189 1268 1264 1310 illo
1291 1270 1505 1320 tempore:
1531 1268 1759 1317 Ingressus
1783 1266 1808 1308 J
1811 1279 1910 1308 esus

1149 1324 1483 1377 perambulabat
1506 1324 1531 1364 J
1534 1323 1691 1365 ericho.
1726 1323 1784 1364 Et
1808 1335 1910 1365 0000

1086 1382 1152 1423 vir
1176 1381 1350 1423 nomine
1377 1379 1603 1422 Zachaeus:
1633 1384 1676 1421 et
1699 1379 1770 1421 hic
1794 1379 1909 1432 prin-

1087 1450 1191 1490 ceps
1224 1442 1318 1479 erat
1346 1436 1695 1490 publicanorum,
1736 1441 1779 1478 et
1814 1436 1910 1489 ipse

1087 1494 1220 1536 dives.
1255 1494 1313 1535 Et
1330 1493 1507 1546 reliqua.

1121 1571 1322 1615 ‘Homilia
1340 1571 1479 1613 sancti
1498 1570 1701 1622 Gregorii
1717 1570 1862 1623 Papae.

1143 1640 1224 1675 Lib.
1249 1640 1300 1674 27.
1325 1638 1538 1677 Moralium,
1565 1648 1646 1681 cap.
1670 1637 1722 1671 27.
1746 1639 1836 1681 post
1865 1642 1872 1650 ·

1410 1686 1587 1722 medium.

1188 1742 1202 1782 i
1224 1741 1440 1805 veraciter
1465 1740 1686 1808 sapientes
1711 1751 1824 1789 esse,
1852 1743 1911 1782 at·

1092 1833 1183 1883 cs
1203 1801 1912 1908 ἓΐὲὲρὲἓῗεῗξΐὲιὲἒιΐὲἒῗὲζ

1087 1911 1306 1954 humiliter
1326 1912 1652 1962 cognoscamus.
1679 1909 1911 1961 Relinqua-

1086 1982 1184 2010 mus
1203 1968 1379 2009 noxiam
1399 1967 1670 2020 sapientiam,
1694 1965 1912 2008 discamus

1087 2024 1352 2067 laudabilem
1370 2023 1624 2066 fatuitatem.
1655 2023 1770 2064 Hinc
1791 2022 1911 2076 quip-

1086 2095 1143 2135 pe
1163 2081 1375 2134 scriptum
1394 2084 1475 2122 est:
1502 2079 1643 2122 Stulta
1661 2077 1811 2120 mundi
1831 2077 1912 2120 ele-

1087 2139 1150 2190 git
1178 2138 1314 2187 DeUS,
1341 2141 1390 2179 ut
1414 2135 1654 2178 confandat
1681 2135 1912 2188 sapientes.

1087 2195 1202 2236 Hinc
1224 2207 1396 2235 rursum
1415 2193 1587 2235 dicitur:
1614 2191 1659 2233 Si
1685 2191 1781 2244 quis
1796 2190 1912 2232 vide-

1087 2257 1158 2293 tur
1183 2252 1297 2292 inter
1325 2262 1405 2291 vos
1434 2249 1607 2302 sapiens
1636 2259 1732 2290 esse
1759 2247 1803 2288 in
1828 2246 1912 2288 hoc

1089 2308 1267 2358 saeculo,
1291 2306 1451 2349 stultus
1468 2306 1559 2355 fiat,
1583 2309 1632 2346 ut
1651 2304 1708 2345 sit
1726 2304 1913 2356 sapiens.

1089 2365 1203 2406 Hinc
1239 2363 1501 2414 evangelicae
1541 2361 1734 2402 historiae
1779 2359 1913 2402 verba

1088 2423 1319 2463 testantur:
1353 2419 1454 2472 quia
1477 2417 1690 2460 Zachaeus
1724 2429 1823 2458 cum
1854 2417 1912 2458 vi-

1090 2477 1194 2519 dere
1212 2490 1305 2530 prae
1324 2475 1453 2518 turba
1471 2474 1577 2515 nihil
1596 2478 1763 2526 posset,
1791 2475 1912 2525 syco-

1089 2534 1199 2575 mori
1230 2532 1432 2575 arborem
1457 2530 1673 2580 ascendit,
1702 2535 1750 2572 ut
1777 2535 1912 2572 trans-

1090 2594 1265 2632 euntem
1282 2588 1519 2630 Dominum
1538 2589 1746 2629 cerneret.
1781 2587 1911 2639 Syco-

1089 2660 1237 2689 morus
1257 2645 1418 2698 quippe
1437 2644 1546 2685 ficus
1565 2643 1685 2686 fatua
1703 2643 1870 2686 dicitur.

1142 2702 1191 2753 R.
1217 2703 1386 2744 Domus
1404 2713 1511 2743 mea.
1539 2700 1647 2752 [120]
