<?xml version="1.0" encoding="UTF-8"?>
<!DOCTYPE html PUBLIC "-//W3C//DTD XHTML 1.0 Transitional//EN"
    "http://www.w3.org/TR/xhtml1/DTD/xhtml1-transitional.dtd">
<html xmlns="http://www.w3.org/1999/xhtml" xml:lang="en" lang="en">
 <head>
  <title>
</title>
<meta http-equiv="Content-Type" content="text/html;charset=utf-8" />
  <meta name='ocr-system' content='tesseract 3.04.00' />
  <meta name='ocr-capabilities' content='ocr_page ocr_carea ocr_par ocr_line ocrx_word'/>
</head>
<body>
  <div class='ocr_page' id='page_1' title='image "./p4breviariumroma00cathuoft_0475.png"; bbox 0 0 2040 2944; ppageno 0'>
   <div class='ocr_carea' id='block_1_1' title="bbox 543 175 1443 211">
    <p class='ocr_par' dir='ltr' id='par_1_1' title="bbox 543 175 1443 211">
     <span class='ocr_line' id='line_1_1' title="bbox 543 175 1443 211; baseline -0.003 0"><span class='ocrx_word' id='word_1_1' title='bbox 543 178 614 211; x_wconf 85' lang='lat' dir='ltr'>Dic</span> <span class='ocrx_word' id='word_1_2' title='bbox 639 178 691 210; x_wconf 80' lang='lat'>21.</span> <span class='ocrx_word' id='word_1_3' title='bbox 717 177 815 210; x_wconf 75' lang='lat' dir='ltr'>Nov.</span> <span class='ocrx_word' id='word_1_4' title='bbox 863 177 905 209; x_wconf 86' lang='lat' dir='ltr'>In</span> <span class='ocrx_word' id='word_1_5' title='bbox 930 175 1235 209; x_wconf 75' lang='lat' dir='ltr'>Praesentatione</span> <span class='ocrx_word' id='word_1_6' title='bbox 1262 176 1301 209; x_wconf 81' lang='lat' dir='ltr'>B.</span> <span class='ocrx_word' id='word_1_7' title='bbox 1331 176 1375 209; x_wconf 81' lang='lat' dir='ltr'>M.</span> <span class='ocrx_word' id='word_1_8' title='bbox 1404 176 1443 208; x_wconf 67' lang='lat' dir='ltr'>Y.</span> 
     </span>
    </p>
   </div>
   <div class='ocr_carea' id='block_1_2' title="bbox 1787 172 1853 207">
    <p class='ocr_par' dir='ltr' id='par_1_2' title="bbox 1787 172 1853 207">
     <span class='ocr_line' id='line_1_2' title="bbox 1787 172 1853 207; baseline -0.015 0"><span class='ocrx_word' id='word_1_9' title='bbox 1787 172 1853 207; x_wconf 90' lang='grc'>447</span> 
     </span>
    </p>
   </div>
   <div class='ocr_carea' id='block_1_3' title="bbox 139 231 1856 247">
    <p class='ocr_par' dir='ltr' id='par_1_3' title="bbox 139 231 1856 247">
     <span class='ocr_line' id='line_1_3' title="bbox 139 231 1856 247; baseline 0 2697"><span class='ocrx_word' id='word_1_10' title='bbox 139 231 1856 247; x_wconf 95' lang='lat' dir='ltr'> </span> 
     </span>
    </p>
   </div>
   <div class='ocr_carea' id='block_1_4' title="bbox 136 270 974 1397">
    <p class='ocr_par' dir='ltr' id='par_1_4' title="bbox 136 270 974 1397">
     <span class='ocr_line' id='line_1_4' title="bbox 138 270 970 324; baseline -0.004 -10"><span class='ocrx_word' id='word_1_11' title='bbox 138 272 320 324; x_wconf 88' lang='lat' dir='ltr'>accepit,</span> <span class='ocrx_word' id='word_1_12' title='bbox 338 275 388 312; x_wconf 91' lang='lat' dir='ltr'>ut</span> <span class='ocrx_word' id='word_1_13' title='bbox 405 283 460 313; x_wconf 93' lang='lat' dir='ltr'>ne</span> <span class='ocrx_word' id='word_1_14' title='bbox 478 270 551 312; x_wconf 91' lang='lat' dir='ltr'>hic</span> <span class='ocrx_word' id='word_1_15' title='bbox 567 282 745 322; x_wconf 89' lang='lat' dir='ltr'>quoque</span> <span class='ocrx_word' id='word_1_16' title='bbox 765 272 970 322; x_wconf 84' lang='lat' dir='ltr'>cuiquam</span> 
     </span>
     <span class='ocr_line' id='line_1_5' title="bbox 139 326 970 371; baseline -0.004 -1"><span class='ocrx_word' id='word_1_17' title='bbox 139 342 194 371; x_wconf 83' lang='lat' dir='ltr'>ex</span> <span class='ocrx_word' id='word_1_18' title='bbox 236 327 480 369; x_wconf 90' lang='lat' dir='ltr'>illustribus</span> <span class='ocrx_word' id='word_1_19' title='bbox 524 327 738 368; x_wconf 70' lang='lat' dir='ltr'>matranis</span> <span class='ocrx_word' id='word_1_20' title='bbox 781 326 970 368; x_wconf 88' lang='lat' dir='ltr'>cederet.</span> 
     </span>
     <span class='ocr_line' id='line_1_6' title="bbox 136 383 969 438; baseline -0.005 -11"><span class='ocrx_word' id='word_1_21' title='bbox 136 386 293 438; x_wconf 92' lang='lat' dir='ltr'>Itaque</span> <span class='ocrx_word' id='word_1_22' title='bbox 319 384 460 436; x_wconf 88' lang='lat' dir='ltr'>gratia</span> <span class='ocrx_word' id='word_1_23' title='bbox 485 384 602 435; x_wconf 87' lang='lat' dir='ltr'>(nam</span> <span class='ocrx_word' id='word_1_24' title='bbox 624 383 709 424; x_wconf 90' lang='lat' dir='ltr'>hoc</span> <span class='ocrx_word' id='word_1_25' title='bbox 735 387 864 424; x_wconf 88' lang='lat' dir='ltr'>sonat</span> <span class='ocrx_word' id='word_1_26' title='bbox 882 383 969 424; x_wconf 92' lang='lat' dir='ltr'>An-</span> 
     </span>
     <span class='ocr_line' id='line_1_7' title="bbox 138 438 970 491; baseline -0.005 -8"><span class='ocrx_word' id='word_1_27' title='bbox 138 455 208 483; x_wconf 86' lang='lat' dir='ltr'>nae</span> <span class='ocrx_word' id='word_1_28' title='bbox 222 440 504 491; x_wconf 90' lang='lat' dir='ltr'>vocabulum)</span> <span class='ocrx_word' id='word_1_29' title='bbox 521 439 758 481; x_wconf 84' lang='lat' dir='ltr'>Dominam</span> <span class='ocrx_word' id='word_1_30' title='bbox 776 439 892 491; x_wconf 90' lang='lat' dir='ltr'>parit</span> <span class='ocrx_word' id='word_1_31' title='bbox 911 438 970 490; x_wconf 92' lang='lat' dir='ltr'>(id</span> 
     </span>
     <span class='ocr_line' id='line_1_8' title="bbox 139 494 970 546; baseline -0.005 -7"><span class='ocrx_word' id='word_1_32' title='bbox 139 498 254 540; x_wconf 88' lang='lat' dir='ltr'>enim</span> <span class='ocrx_word' id='word_1_33' title='bbox 281 498 434 539; x_wconf 86' lang='lat' dir='ltr'>Mariae</span> <span class='ocrx_word' id='word_1_34' title='bbox 460 496 638 539; x_wconf 83' lang='lat' dir='ltr'>nomine</span> <span class='ocrx_word' id='word_1_35' title='bbox 668 494 970 546; x_wconf 86' lang='lat' dir='ltr'>significatur):</span> 
     </span>
     <span class='ocr_line' id='line_1_9' title="bbox 138 551 969 596; baseline -0.005 0"><span class='ocrx_word' id='word_1_36' title='bbox 138 567 242 596; x_wconf 88' lang='lat' dir='ltr'>vere</span> <span class='ocrx_word' id='word_1_37' title='bbox 263 554 424 595; x_wconf 91' lang='lat' dir='ltr'>etenim</span> <span class='ocrx_word' id='word_1_38' title='bbox 443 566 591 595; x_wconf 91' lang='lat' dir='ltr'>rerum</span> <span class='ocrx_word' id='word_1_39' title='bbox 610 551 804 593; x_wconf 82' lang='lat' dir='ltr'>omnium</span> <span class='ocrx_word' id='word_1_40' title='bbox 823 551 969 593; x_wconf 89' lang='lat' dir='ltr'>condi-</span> 
     </span>
     <span class='ocr_line' id='line_1_10' title="bbox 138 607 970 658; baseline -0.004 -6"><span class='ocrx_word' id='word_1_41' title='bbox 138 613 282 653; x_wconf 89' lang='lat' dir='ltr'>tarum</span> <span class='ocrx_word' id='word_1_42' title='bbox 297 611 487 652; x_wconf 83' lang='lat' dir='ltr'>Domina</span> <span class='ocrx_word' id='word_1_43' title='bbox 500 610 618 651; x_wconf 89' lang='lat' dir='ltr'>facta</span> <span class='ocrx_word' id='word_1_44' title='bbox 633 613 711 658; x_wconf 89' lang='lat' dir='ltr'>est,</span> <span class='ocrx_word' id='word_1_45' title='bbox 729 621 829 650; x_wconf 92' lang='lat' dir='ltr'>cum</span> <span class='ocrx_word' id='word_1_46' title='bbox 843 607 970 650; x_wconf 89' lang='lat' dir='ltr'>Crea-</span> 
     </span>
     <span class='ocr_line' id='line_1_11' title="bbox 137 664 970 710; baseline -0.005 -1"><span class='ocrx_word' id='word_1_47' title='bbox 137 667 248 710; x_wconf 83' lang='lat' dir='ltr'>toris</span> <span class='ocrx_word' id='word_1_48' title='bbox 268 667 410 709; x_wconf 87' lang='lat' dir='ltr'><strong>Mater</strong></span> <span class='ocrx_word' id='word_1_49' title='bbox 437 665 612 708; x_wconf 85' lang='lat' dir='ltr'>exstitit.</span> <span class='ocrx_word' id='word_1_50' title='bbox 655 665 708 706; x_wconf 93' lang='lat' dir='ltr'>In</span> <span class='ocrx_word' id='word_1_51' title='bbox 731 664 876 706; x_wconf 93' lang='lat' dir='ltr'>lucem</span> <span class='ocrx_word' id='word_1_52' title='bbox 899 678 970 706; x_wconf 88' lang='lat' dir='ltr'>au-</span> 
     </span>
     <span class='ocr_line' id='line_1_12' title="bbox 139 720 972 774; baseline -0.006 -8"><span class='ocrx_word' id='word_1_53' title='bbox 139 729 230 766; x_wconf 88' lang='lat' dir='ltr'>tem</span> <span class='ocrx_word' id='word_1_54' title='bbox 274 723 418 766; x_wconf 90' lang='lat' dir='ltr'>editur</span> <span class='ocrx_word' id='word_1_55' title='bbox 463 723 507 764; x_wconf 91' lang='lat' dir='ltr'>in</span> <span class='ocrx_word' id='word_1_56' title='bbox 552 721 684 764; x_wconf 91' lang='lat' dir='ltr'>domo</span> <span class='ocrx_word' id='word_1_57' title='bbox 726 720 972 774; x_wconf 85' lang='lat' dir='ltr'>probaticae</span> 
     </span>
     <span class='ocr_line' id='line_1_13' title="bbox 140 776 971 832; baseline -0.005 -11"><span class='ocrx_word' id='word_1_58' title='bbox 140 781 165 821; x_wconf 89' lang='lat' dir='ltr'><strong>J</strong></span> <span class='ocrx_word' id='word_1_59' title='bbox 169 779 356 830; x_wconf 83' lang='lat' dir='ltr'>oachim,</span> <span class='ocrx_word' id='word_1_60' title='bbox 375 784 508 832; x_wconf 90' lang='lat' dir='ltr'>atque</span> <span class='ocrx_word' id='word_1_61' title='bbox 527 778 585 820; x_wconf 93' lang='lat' dir='ltr'>ad</span> <span class='ocrx_word' id='word_1_62' title='bbox 603 777 818 830; x_wconf 90' lang='lat' dir='ltr'>templum</span> <span class='ocrx_word' id='word_1_63' title='bbox 836 776 971 818; x_wconf 91' lang='lat' dir='ltr'>addu-</span> 
     </span>
     <span class='ocr_line' id='line_1_14' title="bbox 142 834 972 887; baseline -0.005 -9"><span class='ocrx_word' id='word_1_64' title='bbox 142 837 269 878; x_wconf 87' lang='lat' dir='ltr'>citur:</span> <span class='ocrx_word' id='word_1_65' title='bbox 288 849 340 878; x_wconf 90' lang='lat' dir='ltr'>ac</span> <span class='ocrx_word' id='word_1_66' title='bbox 359 835 519 878; x_wconf 91' lang='lat' dir='ltr'>deinde</span> <span class='ocrx_word' id='word_1_67' title='bbox 537 836 582 876; x_wconf 93' lang='lat' dir='ltr'>in</span> <span class='ocrx_word' id='word_1_68' title='bbox 602 834 736 877; x_wconf 91' lang='lat' dir='ltr'>domo</span> <span class='ocrx_word' id='word_1_69' title='bbox 752 834 837 875; x_wconf 92' lang='lat' dir='ltr'>Dei</span> <span class='ocrx_word' id='word_1_70' title='bbox 853 834 972 887; x_wconf 89' lang='lat' dir='ltr'>plan-</span> 
     </span>
     <span class='ocr_line' id='line_1_15' title="bbox 139 891 973 946; baseline -0.006 -10"><span class='ocrx_word' id='word_1_71' title='bbox 139 896 248 944; x_wconf 86' lang='lat' dir='ltr'>tata,</span> <span class='ocrx_word' id='word_1_72' title='bbox 277 898 409 946; x_wconf 90' lang='lat' dir='ltr'>atque</span> <span class='ocrx_word' id='word_1_73' title='bbox 433 905 514 946; x_wconf 89' lang='lat' dir='ltr'>per</span> <span class='ocrx_word' id='word_1_74' title='bbox 533 892 743 945; x_wconf 91' lang='lat' dir='ltr'>Spiritum</span> <span class='ocrx_word' id='word_1_75' title='bbox 763 891 973 941; x_wconf 85' lang='lat' dir='ltr'>saginata,</span> 
     </span>
     <span class='ocr_line' id='line_1_16' title="bbox 140 948 974 1000; baseline -0.005 -8"><span class='ocrx_word' id='word_1_76' title='bbox 140 951 278 992; x_wconf 90' lang='lat' dir='ltr'>instar</span> <span class='ocrx_word' id='word_1_77' title='bbox 323 949 453 992; x_wconf 88' lang='lat' dir='ltr'>olivae</span> <span class='ocrx_word' id='word_1_78' title='bbox 498 948 718 1000; x_wconf 84' lang='lat' dir='ltr'>frugiferae</span> <span class='ocrx_word' id='word_1_79' title='bbox 764 948 974 989; x_wconf 88' lang='lat' dir='ltr'>virtutum</span> 
     </span>
     <span class='ocr_line' id='line_1_17' title="bbox 143 1004 974 1048; baseline -0.005 0"><span class='ocrx_word' id='word_1_80' title='bbox 143 1007 337 1048; x_wconf 84' lang='lat' dir='ltr'>omnium</span> <span class='ocrx_word' id='word_1_81' title='bbox 372 1005 642 1048; x_wconf 83' lang='lat' dir='ltr'>domicilium</span> <span class='ocrx_word' id='word_1_82' title='bbox 678 1004 881 1046; x_wconf 86' lang='lat' dir='ltr'>efficitur:</span> <span class='ocrx_word' id='word_1_83' title='bbox 926 1009 974 1045; x_wconf 94' lang='lat' dir='ltr'>ut</span> 
     </span>
     <span class='ocr_line' id='line_1_18' title="bbox 144 1061 973 1116; baseline -0.004 -12"><span class='ocrx_word' id='word_1_84' title='bbox 144 1076 242 1116; x_wconf 89' lang='lat' dir='ltr'>quae</span> <span class='ocrx_word' id='word_1_85' title='bbox 262 1062 468 1106; x_wconf 89' lang='lat' dir='ltr'>videlicet</span> <span class='ocrx_word' id='word_1_86' title='bbox 490 1062 546 1104; x_wconf 90' lang='lat' dir='ltr'>ab</span> <span class='ocrx_word' id='word_1_87' title='bbox 571 1062 692 1103; x_wconf 92' lang='lat' dir='ltr'>omni</span> <span class='ocrx_word' id='word_1_88' title='bbox 713 1061 894 1113; x_wconf 86' lang='lat' dir='ltr'>hujusce</span> <span class='ocrx_word' id='word_1_89' title='bbox 914 1061 973 1101; x_wconf 91' lang='lat' dir='ltr'>vi-</span> 
     </span>
     <span class='ocr_line' id='line_1_19' title="bbox 138 1118 974 1171; baseline -0.006 -9"><span class='ocrx_word' id='word_1_90' title='bbox 138 1125 197 1162; x_wconf 87' lang='lat' dir='ltr'>tae</span> <span class='ocrx_word' id='word_1_91' title='bbox 227 1124 270 1162; x_wconf 88' lang='lat' dir='ltr'>et</span> <span class='ocrx_word' id='word_1_92' title='bbox 299 1120 442 1161; x_wconf 87' lang='lat' dir='ltr'>carnis</span> <span class='ocrx_word' id='word_1_93' title='bbox 471 1118 832 1171; x_wconf 89' lang='lat' dir='ltr'>concupiscentia</span> <span class='ocrx_word' id='word_1_94' title='bbox 857 1129 974 1158; x_wconf 92' lang='lat' dir='ltr'>men-</span> 
     </span>
     <span class='ocr_line' id='line_1_20' title="bbox 138 1174 973 1227; baseline -0.006 -8"><span class='ocrx_word' id='word_1_95' title='bbox 138 1182 230 1219; x_wconf 86' lang='lat' dir='ltr'>tem</span> <span class='ocrx_word' id='word_1_96' title='bbox 255 1176 561 1226; x_wconf 82' lang='lat' dir='ltr'>abstraxisset,</span> <span class='ocrx_word' id='word_1_97' title='bbox 594 1180 727 1227; x_wconf 89' lang='lat' dir='ltr'>atque</span> <span class='ocrx_word' id='word_1_98' title='bbox 756 1175 818 1215; x_wconf 92' lang='lat' dir='ltr'>ita</span> <span class='ocrx_word' id='word_1_99' title='bbox 846 1174 973 1225; x_wconf 85' lang='lat' dir='ltr'>virgi-</span> 
     </span>
     <span class='ocr_line' id='line_1_21' title="bbox 138 1231 971 1285; baseline -0.005 -10"><span class='ocrx_word' id='word_1_100' title='bbox 138 1247 240 1276; x_wconf 85' lang='lat' dir='ltr'>nem</span> <span class='ocrx_word' id='word_1_101' title='bbox 283 1246 370 1275; x_wconf 91' lang='lat' dir='ltr'>una</span> <span class='ocrx_word' id='word_1_102' title='bbox 415 1246 515 1274; x_wconf 92' lang='lat' dir='ltr'>cum</span> <span class='ocrx_word' id='word_1_103' title='bbox 555 1234 744 1285; x_wconf 82' lang='lat' dir='ltr'>corpore</span> <span class='ocrx_word' id='word_1_104' title='bbox 783 1231 971 1272; x_wconf 90' lang='lat' dir='ltr'>animam</span> 
     </span>
     <span class='ocr_line' id='line_1_22' title="bbox 140 1287 972 1340; baseline -0.005 -9"><span class='ocrx_word' id='word_1_105' title='bbox 140 1291 460 1340; x_wconf 63' lang='lat' dir='ltr'>conservasset,</span> <span class='ocrx_word' id='word_1_106' title='bbox 479 1294 528 1330; x_wconf 94' lang='lat' dir='ltr'>ut</span> <span class='ocrx_word' id='word_1_107' title='bbox 543 1301 640 1330; x_wconf 89' lang='lat' dir='ltr'>eam</span> <span class='ocrx_word' id='word_1_108' title='bbox 655 1287 852 1337; x_wconf 77' lang='lat' dir='ltr'>decebat,</span> <span class='ocrx_word' id='word_1_109' title='bbox 874 1299 972 1339; x_wconf 88' lang='lat' dir='ltr'>quae</span> 
     </span>
     <span class='ocr_line' id='line_1_23' title="bbox 140 1346 888 1397; baseline -0.005 -9"><span class='ocrx_word' id='word_1_110' title='bbox 140 1347 284 1388; x_wconf 89' lang='lat' dir='ltr'>Deum</span> <span class='ocrx_word' id='word_1_111' title='bbox 306 1346 403 1387; x_wconf 90' lang='lat' dir='ltr'>sinu</span> <span class='ocrx_word' id='word_1_112' title='bbox 422 1358 503 1387; x_wconf 90' lang='lat' dir='ltr'>suo</span> <span class='ocrx_word' id='word_1_113' title='bbox 524 1348 762 1397; x_wconf 82' lang='lat' dir='ltr'>exceptura</span> <span class='ocrx_word' id='word_1_114' title='bbox 783 1348 888 1386; x_wconf 89' lang='lat' dir='ltr'>erat.</span> 
     </span>
    </p>
   </div>
   <div class='ocr_carea' id='block_1_5' title="bbox 99 1405 975 1732">
    <p class='ocr_par' dir='ltr' id='par_1_5' title="bbox 99 1405 975 1732">
     <span class='ocr_line' id='line_1_24' title="bbox 191 1405 975 1462; baseline -0.006 -12"><span class='ocrx_word' id='word_1_115' title='bbox 191 1412 242 1462; x_wconf 73' lang='lat' dir='ltr'>Rt·</span> <span class='ocrx_word' id='word_1_116' title='bbox 271 1408 392 1449; x_wconf 88' lang='lat' dir='ltr'>Sicut</span> <span class='ocrx_word' id='word_1_117' title='bbox 415 1406 574 1449; x_wconf 88' lang='lat' dir='ltr'>cedrus</span> <span class='ocrx_word' id='word_1_118' title='bbox 600 1406 794 1448; x_wconf 85' lang='lat' dir='ltr'>exaltata</span> <span class='ocrx_word' id='word_1_119' title='bbox 813 1418 910 1446; x_wconf 91' lang='lat' dir='ltr'>sum</span> <span class='ocrx_word' id='word_1_120' title='bbox 930 1405 975 1446; x_wconf 89' lang='lat' dir='ltr'>in</span> 
     </span>
     <span class='ocr_line' id='line_1_25' title="bbox 140 1462 973 1516; baseline -0.006 -9"><span class='ocrx_word' id='word_1_121' title='bbox 140 1464 322 1515; x_wconf 92' lang='lat' dir='ltr'>Libano,</span> <span class='ocrx_word' id='word_1_122' title='bbox 343 1469 387 1506; x_wconf 91' lang='lat' dir='ltr'>et</span> <span class='ocrx_word' id='word_1_123' title='bbox 405 1464 518 1505; x_wconf 92' lang='lat' dir='ltr'>sicut</span> <span class='ocrx_word' id='word_1_124' title='bbox 536 1464 770 1516; x_wconf 80' lang='lat' dir='ltr'>cypressus</span> <span class='ocrx_word' id='word_1_125' title='bbox 789 1462 834 1503; x_wconf 92' lang='lat' dir='ltr'>in</span> <span class='ocrx_word' id='word_1_126' title='bbox 852 1474 973 1502; x_wconf 93' lang='lat' dir='ltr'>mon-</span> 
     </span>
     <span class='ocr_line' id='line_1_26' title="bbox 141 1517 975 1573; baseline -0.005 -10"><span class='ocrx_word' id='word_1_127' title='bbox 141 1526 186 1563; x_wconf 89' lang='lat' dir='ltr'>te</span> <span class='ocrx_word' id='word_1_128' title='bbox 196 1521 316 1563; x_wconf 87' lang='lat' dir='ltr'>Sion:</span> <span class='ocrx_word' id='word_1_129' title='bbox 331 1520 457 1573; x_wconf 89' lang='lat' dir='ltr'>quasi</span> <span class='ocrx_word' id='word_1_130' title='bbox 470 1519 648 1573; x_wconf 91' lang='lat' dir='ltr'>myrrha</span> <span class='ocrx_word' id='word_1_131' title='bbox 663 1519 814 1568; x_wconf 91' lang='lat' dir='ltr'>electa,</span> <span class='ocrx_word' id='word_1_132' title='bbox 823 1521 845 1546; x_wconf 91' lang='lat'>*</span> <span class='ocrx_word' id='word_1_133' title='bbox 858 1517 975 1559; x_wconf 89' lang='lat' dir='ltr'>Dedi</span> 
     </span>
     <span class='ocr_line' id='line_1_27' title="bbox 143 1573 973 1625; baseline -0.006 -6"><span class='ocrx_word' id='word_1_134' title='bbox 143 1578 406 1619; x_wconf 88' lang='lat' dir='ltr'>suavitatem</span> <span class='ocrx_word' id='word_1_135' title='bbox 424 1575 586 1618; x_wconf 75' lang='lat' dir='ltr'>oderis,</span> <span class='ocrx_word' id='word_1_136' title='bbox 612 1573 664 1625; x_wconf 64' lang='lat' dir='ltr'>V.</span> <span class='ocrx_word' id='word_1_137' title='bbox 684 1575 742 1617; x_wconf 93' lang='lat' dir='ltr'>Et</span> <span class='ocrx_word' id='word_1_138' title='bbox 757 1575 870 1616; x_wconf 91' lang='lat' dir='ltr'>sicut</span> <span class='ocrx_word' id='word_1_139' title='bbox 887 1574 973 1615; x_wconf 93' lang='lat' dir='ltr'>cin-</span> 
     </span>
     <span class='ocr_line' id='line_1_28' title="bbox 142 1631 974 1675; baseline -0.005 0"><span class='ocrx_word' id='word_1_140' title='bbox 142 1636 395 1675; x_wconf 72' lang='lat' dir='ltr'>namumum</span> <span class='ocrx_word' id='word_1_141' title='bbox 422 1637 466 1674; x_wconf 89' lang='lat' dir='ltr'>et</span> <span class='ocrx_word' id='word_1_142' title='bbox 497 1631 744 1675; x_wconf 78' lang='lat' dir='ltr'>balsamum</span> <span class='ocrx_word' id='word_1_143' title='bbox 772 1632 974 1672; x_wconf 89' lang='lat' dir='ltr'>aromati-</span> 
     </span>
     <span class='ocr_line' id='line_1_29' title="bbox 99 1689 414 1732; baseline -0.003 0"><span class='ocrx_word' id='word_1_144' title='bbox 99 1700 102 1702; x_wconf 71' lang='lat'>·</span> <span class='ocrx_word' id='word_1_145' title='bbox 143 1703 260 1732; x_wconf 88' lang='lat' dir='ltr'>zans.</span> <span class='ocrx_word' id='word_1_146' title='bbox 287 1689 414 1732; x_wconf 91' lang='lat' dir='ltr'>Dedi.</span> 
     </span>
    </p>
   </div>
   <div class='ocr_carea' id='block_1_6' title="bbox 142 1775 977 2749">
    <p class='ocr_par' dir='ltr' id='par_1_6' title="bbox 142 1775 975 2004">
     <span class='ocr_line' id='line_1_30' title="bbox 142 1775 975 1828; baseline -0.006 -8"><span class='ocrx_word' id='word_1_147' title='bbox 142 1780 210 1820; x_wconf 84' lang='lat' dir='ltr'>Ex</span> <span class='ocrx_word' id='word_1_148' title='bbox 229 1777 343 1820; x_wconf 91' lang='lat' dir='ltr'>libro</span> <span class='ocrx_word' id='word_1_149' title='bbox 363 1777 503 1819; x_wconf 89' lang='lat' dir='ltr'>sancti</span> <span class='ocrx_word' id='word_1_150' title='bbox 520 1775 746 1818; x_wconf 81' lang='lat' dir='ltr'>Ambrosii</span> <span class='ocrx_word' id='word_1_151' title='bbox 762 1775 975 1828; x_wconf 86' lang='lat' dir='ltr'>Episcopi</span> 
     </span>
     <span class='ocr_line' id='line_1_31' title="bbox 391 1832 732 1885; baseline -0.009 -9"><span class='ocrx_word' id='word_1_152' title='bbox 391 1833 447 1876; x_wconf 91' lang='lat' dir='ltr'>de</span> <span class='ocrx_word' id='word_1_153' title='bbox 466 1832 732 1885; x_wconf 88' lang='lat' dir='ltr'>Virginibus.</span> 
     </span>
     <span class='ocr_line' id='line_1_32' title="bbox 350 1901 765 1945; baseline -0.002 -9"><span class='ocrx_word' id='word_1_154' title='bbox 350 1902 432 1936; x_wconf 86' lang='lat' dir='ltr'>Lib.</span> <span class='ocrx_word' id='word_1_155' title='bbox 449 1902 479 1935; x_wconf 81' lang='lat'>2.</span> <span class='ocrx_word' id='word_1_156' title='bbox 498 1907 587 1945; x_wconf 87' lang='lat' dir='ltr'>post</span> <span class='ocrx_word' id='word_1_157' title='bbox 604 1901 765 1935; x_wconf 88' lang='lat' dir='ltr'>initium.</span> 
     </span>
     <span class='ocr_line' id='line_1_33' title="bbox 454 1963 664 2004; baseline -0.01 0"><span class='ocrx_word' id='word_1_158' title='bbox 454 1963 606 2004; x_wconf 90' lang='lat' dir='ltr'>Lectio</span> <span class='ocrx_word' id='word_1_159' title='bbox 630 1977 664 2002; x_wconf 80' lang='lat' dir='ltr'>v,</span> 
     </span>
    </p>

    <p class='ocr_par' dir='ltr' id='par_1_7' title="bbox 222 2018 975 2070">
     <span class='ocr_line' id='line_1_34' title="bbox 222 2018 975 2070; baseline -0.003 -9"><span class='ocrx_word' id='word_1_160' title='bbox 222 2019 302 2062; x_wconf 90' lang='lat' dir='ltr'>alis</span> <span class='ocrx_word' id='word_1_161' title='bbox 339 2019 420 2061; x_wconf 88' lang='lat' dir='ltr'>fuit</span> <span class='ocrx_word' id='word_1_162' title='bbox 450 2018 605 2068; x_wconf 89' lang='lat' dir='ltr'>Maria,</span> <span class='ocrx_word' id='word_1_163' title='bbox 642 2023 691 2060; x_wconf 94' lang='lat' dir='ltr'>ut</span> <span class='ocrx_word' id='word_1_164' title='bbox 724 2019 814 2070; x_wconf 89' lang='lat' dir='ltr'>ejus</span> <span class='ocrx_word' id='word_1_165' title='bbox 845 2021 975 2060; x_wconf 88' lang='lat' dir='ltr'>unius</span> 
     </span>
    </p>

    <p class='ocr_par' dir='ltr' id='par_1_8' title="bbox 142 2075 977 2749">
     <span class='ocr_line' id='line_1_35' title="bbox 234 2075 976 2127; baseline -0.004 -8"><span class='ocrx_word' id='word_1_166' title='bbox 234 2077 324 2119; x_wconf 90' lang='lat' dir='ltr'>vita</span> <span class='ocrx_word' id='word_1_167' title='bbox 352 2075 547 2118; x_wconf 81' lang='lat' dir='ltr'>omnium</span> <span class='ocrx_word' id='word_1_168' title='bbox 572 2075 629 2117; x_wconf 92' lang='lat' dir='ltr'>sit</span> <span class='ocrx_word' id='word_1_169' title='bbox 653 2075 898 2127; x_wconf 87' lang='lat' dir='ltr'>disciplina.</span> <span class='ocrx_word' id='word_1_170' title='bbox 931 2075 976 2116; x_wconf 90' lang='lat' dir='ltr'>Si</span> 
     </span>
     <span class='ocr_line' id='line_1_36' title="bbox 142 2131 973 2185; baseline -0.004 -10"><span class='ocrx_word' id='word_1_171' title='bbox 142 2134 274 2185; x_wconf 87' lang='lat' dir='ltr'>igitur</span> <span class='ocrx_word' id='word_1_172' title='bbox 306 2138 461 2175; x_wconf 90' lang='lat' dir='ltr'>auctor</span> <span class='ocrx_word' id='word_1_173' title='bbox 491 2144 580 2173; x_wconf 90' lang='lat' dir='ltr'>non</span> <span class='ocrx_word' id='word_1_174' title='bbox 609 2131 828 2184; x_wconf 89' lang='lat' dir='ltr'>displicet,</span> <span class='ocrx_word' id='word_1_175' title='bbox 861 2144 973 2184; x_wconf 91' lang='lat' dir='ltr'>opus</span> 
     </span>
     <span class='ocr_line' id='line_1_37' title="bbox 142 2188 976 2242; baseline -0.005 -10"><span class='ocrx_word' id='word_1_176' title='bbox 142 2189 397 2242; x_wconf 89' lang='lat' dir='ltr'>probemus:</span> <span class='ocrx_word' id='word_1_177' title='bbox 414 2193 463 2230; x_wconf 91' lang='lat' dir='ltr'>ut</span> <span class='ocrx_word' id='word_1_178' title='bbox 479 2191 769 2241; x_wconf 80' lang='lat' dir='ltr'>quaecumque</span> <span class='ocrx_word' id='word_1_179' title='bbox 785 2188 870 2229; x_wconf 91' lang='lat' dir='ltr'>sibi</span> <span class='ocrx_word' id='word_1_180' title='bbox 884 2188 976 2239; x_wconf 90' lang='lat' dir='ltr'>ejus</span> 
     </span>
     <span class='ocr_line' id='line_1_38' title="bbox 145 2244 974 2299; baseline -0.004 -11"><span class='ocrx_word' id='word_1_181' title='bbox 145 2248 329 2299; x_wconf 80' lang='lat' dir='ltr'>exoptat</span> <span class='ocrx_word' id='word_1_182' title='bbox 347 2245 595 2298; x_wconf 82' lang='lat' dir='ltr'>praemium,</span> <span class='ocrx_word' id='word_1_183' title='bbox 619 2244 812 2286; x_wconf 78' lang='lat' dir='ltr'>imitetur</span> <span class='ocrx_word' id='word_1_184' title='bbox 832 2246 974 2286; x_wconf 85' lang='lat' dir='ltr'>exem-</span> 
     </span>
     <span class='ocr_line' id='line_1_39' title="bbox 143 2301 975 2355; baseline -0.001 -12"><span class='ocrx_word' id='word_1_185' title='bbox 143 2303 276 2355; x_wconf 91' lang='lat' dir='ltr'>plum.</span> <span class='ocrx_word' id='word_1_186' title='bbox 312 2303 498 2352; x_wconf 83' lang='lat' dir='ltr'>Quantae</span> <span class='ocrx_word' id='word_1_187' title='bbox 522 2301 565 2342; x_wconf 94' lang='lat' dir='ltr'>in</span> <span class='ocrx_word' id='word_1_188' title='bbox 589 2313 676 2342; x_wconf 89' lang='lat' dir='ltr'>una</span> <span class='ocrx_word' id='word_1_189' title='bbox 693 2302 860 2352; x_wconf 90' lang='lat' dir='ltr'>virgine</span> <span class='ocrx_word' id='word_1_190' title='bbox 879 2303 975 2354; x_wconf 90' lang='lat' dir='ltr'>spe-</span> 
     </span>
     <span class='ocr_line' id='line_1_40' title="bbox 145 2356 976 2401; baseline -0.004 0"><span class='ocrx_word' id='word_1_191' title='bbox 145 2359 234 2401; x_wconf 87' lang='lat' dir='ltr'>cies</span> <span class='ocrx_word' id='word_1_192' title='bbox 265 2359 478 2401; x_wconf 88' lang='lat' dir='ltr'>virtutum</span> <span class='ocrx_word' id='word_1_193' title='bbox 510 2356 713 2399; x_wconf 86' lang='lat' dir='ltr'>emicant!</span> <span class='ocrx_word' id='word_1_194' title='bbox 750 2358 976 2399; x_wconf 90' lang='lat' dir='ltr'>Secretum</span> 
     </span>
     <span class='ocr_line' id='line_1_41' title="bbox 145 2412 974 2466; baseline -0.004 -9"><span class='ocrx_word' id='word_1_195' title='bbox 145 2415 439 2466; x_wconf 82' lang='lat' dir='ltr'>verecundiae,</span> <span class='ocrx_word' id='word_1_196' title='bbox 467 2414 675 2456; x_wconf 85' lang='lat' dir='ltr'>vexillum</span> <span class='ocrx_word' id='word_1_197' title='bbox 694 2412 814 2463; x_wconf 90' lang='lat' dir='ltr'>fidei,</span> <span class='ocrx_word' id='word_1_198' title='bbox 844 2413 974 2455; x_wconf 91' lang='lat' dir='ltr'>devo-</span> 
     </span>
     <span class='ocr_line' id='line_1_42' title="bbox 144 2470 973 2524; baseline -0.002 -11"><span class='ocrx_word' id='word_1_199' title='bbox 144 2472 276 2513; x_wconf 81' lang='lat' dir='ltr'>tionis</span> <span class='ocrx_word' id='word_1_200' title='bbox 302 2471 580 2524; x_wconf 92' lang='lat' dir='ltr'>obsequium:</span> <span class='ocrx_word' id='word_1_201' title='bbox 607 2471 733 2521; x_wconf 86' lang='lat' dir='ltr'>virgo</span> <span class='ocrx_word' id='word_1_202' title='bbox 757 2470 872 2512; x_wconf 90' lang='lat' dir='ltr'>intra</span> <span class='ocrx_word' id='word_1_203' title='bbox 898 2470 973 2511; x_wconf 93' lang='lat' dir='ltr'>do-</span> 
     </span>
     <span class='ocr_line' id='line_1_43' title="bbox 145 2527 974 2578; baseline -0.001 -10"><span class='ocrx_word' id='word_1_204' title='bbox 145 2541 282 2578; x_wconf 87' lang='lat' dir='ltr'>mum,</span> <span class='ocrx_word' id='word_1_205' title='bbox 308 2540 457 2570; x_wconf 89' lang='lat' dir='ltr'>comes</span> <span class='ocrx_word' id='word_1_206' title='bbox 482 2527 539 2569; x_wconf 93' lang='lat' dir='ltr'>ad</span> <span class='ocrx_word' id='word_1_207' title='bbox 561 2527 863 2576; x_wconf 90' lang='lat' dir='ltr'>ministerium,</span> <span class='ocrx_word' id='word_1_208' title='bbox 887 2539 974 2568; x_wconf 91' lang='lat' dir='ltr'>ma-</span> 
     </span>
     <span class='ocr_line' id='line_1_44' title="bbox 145 2582 977 2636; baseline -0.004 -10"><span class='ocrx_word' id='word_1_209' title='bbox 145 2589 213 2626; x_wconf 90' lang='lat' dir='ltr'>ter</span> <span class='ocrx_word' id='word_1_210' title='bbox 246 2583 304 2626; x_wconf 90' lang='lat' dir='ltr'>ad</span> <span class='ocrx_word' id='word_1_211' title='bbox 335 2584 559 2636; x_wconf 89' lang='lat' dir='ltr'>templum.</span> <span class='ocrx_word' id='word_1_212' title='bbox 624 2584 661 2626; x_wconf 94' lang='lat' dir='ltr'>O</span> <span class='ocrx_word' id='word_1_213' title='bbox 697 2583 871 2636; x_wconf 90' lang='lat' dir='ltr'>quantis</span> <span class='ocrx_word' id='word_1_214' title='bbox 902 2582 977 2624; x_wconf 91' lang='lat' dir='ltr'>illa</span> 
     </span>
     <span class='ocr_line' id='line_1_45' title="bbox 146 2640 976 2692; baseline -0.004 -9"><span class='ocrx_word' id='word_1_215' title='bbox 146 2640 388 2692; x_wconf 86' lang='lat' dir='ltr'>virginibus</span> <span class='ocrx_word' id='word_1_216' title='bbox 408 2641 624 2683; x_wconf 81' lang='lat' dir='ltr'>occurret!</span> <span class='ocrx_word' id='word_1_217' title='bbox 645 2642 840 2692; x_wconf 87' lang='lat' dir='ltr'>Quantas</span> <span class='ocrx_word' id='word_1_218' title='bbox 861 2652 976 2681; x_wconf 91' lang='lat' dir='ltr'>com-</span> 
     </span>
     <span class='ocr_line' id='line_1_46' title="bbox 146 2695 975 2749; baseline -0.002 -11"><span class='ocrx_word' id='word_1_219' title='bbox 146 2697 278 2749; x_wconf 83' lang='lat' dir='ltr'>plexa</span> <span class='ocrx_word' id='word_1_220' title='bbox 297 2695 355 2749; x_wconf 88' lang='lat' dir='ltr'>ad</span> <span class='ocrx_word' id='word_1_221' title='bbox 372 2697 612 2739; x_wconf 82' lang='lat' dir='ltr'>Dominum</span> <span class='ocrx_word' id='word_1_222' title='bbox 630 2697 786 2747; x_wconf 90' lang='lat' dir='ltr'>trahet,</span> <span class='ocrx_word' id='word_1_223' title='bbox 809 2696 975 2739; x_wconf 89' lang='lat' dir='ltr'>dicens:</span> 
     </span>
    </p>
   </div>
   <div class='ocr_carea' id='block_1_7' title="bbox 1020 271 1862 2108">
    <p class='ocr_par' dir='ltr' id='par_1_9' title="bbox 1020 271 1853 435">
     <span class='ocr_line' id='line_1_47' title="bbox 1020 271 1853 322; baseline -0.001 -10"><span class='ocrx_word' id='word_1_224' title='bbox 1020 271 1132 312; x_wconf 81' lang='lat' dir='ltr'>Haec</span> <span class='ocrx_word' id='word_1_225' title='bbox 1163 275 1311 312; x_wconf 91' lang='lat' dir='ltr'>torum</span> <span class='ocrx_word' id='word_1_226' title='bbox 1343 271 1422 313; x_wconf 89' lang='lat' dir='ltr'>filii</span> <span class='ocrx_word' id='word_1_227' title='bbox 1452 272 1555 322; x_wconf 86' lang='lat' dir='ltr'>mei,</span> <span class='ocrx_word' id='word_1_228' title='bbox 1587 271 1684 313; x_wconf 90' lang='lat' dir='ltr'>haec</span> <span class='ocrx_word' id='word_1_229' title='bbox 1716 271 1853 313; x_wconf 85' lang='lat' dir='ltr'>thala-</span> 
     </span>
     <span class='ocr_line' id='line_1_48' title="bbox 1020 327 1852 379; baseline 0.001 -12"><span class='ocrx_word' id='word_1_230' title='bbox 1020 339 1118 367; x_wconf 93' lang='lat' dir='ltr'>mos</span> <span class='ocrx_word' id='word_1_231' title='bbox 1145 327 1366 379; x_wconf 77' lang='lat' dir='ltr'>nuptiales</span> <span class='ocrx_word' id='word_1_232' title='bbox 1394 328 1676 370; x_wconf 90' lang='lat' dir='ltr'>immaculato</span> <span class='ocrx_word' id='word_1_233' title='bbox 1709 329 1852 369; x_wconf 87' lang='lat' dir='ltr'>serva-</span> 
     </span>
     <span class='ocr_line' id='line_1_49' title="bbox 1021 382 1290 435; baseline -0.004 -11"><span class='ocrx_word' id='word_1_234' title='bbox 1021 383 1084 424; x_wconf 91' lang='lat' dir='ltr'>vit</span> <span class='ocrx_word' id='word_1_235' title='bbox 1102 382 1290 435; x_wconf 80' lang='lat' dir='ltr'>pudore!</span> 
     </span>
    </p>

    <p class='ocr_par' dir='ltr' id='par_1_10' title="bbox 1022 439 1856 829">
     <span class='ocr_line' id='line_1_50' title="bbox 1075 439 1855 494; baseline -0.001 -11"><span class='ocrx_word' id='word_1_236' title='bbox 1075 439 1252 494; x_wconf 64' lang='lat' dir='ltr'>R.Quae</span> <span class='ocrx_word' id='word_1_237' title='bbox 1285 446 1352 482; x_wconf 90' lang='lat' dir='ltr'>est</span> <span class='ocrx_word' id='word_1_238' title='bbox 1384 441 1469 482; x_wconf 90' lang='lat' dir='ltr'>ista</span> <span class='ocrx_word' id='word_1_239' title='bbox 1503 453 1603 493; x_wconf 82' lang='lat' dir='ltr'>quae</span> <span class='ocrx_word' id='word_1_240' title='bbox 1635 442 1855 493; x_wconf 91' lang='lat' dir='ltr'>processit</span> 
     </span>
     <span class='ocr_line' id='line_1_51' title="bbox 1023 495 1853 548; baseline 0.004 -13"><span class='ocrx_word' id='word_1_241' title='bbox 1023 495 1136 536; x_wconf 93' lang='lat' dir='ltr'>sicut</span> <span class='ocrx_word' id='word_1_242' title='bbox 1155 495 1237 545; x_wconf 91' lang='lat' dir='ltr'>sol,</span> <span class='ocrx_word' id='word_1_243' title='bbox 1265 501 1309 538; x_wconf 91' lang='lat' dir='ltr'>et</span> <span class='ocrx_word' id='word_1_244' title='bbox 1328 497 1523 538; x_wconf 82' lang='lat' dir='ltr'>formosa</span> <span class='ocrx_word' id='word_1_245' title='bbox 1541 502 1767 548; x_wconf 89' lang='lat' dir='ltr'>tamquam</span> <span class='ocrx_word' id='word_1_246' title='bbox 1786 498 1811 538; x_wconf 89' lang='lat' dir='ltr'><strong>J</strong></span> <span class='ocrx_word' id='word_1_247' title='bbox 1814 510 1853 538; x_wconf 93' lang='lat' dir='ltr'>e-</span> 
     </span>
     <span class='ocr_line' id='line_1_52' title="bbox 1022 551 1856 603; baseline 0.002 -11"><span class='ocrx_word' id='word_1_248' title='bbox 1022 551 1234 593; x_wconf 87' lang='lat' dir='ltr'>rusalem?</span> <span class='ocrx_word' id='word_1_249' title='bbox 1250 555 1272 579; x_wconf 92' lang='lat'>*</span> <span class='ocrx_word' id='word_1_250' title='bbox 1288 553 1506 594; x_wconf 91' lang='lat' dir='ltr'>Viderunt</span> <span class='ocrx_word' id='word_1_251' title='bbox 1519 566 1615 594; x_wconf 88' lang='lat' dir='ltr'>eam</span> <span class='ocrx_word' id='word_1_252' title='bbox 1625 553 1727 594; x_wconf 82' lang='lat' dir='ltr'>filiae</span> <span class='ocrx_word' id='word_1_253' title='bbox 1740 554 1856 603; x_wconf 87' lang='lat' dir='ltr'>Sion,</span> 
     </span>
     <span class='ocr_line' id='line_1_53' title="bbox 1024 608 1856 659; baseline 0.001 -9"><span class='ocrx_word' id='word_1_254' title='bbox 1024 613 1067 650; x_wconf 88' lang='lat' dir='ltr'>et</span> <span class='ocrx_word' id='word_1_255' title='bbox 1085 608 1261 650; x_wconf 78' lang='lat' dir='ltr'>beatam</span> <span class='ocrx_word' id='word_1_256' title='bbox 1282 608 1502 659; x_wconf 82' lang='lat' dir='ltr'>dixerunt,</span> <span class='ocrx_word' id='word_1_257' title='bbox 1523 614 1567 651; x_wconf 90' lang='lat' dir='ltr'>et</span> <span class='ocrx_word' id='word_1_258' title='bbox 1586 612 1749 659; x_wconf 83' lang='lat' dir='ltr'>reginae</span> <span class='ocrx_word' id='word_1_259' title='bbox 1767 610 1856 651; x_wconf 91' lang='lat' dir='ltr'>lau-</span> 
     </span>
     <span class='ocr_line' id='line_1_54' title="bbox 1025 662 1856 713; baseline 0 -7"><span class='ocrx_word' id='word_1_260' title='bbox 1025 664 1240 706; x_wconf 89' lang='lat' dir='ltr'>daverunt</span> <span class='ocrx_word' id='word_1_261' title='bbox 1255 678 1363 707; x_wconf 91' lang='lat' dir='ltr'>eam.</span> <span class='ocrx_word' id='word_1_262' title='bbox 1388 662 1435 713; x_wconf 62' lang='lat' dir='ltr'>V.</span> <span class='ocrx_word' id='word_1_263' title='bbox 1454 666 1511 707; x_wconf 89' lang='lat' dir='ltr'>Et</span> <span class='ocrx_word' id='word_1_264' title='bbox 1526 666 1639 707; x_wconf 90' lang='lat' dir='ltr'>sicut</span> <span class='ocrx_word' id='word_1_265' title='bbox 1655 665 1748 707; x_wconf 89' lang='lat' dir='ltr'>dies</span> <span class='ocrx_word' id='word_1_266' title='bbox 1763 679 1856 708; x_wconf 91' lang='lat' dir='ltr'>ver-</span> 
     </span>
     <span class='ocr_line' id='line_1_55' title="bbox 1023 721 1855 764; baseline 0.002 -2"><span class='ocrx_word' id='word_1_267' title='bbox 1023 722 1067 762; x_wconf 93' lang='lat' dir='ltr'>ni</span> <span class='ocrx_word' id='word_1_268' title='bbox 1093 721 1425 763; x_wconf 83' lang='lat' dir='ltr'>circumdabant</span> <span class='ocrx_word' id='word_1_269' title='bbox 1453 735 1550 763; x_wconf 88' lang='lat' dir='ltr'>eam</span> <span class='ocrx_word' id='word_1_270' title='bbox 1578 723 1710 764; x_wconf 93' lang='lat' dir='ltr'>flores</span> <span class='ocrx_word' id='word_1_271' title='bbox 1737 725 1855 764; x_wconf 90' lang='lat' dir='ltr'>rosa-</span> 
     </span>
     <span class='ocr_line' id='line_1_56' title="bbox 1024 778 1856 829; baseline 0.002 -11"><span class='ocrx_word' id='word_1_272' title='bbox 1024 790 1131 829; x_wconf 85' lang='lat' dir='ltr'>rum,</span> <span class='ocrx_word' id='word_1_273' title='bbox 1152 783 1196 820; x_wconf 88' lang='lat' dir='ltr'>et</span> <span class='ocrx_word' id='word_1_274' title='bbox 1214 778 1303 819; x_wconf 89' lang='lat' dir='ltr'>lilia</span> <span class='ocrx_word' id='word_1_275' title='bbox 1319 778 1594 820; x_wconf 89' lang='lat' dir='ltr'>convallium.</span> <span class='ocrx_word' id='word_1_276' title='bbox 1627 778 1856 820; x_wconf 92' lang='lat' dir='ltr'>Viderunt.</span> 
     </span>
    </p>

    <p class='ocr_par' dir='ltr' id='par_1_11' title="bbox 1330 841 1556 881">
     <span class='ocr_line' id='line_1_57' title="bbox 1330 841 1556 881; baseline 0 -1"><span class='ocrx_word' id='word_1_277' title='bbox 1330 841 1482 881; x_wconf 86' lang='lat' dir='ltr'>Lectio</span> <span class='ocrx_word' id='word_1_278' title='bbox 1506 841 1556 881; x_wconf 89' lang='lat' dir='ltr'>vi.</span> 
     </span>
    </p>

    <p class='ocr_par' dir='ltr' id='par_1_12' title="bbox 1028 880 1858 1004">
     <span class='ocr_line' id='line_1_58' title="bbox 1028 880 1858 1004; baseline 0.001 -68"><span class='ocrx_word' id='word_1_279' title='bbox 1028 880 1186 1004; x_wconf 77' lang='lat' dir='ltr'>Quid</span> <span class='ocrx_word' id='word_1_280' title='bbox 1201 908 1306 946; x_wconf 88' lang='lat' dir='ltr'>ergo</span> <span class='ocrx_word' id='word_1_281' title='bbox 1317 897 1535 947; x_wconf 82' lang='lat' dir='ltr'>exsequar</span> <span class='ocrx_word' id='word_1_282' title='bbox 1551 895 1750 936; x_wconf 84' lang='lat' dir='ltr'>ciborum</span> <span class='ocrx_word' id='word_1_283' title='bbox 1762 909 1858 949; x_wconf 93' lang='lat' dir='ltr'>par-</span> 
     </span>
    </p>

    <p class='ocr_par' dir='ltr' id='par_1_13' title="bbox 1024 952 1862 1854">
     <span class='ocr_line' id='line_1_59' title="bbox 1126 952 1858 1002; baseline 0.001 -9"><span class='ocrx_word' id='word_1_284' title='bbox 1126 952 1372 1002; x_wconf 81' lang='lat' dir='ltr'>simoniam,</span> <span class='ocrx_word' id='word_1_285' title='bbox 1420 952 1667 993; x_wconf 84' lang='lat' dir='ltr'>officiorum</span> <span class='ocrx_word' id='word_1_286' title='bbox 1703 953 1858 994; x_wconf 90' lang='lat' dir='ltr'>redun-</span> 
     </span>
     <span class='ocr_line' id='line_1_60' title="bbox 1026 1008 1860 1051; baseline -0.001 0"><span class='ocrx_word' id='word_1_287' title='bbox 1026 1008 1235 1051; x_wconf 88' lang='lat' dir='ltr'>dantiam:</span> <span class='ocrx_word' id='word_1_288' title='bbox 1280 1009 1467 1050; x_wconf 89' lang='lat' dir='ltr'>alterum</span> <span class='ocrx_word' id='word_1_289' title='bbox 1507 1008 1622 1049; x_wconf 91' lang='lat' dir='ltr'>ultra</span> <span class='ocrx_word' id='word_1_290' title='bbox 1658 1013 1860 1050; x_wconf 88' lang='lat' dir='ltr'>naturam</span> 
     </span>
     <span class='ocr_line' id='line_1_61' title="bbox 1026 1066 1859 1118; baseline 0 -11"><span class='ocrx_word' id='word_1_291' title='bbox 1026 1066 1311 1118; x_wconf 87' lang='lat' dir='ltr'>superfuisse,</span> <span class='ocrx_word' id='word_1_292' title='bbox 1337 1066 1523 1107; x_wconf 90' lang='lat' dir='ltr'>alterum</span> <span class='ocrx_word' id='word_1_293' title='bbox 1547 1078 1660 1117; x_wconf 91' lang='lat' dir='ltr'>pene</span> <span class='ocrx_word' id='word_1_294' title='bbox 1683 1066 1768 1118; x_wconf 90' lang='lat' dir='ltr'>ipsi</span> <span class='ocrx_word' id='word_1_295' title='bbox 1788 1079 1859 1107; x_wconf 93' lang='lat' dir='ltr'>na-</span> 
     </span>
     <span class='ocr_line' id='line_1_62' title="bbox 1025 1121 1858 1164; baseline 0 0"><span class='ocrx_word' id='word_1_296' title='bbox 1025 1126 1138 1164; x_wconf 87' lang='lat' dir='ltr'>turae</span> <span class='ocrx_word' id='word_1_297' title='bbox 1177 1121 1392 1164; x_wconf 89' lang='lat' dir='ltr'>defuisse?</span> <span class='ocrx_word' id='word_1_298' title='bbox 1440 1122 1536 1164; x_wconf 91' lang='lat' dir='ltr'>Illic</span> <span class='ocrx_word' id='word_1_299' title='bbox 1572 1121 1692 1163; x_wconf 90' lang='lat' dir='ltr'>nulla</span> <span class='ocrx_word' id='word_1_300' title='bbox 1728 1123 1858 1164; x_wconf 92' lang='lat' dir='ltr'>inter-</span> 
     </span>
     <span class='ocr_line' id='line_1_63' title="bbox 1025 1179 1859 1231; baseline 0 -11"><span class='ocrx_word' id='word_1_301' title='bbox 1025 1182 1159 1220; x_wconf 91' lang='lat' dir='ltr'>missa</span> <span class='ocrx_word' id='word_1_302' title='bbox 1184 1181 1402 1231; x_wconf 89' lang='lat' dir='ltr'>tempora,</span> <span class='ocrx_word' id='word_1_303' title='bbox 1430 1179 1500 1220; x_wconf 92' lang='lat' dir='ltr'>hic</span> <span class='ocrx_word' id='word_1_304' title='bbox 1525 1179 1859 1229; x_wconf 88' lang='lat' dir='ltr'>congeminatos</span> 
     </span>
     <span class='ocr_line' id='line_1_64' title="bbox 1024 1235 1858 1288; baseline 0 -12"><span class='ocrx_word' id='word_1_305' title='bbox 1024 1236 1183 1288; x_wconf 90' lang='lat' dir='ltr'>jejunio</span> <span class='ocrx_word' id='word_1_306' title='bbox 1218 1235 1324 1277; x_wconf 89' lang='lat' dir='ltr'>dies.</span> <span class='ocrx_word' id='word_1_307' title='bbox 1383 1235 1441 1277; x_wconf 91' lang='lat' dir='ltr'>Et</span> <span class='ocrx_word' id='word_1_308' title='bbox 1478 1236 1514 1276; x_wconf 91' lang='lat' dir='ltr'>si</span> <span class='ocrx_word' id='word_1_309' title='bbox 1552 1235 1730 1287; x_wconf 88' lang='lat' dir='ltr'>quando</span> <span class='ocrx_word' id='word_1_310' title='bbox 1763 1236 1858 1276; x_wconf 92' lang='lat' dir='ltr'>refi-</span> 
     </span>
     <span class='ocr_line' id='line_1_65' title="bbox 1026 1292 1859 1341; baseline 0 -8"><span class='ocrx_word' id='word_1_311' title='bbox 1026 1292 1169 1334; x_wconf 91' lang='lat' dir='ltr'>ciendi</span> <span class='ocrx_word' id='word_1_312' title='bbox 1189 1294 1476 1334; x_wconf 90' lang='lat' dir='ltr'>successisset</span> <span class='ocrx_word' id='word_1_313' title='bbox 1495 1292 1713 1341; x_wconf 89' lang='lat' dir='ltr'>voluntas,</span> <span class='ocrx_word' id='word_1_314' title='bbox 1735 1292 1859 1333; x_wconf 92' lang='lat' dir='ltr'>cibus</span> 
     </span>
     <span class='ocr_line' id='line_1_66' title="bbox 1025 1348 1861 1402; baseline -0.001 -12"><span class='ocrx_word' id='word_1_315' title='bbox 1025 1348 1286 1402; x_wconf 88' lang='lat' dir='ltr'>plerumque</span> <span class='ocrx_word' id='word_1_316' title='bbox 1330 1348 1505 1398; x_wconf 85' lang='lat' dir='ltr'>obvius,</span> <span class='ocrx_word' id='word_1_317' title='bbox 1554 1348 1628 1400; x_wconf 92' lang='lat' dir='ltr'>qui</span> <span class='ocrx_word' id='word_1_318' title='bbox 1672 1353 1861 1389; x_wconf 90' lang='lat' dir='ltr'>mortem</span> 
     </span>
     <span class='ocr_line' id='line_1_67' title="bbox 1026 1404 1860 1455; baseline -0.001 -9"><span class='ocrx_word' id='word_1_319' title='bbox 1026 1407 1213 1455; x_wconf 89' lang='lat' dir='ltr'>arceret,</span> <span class='ocrx_word' id='word_1_320' title='bbox 1246 1417 1334 1446; x_wconf 92' lang='lat' dir='ltr'>non</span> <span class='ocrx_word' id='word_1_321' title='bbox 1368 1404 1549 1446; x_wconf 89' lang='lat' dir='ltr'>delicias</span> <span class='ocrx_word' id='word_1_322' title='bbox 1581 1405 1860 1446; x_wconf 87' lang='lat' dir='ltr'>ministraret.</span> 
     </span>
     <span class='ocr_line' id='line_1_68' title="bbox 1025 1461 1862 1514; baseline -0.002 -11"><span class='ocrx_word' id='word_1_323' title='bbox 1025 1462 1230 1503; x_wconf 90' lang='lat' dir='ltr'>Dormire</span> <span class='ocrx_word' id='word_1_324' title='bbox 1245 1474 1334 1503; x_wconf 94' lang='lat' dir='ltr'>non</span> <span class='ocrx_word' id='word_1_325' title='bbox 1348 1462 1469 1514; x_wconf 90' lang='lat' dir='ltr'>prius</span> <span class='ocrx_word' id='word_1_326' title='bbox 1482 1461 1713 1514; x_wconf 88' lang='lat' dir='ltr'>cupiditas,</span> <span class='ocrx_word' id='word_1_327' title='bbox 1730 1474 1862 1513; x_wconf 91' lang='lat' dir='ltr'>quam</span> 
     </span>
     <span class='ocr_line' id='line_1_69' title="bbox 1025 1518 1860 1569; baseline -0.002 -9"><span class='ocrx_word' id='word_1_328' title='bbox 1025 1519 1268 1560; x_wconf 90' lang='lat' dir='ltr'>necessitas</span> <span class='ocrx_word' id='word_1_329' title='bbox 1287 1519 1381 1560; x_wconf 89' lang='lat' dir='ltr'>fuit:</span> <span class='ocrx_word' id='word_1_330' title='bbox 1408 1523 1452 1560; x_wconf 90' lang='lat' dir='ltr'>et</span> <span class='ocrx_word' id='word_1_331' title='bbox 1477 1522 1625 1559; x_wconf 91' lang='lat' dir='ltr'>tamen</span> <span class='ocrx_word' id='word_1_332' title='bbox 1649 1531 1749 1559; x_wconf 94' lang='lat' dir='ltr'>cum</span> <span class='ocrx_word' id='word_1_333' title='bbox 1769 1518 1860 1569; x_wconf 92' lang='lat' dir='ltr'>qui-</span> 
     </span>
     <span class='ocr_line' id='line_1_70' title="bbox 1028 1575 1860 1628; baseline -0.004 -11"><span class='ocrx_word' id='word_1_334' title='bbox 1028 1577 1199 1617; x_wconf 87' lang='lat' dir='ltr'>esceret</span> <span class='ocrx_word' id='word_1_335' title='bbox 1229 1588 1407 1628; x_wconf 91' lang='lat' dir='ltr'>corpus,</span> <span class='ocrx_word' id='word_1_336' title='bbox 1440 1575 1642 1625; x_wconf 86' lang='lat' dir='ltr'>vigilaret</span> <span class='ocrx_word' id='word_1_337' title='bbox 1675 1575 1860 1615; x_wconf 91' lang='lat' dir='ltr'>animus:</span> 
     </span>
     <span class='ocr_line' id='line_1_71' title="bbox 1029 1631 1861 1684; baseline -0.001 -12"><span class='ocrx_word' id='word_1_338' title='bbox 1029 1632 1104 1684; x_wconf 93' lang='lat' dir='ltr'>qui</span> <span class='ocrx_word' id='word_1_339' title='bbox 1129 1632 1381 1683; x_wconf 87' lang='lat' dir='ltr'>frequenter</span> <span class='ocrx_word' id='word_1_340' title='bbox 1403 1632 1446 1672; x_wconf 91' lang='lat' dir='ltr'>in</span> <span class='ocrx_word' id='word_1_341' title='bbox 1467 1631 1632 1672; x_wconf 91' lang='lat' dir='ltr'>somnis</span> <span class='ocrx_word' id='word_1_342' title='bbox 1653 1636 1728 1672; x_wconf 93' lang='lat' dir='ltr'>aut</span> <span class='ocrx_word' id='word_1_343' title='bbox 1746 1631 1861 1672; x_wconf 90' lang='lat' dir='ltr'>lecta</span> 
     </span>
     <span class='ocr_line' id='line_1_72' title="bbox 1026 1688 1860 1741; baseline -0.002 -11"><span class='ocrx_word' id='word_1_344' title='bbox 1026 1689 1201 1741; x_wconf 90' lang='lat' dir='ltr'>repetit,</span> <span class='ocrx_word' id='word_1_345' title='bbox 1225 1693 1301 1729; x_wconf 89' lang='lat' dir='ltr'>aut</span> <span class='ocrx_word' id='word_1_346' title='bbox 1320 1700 1475 1729; x_wconf 92' lang='lat' dir='ltr'>somno</span> <span class='ocrx_word' id='word_1_347' title='bbox 1495 1688 1741 1740; x_wconf 88' lang='lat' dir='ltr'>interrupta</span> <span class='ocrx_word' id='word_1_348' title='bbox 1761 1700 1860 1728; x_wconf 92' lang='lat' dir='ltr'>con-</span> 
     </span>
     <span class='ocr_line' id='line_1_73' title="bbox 1026 1743 1859 1797; baseline -0.002 -11"><span class='ocrx_word' id='word_1_349' title='bbox 1026 1747 1182 1795; x_wconf 85' lang='lat' dir='ltr'>tinuat,</span> <span class='ocrx_word' id='word_1_350' title='bbox 1210 1750 1285 1786; x_wconf 93' lang='lat' dir='ltr'>aut</span> <span class='ocrx_word' id='word_1_351' title='bbox 1304 1743 1522 1797; x_wconf 81' lang='lat' dir='ltr'>disposita</span> <span class='ocrx_word' id='word_1_352' title='bbox 1541 1744 1668 1794; x_wconf 84' lang='lat' dir='ltr'>gerit,</span> <span class='ocrx_word' id='word_1_353' title='bbox 1695 1749 1770 1785; x_wconf 90' lang='lat' dir='ltr'>aut</span> <span class='ocrx_word' id='word_1_354' title='bbox 1788 1756 1859 1794; x_wconf 87' lang='lat' dir='ltr'>ge-</span> 
     </span>
     <span class='ocr_line' id='line_1_74' title="bbox 1027 1801 1463 1854; baseline -0.005 -11"><span class='ocrx_word' id='word_1_355' title='bbox 1027 1801 1163 1843; x_wconf 87' lang='lat' dir='ltr'>renda</span> <span class='ocrx_word' id='word_1_356' title='bbox 1182 1801 1463 1854; x_wconf 81' lang='lat' dir='ltr'>praenuntiat.</span> 
     </span>
    </p>

    <p class='ocr_par' dir='ltr' id='par_1_14' title="bbox 1084 1857 1500 1912">
     <span class='ocr_line' id='line_1_75' title="bbox 1084 1857 1500 1912; baseline -0.005 -12"><span class='ocrx_word' id='word_1_357' title='bbox 1084 1862 1133 1912; x_wconf 67' lang='lat' dir='ltr'>R.</span> <span class='ocrx_word' id='word_1_358' title='bbox 1159 1858 1382 1899; x_wconf 90' lang='lat' dir='ltr'>Ornatam.</span> <span class='ocrx_word' id='word_1_359' title='bbox 1402 1857 1500 1910; x_wconf 87' lang='lat'>[141]</span> 
     </span>
    </p>

    <p class='ocr_par' dir='ltr' id='par_1_15' title="bbox 1031 1928 1861 2021">
     <span class='ocr_line' id='line_1_76' title="bbox 1086 1928 1861 1969; baseline -0.003 -7"><span class='ocrx_word' id='word_1_360' title='bbox 1086 1929 1127 1962; x_wconf 89' lang='lat' dir='ltr'>In</span> <span class='ocrx_word' id='word_1_361' title='bbox 1148 1929 1212 1962; x_wconf 88' lang='lat' dir='ltr'>III.</span> <span class='ocrx_word' id='word_1_362' title='bbox 1236 1929 1434 1962; x_wconf 73' lang='lat' dir='ltr'>Nocturno</span> <span class='ocrx_word' id='word_1_363' title='bbox 1461 1928 1630 1962; x_wconf 79' lang='lat' dir='ltr'>Homilia</span> <span class='ocrx_word' id='word_1_364' title='bbox 1657 1928 1693 1961; x_wconf 88' lang='lat' dir='ltr'>in</span> <span class='ocrx_word' id='word_1_365' title='bbox 1720 1928 1861 1969; x_wconf 66' lang='lat' dir='ltr'>Evang.</span> 
     </span>
     <span class='ocr_line' id='line_1_77' title="bbox 1031 1974 1475 2021; baseline -0.005 -10"><span class='ocrx_word' id='word_1_366' title='bbox 1031 1977 1230 2021; x_wconf 90' lang='lat' dir='ltr'>Loquente</span> <span class='ocrx_word' id='word_1_367' title='bbox 1253 1975 1359 2010; x_wconf 81' lang='lat' dir='ltr'>JeSU.</span> <span class='ocrx_word' id='word_1_368' title='bbox 1384 1974 1475 2018; x_wconf 87' lang='lat'>[142]</span> 
     </span>
    </p>

    <p class='ocr_par' dir='ltr' id='par_1_16' title="bbox 1027 2024 1861 2108">
     <span class='ocr_line' id='line_1_78' title="bbox 1086 2024 1861 2067; baseline -0.004 -9"><span class='ocrx_word' id='word_1_369' title='bbox 1086 2026 1129 2059; x_wconf 85' lang='lat' dir='ltr'>In</span> <span class='ocrx_word' id='word_1_370' title='bbox 1169 2025 1209 2067; x_wconf 49' lang='lat' dir='ltr'>R„</span> <span class='ocrx_word' id='word_1_371' title='bbox 1245 2025 1309 2058; x_wconf 78' lang='lat' dir='ltr'>vii.</span> <span class='ocrx_word' id='word_1_372' title='bbox 1347 2024 1500 2058; x_wconf 78' lang='lat' dir='ltr'>dicitur:</span> <span class='ocrx_word' id='word_1_373' title='bbox 1544 2026 1651 2057; x_wconf 89' lang='lat' dir='ltr'>tuam</span> <span class='ocrx_word' id='word_1_374' title='bbox 1687 2025 1861 2056; x_wconf 88' lang='lat' dir='ltr'>sanctam</span> 
     </span>
     <span class='ocr_line' id='line_1_79' title="bbox 1027 2071 1383 2108; baseline -0.011 0"><span class='ocrx_word' id='word_1_375' title='bbox 1027 2071 1383 2108; x_wconf 83' lang='lat' dir='ltr'>Praesentationem.</span> 
     </span>
    </p>
   </div>
   <div class='ocr_carea' id='block_1_8' title="bbox 1236 2137 1652 2189">
    <p class='ocr_par' dir='ltr' id='par_1_17' title="bbox 1236 2137 1652 2189">
     <span class='ocr_line' id='line_1_80' title="bbox 1236 2137 1652 2189; baseline -0.005 -8"><span class='ocrx_word' id='word_1_376' title='bbox 1236 2141 1298 2181; x_wconf 90' lang='lat' dir='ltr'>In</span> <span class='ocrx_word' id='word_1_377' title='bbox 1319 2139 1377 2180; x_wconf 90' lang='lat'>11.</span> <span class='ocrx_word' id='word_1_378' title='bbox 1401 2137 1652 2189; x_wconf 79' lang='lat' dir='ltr'>vesperis.</span> 
     </span>
    </p>
   </div>
   <div class='ocr_carea' id='block_1_9' title="bbox 1027 2200 1861 2647">
    <p class='ocr_par' dir='ltr' id='par_1_18' title="bbox 1027 2200 1861 2358">
     <span class='ocr_line' id='line_1_81' title="bbox 1085 2200 1858 2254; baseline -0.004 -10"><span class='ocrx_word' id='word_1_379' title='bbox 1085 2202 1137 2252; x_wconf 68' lang='lat' dir='ltr'>V.</span> <span class='ocrx_word' id='word_1_380' title='bbox 1157 2202 1352 2254; x_wconf 88' lang='lat' dir='ltr'>Dignare</span> <span class='ocrx_word' id='word_1_381' title='bbox 1376 2214 1446 2242; x_wconf 90' lang='lat' dir='ltr'>me</span> <span class='ocrx_word' id='word_1_382' title='bbox 1470 2200 1652 2242; x_wconf 88' lang='lat' dir='ltr'>laudare</span> <span class='ocrx_word' id='word_1_383' title='bbox 1675 2204 1736 2251; x_wconf 90' lang='lat' dir='ltr'>te,</span> <span class='ocrx_word' id='word_1_384' title='bbox 1761 2200 1858 2242; x_wconf 94' lang='lat' dir='ltr'>Vir-</span> 
     </span>
     <span class='ocr_line' id='line_1_82' title="bbox 1027 2255 1861 2311; baseline -0.005 -10"><span class='ocrx_word' id='word_1_385' title='bbox 1027 2273 1085 2311; x_wconf 88' lang='lat' dir='ltr'>go</span> <span class='ocrx_word' id='word_1_386' title='bbox 1115 2261 1298 2300; x_wconf 88' lang='lat' dir='ltr'>sacrata.</span> <span class='ocrx_word' id='word_1_387' title='bbox 1349 2261 1400 2311; x_wconf 68' lang='lat' dir='ltr'>R.</span> <span class='ocrx_word' id='word_1_388' title='bbox 1423 2257 1494 2297; x_wconf 92' lang='lat' dir='ltr'>Da</span> <span class='ocrx_word' id='word_1_389' title='bbox 1519 2255 1626 2297; x_wconf 89' lang='lat' dir='ltr'>mihi</span> <span class='ocrx_word' id='word_1_390' title='bbox 1653 2256 1861 2299; x_wconf 88' lang='lat' dir='ltr'>virtutem</span> 
     </span>
     <span class='ocr_line' id='line_1_83' title="bbox 1029 2314 1485 2358; baseline -0.007 -1"><span class='ocrx_word' id='word_1_391' title='bbox 1029 2321 1184 2358; x_wconf 91' lang='lat' dir='ltr'>contra</span> <span class='ocrx_word' id='word_1_392' title='bbox 1202 2314 1354 2356; x_wconf 89' lang='lat' dir='ltr'>hostes</span> <span class='ocrx_word' id='word_1_393' title='bbox 1373 2318 1485 2355; x_wconf 92' lang='lat' dir='ltr'>tuos.</span> 
     </span>
    </p>

    <p class='ocr_par' dir='ltr' id='par_1_19' title="bbox 1027 2369 1860 2647">
     <span class='ocr_line' id='line_1_84' title="bbox 1086 2369 1860 2419; baseline -0.008 -4"><span class='ocrx_word' id='word_1_394' title='bbox 1086 2375 1186 2415; x_wconf 83' lang='lat' dir='ltr'>Ant.</span> <span class='ocrx_word' id='word_1_395' title='bbox 1214 2372 1352 2414; x_wconf 87' lang='lat' dir='ltr'>Beata</span> <span class='ocrx_word' id='word_1_396' title='bbox 1376 2370 1462 2411; x_wconf 92' lang='lat' dir='ltr'>Dei</span> <span class='ocrx_word' id='word_1_397' title='bbox 1488 2369 1688 2412; x_wconf 83' lang='lat' dir='ltr'>Genitrix</span> <span class='ocrx_word' id='word_1_398' title='bbox 1712 2369 1860 2419; x_wconf 89' lang='lat' dir='ltr'>Maria,</span> 
     </span>
     <span class='ocr_line' id='line_1_85' title="bbox 1027 2425 1860 2480; baseline -0.004 -12"><span class='ocrx_word' id='word_1_399' title='bbox 1027 2427 1166 2478; x_wconf 87' lang='lat' dir='ltr'>Virgo</span> <span class='ocrx_word' id='word_1_400' title='bbox 1185 2429 1415 2480; x_wconf 85' lang='lat' dir='ltr'>perpetua,</span> <span class='ocrx_word' id='word_1_401' title='bbox 1439 2426 1654 2479; x_wconf 93' lang='lat' dir='ltr'>templum</span> <span class='ocrx_word' id='word_1_402' title='bbox 1672 2425 1860 2474; x_wconf 75' lang='lat' dir='ltr'>Demini,</span> 
     </span>
     <span class='ocr_line' id='line_1_86' title="bbox 1029 2482 1860 2535; baseline -0.002 -12"><span class='ocrx_word' id='word_1_403' title='bbox 1029 2483 1269 2524; x_wconf 89' lang='lat' dir='ltr'>sacrarium</span> <span class='ocrx_word' id='word_1_404' title='bbox 1284 2483 1472 2535; x_wconf 90' lang='lat' dir='ltr'>Spiritus</span> <span class='ocrx_word' id='word_1_405' title='bbox 1489 2483 1639 2532; x_wconf 89' lang='lat' dir='ltr'>sancti,</span> <span class='ocrx_word' id='word_1_406' title='bbox 1657 2482 1751 2523; x_wconf 87' lang='lat' dir='ltr'>sola</span> <span class='ocrx_word' id='word_1_407' title='bbox 1767 2482 1860 2522; x_wconf 90' lang='lat' dir='ltr'>sine</span> 
     </span>
     <span class='ocr_line' id='line_1_87' title="bbox 1029 2539 1859 2592; baseline -0.002 -12"><span class='ocrx_word' id='word_1_408' title='bbox 1029 2539 1233 2592; x_wconf 81' lang='lat' dir='ltr'>exemplo</span> <span class='ocrx_word' id='word_1_409' title='bbox 1259 2539 1465 2591; x_wconf 88' lang='lat' dir='ltr'>placuisti</span> <span class='ocrx_word' id='word_1_410' title='bbox 1490 2539 1681 2580; x_wconf 76' lang='lat' dir='ltr'>Demino</span> <span class='ocrx_word' id='word_1_411' title='bbox 1707 2542 1859 2579; x_wconf 91' lang='lat' dir='ltr'>nostro</span> 
     </span>
     <span class='ocr_line' id='line_1_88' title="bbox 1029 2594 1545 2647; baseline -0.004 -10"><span class='ocrx_word' id='word_1_412' title='bbox 1029 2597 1054 2637; x_wconf 89' lang='lat' dir='ltr'><strong>J</strong></span> <span class='ocrx_word' id='word_1_413' title='bbox 1056 2609 1134 2637; x_wconf 91' lang='lat' dir='ltr'>esu</span> <span class='ocrx_word' id='word_1_414' title='bbox 1155 2595 1343 2644; x_wconf 89' lang='lat' dir='ltr'>Christo,</span> <span class='ocrx_word' id='word_1_415' title='bbox 1362 2594 1545 2647; x_wconf 87' lang='lat' dir='ltr'>alleluja.</span> 
     </span>
    </p>
   </div>
   <div class='ocr_carea' id='block_1_10' title="bbox 1084 2661 1544 2701">
    <p class='ocr_par' dir='ltr' id='par_1_20' title="bbox 1084 2661 1544 2701">
     <span class='ocr_line' id='line_1_89' title="bbox 1084 2661 1544 2701; baseline -0.004 -7"><span class='ocrx_word' id='word_1_416' title='bbox 1084 2661 1131 2694; x_wconf 87' lang='lat' dir='ltr'>Et</span> <span class='ocrx_word' id='word_1_417' title='bbox 1155 2661 1195 2694; x_wconf 85' lang='lat' dir='ltr'>fit</span> <span class='ocrx_word' id='word_1_418' title='bbox 1220 2669 1415 2693; x_wconf 85' lang='lat' dir='ltr'>commem.</span> <span class='ocrx_word' id='word_1_419' title='bbox 1439 2669 1544 2701; x_wconf 86' lang='lat' dir='ltr'>sequ.</span> 
     </span>
    </p>
   </div>
   <div class='ocr_carea' id='block_1_11' title="bbox 1392 2731 1548 2739">
    <p class='ocr_par' dir='ltr' id='par_1_21' title="bbox 1360 2731 1548 2739">
     <span class='ocr_line' id='line_1_90' title="bbox 1392 2731 1548 2739; baseline 0.005 -1.83"><span class='ocrx_word' id='word_1_420' title='bbox 1392 2731 1474 2739; x_wconf 27' lang='lat' dir='ltr'>,Nm</span> <span class='ocrx_word' id='word_1_421' title='bbox 1484 2731 1503 2738; x_wconf 58' lang='lat' dir='ltr'>x,</span> <span class='ocrx_word' id='word_1_422' title='bbox 1513 2733 1523 2738; x_wconf 24' lang='grc' dir='ltr'>»γ</span> <span class='ocrx_word' id='word_1_423' title='bbox 1540 2734 1548 2738; x_wconf 22' lang='grc' dir='ltr'>μ.</span> 
     </span>
    </p>
   </div>
  </div>
 </body>
</html>
