2040 2944
696 194 853 237 Septem
876 195 1021 229 Psalmi
1046 196 1348 232 Poenitentiales

220 287 442 329 Turbatus
486 292 552 329 est
593 300 618 328 a
658 287 804 329 furore
846 288 998 329 oculus

167 355 306 384 meus:
345 343 370 368 *
409 342 651 384 inveteravi
691 343 805 384 inter
846 357 998 385 omnes

167 398 366 439 inimicos
384 411 519 439 meos.

218 453 446 495 Discedit&
469 467 494 494 a
517 467 588 495 me
609 466 776 503 01111168,
802 455 877 505 qui
897 467 998 506 ope-

166 509 323 549 ramini
344 509 633 562 iniquitatem:
651 512 675 536 *
697 510 904 562 quoniam
927 523 998 550 ex-

167 564 334 606 audivit
348 565 563 606 Dominus
578 578 734 606 vocem
754 566 882 607 fletus
901 566 998 606 mei.

219 620 456 662 Exaudivit
483 621 697 662 Dominus
727 620 997 674 deprecatio-

166 688 267 716 nem
290 689 448 726 meam,
468 678 492 703 *
510 677 725 718 Dominus
753 677 998 718 orationem

165 743 308 772 meam
328 732 532 784 suscepit.

217 787 505 837 Erubescant‚
529 793 573 829 et
592 789 908 830 conturbentur
926 801 995 829 ve-

166 842 391 885 hementer
407 857 558 885 omnes
572 844 735 885 inimici
749 845 849 886 mei:
859 845 883 870 *
896 857 997 885 con-

166 901 392 940 vertantur
421 905 464 941 et
492 900 754 941 erubescant
777 901 907 942 valde
926 913 996 941 ve-

164 954 330 997 lociter.

220 1019 371 1061 Gloria
388 1020 519 1062 Patri.

444 1111 640 1150 Psalmus
660 1112 718 1150 31.

166 1172 337 1276 Beati
362 1195 547 1234 quorum
575 1185 771 1224 remissae
797 1189 898 1225 sunt
920 1185 995 1224 ini-

271 1238 476 1289 quitates:
507 1239 531 1263 *
565 1243 609 1279 61
650 1251 837 1290 quorum
876 1244 996 1281 tecta

165 1298 266 1334 sunt
283 1295 478 1345 peccata.

215 1349 383 1390 Beatus
415 1349 497 1398 vir,
535 1349 604 1390 cui
638 1362 727 1390 non
762 1350 996 1402 imputavit

164 1404 379 1445 Dominus
412 1407 658 1457 peccatum,
687 1406 710 1430 *
738 1418 820 1447 1166
852 1411 920 1447 681
951 1407 995 1447 111

165 1460 321 1511 spiritu
339 1461 431 1512 ejus
451 1460 589 1501 dolus.

216 1516 434 1565 Quoniam
468 1516 604 1565 tacui,
641 1516 995 1558 inveteraverunt

165 1583 267 1611 ossa
277 1584 385 1620 mea,
396 1572 419 1596 ¹⁰¹
431 1571 535 1612 dum
551 1571 787 1612 clamarem
802 1577 897 1613 tota
913 1572 994 1613 die.

216 1627 433 1676 Quoniam
465 1626 536 1668 die
568 1641 620 1668 ac
652 1633 783 1668 nocte
813 1630 994 1678 gravata

164 1687 231 1723 est
249 1695 382 1734 super
399 1695 470 1724 me
488 1696 642 1724 manus
661 1687 751 1724 tua:
770 1684 793 1708 *
814 1685 992 1724 conver-

164 1750 238 1778 sus
257 1751 355 1778 sum
372 1738 416 1778 in
435 1742 631 1780 aerumna
644 1751 752 1788 mea,
773 1738 876 1780 dum
893 1752 992 1780 con-

163 1792 310 1843 figitur
329 1794 466 1846 spina.

215 1849 438 1890 Delictum
471 1863 619 1891 meum
655 1824 879 1900 cognitum
913 1850 993 1891 tibi

162 1903 262 1945 feci:
299 1906 322 1932 *
359 1909 402 1946 et
438 1905 690 1958 injustitiam
725 1918 870 1946 meam
905 1918 993 1946 non

163 1958 386 2000 abscondi.

214 2015 345 2055 Dixi:'
365 2016 622 2058 Confitebor
645 2016 889 2066 ‘adversum
922 2029 993 2057 me

162 2069 415 2121 injustitiam
436 2084 580 2112 meam
604 2072 810 2113 Domino:
829 2073 852 2098 *
878 2077 922 2113 et
945 2077 993 2112 tu

162 2125 368 2166 remisisti
385 2126 658 2178 impietatem
676 2128 849 2179 peccati
866 2127 963 2168 mei.

214 2180 301 2221 Pro
326 2181 409 2222 hac
433 2181 577 2223 orabit
596 2182 653 2223 ad
672 2188 716 2224 te
737 2183 877 2224 omnis
898 2195 991 2223 san-

164 2240 271 2285 ctus,
290 2237 314 2261 *
333 2237 378 2276 in
395 2238 595 2289 tempore
615 2241 879 2290 opportuno.

214 2291 553 2332 Verumtamen'
542 2306 586 2332 1n
601 2292 766 2334 diluvio
779 2295 992 2356 aquarum

162 2346 412 2396 multarum,
431 2349 455 2374 *
474 2347 531 2388 ad
557 2361 656 2389 eum
682 2362 770 2390 non
790 2349 992 2400 approxi-

163 2401 355 2443 mabunt.

214 2456 284 2497 Tu
311 2470 358 2498 es
390 2420 614 2508 refugium
633 2471 778 2499 meum
806 2472 832 2499 a
859 2458 991 2499 tribu-

162 2511 335 2560 latione,
356 2525 454 2563 quae
469 2513 756 2555 circumdedit
774 2526 858 2554 me:
877 2516 901 2540 *
921 2526 991 2554 ex-

164 2566 341 2608 sultatio
359 2581 457 2609 mea
477 2571 579 2610 erue
597 2582 667 2610 me
685 2583 710 2610 a
725 2567 991 2610 circumdan-
1010 2585 1014 2589 ’

163 2621 279 2662 tibus
298 2635 379 2663 me.

214 2677 489 2719 Intellectum
511 2678 590 2720 tibi
614 2677 745 2726 dabo,
774 2683 818 2718 et
836 2680 991 2718 instru-

318 2817 382 2841 Pars
398 2817 567 2842 Autumnalis.

1788 197 1882 241 [181]

1051 301 1122 328 am
1148 294 1193 329 te
1220 289 1263 329 in
1290 290 1360 331 via
1384 290 1480 339 hac,
1510 303 1595 342 qua
1615 291 1840 341 gradieris:
1859 294 1883 320 *

1051 344 1237 385 firmabo
1259 358 1390 397 super
1410 353 1454 387 te
1474 347 1626 387 oculos
1644 360 1778 388 meos.

1102 400 1251 442 Nolite
1270 401 1365 441 fieri
1384 402 1496 443 sicut
1513 415 1652 454 equus
1668 408 1711 443 et
1726 403 1882 452 mulus,

1050 456 1074 481 *
1095 455 1253 506 quibus
1271 469 1359 497 non
1379 462 1446 498 est
1464 457 1722 499 intellectus.

1102 511 1153 550 In
1187 524 1312 552 camo
1347 518 1390 553 et
1419 512 1556 553 fraeno
1584 513 1783 553 maxillas
1811 516 1882 554 eo-

1051 579 1146 606 rum
1175 570 1440 618 constringe,
1459 569 1482 593 *
1506 569 1580 619 qui
1607 581 1693 609 non
1722 571 1880 621 appro-

1050 622 1216 663 ximant
1236 622 1292 663 ad
1310 628 1365 664 te.

1102 678 1239 719 Multa
1264 679 1437 728 flagella
1461 680 1723 730 peccatoris,
1742 682 1766 707 *
1786 693 1880 732 spe-

1050 735 1220 774 rantem
1252 739 1397 775 autem
1430 735 1473 774 in
1500 734 1690 775 Domino
1718 736 1881 776 miseri-

1051 789 1202 830 cordia
1222 789 1522 831 circumdabit.

1102 845 1332 886 Laetamini
1367 846 1410 885 in
1439 845 1630 886 Domino
1665 851 1708 886 61
1742 847 1881 887 exsul-

1050 902 1140 941 tate
1173 901 1290 952 justi,
1316 901 1340 926 *
1374 906 1417 942 et
1451 901 1698 950 gloriamini
1729 914 1880 942 omnes

1050 956 1159 997 recti
1178 955 1323 997 corde.

1104 1011 1256 1052 Gloria
1274 1012 1404 1052 Patri.

1328 1076 1525 1116 Psalmus
1546 1078 1607 1116 37.

1140 1128 1283 1169 omine
1307 1141 1361 1169 ne
1384 1128 1427 1167 in
1451 1128 1597 1169 furore
1620 1133 1696 1169 tuo
1722 1131 1879 1180 arguas

1156 1197 1242 1234 me,
1267 1186 1290 1211 *
1315 1197 1457 1235 neque
1484 1185 1528 1224 in
1556 1185 1619 1225 ira
1646 1189 1721 1225 tua
1749 1187 1879 1225 corri-

1048 1239 1146 1291 pias
1164 1252 1245 1280 me.

1101 1295 1317 1344 Quoniam
1333 1297 1503 1345 sagittae
1518 1300 1606 1336 11136
1620 1295 1766 1335 infixae
1779 1299 1879 1336 sunt

1047 1350 1169 1390 mihi:
1202 1352 1226 1376 *
1259 1356 1303 1392 61
1340 1350 1607 1391 confirmasti
1642 1363 1775 1402 super
1808 1363 1878 1391 me

1047 1419 1224 1446 manum
1242 1411 1373 1447 tuam.

1098 1461 1200 1502 Non
1229 1467 1295 1502 est
1323 1461 1485 1502 sanitas
1513 1461 1556 1500 in
1585 1473 1714 1501 carne
1737 1473 1834 1501 mea
1854 1473 1879 1500 a

1046 1516 1158 1557 facie
1173 1517 1249 1557 irae
1263 1522 1367 1557 tuae:
1382 1519 1405 1543 *
1420 1529 1507 1557 non
1522 1521 1589 1557 est
1603 1529 1690 1568 pax
1705 1515 1879 1556 ossibus

1046 1572 1155 1612 meis
1182 1585 1207 1612 a
1230 1573 1342 1613 facie
1365 1574 1650 1624 peccatorum
1668 1573 1878 1611 meorum.

1100 1628 1315 1676 Quoniam
1332 1628 1583 1678 iniquitates
1602 1639 1714 1667 meae
1730 1639 1877 1677 super-

1045 1683 1210 1732 gressae
1225 1687 1326 1723 sunt
1342 1687 1475 1733 caput
1490 1694 1651 1722 meum:
1666 1683 1689 1707 *
1706 1686 1750 1721 et
1765 1681 1877 1721 816111

1048 1750 1158 1778 011118
1173 1750 1306 1787 grave
1321 1739 1515 1788 gravatae
1532 1741 1632 1777 sunt
1648 1748 1779 1787 super
1794 1748 1875 1775 me.

1097 1793 1362 1834 Putruerunt
1385 1797 1429 1833 61
1453 1795 1674 1843 corruptae
1699 1796 1798 1831 sunt
1821 1791 1876 1831 ci-

1048 1851 1231 1889 catrices
1250 1861 1376 1897 meae,
1395 1849 1418 1873 *
1438 1860 1463 1888 3
1482 1847 1592 1887 facie
1615 1845 1875 1897 insipientiae

1045 1916 1168 1944 meae.

1097 1959 1229 2000 Miser
1240 1959 1380 2000 factus
1389 1971 1496 2007 sum,
1508 1962 1552 1998 et
1563 1958 1768 1997 curvatus
1779 1969 1875 1996 sum

1046 2026 1186 2065 usque
1211 2014 1255 2053 in
1280 2013 1426 2054 finem:
1451 2014 1475 2039 *
1500 2017 1595 2053 1613
1621 2011 1691 2053 die
1717 2011 1873 2052 contri-

1046 2071 1186 2110 status
1205 2068 1492 2119 ingrediebar.

1098 2125 1312 2174 Quoniam
1330 2123 1466 2164 lumbi
1484 2123 1571 2163 mei
1589 2121 1757 2173 impleti
1774 2125 1875 2161 sunt

1045 2179 1333 2220 illusionibus:
1351 2181 1375 2206 *
1395 2183 1439 2219 et
1456 2191 1545 2219 non
1565 2183 1631 2218 est
1650 2176 1812 2217 sanitas
1822 2176 1874 2218 ‚in

1046 2247 1176 2276 carne
1195 2247 1303 2275 mea.

1097 2290 1300 2331 Afflictus
1320 2302 1427 2338 sum,
1447 2293 1491 2329 et
1508 2287 1757 2328 humiliatus
1777 2299 1873 2326 sum

1044 2345 1186 2385 nimis:
1205 2347 1230 2372 *
1247 2345 1472 2395 rugiebam
1496 2357 1522 2384 a
1545 2343 1708 2393 gemitu
1727 2341 1872 2382 cordis

1045 2401 1142 2441 mei.

1095 2456 1294 2505 Domine,
1306 2460 1406 2496 ante
1417 2460 1460 2496 16
1470 2467 1598 2495 0111116
1607 2451 1872 2494 desiderium

1044 2525 1206 2552 meum:
1226 2514 1249 2536 *
1270 2516 1313 2551 et
1331 2510 1516 2560 gemitus
1536 2521 1659 2550 meus
1678 2521 1703 2548 a
1722 2513 1764 2548 te
1783 2519 1870 2546 non

1045 2572 1112 2608 est
1130 2565 1426 2607 absconditus.

1098 2623 1184 2663 Cor
1202 2633 1347 2661 meum
1367 2619 1674 2661 conturbatum
1694 2622 1774 2662 est,
1797 2614 1869 2655 de-

1044 2677 1220 2727 reliquit
1237 2688 1307 2716 me
1326 2675 1463 2716 virtus
1487 2687 1598 2714 mea:
1617 2676 1640 2700 *
1663 2677 1706 2712 et
1723 2671 1868 2710 lumen

1577 2799 1635 2832 M*
