2040 2944
744 192 949 227 Dominica
976 192 1025 226 ad
1050 192 1288 226 Matutinum.
1834 189 1872 223 11

158 285 182 310 *
207 289 250 326 et
273 284 469 326 revelata
493 289 593 325 sunt
617 283 901 325 fundamenta
924 296 991 324 or-

158 340 226 382 bis
245 342 475 382 terrarum:

211 396 282 439 Ab
307 398 606 450 increpatione
636 402 711 438 tua
734 397 940 446 Domine,
968 397 991 422 *

161 453 215 495 ab
235 454 520 506 inspiratione
539 454 718 506 spiritus
737 454 815 494 irae
835 458 935 494 tuae.

213 511 332 551 Misit
357 510 411 552 de
437 523 625 559 summo,
651 515 694 551 et
719 509 890 562 accepit
908 523 993 551 me:

160 568 184 593 *
205 572 248 608 et
267 567 505 619 assumpsit
523 579 593 608 me
614 566 669 607 de
690 566 815 618 aquis
834 566 993 607 multis.

213 624 387 676 Eripuit
405 637 475 665 me
500 623 555 664 de
574 623 762 663 inimicis
781 623 890 663 meis
909 623 993 663 for-

162 681 357 730 tissimiS,
383 685 426 722 et
451 679 505 721 ab
530 680 583 720 iis
610 679 684 731 qui
704 678 891 720 oderunt
910 692 994 719 me:

162 738 185 763 *
198 737 404 789 quoniam
415 736 650 777 confortati
661 740 761 776 sunt
773 748 904 787 super
912 748 994 776 me.

215 793 530 834 Praevenerunt
553 806 623 833 me
642 793 686 832 in
707 791 776 833 die
796 792 994 832 afflictio-

162 850 230 890 nis
254 862 381 890 meae:
400 850 423 875 *
444 854 488 890 et
505 849 656 890 -factus
687 853 754 890 est
778 848 995 889 Dominus

163 907 391 959 protector
409 919 544 947 meus.

216 963 274 1003 Et
301 962 454 1004 eduxit
480 975 550 1004 me
583 962 626 1002 in
654 960 945 1002 latitudinem:
972 961 996 986 *

166 1018 335 1060 salvum
345 1031 414 1059 me
426 1019 538 1068 fecit,
553 1018 759 1070 quoniam
767 1017 905 1058 voluit
915 1030 996 1058 me.

217 1076 274 1116 Et
306 1074 518 1116 retribuet
549 1074 656 1115 mihi
684 1074 899 1115 Dominus
933 1087 996 1115 se-

164 1131 356 1173 cundum
383 1131 592 1183 justitiam
620 1144 779 1180 meam,
808 1131 831 1156 *
861 1136 904 1172 et
932 1143 995 1171 se—

164 1188 356 1229 cundum
382 1188 621 1240 puritatem
648 1190 856 1228 manuum
881 1189 995 1228 mea-

120 1259 122 1261 ·
163 1258 260 1286 rum
279 1243 492 1286 retribuet
510 1243 631 1284 mihi:

215 1301 328 1352 Quia
365 1300 583 1342 custodivi
620 1301 713 1341 vias
746 1301 940 1349 Domini,
972 1301 995 1326 *

162 1371 244 1399 nec
263 1357 395 1410 impie
415 1357 531 1407 gessi
551 1370 576 1397 a
594 1358 692 1399 Deo
711 1370 822 1398 meo.

216 1414 432 1464 Quoniam
466 1414 612 1454 omnia
643 1413 803 1465 judicia
835 1415 925 1465 ejus
953 1414 996 1454 in

164 1472 406 1523 conspectu
432 1483 548 1511 meo:
567 1470 591 1495 *
616 1476 659 1512 et
686 1470 871 1522 justitias
905 1471 996 1522 ejus

162 1540 252 1569 non
270 1526 412 1579 repuli
431 1539 456 1567 a
474 1539 555 1567 me.

215 1584 272 1625 Et
291 1595 367 1624 ero
383 1582 689 1624 immaculatus
705 1596 805 1624 cum
820 1596 888 1624 eo:
907 1583 931 1608 *
952 1588 996 1624 et

164 1639 413 1681 observabo
433 1652 503 1680 me
524 1639 578 1681 ab
598 1639 828 1691 iniquitate
848 1652 956 1680 mea.

216 1697 274 1738 Et
305 1695 519 1737 retribuet
551 1695 658 1736 mihi
685 1696 903 1736 Dominus
932 1708 995 1736 se-

164 1752 356 1794 cundum
386 1752 595 1804 justitiam
621 1764 779 1792 meam:
807 1752 830 1777 *
859 1756 903 1792 et
931 1764 994 1792 se—

164 1808 356 1850 cundum
379 1808 619 1861 puritatem
645 1809 854 1848 manuum
880 1809 995 1849 mea—

163 1878 260 1906 rum
278 1865 323 1905 in
343 1866 585 1916 conspectu
604 1863 832 1905 oculorum
851 1864 952 1915 ejus.

218 1922 327 1964 Cum
359 1926 512 1962 sancto
551 1925 728 1961 sanctus
761 1920 863 1969 eris,
895 1920 918 1945 *
952 1925 996 1961 et

164 1991 263 2020 cum
286 1979 380 2019 viro
405 1978 637 2018 innocente
661 1979 870 2017 innocens
894 1976 995 2017 eris:

215 2035 272 2076 Et
297 2047 398 2076 cum
422 2033 563 2075 electo
590 2033 755 2074 electus
775 2032 877 2073 eris:
903 2033 926 2058 *
952 2037 995 2073 et

164 2103 263 2132 cum
282 2092 493 2143 perverso
514 2089 792 2142 perverteris.

216 2147 434 2198 Quoniam
465 2151 514 2187 tu
544 2145 758 2198 populum
787 2144 996 2186 humilem

163 2203 333 2244 salvum
361 2203 510 2244 facies:
537 2203 560 2228 *
590 2207 634 2243 et
661 2201 814 2243 oculos
847 2213 994 2253 super-

162 2259 321 2301 borum
339 2258 600 2300 humiliabis.

216 2317 434 2366 Quoniam
457 2320 505 2356 tu
529 2315 748 2355 illuminas
773 2313 995 2355 lucernam

163 2385 307 2413 meam
331 2372 535 2413 Domine:
558 2371 582 2396 *
605 2371 728 2411 Deus
752 2383 875 2411 meus
901 2370 994 2411 illu-

162 2429 280 2469 mina
298 2427 503 2470 tenebras
522 2440 654 2468 meas.

216 2485 433 2535 Quoniam
465 2486 510 2524 in
541 2489 585 2525 te
614 2482 774 2534 eripiar
804 2495 829 2523 a
857 2486 994 2523 tenta-

162 2541 301 2590 tione,
330 2541 354 2566 *
382 2545 425 2581 et
453 2541 498 2580 in
524 2540 621 2581 Deo
650 2551 750 2579 meo
779 2540 994 2589 transgre-

164 2596 260 2638 diar
278 2610 461 2637 murum.

214 2653 336 2694 Deus
368 2665 492 2693 meus
523 2651 754 2704 impolluta
787 2651 857 2691 via
890 2651 994 2702 ejus:

165 2708 341 2761 eloquia
362 2709 542 2750 Domini
565 2708 664 2760 igne
692 2707 952 2749 examinata:
971 2706 994 2731 *

1043 285 1271 336 protector
1295 289 1362 326 est
1386 285 1581 326 omnium
1605 286 1875 338 sperantium

1045 354 1089 380 1n
1113 353 1171 381 se.

1098 397 1315 447 Quoniam
1340 397 1436 449 quis
1459 398 1581 439 Deus
1604 403 1768 450 praeter
1787 399 1874 439 Do-

1045 452 1232 494 minum?
1266 454 1289 479 *
1322 459 1396 495 aut
1430 455 1527 506 quis
1559 455 1680 496 Deus
1713 459 1875 507 praeter

1045 511 1190 551 Deum
1208 508 1430 551 nostrum?

1098 571 1220 612 Deus
1250 571 1324 623 qui
1351 572 1583 623 praecinxit
1606 585 1676 613 me
1700 573 1876 614 virtute:

1046 628 1069 653 *
1109 633 1152 668 et
1197 628 1346 680 posuit
1390 627 1715 669 immaculatam
1761 630 1877 670 viam

1047 697 1201 725 meam.

1101 745 1185 795 Qui
1220 745 1405 797 perfecit
1441 745 1579 797 pedes
1615 759 1738 786 meos
1770 752 1876 787 tam-

1050 815 1181 854 quam
1200 803 1441 850 cervorum‚
1457 802 1480 826 *
1496 806 1539 842 et
1559 814 1690 853 super
1705 803 1878 843 excelsa

1049 860 1246 899 statuens
1264 870 1346 898 me.

1102 919 1186 968 Qui
1211 918 1342 959 docet
1366 931 1520 958 manus
1545 931 1665 959 meas
1689 919 1745 960 ad
1768 922 1877 972 prae-

1048 975 1169 1015 lium:
1180 975 1203 1000 *
1216 980 1259 1016 et
1270 974 1469 1026 posuisti,
1485 980 1532 1015 ut
1544 988 1694 1015 arcum
1705 978 1878 1025 aereum,

1048 1031 1229 1073 brachia
1248 1044 1356 1072 mea.

1101 1093 1158 1133 Et
1178 1091 1339 1132 dedisti
1355 1090 1461 1131 mihi
1476 1092 1800 1143 protectionem
1815 1105 1878 1132 sa-

1048 1148 1153 1189 lutis
1179 1153 1282 1189 tuae:
1306 1148 1329 1173 *
1355 1152 1398 1188 et
1423 1147 1605 1188 dextera
1634 1153 1710 1189 tua
1735 1150 1878 1189 susce-

1048 1205 1114 1257 pit
1133 1218 1218 1245 me:

1101 1266 1158 1306 Et
1182 1265 1414 1317 disciplina
1436 1269 1511 1305 tua
1536 1265 1726 1306 correxit
1745 1278 1814 1306 me
1835 1265 1878 1305 in

1049 1322 1196 1363 finem:
1216 1322 1239 1347 *
1261 1326 1304 1363 et
1329 1320 1561 1373 disciplina
1587 1326 1663 1362 tua
1687 1322 1783 1373 ipsa
1808 1334 1877 1363 me

1050 1377 1238 1419 docebit.

1100 1438 1309 1480 Dilatasti
1350 1450 1526 1488 gressus
1564 1451 1687 1479 meos
1725 1438 1878 1479 subtus

1048 1509 1134 1537 me:
1153 1496 1176 1520 *
1200 1500 1243 1536 et
1268 1507 1356 1535 non
1382 1498 1482 1535 sunt
1507 1494 1726 1535 infirmata
1750 1496 1877 1535 vesti-

1049 1552 1120 1602 gia
1138 1564 1250 1592 mea:

1100 1613 1347 1664 Persequar
1357 1611 1556 1651 inimicos
1563 1624 1697 1660 meOS,
1709 1616 1753 1652 et
1764 1624 1878 1652 com-

1049 1668 1319 1721 prehendam
1343 1667 1457 1708 illos:
1476 1668 1499 1692 *
1520 1672 1563 1708 et
1587 1680 1674 1708 non
1701 1669 1877 1708 conver-

1050 1730 1129 1774 tar,
1148 1724 1289 1765 donec
1310 1723 1527 1765 deficiant.

1102 1785 1383 1835 Confringam
1414 1783 1528 1833 illos,
1561 1796 1642 1825 nec
1669 1786 1878 1836 poterunt

1049 1846 1180 1883 stare:
1198 1842 1221 1866 *
1241 1840 1399 1882 cadent
1419 1839 1573 1881 subtus
1592 1840 1730 1892 pedes
1744 1853 1878 1882 meos.

1101 1903 1158 1943 Et
1171 1901 1440 1954 praecinxisti
1458 1913 1528 1941 me
1544 1901 1704 1942 virtute
1721 1901 1776 1942 ad
1791 1901 1877 1942 bel-

1049 1958 1152 1999 lum:
1171 1959 1195 1983 *
1220 1963 1263 1999 et
1288 1957 1581 2009 supplantasti
1604 1958 1878 2008 insurgentes

1048 2015 1092 2055 in
1111 2027 1181 2055 me
1202 2014 1355 2055 subtus
1374 2026 1455 2054 me.

1100 2076 1158 2116 Et
1189 2075 1387 2116 inimicos
1424 2087 1547 2116 meos
1581 2073 1741 2115 dedisti
1772 2073 1878 2113 mihi

1049 2131 1240 2180 dorsum,
1255 2132 1279 2156 *
1295 2136 1338 2172 et
1358 2131 1557 2172 odientes
1577 2143 1646 2171 me
1666 2129 1876 2182 disperdi-

1049 2187 1161 2229 disti.

1102 2248 1419 2297 Clamaverunt,
1436 2260 1518 2288 nec
1534 2251 1627 2288 erat
1643 2247 1716 2298 qui
1731 2246 1876 2287 salvos

1047 2305 1227 2353 faceret,
1252 2303 1309 2345 ad
1327 2304 1578 2345 Dominum:
1597 2303 1620 2328 *
1643 2315 1724 2343 nec
1749 2314 1875 2343 exau-

1049 2360 1157 2402 divit
1176 2373 1263 2401 eos.

1099 2421 1156 2461 Et
1171 2422 1463 2461 comminuam
1479 2432 1566 2469 eos,
1586 2424 1634 2460 ut
1650 2418 1875 2471 pulverem

1048 2482 1147 2518 ante
1173 2476 1330 2517 faciem
1353 2476 1485 2517 venti:
1504 2476 1527 2501 *
1551 2480 1599 2516 ut
1623 2475 1761 2516 lutum
1785 2473 1873 2526 pla-

1047 2535 1218 2574 tearum
1238 2531 1395 2573 delebo
1416 2544 1503 2573 eos.

1099 2593 1271 2645 Eripies
1290 2605 1360 2633 me
1381 2591 1436 2633 de
1456 2589 1873 2633 contradictionibus

1047 2649 1213 2701 populi:
1241 2648 1264 2674 *
1294 2650 1534 2689 constitues
1565 2660 1635 2689 me
1667 2647 1710 2686 in
1743 2649 1874 2696 caput

1048 2705 1264 2747 Gentium.
