2040 2944
520 177 723 210 Dominica
750 176 794 209 II.
820 176 922 218 Sept.
971 175 1116 209 Octava
1143 177 1177 209 S.
1204 175 1344 217 Ange-li
1371 174 1566 209 Custodis.

406 280 454 318 In
482 279 532 318 ΙΙ.
560 279 785 318 Noctumo.

216 344 363 382 Sermo
383 339 523 381 sancti
542 337 759 380 Bernardi
779 336 978 378 Abbatis.

184 407 240 439 Ex
259 406 375 440 Serm.
396 406 443 438 12.
462 415 579 447 super
596 404 736 438 psalm.
760 403 835 444 Qui
851 403 1011 438 habitat.

487 465 639 506 Lectio
660 466 713 506 iv.

188 544 309 577 *t*
334 529 471 581 ngelis
502 529 592 570 suis
619 528 844 571 mandavit
873 527 928 570 de
956 533 1012 569 te.

190 583 265 660 ιγ
351 586 462 627 Mira
488 585 703 636 dignatio,
730 590 774 627 et
799 598 902 627 vere
925 597 1012 625 ma-

187 631 321 671 ssss'-
351 656 436 694 gna
461 642 639 684 dilectio
666 642 873 684 caritatis.
906 641 1013 692 Quis

181 698 320 741 enim?
346 698 529 752 quibus?
556 698 611 740 de
633 697 744 750 quo?
770 698 876 750 quid
895 711 1012 739 man-

181 756 326 799 davit?
348 757 547 799 studiose
567 755 910 806 consideremus,
930 755 1013 796 fra-

180 819 281 864 tres,
302 814 534 865 diligenter
555 811 912 855 commendemus
926 825 1013 853 me-

180 871 334 912 moriae
354 871 440 912 hoc
455 876 546 912 tam
562 869 728 922 grande
746 869 1015 911 mandatum.

183 927 290 977 Quis
327 927 443 969 enim
472 926 720 968 mandavit?
757 926 877 977 cuius
914 931 1015 967 sunt

186 983 366 1035 Angeli?
396 985 518 1036 cujus
546 983 764 1025 mandatis
790 982 1014 1035 obtempe-

185 1039 307 1083 rant?
357 1042 478 1092 cujus
517 1040 728 1082 obediunt
772 1037 1015 1081 voluntati?

184 1099 356 1151 Nempe
382 1098 564 1149 Angelis
591 1098 682 1138 suis
710 1096 935 1138 mandavit
961 1096 1015 1138 de

184 1161 239 1204 te,
258 1160 306 1197 ut
322 1155 573 1196 custodiant
592 1159 636 1196 te
653 1155 697 1195 in
714 1153 919 1195 omnibus
934 1154 1016 1195 viis

184 1212 281 1253 tuis.
309 1211 403 1253 Nec
419 1213 689 1261 cunctantur,
706 1210 809 1263 quin
826 1210 958 1252 etiam
972 1211 1016 1251 in

184 1268 386 1310 manibus
414 1268 572 1310 tollant
602 1273 658 1310 te.
700 1268 877 1309 Summa
910 1280 1015 1318 ergo

184 1326 388 1378 majestas
406 1324 632 1367 mandavit
651 1324 846 1375 Angelis,
869 1329 913 1365 et
930 1325 1016 1364 An-

184 1382 293 1432 gelis
331 1382 421 1423 suis
457 1380 694 1423 mandavit.
738 1380 830 1422 Illis
864 1380 1016 1432 utique

185 1438 462 1487 sublimibus,
494 1444 584 1480 tam
611 1437 770 1487 beatis,
800 1443 891 1479 tam
917 1439 1016 1490 pro-

185 1495 300 1536 xime
325 1495 410 1536 sibi
429 1494 765 1543 cohaerentibus,
787 1499 878 1535 tam
897 1494 1016 1535 fami-

186 1552 352 1593 liariter
375 1551 458 1594 sibi
483 1550 822 1599 adhaerentibus,
847 1556 890 1592 et
913 1563 1016 1592 vere

186 1608 441 1650 domesticis
478 1608 562 1650 Dei
601 1607 829 1649 mandavit
870 1606 926 1649 de
962 1613 1017 1649 te.

185 1665 254 1706 Tu
288 1666 384 1718 quis
418 1665 489 1707 es?
534 1665 669 1715 Quasi
699 1677 806 1706 vero
840 1677 928 1705 non
962 1665 1018 1706 sit

186 1722 319 1763 homo
352 1722 564 1775 putredo,
599 1727 643 1764 et
679 1721 795 1762 filius
828 1720 1016 1763 hominis

186 1792 356 1821 vermls.

247 1846 296 1897 R.
314 1839 436 1882 Vivit
462 1840 558 1893 ipse
585 1840 818 1891 Dominus,
844 1844 867 1867 *
901 1841 1015 1891 Quo-

185 1897 300 1938 niam
327 1896 567 1939 custodivit
591 1910 662 1939 me
689 1897 886 1949 Angelus
914 1898 1017 1950 ejus,

186 1959 229 1995 et
251 1953 352 1995 hinc
377 1957 564 2004 euntem,
590 1959 634 1996 et
658 1954 719 1996 ibi
743 1957 1016 1996 commoran-

185 2014 286 2060 tem,
301 2015 345 2052 et
360 2011 461 2052 inde
476 2011 562 2052 huc
577 2013 884 2053 revertentem.
900 2008 1017 2061 yaEt

185 2079 273 2108 non
286 2068 486 2120 permisit
500 2081 570 2110 me
586 2068 800 2109 Dominus
815 2068 1017 2110 ancillam

186 2136 310 2165 suam
330 2125 616 2177 coinquinari.
644 2125 872 2176 Queniam.

499 2202 649 2242 Lectio
672 2216 706 2240 v.

190 2262 314 2368 Sed
336 2263 452 2316 quid,
471 2270 612 2317 putas,
630 2265 856 2308 mandavit
876 2265 931 2307 de
950 2266 1016 2308 te?

302 2321 527 2373 Numquid
568 2322 746 2375 scripsit
782 2327 938 2365 contra
973 2328 1017 2364 te

187 2377 523 2419 amaritudines?
552 2378 764 2431 numquid
792 2384 841 2421 ut
866 2384 1017 2421 contra

189 2433 351 2482 felium,
377 2434 495 2486 quod
515 2440 647 2477 vento
669 2436 848 2488 rapitur,
874 2438 1018 2477 osten-

189 2488 294 2531 dant
318 2491 558 2542 potentiam
583 2505 718 2539 suam,
744 2497 788 2534 et
812 2492 1018 2545 stipulam

189 2547 350 2588 siccam
372 2547 716 2598 persequantur?
741 2549 954 2601 numquid
971 2555 1019 2591 ut

188 2603 346 2644 tollant
370 2603 560 2654 impium,
584 2617 638 2645 ne
663 2605 811 2646 videat
833 2606 1018 2656 gluriam

190 2659 295 2701 Dei?
332 2659 629 2701 mandandum
661 2661 778 2703 istud
810 2668 894 2712 est,
930 2675 1018 2704 non

189 2715 455 2758 mandatum.
513 2716 667 2768 Itaque
704 2717 884 2769 Angelis
930 2719 1020 2760 suis

1062 272 1288 314 mandavit
1314 270 1369 313 de
1393 275 1456 321 te,
1484 275 1534 312 ut
1562 270 1814 313 custodiant
1839 275 1895 312 te.

1062 330 1311 372 Preti6sum
1343 327 1597 381 depesitum
1622 327 1751 369 nobis
1779 339 1895 369 com-

1063 389 1254 435 miserat,
1281 385 1471 427 fructum
1495 384 1638 426 crucis
1661 396 1771 434 suae,
1798 386 1895 437 pre-

1064 445 1173 486 tium
1193 442 1416 493 sanguinis
1432 442 1515 483 sui:
1534 454 1622 483 non
1638 446 1705 483 est
1719 442 1895 483 conten-

1064 506 1135 542 tus
1163 499 1367 542 custudia
1389 498 1473 540 hac
1495 503 1587 540 tam
1610 511 1767 551 parum
1790 501 1897 547 tuta,

1064 563 1155 600 tam
1179 569 1337 610 parum
1363 556 1477 606 utili,
1503 561 1595 598 tam
1623 554 1780 606 fragili,
1806 559 1898 596 tam

1065 613 1356 655 insufficienti.
1379 613 1521 665 Super
1536 624 1688 653 muros
1703 616 1815 660 tuos,
1830 610 1855 652 J
1857 623 1898 652 e-

1066 671 1269 720 rusalem,
1292 669 1520 712 constituit
1540 667 1759 718 custodes,
1781 680 1897 709 nem-

1066 741 1123 781 pe
1153 728 1286 769 etiam
1316 727 1402 780 ipsi
1435 726 1510 779 qui
1542 724 1744 767 videntur
1775 723 1900 773 muri,

1067 791 1142 828 aut
1160 785 1205 825 in
1222 797 1348 826 muro
1368 785 1467 837 ipso
1488 783 1717 832 columnae,
1741 781 1809 823 his
1829 793 1899 822 cu-

1068 841 1271 884 studibus
1292 846 1422 892 egent
1442 845 1486 882 et
1503 840 1705 881 maxime.

1122 902 1171 953 lx'g.
1215 898 1412 950 Angelus
1448 896 1627 939 Domini
1673 893 1902 938 descendit

1069 969 1168 998 cum
1188 956 1349 996 Azaria
1372 960 1417 997 et
1434 954 1566 996 sociis
1587 954 1677 1005 ejus
1697 953 1741 994 in
1757 952 1900 994 forna-

1069 1026 1176 1063 cem,
1197 1019 1241 1055 et
1260 1012 1456 1055 excussit
1475 1011 1698 1052 flammam
1716 1009 1827 1061 ignis
1846 1007 1902 1051 de

1069 1071 1263 1111 fornace:
1283 1071 1305 1094 *
1325 1070 1384 1111 Et
1399 1081 1487 1110 non
1506 1067 1649 1119 tetigit
1669 1079 1747 1108 eos
1766 1067 1901 1107 omni-

1069 1140 1126 1169 no
1142 1127 1266 1178 ignis,
1281 1139 1424 1179 neque
1440 1124 1727 1167 contristavit.
1749 1121 1800 1174 V.
1819 1122 1901 1164 Be-

1069 1184 1271 1226 nedictus
1302 1184 1424 1225 Deus
1463 1184 1632 1231 eorum,
1673 1180 1748 1232 qui
1783 1179 1903 1220 misit

1071 1241 1288 1292 Angelum
1324 1253 1470 1289 suum,
1514 1243 1557 1280 et
1598 1237 1712 1280 eruit
1748 1248 1902 1278 servos

1070 1311 1174 1340 suos
1205 1298 1278 1351 qui
1307 1295 1591 1339 crediderunt
1616 1294 1662 1335 in
1689 1306 1801 1336 eum.
1834 1292 1903 1334 Et.

1372 1354 1525 1394 Lectio
1546 1355 1600 1393 vi.

1072 1394 1336 1518 Quantam
1359 1410 1440 1452 tibi
1463 1409 1596 1452 debet
1615 1408 1700 1450 hoc
1719 1407 1903 1450 verbum

1187 1468 1347 1510 inferre
1390 1466 1702 1515 reverentiam,
1747 1463 1903 1506 afferre

1071 1526 1364 1575 devotionem,
1380 1523 1579 1566 conferre
1590 1521 1812 1569 fiduciam!
1826 1522 1905 1564 Re-

1071 1582 1313 1625 verentiam
1331 1593 1414 1634 pro
1433 1579 1682 1634 praesentia,
1707 1578 1903 1621 devotio-

1070 1652 1170 1681 nem
1206 1651 1289 1692 pro
1326 1636 1654 1686 benevolentia,
1698 1635 1903 1678 fiduciam

1070 1709 1153 1750 pro
1172 1693 1384 1737 custodia.
1415 1695 1553 1736 Caute
1571 1692 1758 1743 ambula,
1777 1697 1825 1735 ut
1843 1693 1904 1734 vi-

1072 1753 1244 1803 delicet,
1264 1751 1333 1794 cui
1349 1750 1509 1793 adsunt
1524 1750 1693 1801 Angeli,
1714 1750 1827 1791 sicut
1841 1748 1904 1791 eis

1070 1809 1325 1852 mandatum
1341 1814 1418 1859 est,
1433 1808 1477 1849 in
1493 1807 1695 1849 Omnibus
1709 1806 1792 1848 viis
1806 1805 1904 1848 tuis.

1070 1868 1120 1908 In
1137 1866 1294 1919 quovis
1314 1865 1573 1914 diverserio,
1591 1864 1636 1905 in
1657 1862 1813 1916 quovis
1832 1865 1903 1904 an-

1070 1924 1173 1975 gulo
1190 1923 1362 1974 Angelo
1378 1928 1454 1964 tuo
1470 1921 1760 1963 reverentiam
1779 1919 1904 1961 habe.

1071 1982 1140 2023 Tu
1164 1993 1219 2022 ne
1238 1979 1403 2021 audeas
1421 1979 1497 2020 illo
1524 1979 1756 2031 praesente,
1782 1976 1905 2030 quod

1071 2038 1246 2080 vidente
1262 2049 1332 2078 me
1346 2049 1435 2078 non
1449 2033 1659 2078 auderes?
1688 2035 1904 2084 Ceterum,

1071 2096 1154 2137 etsi
1168 2100 1259 2136 tam
1277 2093 1452 2147 parvuli
1468 2105 1629 2142 sumuS,
1649 2096 1693 2133 et
1711 2097 1802 2133 tam
1817 2103 1903 2132 ma-

1071 2165 1157 2203 gna
1181 2150 1328 2200 nobiS,
1354 2162 1436 2191 nec
1459 2148 1595 2191 modo
1621 2154 1711 2190 tam
1735 2160 1904 2199 magna,

1072 2208 1151 2250 sed
1184 2213 1228 2250 et
1255 2212 1347 2249 tam
1375 2206 1628 2260 periculosa
1656 2205 1727 2246 via
1753 2209 1904 2253 restat,

1073 2265 1180 2318 quid
1204 2270 1352 2307 tamen
1377 2263 1458 2305 sub
1484 2262 1618 2304 tantis
1645 2260 1904 2304 custodibus

1071 2320 1326 2364 timeamus?
1338 2333 1419 2362 nec
1430 2319 1640 2373 superari,
1648 2330 1731 2360 nec
1742 2315 1905 2367 seduci,

1071 2379 1213 2420 minus
1229 2384 1375 2421 autem
1391 2377 1605 2419 seducere
1619 2379 1819 2428 possunt,
1832 2373 1905 2427 qui

1073 2435 1327 2477 custodiunt
1346 2447 1427 2476 nos
1449 2434 1492 2474 in
1513 2431 1714 2475 omnibus
1728 2431 1810 2472 viis
1830 2443 1904 2472 no-

1073 2493 1185 2534 stris.
1214 2491 1389 2533 Fideles
1410 2495 1521 2538 sunt,
1536 2488 1777 2542 prudentes
1794 2493 1906 2535 sunt,

1074 2551 1280 2601 potentes
1315 2552 1431 2598 sunt3
1471 2545 1577 2598 quid
1604 2542 1904 2596 trepidamus?

1073 2611 1242 2647 tantum
1254 2605 1490 2656 sequamur
1501 2615 1589 2651 eos
1601 2601 1906 2642 adhaereamus

1074 2662 1149 2711 eis,
1165 2667 1208 2703 et
1223 2662 1268 2702 in
1282 2659 1561 2714 protectione
1572 2658 1656 2699 Dei
1672 2657 1774 2699 coeli
1790 2669 1905 2699 com-

1073 2720 1305 2760 moremur.
1361 2723 1407 2772 R:-
1437 2717 1489 2756 In
1510 2715 1638 2757 omni.
1659 2714 1763 2767 [261]
