2040 2944
205 177 303 222 [104]

502 279 653 319 Lectio
674 278 727 318 iii.

204 341 479 446 Fortitudo
502 346 547 383 et
570 341 705 384 decor
726 341 1029 384 indumentum

296 398 401 449 ejuS,
434 402 478 439 et
501 397 662 440 ridebit
685 399 730 439 in
753 398 824 440 die
849 399 1028 440 novissi-

204 467 287 495 mo.
315 454 376 495 Os
397 467 523 495 suum
544 456 715 507 aperuit
730 455 966 508 sapientiae,
987 460 1030 497 et

205 511 275 552 lex
296 510 540 552 clementiae
560 511 604 552 in
623 511 770 563 lingua
790 513 892 564 ejus.
920 511 1029 554 Con-

206 566 415 608 sideravit
444 568 619 609 semitas
654 568 811 610 domus
841 581 948 618 suae,
986 573 1030 610 et

204 636 364 677 panem
383 624 527 665 otiosa
546 637 634 666 non
654 624 853 667 comedit.
881 625 1030 666 Surre-

205 682 363 722 xerunt
394 680 471 721 filii
509 681 616 733 ejus,
655 685 699 723 et
734 681 1031 723 beatissimam

205 736 571 790 praedicaverunt:
598 738 664 779 vir
684 739 789 790 ejuS,
818 743 861 780 et
883 737 1030 779 lauda-

205 793 267 835 vit
295 806 401 834 eam.
438 794 587 836 Multae
614 794 716 836 fssiae
743 796 1030 846 congregave-

205 854 306 891 runt
322 849 510 891 divitias:
524 855 572 892 tu
587 853 869 904 supergressa
883 864 930 893 es
941 851 1030 892 uni-

205 908 365 948 versas.
406 906 557 948 Fallax
579 908 735 959 gratia,
764 912 807 950 et
829 920 941 949 vana
964 912 1031 950 est

206 962 504 1016 pulchritudo:
526 963 680 1006 mulier
703 965 860 1006 timens
882 965 1030 1006 Domi-

206 1033 323 1070 num,
350 1019 445 1072 ipsa
472 1019 732 1062 laudabitur.
774 1021 888 1063 Date
913 1021 952 1062 ei
975 1020 1030 1063 de

206 1076 351 1118 fructu
365 1078 571 1117 manuum
583 1080 774 1119 suarum:
793 1082 836 1119 et
850 1077 1030 1120 laudent

207 1145 303 1175 eam
322 1133 365 1173 in
384 1133 525 1185 portis
545 1135 682 1186 opera
702 1135 802 1186 ejus.

254 1203 304 1255 R
343 1197 498 1250 Specie
530 1202 606 1240 tua
636 1203 680 1240 et
705 1198 1030 1251 pulchritudine

206 1259 282 1296 tua
301 1261 323 1285 *
355 1254 555 1304 Intende,
586 1257 800 1308 prospere
827 1255 1030 1308 procede,

208 1316 251 1353 et
275 1323 419 1362 regna.
451 1311 500 1363 Υ
535 1311 707 1353 Diffusa
732 1316 799 1354 est
824 1312 964 1363 gratia
986 1313 1030 1353 in

206 1367 334 1409 labiis
352 1367 454 1417 tuis,
479 1370 718 1420 propterea
739 1368 963 1410 benedixit
986 1374 1030 1411 te

206 1425 327 1466 Deus
346 1424 390 1465 in
409 1425 630 1465 aeternum.
658 1424 854 1467 Intende.
877 1425 1031 1467 Gloria

206 1481 337 1523 Patri.
372 1479 566 1522 Intende.

428 1572 477 1611 In
500 1572 550 1611 II.
575 1572 797 1612 Nocturno.

256 1648 355 1688 Ant.
389 1645 547 1698 Specie
570 1650 647 1687 tua
672 1647 695 1673 *
723 1651 767 1688 et
792 1646 1030 1699 pulchritu-

208 1701 308 1743 dine
327 1706 402 1743 tua
421 1701 613 1753 intende,
642 1704 854 1756 prospere
879 1706 1030 1756 proce-

207 1757 273 1807 de,
293 1762 337 1799 et
354 1771 499 1809 regna.

472 1841 669 1882 Psalmus
689 1843 754 1881 44.

216 1928 251 1963 p
284 1914 510 1960 ructavit
550 1927 627 1956 cor
666 1927 810 1956 meum
848 1915 1031 1958 verbum

218 2004 222 2022 ,
245 1970 315 2029 *³⁴25
338 1970 518 2012 bonum:
558 1972 582 1999 *
623 1971 722 2013 dico
771 1984 853 2023 ego
895 1975 1031 2026 opera

219 2031 222 2040 '
254 2028 315 2050 14·
337 2039 435 2068 mea
453 2027 573 2079 Regi.

255 2084 422 2135 Lingua
453 2097 550 2126 mea
583 2085 776 2128 calamus
805 2087 978 2138 scribae,
1005 2089 1030 2115 *

206 2140 416 2183 velociter
435 2141 675 2184 scribentis.

256 2197 490 2250 Speciosus
509 2198 650 2240 forma
669 2213 762 2253 prae
777 2199 878 2241 filiis
892 2199 1027 2241 homi-

205 2267 318 2303 num,
335 2253 492 2295 diffusa
508 2259 575 2296 est
589 2256 730 2307 gratia
740 2256 782 2298 in
792 2256 918 2298 labiis
929 2257 1029 2298 tuis:

205 2311 228 2337 *
257 2312 493 2363 propterea
520 2311 744 2354 benedixit
769 2318 814 2355 te
837 2313 958 2355 Deus
984 2313 1028 2354 in

205 2367 427 2407 aeternum.

255 2423 498 2474 Accingere
527 2424 672 2475 gladio
704 2429 782 2467 tuo
811 2438 943 2479 super
970 2426 1027 2468 fe-

203 2491 300 2520 mur
319 2483 452 2529 tuum,
471 2482 495 2507 *
513 2482 827 2533 potentissime,

254 2535 409 2588 Specie
436 2540 511 2577 tua
540 2542 582 2579 et
607 2538 933 2590 pulchritudine
952 2543 1026 2580 tua

203 2594 226 2620 *
259 2591 451 2642 intende,
489 2595 701 2647 prospere
733 2594 946 2647 procede,
983 2599 1027 2636 et

202 2661 440 2759 regnat&
457 2706 695 2757 veritatem,
715 2712 758 2749 et
775 2711 1022 2749 mansuetu-

779 183 987 216 Communc
1014 193 1089 217 non
1114 183 1324 225 Virginum.

1083 276 1242 326 dinem,
1275 281 1320 318 et
1346 275 1567 328 justitiam:
1593 276 1618 303 *
1645 280 1688 317 et
1716 274 1905 318 deducet

1081 338 1125 375 te
1142 332 1397 375 mirabiliter
1415 331 1597 374 dextera
1613 335 1700 374 tua.

1133 390 1313 442 Sagittae
1341 394 1430 431 tuae
1458 392 1614 439 acutae,
1641 388 1797 442 populi
1825 387 1905 430 sub

1082 451 1125 488 te
1150 446 1323 496 cadent,
1350 447 1374 474 *
1401 446 1445 487 in
1473 445 1609 487 corda
1632 445 1906 487 inimicorum

1082 504 1228 554 Regis.

1134 560 1270 602 Sedes
1293 565 1369 602 tua
1387 559 1508 601 Deus
1531 558 1576 599 in
1600 558 1810 600 saeculum
1828 561 1906 600 Βώ-

1084 617 1184 658 culi:
1211 618 1235 644 *
1263 617 1385 667 virga
1414 615 1667 658 directionis
1693 615 1816 667 virga
1843 628 1906 658 re-

1082 673 1157 724 gni
1174 673 1247 715 tui.

1135 729 1338 771 Dilexisti
1365 728 1588 781 justitiam,
1617 732 1660 770 et
1679 727 1813 770 od1'sti
1832 729 1907 769 ini-

1085 786 1312 838 quitatem:
1355 787 1379 813 *
1419 786 1655 839 propterea
1700 785 1823 827 unxit
1862 789 1908 827 te

1083 842 1218 893 Deus,
1242 843 1362 884 Deus
1385 846 1488 884 tuus
1507 841 1605 883 oleo
1629 841 1796 883 laetitiae
1814 854 1908 894 prae

1084 899 1365 941 consortibus
1384 899 1482 940 tuis.

1135 955 1326 1007 Myrrha,
1357 959 1400 997 et
1423 959 1560 1007 gutta,
1588 959 1632 996 et
1656 954 1773 996 casia
1794 968 1820 996 a
1838 967 1907 997 ve-

1085 1012 1300 1054 stimentis
1315 1012 1413 1062 tuis,
1432 1024 1458 1052 a
1475 1010 1678 1053 domibus
1691 1011 1908 1054 eburneis:

1083 1069 1107 1095 *
1128 1082 1182 1111 ex
1206 1068 1366 1121 quibus
1389 1067 1718 1110 delectaverunt
1741 1073 1785 1110 te
1805 1068 1907 1110 filiae

1083 1138 1235 1177 regum
1254 1125 1297 1166 in
1315 1124 1484 1167 honore
1502 1128 1590 1166 tuo.

1136 1183 1287 1224 Astitit
1321 1183 1471 1233 regina
1503 1194 1528 1222 a
1556 1180 1723 1223 dextris
1749 1181 1839 1223 tuis
1858 1182 1909 1230 -in

1084 1241 1243 1281 vestitu
1263 1238 1488 1281 deaurato:
1507 1238 1531 1264 *
1550 1237 1821 1280 circumdata
1838 1251 1909 1280 va-

1083 1295 1248 1337 rietate.

1136 1351 1255 1393 Audi
1273 1351 1373 1401 filia,
1398 1355 1442 1392 et
1461 1350 1572 1400 vide,
1597 1354 1641 1392 et
1660 1350 1820 1392 inclina
1838 1364 1909 1392 au-

1083 1417 1175 1450 rem
1202 1413 1336 1449 tuam:
1361 1408 1385 1433 *
1414 1411 1458 1449 et
1485 1382 1745 1449 obliviscere
1771 1409 1909 1473 popu-

1082 1465 1172 1506 lum
1188 1469 1323 1514 tuum,
1343 1469 1386 1506 et
1405 1463 1584 1505 domum
1602 1463 1739 1516 patris
1758 1463 1832 1506 tui

1132 1521 1190 1563 Et
1209 1522 1490 1573 concupiscet
1506 1520 1605 1562 Rex
1624 1519 1830 1562 decorem
1845 1525 1909 1562 tu-

1082 1591 1173 1619 um:
1194 1578 1218 1603 *
1247 1577 1452 1630 quoniam
1478 1576 1574 1629 ipse
1603 1580 1670 1618 est
1695 1576 1909 1619 Dominus

1082 1634 1204 1675 Deus
1222 1639 1334 1683 tuuS‚
1355 1638 1398 1675 et
1416 1632 1664 1675 adorabunt
1683 1645 1792 1674 eum.

1133 1690 1191 1732 Et
1209 1690 1310 1731 filiae
1325 1689 1432 1742 Tyri
1450 1690 1495 1730 in
1512 1688 1763 1731 muneribus
1782 1690 1807 1718 *
1820 1689 1909 1731 vul-

1082 1752 1175 1789 tum
1206 1752 1329 1789 tuum
1361 1746 1726 1799 deprecabuntur:
1759 1758 1910 1788 omnes

1084 1803 1240 1846 divites
1256 1802 1409 1856 plebis.

1135 1860 1286 1901 Omnis
1304 1859 1444 1911 gloria
1468 1860 1559 1912 ejus
1577 1859 1680 1901 filiae
1698 1859 1834 1911 Regis
1852 1859 1908 1901 ab

1082 1917 1213 1967 intus,
1233 1917 1256 1943 *
1277 1917 1321 1958 in
1348 1915 1531 1958 fimbriis
1559 1916 1702 1958 aureis
1729 1916 1907 1958 circum·

1083 1975 1242 2015 amicta
1260 1972 1554 2015 varietatibus.

1135 2029 1421 2072 Adducentur
1448 2029 1560 2081 Regi
1590 2029 1778 2080 virgines
1805 2033 1908 2082 post

1083 2099 1193 2128 eam:
1203 2087 1227 2112 *
1238 2086 1450 2139 proximae
1469 2086 1559 2138 ejus
1569 2085 1804 2128 afferentur
1817 2085 1907 2127 tibi.

1133 2142 1384 2184 Afferentur
1408 2142 1451 2183 in
1475 2142 1627 2184 laetitia
1651 2147 1695 2184 et
1722 2141 1906 2184 exsulta-

1080 2199 1215 2241 tione:
1251 2201 1275 2227 *
1311 2199 1581 2241 adducentur
1616 2199 1660 2240 in
1696 2198 1906 2251 templum

1081 2256 1226 2307 Regis.

1131 2312 1218 2354 Pro
1246 2311 1446 2365 patribus
1473 2311 1559 2353 tuis
1586 2311 1677 2352 nati
1702 2315 1802 2352 sunt
1825 2310 1904 2352 tibi

1080 2367 1171 2408 filii:
1191 2370 1214 2396 *
1234 2370 1473 2410 constitues
1497 2380 1574 2410 eos
1596 2367 1818 2420 principes
1837 2380 1904 2409 su-

1079 2437 1158 2477 per
1179 2438 1352 2467 omnem
1371 2429 1545 2466 terram.

1130 2482 1347 2523 Memores
1372 2484 1497 2522 erunt
1515 2479 1703 2521 nominis
1722 2480 1799 2521 tui:
1819 2480 1842 2506 *
1860 2480 1904 2521 in

1079 2539 1197 2579 omni
1213 2537 1491 2589 generatione
1511 2541 1555 2578 et
1568 2537 1903 2587 generationem.

1128 2595 1371 2647 Propterea
1398 2592 1551 2646 populi
1579 2592 1903 2635 confitebuntur

1077 2650 1155 2692 tibi
1182 2651 1225 2692 in
1253 2652 1477 2692 aeternum:
1501 2649 1524 2675 *
1554 2654 1597 2690 et
1623 2649 1666 2690 in
1694 2649 1903 2692 saeculum

1077 2707 1237 2749 saeculi,
