2040 2944
180 163 272 207 [232]

584 169 760 202 Officium
787 168 962 201 votivum
987 167 1033 200 dc
1058 167 1247 200 l'ussionc
1275 167 1315 199 1).
1337 167 1381 200 N.
1403 167 1436 199 J.
1458 166 1497 200 C.

207 259 338 304 Haud
369 259 467 299 finis
504 258 678 299 sceleri:
713 257 904 299 traditur
935 260 1010 299 im-

490 313 633 366 probo

258 370 459 412 Christus
500 369 712 419 carnifici,
758 382 839 411 nec
876 382 1011 420 mora,

490 425 705 467 barbarus

258 482 309 522 In
341 494 490 533 regem
527 485 737 534 superum
768 495 856 523 non
888 482 1012 524 timet

490 550 626 590 nnp1o

335 595 459 635 Ausu
478 596 651 636 vertere
671 594 910 636 dexteram.

216 664 380 712 Audite,
401 676 427 704 o
442 663 607 715 populi,
622 663 798 705 Numen
813 663 1012 714 amabile,

257 721 465 761 Manente
503 731 558 787 e'x
589 719 784 784 humeris
819 719 1013 772 undique

493 788 714 826 sangume,

258 831 447 873 Lictoris
479 831 622 873 rabidi
657 832 847 873 sustinet
879 833 1014 883 impe-

337 944 394 985 Et
414 892 751 996 vocielnlilpremit
770 946 992 985 innocens.

211 1013 316 1065 Quis
347 1025 434 1054 non
466 1011 724 1054 illacrimet?
770 1013 868 1054 Jam
899 1024 1016 1054 nova

496 1068 695 1110 cendidit

259 1125 499 1166 Tormenta
522 1124 751 1189 indemitae
775 1125 918 1175 gentis
940 1125 1015 1164 ini-

261 1237 410 1287 Infigit
433 1185 765 1302 οεῖὲᾞῖἓῗρτοιι
789 1235 933 1278 d010r!
959 1236 1015 1277 ef-

339 1293 744 1401 Sertuniexlilespribus
763 1351 980 1401 asperum.

221 1419 315 1458 Heu
334 1415 514 1458 crimen!
537 1416 727 1480 trelaitur
746 1416 923 1459 funibus
942 1419 1017 1458 im-

263 1527 444 1569 Funesti
473 1471 691 1624 {effus
725 1528 929 1581 supplicii
962 1528 1019 1570 ad

263 1638 359 1680 Illic
379 1596 748 1692 oppetiifflffnere
769 1640 970 1692 spiritum

342 1695 463 1736 Patri
482 1698 717 1738 restituens
737 1709 828 1737 suo.

220 1764 352 1804 Passo
362 1776 444 1815 pro
451 1764 622 1805 miseris
633 1769 724 1806 tam
735 1764 828 1806 fera
838 1764 1020 1806 vulnera

264 1818 317 1859 In
340 1819 468 1861 terris
493 1821 670 1862 resonet
693 1819 842 1862 debita
864 1820 1019 1871 gloria;

265 1875 537 1926 Sacrumque
574 1875 749 1917 assidue
785 1888 945 1918 nomen
976 1876 1020 1916 in

499 1931 664 1973 aethera

267 1985 519 2026 Humanum
533 1999 671 2037 genus
687 1986 851 2028 efferat.
868 1987 1021 2027 Amen.

245 2048 291 2093 Y.
319 2045 507 2087 Oblatus
532 2051 599 2088 est
624 2047 726 2098 quia
751 2045 847 2099 ipse
871 2047 1021 2088 veluit.

195 2105 239 2153 lq.
269 2100 325 2142 Et
343 2101 482 2143 livore
503 2103 594 2152 ejus
614 2103 754 2144 sanati
772 2116 933 2144 sumus.

249 2159 313 2198 Ad
338 2160 506 2207 Magnis.
530 2162 627 2201 Ant.
657 2164 693 2199 ()
719 2171 800 2199 vos
825 2171 978 2199 omnes
998 2159 1021 2183 *

192 2211 266 2260 qui
282 2213 477 2254 transitis
490 2226 570 2265 per
587 2215 713 2263 viam,
733 2213 958 2263 attendite,
979 2219 1022 2255 et

192 2265 338 2308 videte
353 2268 389 2309 si
401 2273 469 2310 est
480 2268 608 2311 dolor
624 2271 737 2311 sicut
748 2269 877 2312 dolor
887 2282 1022 2311 meus.

525 2327 686 2367 Oratio.

194 2376 429 2479 Domine
449 2379 473 2420 J
477 2392 553 2421 esu
569 2381 752 2431 Christe,
777 2381 850 2433 qui
866 2381 922 2422 de
937 2394 1022 2423 coe-

314 2433 367 2474 lis
395 2434 452 2475 ad
478 2440 642 2477 terram
670 2437 726 2478 de
753 2437 851 2478 sinu
879 2437 1023 2478 Patris

195 2489 477 2539 descendisti,
519 2496 562 2532 et
603 2493 859 2543 sanguinem
899 2498 1023 2534 tuum

194 2544 439 2596 pretiesum
467 2545 511 2585 in
538 2548 844 2589 remissi6nem
869 2560 1023 2599 pecca-

193 2602 339 2640 torum
358 2603 609 2642 nostrerum
632 2603 795 2645 fudisti:
819 2608 863 2645 te
886 2603 1023 2643 humi-

194 2655 294 2697 liter
313 2655 617 2707 deprecamur3
641 2663 689 2700 ut
707 2659 750 2698 in
770 2659 841 2700 die
862 2658 1021 2710 judicii,

1063 257 1120 299 ad
1149 257 1377 299 dexteram
1403 262 1525 298 tuam
1551 256 1704 299 audire
1731 257 1896 298 merea—

1063 326 1179 354 mur:
1207 314 1370 355 Venite
1394 313 1631 355 benedicti:
1660 313 1746 363 Qui
1772 312 1896 354 vivis.

1122 369 1181 401 Ad
1201 368 1505 411 completorium
1523 375 1559 403 et
1575 379 1645 412 per
1664 369 1792 404 Horas
1809 371 1898 406 diei.

1070 418 1104 449 in
1133 418 1204 450 tine
1232 417 1472 459 Hymnorum
1498 417 1653 451 dicitur:

1120 461 1182 503 Sit
1201 460 1296 502 laus
1315 461 1447 510 Patri,
1466 473 1518 502 ac
1537 461 1770 511 Paraclito,

1167 516 1377 569 Natoque
1395 517 1541 558 Patris
1559 517 1691 558 unico

1167 573 1347 614 Nostrae
1366 572 1490 614 dedit
1509 573 1584 625 qui
1602 571 1814 625 prodigus

1169 629 1365 670 Pretium
1384 628 1538 670 salutis
1557 629 1825 680 sanguinem.

1379 685 1532 727 Amen.

1244 761 1330 802 Ad
1356 761 1722 803 matutinum.

1124 824 1249 863 Invit.
1281 822 1508 865 Christum
1535 822 1706 872 Regem
1732 821 1903 863 crucifi·

1067 891 1182 928 xum,
1206 880 1229 904 *
1243 878 1406 920 Venite
1426 877 1672 920 adoremus

1127 937 1192 976 Ps.
1212 936 1382 985 Venite,
1401 934 1681 976 exsultemus.
1699 935 1736 975 2.

1384 994 1594 1044 Hymnus.

1072 1044 1279 1149 Aspice,
1311 1046 1461 1087 infami
1485 1046 1607 1088 Deus
1625 1046 1721 1099 ipse
1738 1045 1857 1097 ligno

1214 1102 1396 1152 Pendet,
1421 1101 1561 1144 effuso
1582 1101 1788 1144 medidus
1808 1114 1902 1143 cru-

1381 1160 1475 1200 ore:

1147 1215 1324 1267 Aspice,
1343 1214 1454 1255 iffiiti
1471 1227 1627 1255 manus
1645 1214 1760 1256 alma
1775 1214 1902 1256 clavo

1331 1270 1533 1312 Finditur
1551 1270 1650 1312 alte.

1101 1343 1246 1389 Hunc,
1277 1339 1398 1381 velut
1423 1339 1551 1391 pravi
1577 1338 1756 1380 sceleris
1783 1338 1904 1380 mini-

1148 1451 1270 1493 Inter
1283 1400 1695 1502 indiggrdisniiledium
1708 1451 1905 1492 latrones

1150 1507 1304 1548 Cerne:
1325 1506 1514 1548 crudelis
1534 1507 1615 1548 fuit
1632 1507 1716 1548 ista
1735 1506 1878 1558 gentis

1331 1563 1439 1604 Dira
1457 1563 1674 1605 voluntas.

1107 1631 1241 1673 Pallet
1277 1631 1383 1672 heu!
1422 1631 1589 1681 vultus3
1632 1636 1766 1684 caput
1802 1643 1906 1673 ecce

1385 1686 1550 1728 lassum

1150 1742 1380 1785 Flectitur:
1418 1742 1578 1784 clausis
1616 1743 1755 1784 oculis
1790 1741 1906 1784 Red-

1385 1800 1560 1851 emptor

1152 1855 1363 1907 Spiritum
1378 1867 1504 1896 sacro
1519 1854 1686 1895 meritis
1701 1857 1906 1896 onustum

1334 1910 1497 1952 Fundit
1516 1910 1571 1952 ab
1591 1923 1680 1951 ore.

1102 1982 1138 2016 ()
1175 1991 1271 2028 cor,
1308 1992 1370 2020 aes
1402 1979 1561 2020 durum
1597 1981 1801 2031 superas,
1836 1990 1906 2029 ge-

1386 2034 1548 2076 mendo

1151 2090 1209 2131 Ni
1223 2090 1367 2131 scelus
1381 2095 1544 2140 tergas3
1558 2094 1635 2131 tua
1649 2089 1779 2142 culpa
1794 2089 1908 2130 Chri-

1152 2201 1301 2253 Stipiti
1319 2150 1564 2250 affisiititufriua
1584 2201 1713 2253 culpa
1731 2201 1863 2242 morti

1334 2256 1540 2298 Subdidit
1558 2262 1677 2299 atrae.

1103 2326 1168 2366 Sit
1189 2325 1287 2367 Deo
1312 2327 1528 2367 aeternum
1551 2325 1689 2367 decus
1712 2337 1842 2367 omne
1864 2326 1907 2366 in

1388 2394 1543 2431 aevum,

1155 2437 1239 2486 Qui
1275 2437 1375 2489 pius
1411 2437 1549 2478 nostri
1584 2437 1758 2487 generis
1792 2437 1908 2479 Red-

1387 2494 1572 2544 emptor,

1156 2548 1360 2589 Criminis
1385 2548 1530 2588 labem
1553 2548 1724 2588 miseris
1750 2550 1907 2590 nocen-

1387 2608 1479 2644 tem

1335 2659 1554 2709 SAnguine
1573 2659 1708 2700 tersit.
1736 2659 1890 2700 Amen.
