2040 2944
843 224 1012 257 Sabbun›

264 326 321 367 Et
349 325 559 366 dicerent:
595 321 749 362 Manus
784 326 935 362 nostra
964 334 1033 363 ex-

214 381 339 431 celsa,
351 386 394 423 et
408 393 495 421 non
506 379 608 429 Dfis,
619 378 643 403 *
654 378 756 419 fecit
767 377 863 419 haec
878 377 1033 418 emnia.

265 438 383 479 Gens
398 436 563 487 absque
578 434 763 476 consilio
781 439 858 485 est,
878 439 922 475 et
940 434 1033 475 sine

213 493 453 547 prudentia.
481 493 504 518 *
533 491 710 533 Utinam
738 493 960 543 saperent,
990 495 1033 532 et

213 550 518 601 intelligerent,
548 560 599 589 ac
627 547 865 589 novissima
889 547 1032 600 provi-

212 608 375 650 derent.

263 661 495 714 Quomodo
511 663 801 714 persequatur
816 674 926 702 unus
941 660 1032 701 mil-

211 721 261 770 le,
276 721 300 746 *
321 724 363 761 et
385 719 472 760 duo
495 718 645 770 fugent
665 717 817 759 decem
836 715 993 758 millia?

260 777 419 818 Nonne
432 775 546 824 ideo,
565 775 666 826 quia
676 775 796 816 Deus
812 787 916 815 suus
933 775 1031 815 ven-

212 833 323 875 djdit
351 845 443 882 eos,
461 832 484 858 *
509 836 552 872 et
573 831 787 872 Dominus
816 830 1033 872 conclusit

210 887 333 931 illos?

261 947 362 988 Non
384 945 499 987 enim
518 949 585 986 est
600 945 720 986 Deus
739 949 889 985 noster
907 948 956 985 ut
971 943 1032 985 dii

212 1005 377 1045 eorum:
396 1002 419 1028 *
440 1006 483 1043 et
508 1001 669 1042 inimici
689 1000 829 1042 nostri
850 1004 951 1041 sunt
974 1001 1031 1052 ju-

211 1059 343 1101 dices.

261 1116 330 1157 De
350 1117 474 1156 vinea
493 1113 799 1164 Sodomorum,
816 1115 943 1155 vinea
963 1115 1031 1155 eo-

211 1186 316 1223 rum,
327 1173 350 1198 *
362 1177 405 1213 et
420 1171 475 1213 de
490 1170 750 1212 suburbanis
758 1170 1032 1211 Gomorrhae:

255 1229 350 1271 Uva
378 1230 530 1270 eorum
557 1240 642 1268 uva
662 1227 790 1277 fellis,
810 1227 833 1253 *
854 1231 897 1268 et
915 1226 1032 1268 botri

210 1285 480 1327 amarissimi.

260 1342 337 1384 Fel
354 1341 593 1383 draconum
608 1341 755 1382 vinum
773 1342 934 1390 eorum,
949 1340 972 1366 *
989 1345 1032 1382 et

210 1400 425 1441 venenum
444 1397 647 1451 aspidum
664 1396 916 1439 insanabile.

259 1455 418 1497 Nonne
451 1454 546 1496 haec
580 1454 757 1496 condita
785 1459 886 1495 sunt
914 1454 1032 1506 apud

210 1525 290 1562 me,
307 1512 331 1537 *
348 1516 391 1553 et
409 1511 579 1563 signata
598 1511 640 1551 in
661 1510 880 1552 thesauris
899 1509 1030 1552 meis?

260 1568 359 1610 Mea
383 1573 449 1609 est
471 1567 597 1617 ultio,
628 1572 671 1608 et
691 1579 772 1618 ego
793 1567 1031 1608 retribuam

210 1625 253 1666 in
271 1626 482 1678 tempore,
493 1625 516 1650 *
527 1629 575 1665 ut
589 1623 762 1666 labatur
775 1636 854 1676 pes
866 1626 1031 1666 eorum:

259 1681 391 1723 Juxta
419 1685 485 1722 est
513 1681 606 1722 dies
631 1679 908 1733 perditionis,
935 1681 959 1706 *
988 1685 1031 1722 et

209 1737 365 1779 adesse
383 1738 589 1779 festinant
608 1739 819 1789 tempora.

259 1794 284 1835 J
285 1794 480 1835 udicabit
498 1793 713 1835 Dominus
731 1793 944 1845 populum
963 1806 1030 1835 su-

210 1864 292 1900 um,
311 1851 334 1876 *
355 1855 398 1892 et
416 1851 460 1891 in
479 1850 617 1891 servis
633 1850 723 1890 suis
737 1849 1031 1894 miserebitur:

261 1907 442 1948 Videbit
470 1906 590 1958 quod
617 1906 834 1947 infirmata
861 1906 918 1947 sit
944 1919 1030 1948 ma-

211 1976 301 2013 nUS,
315 1963 340 1989 *
355 1968 399 2005 et
418 1963 555 2004 clausi
572 1975 747 2015 quoque
768 1962 1031 2014 defecerunt,

210 2019 460 2072 residuique
479 2019 727 2072 consumpti
747 2023 857 2060 sunt.

261 2076 318 2117 Et
337 2076 470 2118 dicet:
498 2076 584 2118 Ubi
609 2081 709 2117 sunt
729 2075 790 2117 dii
811 2077 979 2127 eurum,
1007 2078 1045 2103 *¹

210 2132 253 2173 in
275 2132 432 2184 quibus
450 2132 670 2174 habebant
688 2131 919 2174 fiduciam?

260 2189 329 2230 De
343 2202 527 2241 quorum
538 2189 726 2231 victimis
741 2189 1031 2232 comedebant

210 2245 383 2298 adipes,
401 2247 425 2272 *
445 2251 488 2288 et
514 2246 724 2288 bibebant
752 2246 899 2287 vinum
926 2246 1030 2289 liba-

209 2315 389 2343 mmum:

262 2358 465 2410 Surgant,
493 2364 537 2401 et
564 2359 833 2412 opitulentur
854 2360 989 2411 vobis,
1006 2361 1030 2387 *

211 2419 255 2456 et
273 2415 316 2455 in
335 2416 596 2458 necessitate
614 2429 695 2458 vos
714 2418 959 2469 protegant.

262 2471 424 2513 Videte
445 2472 563 2524 quod
583 2486 664 2524 ego
687 2473 770 2514 sim
789 2473 925 2523 solus,
942 2474 967 2499 *
987 2479 1030 2516 et

210 2539 298 2568 non
319 2527 376 2569 sit
395 2528 505 2569 alius
524 2529 643 2570 Deus
661 2535 823 2582 praeter
842 2542 928 2571 me:

261 2583 356 2635 Ego
385 2584 598 2635 occidam,
628 2590 671 2627 et
700 2599 780 2638 ego
806 2588 953 2628 vivere
972 2586 1029 2627 fa-

210 2641 336 2682 ciam:
362 2641 622 2693 percutiam,
647 2647 689 2683 et
710 2655 792 2694 ego
813 2642 989 2691 sanabO,
1006 2643 1029 2667 *

211 2702 255 2739 et
272 2709 361 2738 non
380 2702 447 2739 est
467 2698 541 2749 qui
561 2697 616 2739 de
634 2711 763 2740 manu
777 2711 875 2740 mea
887 2698 1031 2751 possit

211 2756 372 2795 eruere.

1040 223 1086 256 nd
1115 222 1272 256 Laude&

1136 321 1315 364 Levabo
1332 322 1388 364 ad
1399 323 1560 365 coelum
1570 335 1747 364 manum
1757 336 1910 373 meam,

1086 383 1129 420 et
1147 378 1306 420 dicam:
1324 379 1348 406 *
1367 379 1484 422 Vivo
1510 391 1593 431 ego
1617 379 1662 420 in
1685 381 1910 421 aeternum.

1135 435 1180 476 Si
1225 439 1385 479 acuero
1433 441 1481 478 ut
1526 435 1670 488 fulgur
1716 435 1911 488 gladium

1084 504 1246 542 meum,
1280 493 1304 519 *
1338 497 1381 534 et
1423 492 1660 545 arripuerit
1703 491 1911 544 judicium

1084 561 1238 590 manus
1258 562 1372 591 mea:

1136 605 1339 647 Reddam
1354 605 1568 648 ultionem
1579 604 1782 647 hostibus
1789 605 1911 656 meis,

1085 662 1108 687 *
1128 666 1172 703 et
1190 662 1258 704 his
1280 663 1355 715 qui
1375 662 1563 704 oderunt
1577 675 1647 704 me
1661 661 1910 704 retribuam.

1136 719 1371 761 Inebriabo
1393 721 1575 772 sagittas
1599 731 1720 760 meas
1740 718 1910 771 sangui-

1084 787 1154 825 ne,
1187 776 1211 801 *
1243 780 1287 817 et
1318 776 1490 828 gladius
1523 788 1646 817 meus
1680 774 1911 817 devorabit

1085 844 1249 883 carnes,

1135 889 1203 930 De
1222 891 1378 931 cruore
1394 889 1652 939 occisorum,
1666 889 1690 914 *
1706 893 1750 930 et
1769 888 1824 931 de
1843 901 1910 930 ca·

1084 945 1305 997 ptivitate,
1341 946 1495 988 nudati
1527 946 1803 987 inimicerum
1842 947 1910 987 ca·

1083 1001 1199 1054 pitis.

1133 1058 1333 1101 Laudate
1349 1059 1516 1101 Gentes
1534 1059 1748 1112 pupulum
1769 1060 1871 1112 ejus,
1885 1059 1910 1085 *

1085 1115 1187 1167 quia
1206 1116 1462 1167 sanguinem
1481 1118 1709 1158 servorum
1730 1117 1911 1158 suerum

1084 1171 1335 1214 ulciscetur:

1135 1229 1193 1270 Et
1211 1228 1450 1271 vindictam
1469 1229 1683 1272 retribuet
1697 1229 1742 1270 in
1756 1229 1910 1272 hostes

1085 1287 1252 1336 eorum,
1284 1286 1308 1312 *
1342 1291 1386 1328 et
1414 1286 1634 1339 propitius
1667 1286 1749 1328 erit
1779 1290 1911 1328 terrae
1977 1294 1979 1298 ·

1084 1343 1238 1395 pepuli
1257 1343 1334 1384 sui.

1138 1400 1236 1439 Ant.
1278 1399 1393 1441 Date
1432 1399 1778 1452 magnitudinem
1813 1400 1911 1442 Deo

1084 1461 1246 1554 noffig.
1274 1515 1328 1555 In
1360 1512 1570 1566 cymbalis
1605 1513 1910 1556 benesonanti-

1084 1569 1166 1611 bus
1185 1571 1209 1596 *
1228 1570 1405 1612 laudate
1423 1570 1578 1611 Deum.

1134 1628 1202 1669 Ps.
1231 1631 1432 1673 Laudate
1450 1631 1567 1672 Dfim
1589 1629 1645 1672 de
1665 1630 1801 1672 coelis.
1829 1631 1888 1672 16.

1135 1699 1394 1751 Capitulum.
1596 1698 1721 1738 Rom.
1742 1697 1799 1739 13.
1819 1695 1857 1738 d.

1082 1755 1238 1863 Nox
1264 1762 1510 1814 praecessit,
1539 1761 1634 1804 dies
1662 1765 1810 1803 autem
1836 1773 1909 1814 ap-

1195 1818 1519 1871 propinquavit.
1552 1817 1823 1871 Abjiciamus
1847 1830 1909 1860 er-

1083 1887 1140 1926 go
1157 1877 1293 1928 opera
1306 1875 1599 1926 tenebrarum,
1618 1879 1663 1917 et
1676 1873 1909 1916 induamur

1084 1944 1205 1973 arma
1231 1931 1353 1973 lucis.
1405 1931 1527 1974 Sicut
1553 1932 1598 1972 in
1626 1931 1697 1973 die
1725 1930 1910 1973 honeste

1084 1988 1367 2030 ambulemus.

1392 2047 1604 2099 Hymnus.

1191 2117 1323 2156 urora
1341 2115 1426 2167 jam
1445 2114 1613 2168 spargit
1631 2114 1799 2168 polum:

1238 2171 1388 2214 Terris
1408 2171 1504 2213 dies
1523 2171 1731 2214 illabitur.

1160 2228 1292 2270 Lucis
1314 2227 1498 2270 resultat
1521 2228 1754 2281 spiculum:

1159 2284 1372 2327 Discedat
1390 2297 1520 2328 omne
1538 2285 1764 2327 lubricum.

1107 2348 1375 2392 Phantasma
1393 2351 1536 2393 noctis
1557 2351 1741 2394 exsulet:

1159 2407 1319 2448 Mentis
1338 2409 1486 2449 reatus
1505 2409 1696 2450 corruat:

1161 2463 1386 2516 Quidquid
1403 2463 1598 2506 tenebris
1616 2463 1845 2506 horridum

1159 2520 1261 2562 Nox
1279 2521 1427 2562 attulit
1444 2521 1597 2574 culpae,
1616 2520 1756 2563 cadat.

1111 2586 1168 2627 Ut
1185 2599 1324 2636 mane,
1345 2586 1463 2638 quod
1482 2599 1564 2628 nos
1582 2585 1784 2628 ultimum

1160 2643 1246 2684 Hic
1266 2642 1555 2695 deprecamur
1574 2642 1734 2693 cernui,

1161 2699 1270 2740 Cum
1288 2699 1386 2741 luce
1403 2699 1530 2741 nobis
1548 2699 1708 2749 effluat,

1158 2756 1258 2797 Hoc
1278 2755 1383 2797 dum
1401 2758 1561 2798 canere
1581 2757 1831 2808 concrepat.
