2040 2944
521 195 530 209 x
579 176 649 210 Die
676 177 703 210 1.
728 176 971 211 Novembris.
1019 176 1196 210 Omnium
1221 177 1457 212 Sanctorum.

164 274 207 311 et
240 273 377 318 recte,
414 267 771 320 quandequidem
809 269 988 321 spiritus
1041 272 1139 311 cere
1161 275 1292 312 terrae
1318 275 1362 311 et
1384 269 1505 318 mari,
1533 281 1676 320 neque
1701 268 1864 310 arbori-

163 326 292 367 etiam
319 330 477 368 ventus
502 327 696 367 vocatur.
732 324 860 367 Unde
886 326 987 367 scri·
1039 325 1133 376 bus,
1160 326 1450 378 quoadusque
1474 325 1694 376 signemus
1714 338 1867 367 servos

161 387 288 434 ptum
316 387 398 424 est:
425 382 555 433 Ignis,
583 381 762 433 grando,
790 382 874 431 nix,
901 382 987 433 gla-
1039 384 1125 425 Dei
1142 384 1283 425 nostri
1301 384 1345 424 in
1363 382 1581 424 frentibus
1601 384 1764 424 eorum.

159 439 269 488 cies,
307 439 486 491 spiritus
522 438 827 491 procellarum.
881 438 988 489 Quis

162 507 267 536 vero
287 495 454 537 nesciat
468 494 683 548 superbos
699 495 876 536 inflatos
891 494 988 544 dici,

161 556 385 603 tamquam
417 556 548 593 vento
581 549 818 593 distentos?
859 550 988 593 Unde

162 613 229 650 est
259 609 390 649 etiam
418 607 527 650 illud
550 607 772 661 Apestoli:
800 607 989 649 Scientia

161 665 298 714 inflat,
325 665 485 706 caritas
510 677 615 706 vero
641 663 842 706 aedificat.
877 665 988 715 Qua—

162 723 346 774 propter
357 726 476 762 recte
491 720 563 762 hic
577 720 876 772 intelligantur
890 724 990 773 pau-

161 790 290 829 peres
317 776 484 830 spirim,
508 776 695 818 humiles
720 782 763 819 et
785 777 988 819 timentes

162 833 315 884 Deum,
338 833 385 878 id
403 838 482 884 est,
500 846 589 875 non
608 833 820 875 habentes
839 834 988 875 inflan-

161 896 251 932 tem
269 891 481 944 spiritum.

215 957 278 997 Te
297 956 441 997 Deum
458 955 698 997 laudamus.
717 957 776 997 14.

427 1045 506 1086 Ad
527 1046 724 1087 Laudes

385 1112 433 1143 et
467 1118 559 1152 per
590 1108 772 1143 Horas.

218 1176 318 1217 Ant.
344 1178 372 1216 1.
402 1176 505 1219 Vidi
530 1177 705 1219 turbam
729 1191 943 1229 magnam,
967 1180 989 1205 *

164 1249 295 1289 quam
327 1235 602 1277 dinumerare
637 1247 766 1276 nemo
803 1238 990 1288 poterat,

163 1306 218 1335 ex
243 1291 443 1334 omnibus
461 1290 675 1343 gentibus,
699 1297 866 1334 stantes
889 1297 990 1334 ante

162 1349 380 1392 thronum.

214 1411 282 1451 Ps.
309 1409 526 1451 Deminus
547 1409 756 1459 regnavit.
777 1410 835 1450 15.

215 1472 251 1512 2.
277 1472 333 1512 Et
358 1482 511 1511 omnes
530 1469 688 1521 Angeli
711 1470 734 1496 *
754 1471 928 1512 stabant
946 1471 990 1511 in

163 1527 347 1568 circuitu
382 1526 543 1576 throni,
582 1531 625 1568 et
662 1527 913 1569 ceciderunt
947 1528 991 1568 in

164 1584 405 1636 conspectu
426 1582 572 1624 throni
594 1583 638 1623 in
657 1583 791 1624 facies
810 1597 923 1633 suas,
949 1589 992 1625 et

163 1638 457 1681 adoraverunt
475 1639 628 1680 Deum.

216 1703 252 1744 3.
278 1700 518 1744 Redemisti
532 1713 614 1742 nos
629 1702 652 1726 *
667 1700 855 1743 Domine
870 1702 991 1743 Deus

163 1758 206 1798 in
231 1757 441 1809 sanguine
466 1762 543 1798 tuo
567 1769 623 1799 ex
647 1758 766 1798 omni
790 1757 922 1808 tribu,
949 1763 991 1800 et

162 1814 320 1865 lingua,
340 1818 384 1855 et
403 1813 582 1866 pepulo‚
603 1818 647 1856 et
666 1814 852 1866 natic'me,
872 1819 916 1856 et
933 1814 991 1856 fe-

165 1870 263 1912 cisti
280 1883 362 1912 nos
381 1870 478 1912 Deo
497 1875 650 1912 nostro
669 1883 860 1921 regnum.

217 1934 255 1974 4.
275 1932 530 1974 Benedicite
545 1932 783 1974 Dominum
801 1934 824 1959 *
841 1947 992 1975 omnes

165 1989 291 2031 electi
322 1991 431 2041 ejus:
464 1989 579 2040 agite
612 1989 707 2031 dies
734 1990 915 2041 laetitiae,
949 1995 992 2032 et

165 2045 434 2088 confitemini
459 2045 534 2087 illi.

216 2106 254 2146 5.
269 2106 469 2158 Hymnus
485 2107 685 2149 omnibus
699 2107 870 2150 Sanctis
886 2109 991 2159 ejus:

163 2163 187 2189 *
223 2162 323 2204 filiis
359 2163 514 2212 Israel,
549 2164 716 2216 populo
755 2165 990 2217 appropin-

165 2220 317 2272 quanti
343 2219 441 2261 sibi:
472 2219 612 2271 gleria
639 2221 735 2263 haec
763 2226 830 2263 est
857 2222 990 2263 emni-

164 2275 246 2318 bus
274 2276 445 2318 Sanctis
473 2277 575 2328 ejus.

746 2323 884 2408 Apoc.
903 2357 938 2397 7.

246 2436 322 2465 cce
353 2437 436 2475 ego
465 2424 657 2467 Joannes
690 2425 780 2467 vidi
808 2426 993 2467 alterum

264 2480 480 2532 Angelum
495 2481 805 2524 ascendentem
819 2483 874 2523 ab
895 2487 994 2523 ortu

167 2535 286 2586 solis,
317 2535 551 2579 habentem
579 2538 749 2589 signum
777 2539 861 2580 Dei
889 2539 993 2579 vivi:

167 2596 211 2633 et
235 2592 446 2636 clamavit
473 2607 583 2637 voce
614 2608 773 2646 magna
805 2597 994 2647 quatuor

167 2648 361 2699 Angelis,
387 2650 544 2702 quibus
568 2651 719 2693 datum
744 2656 811 2694 est
833 2654 993 2693 nocere

167 2711 298 2746 terrae
323 2710 367 2748 et
392 2707 515 2758 mari,
547 2707 710 2750 dicens:
738 2709 888 2750 Nolite
917 2720 991 2750 no-

218 2356 478 2408 Capitulum.

1351 464 1562 516 Hymnus.

1140 529 1269 571 alutis
1289 530 1467 570 aeternae
1489 529 1627 578 dator,

1161 587 1184 627 J
1187 599 1275 635 esu,
1295 585 1536 637 redemptis
1556 585 1752 627 subveni:

1118 643 1257 693 Virgo
1277 654 1438 695 parens
1459 642 1701 683 clementiae

1119 700 1247 741 Dona
1266 698 1452 739 salutem
1471 698 1666 739 servulis.

1071 767 1162 808 Vos
1183 764 1454 814 Angelorum
1472 763 1616 812 millia,

1118 823 1386 872 Patramque
1407 825 1559 869 coetus,
1581 821 1754 871 agmina

1121 879 1292 920 Canora
1310 878 1490 919 Vatum:
1510 889 1591 918 vos
1610 877 1697 918 reis

1118 934 1363 976 Precamini
1383 932 1716 984 indulgentiam.-

1070 1003 1270 1054 Baptista
1291 1000 1451 1041 Christi
1471 1000 1675 1052 praevius,

1121 1058 1373 1109 Summique
1395 1056 1494 1098 coeli
1516 1056 1729 1107 Claviger‚

1121 1115 1230 1156 Cum
1250 1114 1407 1156 ceteris
1426 1113 1655 1166 Apestolis

1118 1171 1270 1213 Nexus
1289 1170 1512 1212 reselvant
1532 1170 1770 1211 criminum.

1075 1237 1243 1280 Cohors
1263 1235 1537 1288 triamphans
1557 1235 1809 1286 Martyrum,

1119 1293 1274 1334 Almus
1294 1291 1583 1334 Sacerdotum
1603 1291 1774 1339 chorus,

1119 1351 1176 1392 Et
1195 1349 1417 1401 virginalis
1438 1348 1617 1390 castitas

1120 1407 1312 1449 Nostros
1333 1408 1481 1447 reatus
1501 1405 1690 1447 abluant.

1074 1474 1345 1524 Quicumque
1365 1472 1408 1512 in
1429 1471 1517 1513 alta
1535 1470 1728 1512 siderum

1121 1529 1335 1580 Regnatis
1356 1528 1454 1569 aula
1473 1527 1708 1580 principes,

1121 1587 1284 1628 Favete
1304 1585 1419 1640 votis
1439 1584 1699 1637 supplicum,

1121 1643 1205 1694 Qui
1222 1641 1339 1684 dona
1359 1641 1461 1682 coeli
1481 1641 1690 1692 flagitant.

1072 1706 1232 1757 Virtus,
1251 1707 1403 1755 honor,
1422 1706 1528 1755 laus,
1548 1705 1688 1756 gleria

1120 1766 1217 1806 Deo
1237 1763 1357 1805 Patri
1377 1775 1476 1804 cum
1495 1762 1618 1812 Filio,

1120 1822 1282 1863 Sancto
1302 1818 1432 1861 simul
1450 1818 1680 1868 paraclito,

1120 1879 1172 1919 In
1191 1877 1455 1918 saeculorum
1473 1875 1646 1917 saecula.
1674 1874 1828 1916 Amen.

1098 1943 1148 1995 ys.
1169 1946 1466 1988 Exsultabunt
1491 1945 1630 1987 sancti
1654 1944 1698 1985 in
1722 1944 1871 1995 gloria.

1047 2006 1097 2058 Rz.
1114 2003 1403 2046 Laetabuntur
1420 2002 1464 2043 in
1485 2000 1699 2044 cubilibus
1720 2000 1820 2041 suis.

1098 2072 1169 2114 Ad
1193 2072 1356 2114 Bened.
1387 2074 1486 2113 Ant.
1516 2072 1576 2112 Te
1602 2070 1822 2121 gloriosus
1847 2069 1871 2095 *

1045 2130 1363 2183 Apostolerum
1383 2128 1553 2177 chorus,
1572 2132 1617 2169 te
1631 2125 1871 2178 Propheta-

1043 2200 1140 2228 rum
1157 2185 1390 2227 laudabilis
1411 2188 1628 2232 numerus,
1647 2187 1691 2224 te
1710 2182 1871 2234 Marty-

1044 2256 1140 2285 rum
1173 2241 1434 2284 candidatus
1464 2240 1615 2282 laudat
1643 2238 1872 2288 exercitus,

1045 2305 1089 2341 te
1113 2311 1265 2341 omnes
1280 2298 1428 2340 Sancti
1443 2302 1486 2339 et
1505 2296 1633 2338 electi
1647 2308 1757 2338 voce
1772 2308 1871 2336 con-

1043 2356 1221 2397 fitentur
1248 2354 1485 2404 unanimes,
1512 2352 1645 2395 beata
1668 2352 1871 2401 Trinitas

1044 2425 1155 2453 unus
1182 2412 1315 2453 Deus.

1382 2467 1544 2509 Oratio.

1132 2539 1381 2589 mnipotens
1432 2536 1695 2589 sempiterne
1739 2534 1871 2582 Deus,

1167 2596 1241 2647 qui
1271 2606 1352 2634 nos
1389 2593 1581 2635 emnium
1613 2592 1870 2634 Sanctorum

1044 2653 1220 2693 tuerum
1251 2650 1406 2691 merita
1443 2649 1524 2691 sub
1559 2662 1646 2691 una
1680 2646 1871 2690 tribuisti

1045 2707 1299 2749 celebritate
1314 2706 1528 2748 venerari:
1544 2707 1807 2759 quaesumus;
1822 2706 1871 2744 ut
