2040 2944
515 217 719 252 Dominica
745 218 888 253 XXIV.
914 223 950 253 et
975 219 1107 253 ultima
1132 224 1221 262 post
1245 221 1508 255 Pentecosten.

154 310 308 352 Lectio
332 310 473 351 sancti
494 309 722 360 Evangelii
745 310 989 352 secundum

439 366 708 408 Matthaeum.

232 443 385 485 Lectio
407 444 476 485 vii.
668 446 770 497 Cap.
790 447 848 486 13.
869 447 907 488 d.

1802 220 1868 255 243

1344 317 1495 358 Lectio
1516 318 1570 357 ix.

1107 367 1164 409 ed
1182 368 1256 410 illa
1276 381 1375 410 cum
1390 370 1616 420 creverint,
1636 370 1740 411 nihil
1754 384 1864 412 mor-

1124 424 1226 474 dax,
1252 425 1358 466 nihil
1375 426 1587 476 vividum,
1610 426 1716 468 nihil
1735 427 1866 469 vitule

202 509 231 537 n
253 496 330 538 5110
353 497 572 548 tempore:
600 495 724 536 Dixit
747 495 875 536 JesuS
899 500 986 537 tur,
1038 479 1358 522 demonstrant:
1376 481 1455 523 sed
1474 487 1615 523 totum
1634 482 1867 524 flaccidum

219 552 288 594 bis
313 551 572 605 parabolam
597 551 726 592 hanc:
753 551 901 593 Simile
921 557 988 593 est

151 622 336 660 regnum
377 608 594 650 coelorum
629 620 767 658 grano
807 608 986 660 sinapis,

154 664 274 718 quod
297 665 518 718 accipiens
539 664 673 706 homo
695 663 926 706 seminavit
944 664 987 704 in

152 734 259 772 agro
280 734 372 763 suo.
400 722 458 763 Et
477 720 658 773 reliqua.

167 791 360 834 Homilia
382 792 421 833 S.
445 790 705 843 Hieronymi
724 790 986 843 Presbyteri.

211 855 294 892 Lib.
316 857 347 892 2.
373 858 518 895 Comm.
543 859 584 894 in
609 870 691 903 cap.
718 860 767 894 13.
794 860 925 895 Matth.

165 925 173 967 §⁴
192 914 231 961 *js
245 923 247 959 j
252 914 443 970 egnum
480 907 694 949 coelorum
727 907 985 960 praedicatio

170 991 173 1001 η
225 968 278 1019 Ἃρ
299 964 527 1016 Evangelii
546 969 625 1015 est,
646 969 690 1006 et
705 965 861 1005 notitia
876 964 986 1005 Scri-

192 1023 193 1033 *
262 1020 272 1040 ³²
299 1023 545 1073 pturarum,
574 1033 673 1073 quae
699 1019 820 1062 ducit
846 1020 902 1062 ad
926 1021 985 1061 vi-

153 1081 261 1127 tam,
287 1082 331 1119 et
354 1076 410 1119 de
431 1089 517 1129 qua
537 1077 695 1118 dicitur
715 1076 771 1118 ad
789 1076 985 1119 Judaeos:

153 1133 391 1175 Auferetur
415 1147 441 1174 a
462 1133 589 1175 vobis
612 1146 796 1184 regnum
814 1134 915 1183 Dei,
942 1139 986 1175 et

153 1189 328 1232 dabitur
353 1190 473 1241 genti
494 1190 671 1231 facienti
694 1189 861 1231 fructus
883 1191 985 1241 ejus.

151 1246 298 1288 Simile
337 1251 403 1288 est
443 1258 548 1297 ergo
584 1245 888 1297 hujuscemodi
920 1259 984 1287 re-

149 1314 283 1353 gnum
315 1315 453 1353 grano
492 1302 674 1355 sinapis,
716 1301 837 1354 quod
876 1304 984 1343 acci-

149 1358 276 1411 piens
294 1358 429 1400 homo
454 1357 684 1400 seminavit
702 1358 746 1398 in
766 1371 870 1409 agro
891 1371 983 1400 suo.

150 1415 299 1457 Homo
336 1416 411 1467 qui
445 1415 630 1457 seminat
667 1414 712 1454 in
748 1427 854 1465 agro
887 1428 984 1465 suo,

151 1483 177 1512 a
211 1471 437 1524 plerisque
473 1471 678 1512 Salvator
714 1470 984 1521 intelligitur,

153 1527 273 1580 quod
303 1528 348 1568 in
376 1528 533 1569 animis
562 1526 834 1569 credentium
861 1527 983 1567 semi-

150 1588 240 1625 net:
275 1583 330 1625 ab
359 1584 456 1625 aliis
481 1584 578 1636 ipse
605 1582 741 1624 homo
767 1583 984 1624 seminans

150 1639 194 1680 in
213 1652 320 1691 agro
340 1653 439 1691 suo,
467 1639 553 1681 hoc
578 1644 645 1681 est
666 1638 711 1679 in
735 1642 984 1692 semetipso,

150 1700 195 1737 et
213 1696 258 1736 in
276 1695 412 1738 corde
432 1709 525 1738 suo.

442 1766 594 1808 Lectio
614 1767 698 1807 viii.

237 1820 305 1862 uis
337 1825 404 1862 est
435 1820 519 1862 iste
553 1820 627 1873 qui
660 1820 861 1870 seminat,
902 1820 985 1861 nisi

254 1889 409 1918 sensus
433 1881 602 1926 noster,
631 1881 675 1918 et
695 1876 882 1925 animus,
912 1877 985 1928 qui

153 1933 398 1985 suscipiens
429 1946 614 1984 granum
643 1931 985 1985 praedicationis,

153 1994 198 2031 et
216 1989 370 2031 fovens
391 1991 650 2039 sementem,
676 1989 860 2030 humore
881 1988 985 2030 fidei

152 2045 256 2087 facit
274 2045 318 2086 in
333 2058 440 2097 agro
456 2046 522 2087 sui
536 2045 730 2098 pectoris
745 2043 984 2097 pullulare?

151 2101 418 2143 Praedicatio
449 2101 678 2153 Evangelii
709 2101 887 2141 minima
919 2106 986 2142 est

153 2157 357 2199 omnibus
389 2157 643 2210 disciplinis.
695 2156 768 2199 Ad
798 2157 985 2209 primam

154 2214 319 2267 quippe
347 2213 613 2263 doctrinam,
640 2213 776 2255 fidem
801 2225 889 2254 non
913 2213 984 2254 ha-

152 2270 230 2312 bet
239 2271 448 2320 veritatis,
463 2269 685 2311 hominem
694 2270 850 2319 Deum,
866 2268 985 2310 Chri-

153 2331 270 2368 stum
287 2329 526 2376 mortuum,
552 2331 596 2368 et
615 2324 873 2367 scandalum
892 2338 984 2366 cru-

153 2383 216 2424 cis
229 2382 488 2436 praedicans.
510 2382 670 2424 Confer
683 2381 985 2433 hujuscemodi

153 2438 400 2481 doctrinam
410 2437 690 2489 dogmatibus
698 2436 983 2489 philosopho-

153 2508 268 2546 rum,
291 2500 335 2537 et
357 2495 481 2537 libris
501 2497 670 2543 eorum,
695 2498 740 2535 et
759 2492 985 2545 splendori

154 2551 434 2603 eloquentiae,
473 2555 517 2592 et
550 2548 861 2602 compositioni
896 2560 983 2588 ser-

153 2609 348 2649 monum:
380 2612 424 2649 et
451 2606 624 2648 videbis
653 2610 815 2657 quanto
842 2603 984 2643 minor

155 2663 212 2705 sit
237 2663 394 2705 ceteris
418 2661 654 2704 seminibus
674 2659 880 2702 sementis
899 2659 982 2700 Ev—

155 2719 323 2770 angelii.

1034 536 1368 588 marcidumque
1397 542 1442 578 et
1468 538 1685 579 mollitum
1713 539 1866 581 ebullit

1035 592 1079 632 in
1116 592 1237 633 olera
1274 597 1318 633 et
1353 592 1397 632 in
1433 593 1610 643 herbas,
1647 607 1746 646 quae
1779 596 1865 637 cito

1036 649 1240 689 arescunt
1265 652 1308 689 et
1329 650 1547 690 corruunt.
1585 650 1695 692 Haec
1720 655 1866 692 autem

1035 704 1316 756 praedicatio,
1345 716 1444 756 quae
1471 717 1608 757 parva
1632 705 1866 749 videbatur

1034 761 1079 800 in
1096 760 1326 813 principio,
1346 773 1446 801 cum
1461 761 1531 802 vel
1549 761 1594 801 in
1615 762 1756 804 anima
1775 776 1864 804 cre-

1036 815 1194 866 dentis,
1223 816 1293 858 vel
1319 816 1363 856 in
1387 821 1482 858 toto
1508 817 1670 859 mundo
1691 823 1785 860 sata
1803 819 1864 860 fu-

1036 872 1128 920 erit,
1148 885 1237 913 non
1256 873 1451 923 exsurgit
1470 873 1514 913 in
1534 872 1663 923 olera,
1683 874 1763 915 sed
1776 887 1863 916 cre-

1035 928 1118 970 scit
1154 928 1198 968 in
1230 928 1451 970 arborem:
1490 929 1552 969 ita
1584 934 1632 971 ut
1664 930 1864 972 volucres

1036 984 1138 1026 coeli
1162 985 1287 1036 (quas
1306 984 1377 1026 vel
1397 984 1563 1025 animas
1584 985 1864 1036 credentium,

1035 1040 1106 1081 vel
1125 1039 1419 1090 fortitudines,
1443 1040 1526 1081 Dei
1551 1042 1728 1082 servitio
1749 1055 1864 1083 man-

1037 1096 1224 1149 cipatas,
1249 1099 1411 1138 sentire
1439 1096 1662 1148 debemus)
1690 1098 1865 1139 veniant

1037 1157 1080 1194 et
1104 1152 1303 1194 habitent
1332 1153 1375 1193 in
1400 1153 1532 1193 ramis
1557 1154 1658 1205 ejus.
1699 1154 1865 1196 Ramos

1036 1213 1145 1261 puto
1175 1209 1439 1259 evangelicae
1468 1209 1654 1259 arboris,
1684 1223 1782 1262 quae
1811 1210 1865 1252 de

1036 1277 1173 1316 grano
1193 1265 1358 1317 sinapis
1381 1266 1582 1315 creverit,
1611 1265 1865 1316 dogmatum

1038 1333 1135 1362 esse
1155 1320 1449 1370 diversitates,
1475 1321 1518 1361 in
1540 1321 1696 1373 quibus
1717 1335 1864 1374 supra-

1038 1376 1254 1418 dictarum
1306 1377 1534 1418 voluerum
1588 1380 1865 1430 unaquaeque

1037 1433 1282 1485 requiescit.
1368 1435 1430 1475 Te
1450 1434 1604 1474 Deum.
1630 1435 1689 1474 14.

1094 1495 1165 1537 Ad
1187 1496 1348 1537 Bened.
1378 1496 1476 1536 Ant.
1506 1493 1653 1535 Simile
1676 1499 1742 1535 est
1760 1494 1784 1519 *
1803 1507 1865 1535 re-

1037 1562 1170 1600 gnum
1182 1550 1397 1591 coelorum
1406 1562 1543 1600 grano
1556 1550 1729 1602 sinapis,
1747 1550 1866 1601 quod

1037 1605 1262 1646 minimum
1290 1611 1356 1647 est
1382 1605 1585 1647 omnibus
1611 1605 1864 1647 seminibus:

1038 1674 1137 1702 eum
1179 1666 1325 1703 autem
1367 1662 1569 1712 creverit,
1615 1662 1752 1712 majus
1798 1666 1865 1702 est

1039 1717 1239 1758 omnibus
1261 1717 1463 1759 oleribus.

1090 1770 1140 1821 V.
1172 1774 1387 1814 Dominus
1414 1773 1624 1824 regnavit,
1658 1772 1863 1814 decorem

1036 1827 1187 1871 induit.
1246 1831 1296 1882 R.
1330 1829 1476 1871 Induit
1503 1829 1719 1870 Dominus
1746 1829 1863 1870 forti-

1036 1884 1244 1934 tudinem,
1264 1890 1307 1926 et
1325 1886 1557 1938 praecinxit
1576 1897 1623 1926 se
1643 1885 1814 1925 virtute.

1091 1942 1161 1983 Ad
1182 1942 1354 1991 Magnis.
1382 1943 1481 1982 Ant.
1505 1940 1653 1981 Simile
1674 1945 1740 1981 est
1758 1941 1781 1965 *
1801 1953 1862 1981 re-

1036 2009 1170 2047 gnum
1186 1997 1400 2038 coelorum
1414 1997 1640 2046 fermento,
1662 1995 1781 2048 quod
1796 2009 1862 2036 ac-

1038 2054 1215 2104 ceptum
1233 2053 1389 2094 mulier
1407 2052 1638 2094 abscondit
1656 2053 1698 2092 in
1714 2052 1862 2092 farina:

1038 2108 1144 2149 satis
1180 2108 1336 2158 tribus,
1378 2109 1520 2150 donec
1555 2108 1862 2149 fermentatum

1037 2169 1104 2205 est
1124 2169 1276 2206 totum.

1091 2215 1141 2266 V.
1154 2221 1378 2271 Dirigutur
1393 2220 1580 2261 Domine
1597 2219 1738 2260 oratio
1752 2231 1861 2259 mea.

1038 2277 1089 2327 Rz.
1101 2276 1222 2317 Sicut
1235 2276 1459 2317 incensum
1468 2276 1512 2315 in
1523 2276 1763 2326 conspectu
1772 2278 1861 2315 tuo.

1291 2351 1581 2378 “wss-—m
1592 2364 1602 2365 ἶ

1201 2423 1478 2472 Dominica
1503 2422 1694 2472 XXIV.

1103 2491 1144 2522 θῖ
1170 2486 1326 2521 ultima
1354 2490 1457 2529 post
1484 2487 1793 2521 Pentecosten.

1366 2547 1530 2588 Oratio.

1034 2601 1240 2706 Excsta,
1268 2603 1518 2653 quaesumus
1543 2602 1740 2651 Domine,
1765 2603 1858 2642 tuo-

1130 2671 1226 2698 rum
1270 2656 1466 2698 fidelium
1502 2658 1767 2699 voluntates:
1810 2662 1858 2697 ut

1035 2714 1169 2755 divini
1201 2713 1346 2764 operis
1376 2713 1566 2755 fructum
1596 2711 1857 2765 propensius
