2040 2944
184 217 247 254 172

185 330 284 370 quae
309 316 365 358 ad
383 316 593 357 Austrum
617 317 699 361 est,
724 315 768 352 et
792 310 1012 363 permissit

185 373 389 416 Chebron
422 376 465 412 et
497 369 610 410 filias
644 368 754 418 ejus:
787 371 831 408 et
861 379 1011 407 muros

185 432 291 483 ejus,
333 434 375 470 et
412 432 556 468 turres
590 423 816 466 succendit
849 423 937 473 igni
969 423 1012 463 in

185 486 378 529 circuitu.
427 485 483 525 Et
515 482 654 523 movit
683 486 826 522 castra
856 485 904 522 ut
931 480 1013 521 iret

184 545 227 585 in
253 548 416 584 terram
445 539 802 590 alienigenarum,
841 542 884 579 et
916 549 1012 589 per-

186 598 438 642 ambulabat
466 597 717 639 Samariam.
762 595 813 635 In
843 594 913 636 die
939 593 1013 634 1113

185 655 436 698 ceciderunt
486 651 741 695 sacerdotes
790 651 834 692 in
881 650 1014 699 bello,

185 713 288 755 dum
321 711 474 753 volunt
506 709 677 751 fortiter
710 708 870 758 facere,
910 705 1014 749 dum

185 770 277 811 sine
298 768 481 810 consilio
503 769 663 808 exeunt
681 765 725 805 in
743 764 955 817 praelium.

234 831 285 882 Εἴ.
312 826 363 866 111
382 823 566 877 hymnis,
586 822 676 863 164.

368 933 557 969 Feria
592 930 837 978 Quinta.

226 990 292 1030 De
310 985 423 1027 libro
443 984 586 1038 primo
606 981 975 1024 Machabaeorum.

286 1050 438 1092 Lectio
457 1050 481 1090 i.
748 1048 851 1100 Cap.
872 1049 908 1088 6.

272 1109 288 1145 t
311 1117 388 1145 rex
408 1101 655 1144 Antiochus
680 1099 1016 1153 perambulabat

287 1162 538 1214 superiores
554 1159 767 1210 regioneS,
789 1162 832 1199 et
851 1156 1017 1198 audivit

186 1230 283 1259 esse
308 1218 533 1259 civitatem
550 1213 826 1267 Elymaidem
849 1214 893 1254 in
916 1213 1016 1254 Per-

186 1273 280 1316 side
299 1273 634 1321 nobilissimam,
661 1277 705 1313 et
725 1271 955 1323 copiosam
973 1269 1017 1310 in

186 1333 386 1382 argento,
415 1335 459 1371 et
487 1342 614 1379 auro,
641 1327 945 1381 templumque
974 1327 1018 1367 in

187 1401 238 1430 ea
258 1387 458 1440 locuples
478 1385 621 1427 valde:
642 1391 685 1427 et
700 1385 787 1426 illic
802 1383 1019 1425 velamina

188 1448 331 1494 aurea,
357 1449 401 1485 et
419 1443 580 1492 loricae,
607 1447 651 1484 et
673 1447 809 1491 scuta,
835 1453 935 1493 quae
955 1452 1018 1481 re-

186 1501 315 1554 liquit
334 1499 587 1542 Alexander
610 1498 804 1551 Philippi
828 1511 905 1539 rex
929 1498 1018 1538 Ma-

188 1558 311 1607 cedo,
337 1558 410 1610 qui
429 1557 628 1608 regnavit
647 1556 815 1608 primus
834 1555 877 1596 in
899 1554 1019 1595 Gra}-

189 1616 266 1656 cia.
300 1615 357 1656 Et
380 1614 515 1663 venit,
544 1619 587 1655 et
613 1612 840 1666 quaerebat
860 1614 1019 1664 capere

189 1672 429 1721 civitatem,
463 1676 506 1712 et
539 1669 789 1723 depraedari
822 1681 936 1710 eam:
976 1673 1020 1709 et

135 1748 141 1780 ς
188 1741 274 1770 11011
294 1729 455 1781 potuit,
485 1728 692 1779 quoniam
717 1726 906 1767 innatuit
933 1738 1019 1767 ser-

188 1798 261 1827 mo
282 1785 360 1835 his,
382 1785 455 1838 qui
476 1789 600 1826 erant
618 1784 662 1824 in
682 1783 874 1825 civitate:
896 1787 940 1824 et
960 1783 1019 1823 in-

190 1843 472 1884 surrexerunt
502 1842 546 1882 in
578 1840 796 1894 praelium,
836 1845 878 1882 et
911 1839 1021 1890 fugit

188 1898 306 1948 inde,
334 1904 377 1940 et
403 1898 510 1940 abiit
537 1911 635 1940 cum
658 1897 834 1939 tristitia
852 1909 1021 1947 magna,

191 1961 234 1998 et
255 1957 459 1997 reversus
479 1959 545 1996 est
569 1955 612 1995 in
631 1954 932 2006 Babyloniam.
965 1953 1022 1994 Et

191 2013 310 2055 venit
339 2012 413 2065 qui
440 2012 659 2053 nuntiaret
687 2011 727 2052 ei
757 2012 801 2051 in
829 2008 1021 2059 Perside,

192 2070 294 2122 quia
313 2069 463 2120 fugata
482 2074 583 2110 sunt
603 2073 759 2117 castra,
781 2079 880 2119 quae
900 2071 1023 2108 erant

190 2127 234 2167 in
257 2131 374 2168 terra
393 2126 417 2167 J
420 2125 523 2167 uda:
549 2131 591 2167 et
617 2125 718 2177 quia
742 2124 850 2166 abiit
868 2123 1022 2176 Lysias

192 2197 291 2225 cum
310 2184 471 2225 virtute
498 2182 601 2224 forti
625 2183 667 2223 in
693 2181 862 2235 primis,
893 2186 936 2223 et
961 2180 1022 2221 fu-

191 2243 319 2292 gatus
339 2245 406 2282 est
425 2253 449 2281 a
469 2240 581 2281 facie
600 2239 625 2280 J
627 2238 867 2280 udae6rum.

246 2296 295 2347 R.
323 2296 566 2349 Adaperiat
585 2296 813 2338 Dominus.
833 2295 919 2336 162.

500 2355 652 2396 Lectio
675 2355 712 2395 ii.

274 2419 292 2455 t
313 2414 589 2455 invaluerunt
612 2413 758 2464 armis,
783 2418 827 2455 et
846 2413 1024 2463 viribus,

284 2475 328 2512 et
343 2470 496 2523 spoliis
511 2470 669 2521 multis,
691 2483 792 2522 quae
812 2472 1025 2523 ceperunt

194 2527 255 2569 de-
270 2527 436 2577 castris,
458 2540 556 2579 quae
572 2527 843 2569 exciderunt:
864 2532 908 2568 et
924 2527 1025 2578 quia

194 2583 421 2626 diruerunt
459 2583 847 2634 abominationem,
894 2596 1025 2635 quam

195 2640 494 2683 aedificaverat
535 2653 667 2692 super
703 2641 856 2690 altare,
905 2639 1025 2692 quod

196 2702 290 2739 erat
307 2697 351 2738 in
370 2696 629 2746 Jerusalem,
655 2703 698 2738 et
717 2697 1025 2738 sanctificatio-

196 2766 310 2804 nem,
339 2753 451 2795 sicut
470 2753 609 2806 prius,
639 2752 1024 2795 circumdederunt

695 217 799 251 Infra
823 216 1118 250 llcbdomadum
1144 215 1181 249 ii.
1207 215 1395 249 Octobris.

1064 309 1200 350 muris
1226 308 1430 358 excelsis,
1459 308 1539 350 sed
1565 312 1610 350 et
1632 308 1897 350 Bethsuram

1066 366 1290 408 civitatem
1315 379 1450 416 suam.
1486 365 1543 406 Et
1567 365 1732 407 factum
1756 371 1824 407 est
1850 370 1898 407 ut

1066 422 1233 464 audivit
1257 435 1335 464 rex
1360 425 1586 464 sermones
1611 422 1738 472 istoe,
1766 425 1897 475 expa-

1066 481 1145 530 vit,
1173 484 1216 521 et
1238 481 1486 520 commotus
1506 483 1574 521 est
1592 478 1738 520 valde:
1763 484 1806 521 et
1826 479 1897 521 de-

1067 536 1174 578 cidit
1200 536 1244 577 in
1272 535 1452 585 lectum,
1485 541 1528 577 et
1562 535 1714 577 incidit
1740 535 1784 576 in
1810 535 1898 577 lan-

1067 595 1249 644 guorem
1268 605 1362 646 prae
1381 592 1576 642 tristitia,
1603 592 1706 644 quia
1730 605 1819 634 non
1838 592 1897 633 fa-

1068 654 1186 691 ctum
1223 654 1291 691 est
1327 650 1368 690 ei
1404 649 1517 691 sicut
1554 648 1788 700 cogitabat.
1842 649 1900 690 Et

1068 711 1162 748 erat
1181 706 1269 747 11110
1288 718 1367 758 per
1387 705 1481 747 dies
1500 705 1680 747 multos:
1707 705 1810 757 quia
1834 717 1898 746 re·

1067 765 1230 804 novata
1250 767 1317 804 est
1335 762 1378 802 in
1398 774 1451 803 eo
1472 762 1650 804 tristitia
1668 774 1838 813 magna,
1858 765 1901 803 et

1068 819 1305 861 arbitratus
1325 824 1392 861 est
1410 832 1458 860 se
1477 819 1601 860 mori.

1120 880 1171 932 R.
1197 876 1418 918 Exaudiat
1438 876 1664 918 D6minus.
1684 875 1771 916 162.

1374 938 1526 979 Lectio
1547 937 1603 977 iii.

1147 1000 1165 1036 t
1193 994 1370 1035 vocavit
1403 1005 1556 1035 omnes
1584 995 1751 1034 amicos
1780 1004 1901 1032 suos:

1162 1056 1205 1093 et
1232 1049 1341 1092 dixit
1365 1049 1466 1091 illis:
1494 1049 1698 1091 Recessit
1722 1060 1902 1090 somnus

1071 1108 1126 1150 ab
1148 1107 1287 1149 oculis
1306 1107 1432 1156 meis,
1459 1112 1503 1148 et
1529 1105 1720 1156 concidi,
1746 1111 1790 1147 et
1809 1107 1902 1146 cor-

1071 1165 1137 1206 rui
1157 1164 1291 1207 corde
1311 1177 1404 1216 prae
1425 1162 1735 1205 sollicitudine:
1755 1167 1799 1204 et
1813 1161 1905 1204 dixi

1071 1223 1113 1263 in
1135 1220 1270 1263 corde
1290 1233 1405 1262 meo:
1424 1221 1475 1261 In
1498 1226 1707 1272 quantam
1724 1218 1903 1261 tribula-

1070 1279 1237 1320 ti6nem
1264 1277 1438 1327 deveni,
1468 1281 1511 1319 et
1535 1277 1579 1318 in
1605 1289 1718 1329 quos
1745 1276 1905 1318 fluctus

1071 1335 1278 1384 tristitiae,
1303 1335 1348 1375 in
1369 1348 1455 1387 qua
1475 1347 1591 1376 nunc
1615 1347 1726 1375 sum:
1752 1333 1827 1386 qui
1845 1333 1904 1385 ju—

1072 1392 1242 1434 cundus
1270 1404 1405 1441 eram,
1433 1396 1477 1432 et
1503 1390 1690 1433 dilectus
1714 1390 1758 1431 in
1781 1394 1904 1442 pote-

1073 1451 1186 1491 state
1212 1447 1326 1490 mea!
1358 1448 1487 1489 Nunc
1515 1460 1622 1489 vero
1647 1447 1906 1488 reminiscor

1071 1505 1301 1555 malorum,
1335 1517 1435 1556 quae
1467 1504 1552 1546 feci
1581 1504 1625 1544 in
1651 1502 1906 1554 Jerusalem,

1072 1562 1189 1604 unde
1223 1567 1267 1604 et
1296 1561 1458 1603 abstuli
1486 1561 1631 1603 omnia
1661 1560 1804 1614 spolia
1833 1562 1905 1601 au-

1073 1632 1164 1669 rea,
1191 1624 1235 1661 et
1260 1618 1483 1670 argentea,
1509 1631 1608 1670 quae
1633 1621 1758 1659 erant
1779 1617 1824 1658 in
1844 1629 1906 1666 ea,

1074 1682 1118 1718 et
1136 1676 1235 1717 misi
1256 1676 1426 1717 auferre
1441 1674 1693 1717 habitantes
1707 1674 1731 1715 J
1733 1673 1907 1716 udaeam

1074 1733 1167 1775 sine
1183 1746 1326 1774 causa.
1351 1732 1552 1783 Cognovi
1567 1744 1672 1783 ergo
1690 1731 1793 1783 quia
1806 1742 1906 1783 pro-

1072 1792 1226 1844 pterea
1244 1790 1503 1831 invenerunt
1521 1802 1592 1831 me
1611 1788 1727 1830 mala
1745 1788 1844 1829 ista:
1864 1791 1908 1829 et

1075 1861 1178 1889 ecce
1196 1848 1332 1900 pereo
1353 1846 1531 1888 tristitia
1549 1858 1708 1898 magna
1726 1845 1771 1886 in
1788 1850 1908 1886 terra

1075 1905 1227 1946 aliena.

1129 1967 1177 2015 lgr.
1205 1959 1473 2012 Congregati
1492 1964 1603 2001 sunt.
1621 1960 1709 2001 162.

1296 2069 1330 2106 F
1345 2080 1368 2106 e
1382 2069 1427 2105 ri
1442 2080 1467 2105 a
1498 2068 1526 2105 S
1542 2080 1566 2106 e
1580 2081 1607 2105 x
1619 2072 1636 2104 t
1650 2079 1685 2106 a.

1118 2127 1188 2166 De
1207 2121 1319 2164 libro
1338 2122 1481 2175 primo
1500 2120 1869 2165 Machabaeorum.

1179 2185 1332 2227 Lectio
1353 2185 1377 2225 i.
1645 2184 1749 2235 Cap.
1768 2183 1803 2223 7.

1087 2252 1166 2279 s
1186 2253 1272 2282 nno
1316 2239 1557 2281 centesimo
1603 2238 1908 2291 quinquagesi-

1085 2276 1177 2335 s--Q
1219 2309 1292 2338 mo
1334 2296 1477 2348 primo
1517 2295 1622 2338 exiit
1656 2294 1908 2337 Demetrius

1076 2354 1248 2397 Seleuci
1283 2354 1398 2395 filius
1432 2353 1487 2395 ab
1524 2352 1632 2394 urbe
1665 2352 1827 2402 Roma,
1865 2356 1909 2394 et

1077 2411 1276 2454 ascendit
1305 2425 1403 2452 cum
1426 2409 1580 2464 paucis
1606 2408 1709 2450 viris
1735 2408 1779 2449 in
1807 2408 1907 2450 civi-

1075 2471 1213 2511 tatem
1230 2468 1509 2517 maritimam,
1529 2471 1574 2508 et
1592 2465 1790 2517 regnavit
1807 2465 1908 2506 illic.

1076 2526 1134 2567 Et
1166 2525 1280 2567 sedit
1305 2523 1556 2566 Demetrius
1590 2534 1723 2574 super
1756 2521 1909 2563 sedem

1077 2582 1200 2634 regni
1223 2582 1305 2623 sui:
1331 2586 1375 2623 et
1392 2581 1607 2622 venerunt
1631 2577 1688 2619 ad
1709 2591 1808 2619 eum
1827 2578 1910 2620 viri

1078 2639 1232 2692 iniqui,
1261 2643 1306 2680 et
1330 2637 1454 2689 impii
1474 2649 1528 2678 ex
1547 2634 1700 2676 Israel:
1729 2640 1773 2676 et
1793 2634 1908 2677 Alci-

1077 2709 1174 2737 mus
1200 2695 1289 2737 dux
1313 2695 1483 2743 eorum,
1511 2692 1585 2744 qui
1609 2691 1788 2733 volebat
1813 2691 1909 2733 fieri

1077 2751 1296 2795 sacerdos·
1337 2750 1395 2792 Et
1422 2750 1739 2796 accusaverunt
1765 2750 1907 2801 popu-
