2040 2944
809 222 978 254 sabbato
1005 221 1053 254 ad
1079 221 1314 255 Matutiiium.

219 323 326 373 ejus:
346 325 368 348 *
389 327 431 362 et
459 333 544 361 non
573 319 871 360 sustinuerunt
899 320 1038 358 consi-

219 379 322 420 lium
348 379 447 429 ejus.

270 435 325 476 Et
371 432 685 484 concupierunt
731 431 1038 483 concupiscen-

218 491 321 531 tiam
349 491 390 530 in
419 489 610 530 deserto:
638 489 660 513 *
689 493 733 529 et
760 488 1039 529 tentaverunt

217 547 356 588 Deum
378 547 419 586 in
438 546 662 596 inaqueso.

269 603 323 644 Et
339 601 461 643 dedit
477 602 538 642 eis
555 601 813 653 petitionem
829 603 1038 655 ipserum:

216 661 238 684 *
266 664 309 700 et
341 658 458 699 misit
492 657 766 698 saturitatem
799 659 843 698 in
872 659 1038 700 animas

217 718 376 756 eerum.

225 798 227 800 -
268 772 323 812 Et
361 772 641 812 irritaverunt
674 770 854 822 Meysen
894 772 937 811 in
972 784 1038 813 ca-

216 828 333 869 stris:
352 830 375 854 *
395 827 544 868 Aaron
563 832 760 868 sanctum
783 827 970 868 Demini.

266 884 434 936 Aperta
462 890 528 925 est
556 890 692 925 terra.
729 888 773 924 et
808 883 1039 935 deglutivit

218 940 406 981 Dathan:
422 942 444 967 *
461 946 503 981 et
523 940 696 992 operuit
713 953 844 992 super
860 953 1038 991 congre-

214 997 434 1047 gationem
454 997 633 1038 Abiron.

266 1053 322 1094 Et
343 1054 506 1094 exarsit
526 1053 636 1103 ignis
656 1054 699 1094 in
722 1058 943 1107 synag‹'›ga
970 1057 1038 1096 ee-

216 1120 327 1150 rum:
355 1111 378 1135 *
407 1110 580 1150 flamma
616 1111 859 1152 combussit
886 1125 1038 1164 pecca-

216 1167 346 1206 teres.

269 1222 324 1262 Et
344 1221 539 1262 fecerunt
560 1223 743 1264 vitulum
765 1224 809 1263 in
828 1222 996 1264 Horeb:
1016 1225 1038 1249 *

217 1282 260 1318 et
280 1277 575 1319 adoraverunt
593 1280 806 1331 sculptile.

267 1334 323 1375 Et
348 1336 626 1376 mutaverunt
653 1336 836 1387 gleriam
865 1349 987 1376 suam
1015 1337 1039 1362 *

216 1390 258 1430 in
279 1390 606 1432 similitudinem
626 1392 748 1433 vituli
768 1391 1038 1433 comedentis

214 1446 389 1487 foenum.

268 1502 403 1544 Obliti
432 1509 533 1545 sunt
560 1505 717 1553 Deum,
751 1505 824 1556 qui
853 1505 1038 1546 salvavit

217 1571 309 1607 eos,
328 1561 351 1585 *
371 1559 445 1611 qui
473 1560 577 1602 fecit
603 1561 819 1612 magnalia
843 1562 887 1602 in
906 1563 1037 1614 AEgy-

214 1620 302 1667 pto,
322 1615 537 1657 mirabilia
555 1617 597 1657 in
614 1622 731 1658 terra
747 1617 898 1658 Cham:
914 1619 1037 1660 terri-

214 1670 318 1712 bilia
337 1672 380 1712 in
400 1672 510 1713 Mari
531 1673 676 1715 rubro.

264 1729 320 1769 Et
340 1728 451 1769 dixit
475 1734 522 1770 ut
548 1729 824 1782 disperderet
849 1743 938 1772 eos:
958 1733 981 1759 *
1000 1732 1036 1773 si

213 1797 297 1825 non
323 1785 498 1837 Moyses
527 1786 692 1827 electus
721 1787 811 1837 ejus
840 1790 1037 1830 stetisset

213 1841 256 1880 in
282 1841 615 1883 confractiene
605 1856 648 1882 1n
671 1845 912 1895 conspectu
932 1846 1036 1896 eius:

239 1897 298 1938 Ut
318 1898 567 1939 averteret
556 1912 666 1940 lram
685 1901 776 1952 ejus
795 1913 850 1941 ne
871 1900 1035 1953 disper-

214 1952 337 1994 deret
365 1966 453 1994 eos:
481 1956 504 1981 *
531 1960 574 1996 et
601 1968 683 2007 pro
712 1956 847 1997 nihilo
876 1956 1036 1998 habue-

213 2014 312 2050 runt
331 2015 492 2050 terram
513 2010 864 2053 desiderabilem·

263 2065 362 2106 Non
391 2066 672 2110 crediderunt
691 2068 827 2110 verbo
857 2070 964 2121 ejus,
992 2075 1036 2111 et

213 2124 592 2165 murmuraverunt
646 2125 688 2165 in
741 2125 1035 2167 tabernaculis

213 2178 316 2238 suuis-t
331 2180 354 2204 *
371 2191 456 2220 non
478 2180 764 2223 exaudierunt
785 2194 937 2223 vocem
948 2183 1034 2223 De-

212 2243 327 2270 mini.

264 2286 319 2327 Et
347 2287 534 2330 elevavit
560 2302 735 2330 manum
759 2303 881 2331 suam
903 2305 1035 2344 super

213 2355 304 2382 eos:
328 2345 350 2369 *
379 2349 426 2385 ut
454 2347 757 2396 prosterneret
786 2359 861 2388 eos
892 2348 933 2388 in
963 2348 1034 2390 de-

212 2399 344 2439 Serto:

263 2455 317 2496 Et
342 2461 389 2497 ut
413 2456 620 2508 dejiceret
643 2472 791 2501 semen
817 2463 969 2501 cerum
990 2462 1032 2502 in

211 2511 473 2553 natienibus:
493 2515 516 2539 *
536 2519 579 2555 et
599 2514 872 2567 dispergeret
893 2530 970 2558 eos
990 2518 1033 2558 in

212 2568 473 2617 regienibus.

249 2624 317 2665 vEt
341 2625 498 2666 initiati
523 2632 622 2667 sunt
642 2627 929 2680 Beelphegor:
947 2631 970 2656 *
990 2635 1033 2671 et

210 2680 495 2722 comederunt
514 2683 727 2724 sacrificia
747 2688 1033 2727 mortuorum.

261 2736 316 2776 Et
336 2737 618 2780 irritaverunt
643 2752 739 2780 eum
764 2741 807 2781 in
827 2741 1032 2783 adinven-

1092 316 1287 358 tienibus
1307 318 1410 358 suis:
1431 319 1453 343 *
1474 322 1517 358 et
1537 316 1828 370 multiplicata
1852 322 1919 359 est

1092 374 1135 413 in
1156 374 1218 414 eis
1239 376 1372 414 ruina.

1144 430 1199 470 Et
1226 430 1349 471 stetit
1372 430 1574 477 phinees,
1599 435 1643 471 et
1667 430 1876 483 placavit:
1895 432 1919 457 *

1093 491 1136 527 et
1157 487 1345 527 cessavit
1368 487 1602 538 quassatio.

1144 544 1199 584 Et
1218 545 1469 595 reputatum
1490 548 1556 584 est
1578 543 1617 584 ei
1637 541 1679 583 in
1699 543 1920 594 justitiam,

1092 601 1115 625 *
1130 600 1173 639 in
1187 600 1516 649 generationem
1532 604 1576 640 et
1590 599 1919 650 generationem

1093 668 1231 707 usque
1251 656 1294 696 in
1316 657 1642 708 sempiternum.

1144 712 1201 753 Et
1234 712 1517 753 irritaverunt
1551 725 1651 753 eum
1684 711 1740 753 ad
1767 711 1919 764 Aquas

1093 768 1476 810 contradictienis:
1504 771 1527 795 *
1556 774 1599 810 et
1632 771 1818 810 vexatus
1853 773 1920 810 est

1092 825 1268 876 Meyses
1292 831 1476 878 propter
1503 838 1595 871 eos:
1625 825 1726 877 quia
1745 837 1919 866 exacer-

1092 880 1307 923 baverunt
1326 883 1528 934 spiritum
1549 883 1650 933 ejus.

1143 937 1200 978 Et
1224 937 1422 980 distinxit
1446 939 1489 979 in
1513 938 1641 980 labiis
1666 939 1769 979 suis:
1789 940 1811 965 *
1832 951 1919 979 non

1094 992 1452 1045 disperdiderunt
1472 996 1650 1045 Gentes,
1679 1008 1788 1047 quas
1809 994 1920 1036 dixit

1093 1050 1306 1091 Deminus
1326 1050 1421 1092 illis.

1144 1107 1200 1147 Et
1230 1108 1448 1149 commisti
1475 1113 1577 1150 sunt
1602 1109 1716 1150 inter
1742 1108 1920 1157 Gentes,

1093 1168 1135 1203 et
1155 1162 1405 1205 didicerunt
1425 1166 1561 1217 (Spera
1583 1167 1750 1206 eerum:
1775 1169 1820 1206 et
1834 1177 1920 1205 ser-

1092 1219 1264 1260 vierunt
1304 1220 1580 1273 sculptilibus
1622 1224 1791 1263 eerum:
1824 1222 1848 1248 *
1876 1225 1921 1262 et

1092 1275 1255 1316 factum
1274 1282 1341 1317 est
1360 1277 1445 1318 illis
1464 1278 1509 1318 in
1528 1278 1796 1319 scandalum.

1144 1333 1200 1374 Et
1219 1333 1556 1376 immolaverunt
1576 1335 1692 1376 filios
1709 1346 1823 1383 suOS,
1838 1335 1862 1360 *
1876 1338 1920 1375 et

1091 1389 1204 1430 filias
1224 1403 1325 1430 suas
1347 1389 1588 1432 daemeniis.

1142 1446 1199 1487 Et
1227 1446 1475 1488 effuderunt
1508 1447 1763 1499 sanguinem
1799 1448 1919 1489 inno·

1092 1503 1278 1544 centem:
1295 1505 1319 1529 *
1335 1504 1591 1555 sanguinem
1610 1503 1801 1545 fili<3rum
1822 1506 1919 1546 sue-

1091 1572 1186 1599 rum
1207 1564 1251 1600 et
1279 1559 1467 1600 filiarum
1495 1563 1688 1609 suerum,
1717 1573 1826 1612 quas
1854 1573 1919 1602 sa-

1090 1615 1399 1658 crificaverunt
1466 1616 1743 1670 sculptilibus
1811 1617 1919 1658 Cha-

1090 1684 1212 1712 naan.

1141 1728 1198 1770 Et
1221 1729 1383 1771 infecta
1408 1734 1475 1771 est
1501 1734 1620 1771 terra
1638 1729 1683 1770 in
1702 1730 1918 1782 sanguini-

1089 1784 1187 1834 bus,
1216 1790 1261 1827 et
1288 1787 1587 1828 contaminata
1616 1791 1684 1828 est
1713 1787 1757 1827 in
1777 1787 1917 1840 operi-

1089 1840 1171 1882 bus
1200 1845 1367 1883 eerum:
1392 1845 1416 1870 *
1441 1848 1484 1884 et
1512 1843 1714 1884 fornicati
1742 1847 1844 1884 sunt
1873 1843 1917 1884 in

1090 1897 1475 1941 adinventienibus
1495 1899 1596 1940 suis.

1140 1955 1198 1996 Et
1218 1955 1356 1997 iratus
1376 1961 1444 1998 est
1469 1955 1616 1997 furere
1635 1955 1852 1997 Deminus
1872 1955 1917 1996 in

1088 2011 1301 2063 populum
1334 2026 1479 2054 suum:
1507 2014 1531 2039 *
1560 2017 1604 2054 et
1636 2011 1916 2054 abominatus

1089 2073 1156 2109 est
1176 2068 1482 2111 haereditatem
1501 2082 1635 2110 suam.

1134 2125 1190 2166 Et
1222 2130 1263 2166 tr
1267 2125 1407 2167 1d1d1t
1439 2138 1516 2167 eos
1547 2126 1590 2166 in
1622 2138 1777 2167 manus
1804 2125 1916 2166 Gen-

1089 2181 1212 2221 tium:
1245 2183 1268 2208 *
1303 2187 1347 2223 et
1379 2182 1593 2224 dominati
1630 2187 1732 2223 sunt
1763 2184 1915 2223 eerum

1088 2237 1163 2288 qui
1183 2238 1372 2280 oderunt
1392 2252 1479 2280 eos.

1138 2294 1195 2335 Et
1218 2294 1541 2338 tribulaverunt
1566 2309 1642 2337 eos
1661 2294 1823 2336 inimici
1844 2296 1914 2336 ee-

1088 2363 1199 2399 rum,
1228 2356 1271 2392 et
1299 2351 1515 2394 humiliati
1544 2357 1646 2394 sunt
1674 2351 1756 2393 sub
1780 2351 1914 2392 mani-

1087 2405 1168 2446 bus
1188 2409 1354 2448 eerum:
1374 2410 1397 2435 *
1417 2422 1536 2462 saepe
1556 2408 1760 2450 liberavit
1779 2420 1866 2449 eos.

1137 2463 1230 2515 Ipsi
1250 2470 1397 2506 autem
1420 2465 1795 2507 exacerbaverunt
1815 2476 1914 2505 eum

1086 2518 1129 2558 in
1150 2520 1334 2561 consilio
1355 2534 1451 2562 suo:
1471 2524 1494 2548 *
1514 2527 1557 2563 et
1576 2519 1793 2562 humiliati
1813 2524 1914 2561 sunt

1085 2575 1129 2615 in
1150 2576 1456 2628 iniquitatibus
1476 2579 1576 2619 suis.

1136 2632 1194 2673 Et
1218 2633 1327 2674 vidit
1351 2646 1450 2674 cum
1476 2634 1806 2676 tribularentur:
1825 2636 1848 2660 *
1870 2639 1913 2675 et

1085 2687 1254 2730 audivit
1273 2690 1518 2732 orationem
1538 2692 1700 2732 eerum.

1137 2745 1192 2785 Et
1212 2758 1380 2786 memor
1405 2747 1486 2789 fuit
1510 2747 1761 2788 testamenti
1786 2747 1869 2788 sui:
1889 2748 1912 2774 *
