2040 2944
198 217 271 253 210

678 218 779 251 Infra
804 217 1099 251 Hebdomadam
1125 217 1175 251 iii.
1200 216 1443 250 Novembris.

203 313 370 365 optimo
391 318 498 362 erat,
523 316 681 365 pectus
706 317 852 353 autem
871 317 915 355 et
931 314 1028 355 bra—

203 369 299 410 chia
326 368 380 411 de
405 370 604 419 argento,
632 380 768 420 porro
789 374 958 418 venter,
986 375 1029 411 et

200 425 363 466 femora
388 438 442 466 ex
466 437 565 466 aere.
608 424 751 466 Tibiae
777 430 924 467 autem
949 426 1028 467 fer-

201 495 306 531 reae,
348 481 511 533 pedum
554 480 758 533 quaedam
793 495 898 534 pars
937 488 1030 524 erat

201 538 355 586 ferrea,
379 536 582 589 quaedam
602 543 750 579 autem
768 538 927 580 fictilis.
955 539 1028 580 Vi-

202 594 338 635 debas
362 594 438 643 ita,
468 593 610 635 donec
634 594 856 636 abscissus
880 601 948 637 est
971 595 1028 636 la-

201 650 269 702 pis
290 649 344 691 de
362 655 512 692 monte
531 650 624 692 sine
640 651 856 692 menibus:
876 657 920 693 et
934 665 1030 704 per-

202 707 338 747 cussit
358 708 550 748 statuam
568 707 612 747 in
632 707 821 759 pedibus
842 708 932 759 ejus
950 708 1030 749 fer-

201 762 297 812 reis,
318 768 361 804 et
376 763 594 812 fictilibus,
614 768 658 804 et
673 764 928 806 comminuit
942 777 1031 806 eos.

201 819 326 860 Tunc
347 822 536 861 contrita
556 825 657 861 sunt
675 820 842 872 pariter
858 820 1031 870 ferrum,

200 880 332 924 testa,
357 888 434 926 aes,
459 878 702 926 argentum,
731 881 775 917 et
794 889 963 926 aurum,
989 883 1033 919 et

201 930 383 974 redacta
411 933 536 984 quasi
570 933 613 973 in
641 932 837 973 favillam
865 936 1034 975 aestivae

201 990 335 1038 eireae,
364 1001 463 1040 quae
489 994 618 1041 rapta
643 994 745 1030 sunt
768 995 916 1031 vento:
942 990 1033 1032 nul-

201 1044 359 1096 lusque
377 1044 501 1086 locus
521 1045 723 1087 inventus
740 1051 807 1088 est
823 1046 899 1087 eis:
918 1047 1033 1099 lapis

202 1105 364 1150 autem,
403 1101 477 1153 qui
509 1104 791 1153 percusserat
823 1104 1032 1153 statuam,

201 1156 343 1198 factus
363 1162 430 1198 est
448 1169 574 1198 mons
592 1170 793 1208 magnus,
820 1163 863 1199 et
882 1159 1032 1211 imple-

200 1212 263 1253 vit
281 1213 530 1254 universam
547 1218 720 1255 terram.

253 1272 303 1324 R.
330 1269 536 1311 Redemit
553 1269 779 1322 populum.
799 1271 885 1312 197.

509 1330 660 1371 Lectio
681 1331 719 1370 ii.

202 1382 350 1487 Hoc
369 1387 437 1423 est
457 1382 688 1423 somnium:
707 1383 1031 1436 interpretatio-

306 1451 406 1479 nem
433 1451 609 1490 quoque
632 1440 724 1491 ejus
745 1439 941 1482 dicemus
962 1453 1032 1482 co-

202 1507 296 1535 ram
315 1500 375 1545 te,
401 1508 488 1536 rex.
529 1496 599 1537 Tu
623 1508 701 1537 rex
724 1509 877 1547 regum
902 1510 965 1539 es:
989 1503 1033 1539 et

202 1551 324 1592 Deus
358 1552 472 1602 coeli,
507 1565 708 1603 regnum,
740 1558 784 1594 et
815 1553 1032 1596 fortitudi-

202 1620 319 1657 nem,
349 1613 392 1650 et
415 1609 665 1661 imperium,
694 1614 737 1651 et
755 1610 941 1660 gloriam
961 1610 1033 1652 de-

203 1663 267 1706 dit
285 1664 379 1706 tibi:
407 1670 451 1707 et
471 1666 634 1716 emnia,
661 1666 705 1707 in
732 1666 890 1718 quibus
915 1667 1033 1709 habi-

204 1726 299 1762 tant
318 1721 395 1762 filii
415 1722 656 1773 hominum,
681 1728 725 1764 et
749 1723 904 1765 bestiae
928 1725 1033 1775 agri:

203 1777 405 1820 velucres
426 1791 604 1831 quoque
623 1779 724 1821 coeli
741 1779 865 1821 dedit
883 1780 926 1821 in
945 1793 1032 1821 ma·

204 1846 261 1874 nu
280 1839 365 1884 tua,
385 1840 429 1877 et
449 1835 530 1877 sub
550 1836 716 1877 ditione
736 1841 812 1877 tua
831 1837 1034 1878 universa

205 1892 446 1932 constituit:
483 1896 530 1933 tu
567 1905 613 1933 es
651 1905 756 1943 ergo
795 1898 928 1945 caput
961 1897 1032 1935 au-

204 1958 337 1987 reum.
391 1948 449 1989 Et
487 1955 591 2000 post
622 1954 667 1992 te
700 1953 938 1999 consurget
969 1962 1032 1991 re-

203 2014 336 2053 gnum
369 2004 488 2046 aliud
519 2006 661 2046 minus
688 2011 733 2047 te
761 2007 1033 2056 argenteum:

205 2064 249 2100 et
280 2072 463 2110 regnum
499 2062 676 2103 tertium
709 2061 828 2103 aliud
859 2064 1032 2112 aereum,

206 2115 326 2167 quod
369 2117 603 2170 imperabit
639 2118 855 2160 universae
892 2123 1031 2160 terrae.

205 2171 261 2212 Et
284 2185 464 2223 regnum
489 2179 694 2226 quartum
713 2175 795 2216 erit
814 2175 933 2217 velut
952 2175 1032 2216 fer-

205 2241 313 2270 rum.
341 2230 575 2280 Quomodo
591 2231 754 2273 ferrum
768 2232 1033 2281 comminuit,

206 2290 250 2326 et
267 2285 416 2328 domat
436 2288 592 2338 omnia,
611 2289 675 2330 sic
693 2290 970 2339 comminuet,
990 2294 1033 2330 et

206 2344 406 2385 conteret
426 2345 570 2386 omnia
590 2344 696 2386 haec.

257 2402 307 2453 R.
337 2400 564 2450 Angustiae
582 2401 688 2442 mihi
707 2406 818 2442 sunt.
838 2402 924 2442 197.

502 2461 653 2501 Lectio
675 2461 731 2501 iii.

291 2524 394 2553 orro
415 2513 516 2564 quia
535 2513 683 2555 vidisti
701 2514 882 2566 pedum,
909 2519 952 2556 et
971 2514 1031 2556 di-

302 2569 492 2619 gitdrum
511 2575 682 2621 partem
696 2576 823 2612 testae
839 2570 970 2621 figuli,
989 2577 1033 2612 et

206 2631 377 2678 partem
405 2626 602 2667 ferream:
634 2640 815 2677 regnum
845 2627 1033 2669 divisum

207 2682 298 2732 erit,
320 2681 439 2734 quod
458 2688 604 2724 tamen
624 2682 678 2724 de
698 2684 916 2736 planterio
932 2684 1033 2725 ferri

207 2739 388 2787 orietur,
433 2739 673 2780 secundum
720 2739 841 2792 quod
886 2739 1033 2781 vidisti

1079 313 1242 354 ferrum
1269 312 1447 353 mistum
1473 316 1602 353 testae
1628 324 1683 354 ex
1707 312 1813 354 luto.
1853 313 1911 355 Et

1080 369 1243 419 digitos
1262 367 1427 421 pedum
1447 381 1501 409 ex
1520 373 1646 420 parte
1665 368 1842 420 ferreos,
1867 373 1911 411 et

1081 438 1134 467 ex
1154 430 1280 478 parte
1300 424 1472 466 fictiles:
1497 437 1551 466 ex
1575 430 1702 477 parte
1727 438 1911 477 regnum

1080 482 1162 523 erit
1178 481 1378 531 solidum,
1395 486 1439 523 et
1454 493 1508 522 ex
1523 486 1649 534 parte
1664 484 1911 524 contritum.

1081 538 1211 588 Quod
1231 542 1377 579 autem
1392 537 1541 579 vidisti
1556 537 1720 579 ferrum
1734 539 1912 581 mistum

1080 599 1208 636 testae
1252 606 1306 635 ex
1348 593 1459 643 luto,
1511 593 1913 637 commiscebuntur

1082 650 1260 703 quidem
1287 650 1479 691 humano
1510 651 1692 700 semine,
1720 650 1800 693 sed
1824 664 1912 693 non

1081 707 1370 749 adhaerebunt
1389 706 1488 757 sibi,
1508 707 1638 748 sicuti
1657 707 1819 748 ferrum
1837 708 1913 749 mi-

1082 764 1194 805 sceri
1218 776 1305 805 non
1331 768 1482 816 potest
1506 768 1645 804 testae.
1681 764 1732 804 In
1758 762 1913 806 diebus

1082 826 1228 862 autem
1261 822 1497 871 regnorum
1528 819 1705 861 illorum
1733 821 1914 862 suscite-

1082 876 1147 918 bit
1165 877 1288 918 Deus
1308 876 1410 918 coeli
1429 889 1627 928 regnum,
1654 875 1776 928 quod
1794 877 1838 918 in
1857 890 1912 918 ae-

1080 934 1253 974 ternum
1267 945 1354 974 non
1369 932 1666 985 dissipabitur,
1681 938 1725 975 et
1732 946 1914 985 regnum

1083 989 1173 1040 ejus
1211 988 1337 1030 elteri
1371 989 1541 1042 pepulo
1576 1002 1666 1031 non
1699 989 1914 1031 tradetur:

1082 1047 1350 1086 comminuet
1394 1050 1557 1096 autem,
1604 1051 1648 1088 et
1685 1049 1915 1090 consumet

1088 1102 1292 1142 universa
1310 1113 1446 1152 regna
1463 1101 1575 1144 haec:
1600 1107 1645 1144 et
1666 1102 1812 1155 ipsum
1831 1107 1915 1144 sta-

1083 1157 1148 1199 bit
1165 1157 1209 1198 in
1229 1159 1452 1201 aeternum.

1136 1216 1187 1266 R.
1211 1214 1331 1255 Misit
1349 1214 1576 1255 Deminus.
1595 1214 1682 1255 197.

1305 1322 1465 1359 Feria
1495 1322 1688 1359 Tertia.

1230 1382 1298 1421 De
1325 1379 1508 1420 Daniele
1536 1378 1774 1431 Propheta.

1162 1443 1314 1483 Lectio
1335 1442 1358 1481 i.
1625 1442 1728 1494 Cap.
1743 1442 1780 1481 3.
1794 1441 1835 1483 b,
1886 1471 1892 1478 .

1095 1507 1148 1547 ἶςῖ)
1169 1496 1517 1548 ronuntiensque
1561 1495 1915 1538 Nabuchodono-

1118 1552 1157 1589 *v--f
1199 1566 1274 1594 sor
1308 1565 1403 1602 rex,
1440 1553 1500 1594 ait
1532 1553 1611 1594 eis:
1646 1553 1822 1595 Verene
1854 1553 1915 1594 Si-

1086 1609 1239 1659 drach,
1264 1609 1451 1659 Misach,
1477 1615 1521 1651 et
1541 1607 1787 1660 Abdenago
1807 1609 1916 1652 deos

1084 1679 1209 1708 meos
1236 1679 1326 1708 non
1353 1665 1512 1715 colitis,
1545 1671 1590 1707 et
1622 1667 1813 1708 statuam
1845 1669 1916 1708 au-

1085 1735 1383 1775 ream‚.quam
1402 1722 1626 1772 constitui,
1654 1734 1744 1763 non
1763 1721 1917 1764 adore-

1084 1778 1164 1821 tis?
1183 1779 1313 1820 Nunc
1332 1790 1438 1830 ergo
1457 1778 1495 1819 si
1514 1778 1620 1820 estis
1639 1778 1794 1831 parati,
1813 1790 1916 1831 qua-

1086 1839 1274 1888 cumque
1316 1835 1426 1876 hora
1463 1835 1689 1877 audieritis
1725 1835 1916 1877 sonitum

1083 1893 1218 1942 tubae,
1251 1891 1426 1942 fistulae,
1457 1891 1652 1942 citharae,
1681 1891 1916 1942 sambucae,

1085 1955 1128 1991 et
1148 1949 1362 2002 psalterii,
1381 1955 1427 1990 et
1446 1948 1736 2001 symphoniae,
1757 1950 1915 1990 omnis-

1086 2019 1171 2058 que
1199 2006 1372 2057 generis
1406 2005 1692 2055 musicorum,
1722 2007 1915 2057 proster-

1084 2063 1173 2104 nite
1188 2075 1280 2111 vos,
1300 2067 1344 2104 et
1363 2061 1546 2103 adorate
1561 2063 1764 2110 statuam,
1784 2073 1916 2113 quam

1085 2119 1182 2160 feci:
1210 2117 1330 2170 quod
1349 2118 1386 2159 si
1404 2130 1494 2159 non
1514 2117 1819 2168 adoraveritis,
1846 2120 1915 2159 ea-

1085 2174 1186 2217 dem
1216 2174 1326 2216 hora
1358 2174 1592 2216 mittemini
1619 2174 1663 2215 in
1690 2174 1915 2216 fornacem

1084 2231 1197 2282 ignis
1230 2229 1439 2272 ardentis:
1473 2236 1518 2272 et
1551 2231 1649 2283 quis
1682 2235 1750 2272 est
1782 2231 1915 2281 Deus,

1086 2289 1159 2341 qui
1182 2287 1338 2340 eripiet
1357 2300 1438 2329 vos
1457 2287 1513 2329 de
1531 2300 1662 2328 manu
1679 2287 1798 2329 mea?

1137 2347 1188 2398 R.
1215 2345 1254 2385 A
1273 2344 1384 2386 fecie
1403 2344 1562 2385 furoris
1581 2344 1655 2385 tui.
1674 2344 1760 2385 197.

1394 2402 1547 2444 Lectio
1567 2401 1607 2441 ii.

1086 2457 1467 2562 Respondentes
1498 2456 1698 2506 Sidrach,
1729 2456 1913 2507 Misach,

1199 2520 1242 2556 et
1279 2514 1542 2564 Abdenago,
1579 2513 1784 2555 dixerunt
1821 2514 1914 2565 regi

1084 2570 1516 2613 Nabuchodonosor:
1574 2570 1677 2611 Non
1735 2572 1914 2622 oportet

1084 2640 1166 2669 nos
1211 2626 1266 2669 de
1312 2627 1395 2668 hac
1434 2639 1482 2668 re
1518 2626 1788 2679 respondere
1821 2626 1912 2668 tibi.

1086 2685 1201 2725 Ecce
1249 2684 1363 2725 enim
1404 2684 1524 2724 Deus
1563 2688 1732 2733 noster,
1783 2695 1912 2735 quem

1087 2741 1287 2789 emimus,
1333 2744 1482 2792 potest
1525 2742 1695 2791 eripere
1735 2752 1816 2781 nos
1858 2738 1913 2781 de
