2040 2944
185 234 233 268 10

233 326 321 368 Sub
347 324 497 366 umbra
522 322 684 363 alarum
708 319 882 359 tuarum
901 316 999 367 pro-

182 389 279 433 tege
312 395 394 422 me:
418 382 440 404 *
464 392 488 419 a
520 377 628 418 facie
661 374 893 427 impierum
928 371 1000 423 qui

182 452 251 479 me
271 438 522 479 afflixerunt.
950 484 958 491 ·

234 493 397 535 Inimici
426 490 508 531 mei
538 488 725 529 animam
753 498 893 526 meam
922 496 999 524 cir-

184 548 508 591 cumdederunt,
543 544 717 596 adipem
746 555 870 583 suum
900 552 999 581 con-

184 606 414 647 cluserunt:
433 604 455 627 *
475 614 525 643 os
551 603 701 642 eorum
720 599 915 640 locutum
935 601 1001 637 est

184 660 440 714 superbiam.

235 717 510 767 Projicientes
534 726 603 754 me
627 725 740 753 nunc
765 708 1000 752 circumde-

183 773 336 814 derunt
367 784 450 812 me:
474 772 496 795 *
525 769 675 810 oculos
707 780 810 808 suos
843 766 999 807 statue-

183 834 281 870 runt
300 827 518 869 declinare
538 826 580 866 in
599 831 770 866 terram.

233 885 525 936 Susceperunt
548 894 617 922 me
642 881 753 921 sicut
779 880 849 920 leo
878 879 1000 930 para-

183 947 252 982 tus
277 940 333 981 ad
357 939 566 992 praedam:
585 939 607 962 *
627 933 670 978 et
698 937 808 977 sicut
832 934 1001 976 catulus

182 997 320 1038 leonis
339 995 537 1037 habitans
556 995 599 1034 in
619 993 788 1034 abditis.

235 1054 431 1102 Exsurge
450 1051 650 1097 Domine,
674 1047 867 1101 praeveni
893 1059 1001 1093 eum,

185 1115 227 1151 ct
247 1108 477 1161 supplanta
497 1120 610 1148 eum:
628 1107 651 1130 *
671 1106 790 1157 eripe
816 1104 1001 1144 animam

184 1178 325 1206 meam
344 1164 397 1205 ab
417 1164 562 1215 impio,
582 1163 789 1202 frameam
808 1166 927 1202 tuam
948 1158 1001 1199 ab

184 1221 366 1262 inimicis
384 1233 536 1260 manus
555 1224 653 1259 tuae.

236 1277 423 1317 Demine
442 1289 466 1316 a
486 1275 636 1328 paucis
657 1274 711 1315 de
726 1279 842 1314 terra
857 1270 1002 1312 divide

186 1346 262 1374 eos
294 1333 337 1373 in
370 1333 457 1373 vita
492 1333 656 1373 eorum:
684 1331 707 1354 *
736 1329 790 1370 de
823 1327 1002 1369 abscen-

187 1389 288 1430 ditis
328 1389 412 1430 tuis
454 1387 714 1439 adimpletus
751 1390 817 1426 est
853 1389 1004 1425 venter

188 1447 349 1486 eerum.

239 1501 427 1542 Saturati
452 1505 550 1541 sunt
575 1499 688 1540 filiis:
711 1499 734 1523 *
761 1503 803 1539 et
834 1497 1004 1538 dimise-

188 1562 287 1598 runt
305 1557 508 1608 reliquias
527 1568 626 1596 suas
644 1554 835 1607 parvulis
855 1554 954 1594 suis.

240 1613 332 1663 Ego
362 1618 506 1653 autem
534 1612 576 1652 in
600 1611 760 1662 justitia
784 1609 1005 1663 apparebo

190 1669 441 1721 conspectui
459 1674 548 1709 tuo:
567 1669 589 1693 *
606 1666 798 1708 satiabor
817 1679 914 1707 cum
934 1679 1005 1718 ap-

189 1725 380 1777 paruerit
398 1725 537 1775 gloria
555 1730 638 1765 tua.

246 1782 324 1822 l'cr
341 1784 521 1822 Annum.
548 1784 644 1823 Ant.
675 1784 858 1835 Propter
874 1781 1007 1823 verba

190 1840 402 1882 labiorum
446 1842 619 1881 tuorum
663 1852 745 1890 ego
792 1838 1007 1880 custodivi

191 1897 284 1937 vias
304 1896 444 1938 duras.

247 1959 279 1997 A
288 1965 342 1998 nt.
376 1956 557 2006 l)iligam
574 1961 628 1997 te.

248 2031 291 2064 Et
321 2042 394 2064 non
424 2032 606 2074 repetitur
639 2032 674 2065 in
703 2033 872 2068 Psalmo:
906 2035 1009 2077 quod

195 2088 343 2121 semper
368 2080 420 2113 iit.
447 2079 599 2122 quando
620 2080 703 2114 Ant.
731 2081 864 2124 incipit
890 2094 909 2115 a
936 2083 1009 2125 pri-

194 2135 254 2158 mo
273 2126 390 2159 versu
413 2127 569 2162 Psalmi:
594 2132 628 2161 ct
647 2128 704 2162 I’s.
724 2135 811 2162 tunc
831 2130 1011 2172 incipitur

195 2169 242 2201 ab
266 2180 310 2202 co
329 2171 460 2205 verbo,
487 2171 520 2203 in
546 2182 621 2213 quo
645 2172 783 2206 desinit
802 2174 903 2208 Ant..
928 2174 1009 2207 sive

196 2215 339 2257 integra
359 2217 519 2253 dicatur.
546 2219 626 2252 sive
650 2226 794 2253 tuntum
815 2221 1010 2257 inchoata:

195 2263 227 2296 si
245 2270 367 2297 tumen
387 2265 516 2299 cadem
536 2266 610 2300 sint
625 2267 752 2302 verbu.
771 2270 1011 2302 utcontinuc-

195 2315 254 2343 tur
271 2312 356 2345 Ant.
374 2323 457 2345 cnm
476 2314 638 2348 Psalmo.

470 2386 661 2427 l’sulmus
685 2388 737 2426 17.

195 2443 432 2547 Diligam
480 2455 522 2492 te
569 2451 754 2493 Demine
803 2451 1013 2494 fortitudo

308 2519 419 2547 mea:
433 2507 455 2531 *
471 2507 682 2548 Deminus
697 2508 1015 2550 firmamentum

197 2573 358 2610 meum,
390 2567 433 2603 et
464 2563 675 2613 refugium
702 2578 862 2614 meum,
896 2570 939 2606 et
970 2565 1015 2605 li-

198 2615 375 2658 berator
402 2631 534 2659 meus.

250 2673 370 2713 Deus
402 2687 524 2715 meus
557 2674 726 2725 adjutor
758 2689 895 2725 meus,
923 2677 946 2702 *
975 2682 1018 2718 et

199 2727 387 2780 sperabo
407 2729 449 2769 in
469 2743 578 2771 eum.

761 221 958 256 Dominicu
986 219 1032 252 ad
1060 217 1295 251 Matutinum.

1103 312 1335 352 Protector
1354 321 1489 357 meuS,
1510 312 1554 348 et
1573 319 1710 348 cornu
1730 305 1884 346 salutis

1052 381 1173 416 meae,
1193 368 1216 392 *
1236 372 1280 408 et
1299 367 1531 417 susceptor
1549 375 1684 404 meus.

1103 427 1308 469 Laudans
1336 423 1554 467 invocabo
1582 423 1837 464 Dominum:
1860 422 1884 447 *

1053 491 1095 526 et
1115 484 1169 526 ab
1190 483 1374 524 inimicis
1394 481 1505 522 meis
1525 479 1672 521 salvus
1693 491 1781 520 ero.

1104 543 1495 586 Circumdederunt
1506 553 1576 582 me
1585 539 1764 582 dolores
1771 551 1886 581 mor-

1052 603 1121 644 tis:
1146 602 1169 626 *
1195 606 1239 642 et
1266 601 1486 642 torrentes
1515 596 1756 649 iniquitatis
1785 608 1886 637 con-

1052 657 1339 700 turbaverunt
1358 669 1438 697 me.

1104 718 1294 760 Dolores
1322 715 1478 757 inferni
1503 712 1888 756 circumdederunt

1053 788 1136 816 me:
1155 775 1178 799 *
1197 773 1623 827 praeoccupaverunt
1646 783 1716 812 me
1739 769 1887 822 laquei

1053 831 1218 872 mortis.

1105 893 1155 932 In
1170 890 1452 932 tribulatione
1467 901 1566 929 mea
1581 887 1784 929 invocavi
1798 887 1887 928 Do-

1053 949 1237 996 minum,
1255 948 1279 972 *
1300 951 1343 988 et
1372 945 1429 987 ad
1455 945 1599 986 Deum
1627 957 1775 986 meum
1803 943 1887 985 cla-

1054 1005 1184 1045 milvi:

1106 1066 1163 1106 Et
1195 1063 1419 1105 exaudivit
1450 1062 1505 1104 de
1537 1061 1705 1114 templo
1734 1065 1888 1102 sancto

1055 1134 1135 1162 suo
1150 1133 1306 1162 vocem
1320 1132 1478 1161 meam:
1488 1119 1512 1144 *
1524 1124 1567 1160 et
1583 1118 1749 1160 clamor
1763 1130 1888 1159 meus

1054 1179 1097 1218 in
1123 1179 1364 1230 conspectu
1390 1177 1496 1228 ejus,
1525 1175 1722 1217 introivit
1748 1175 1794 1215 in
1817 1187 1888 1216 au-

1056 1247 1126 1276 res
1146 1235 1247 1286 ejus.

1109 1295 1342 1336 Commota
1361 1298 1442 1342 est,
1463 1298 1506 1334 et
1526 1292 1789 1334 contremuit
1805 1296 1889 1333 ter-

1057 1365 1118 1392 ra:
1137 1353 1160 1377 *
1181 1350 1463 1392 fundamenta
1482 1349 1697 1390 mentium
1717 1349 1890 1390 contur-

1056 1408 1160 1450 bata
1180 1413 1295 1457 sunt,
1321 1411 1365 1448 et
1390 1408 1614 1448 commeta
1638 1411 1754 1455 sunt⁷
1785 1406 1890 1457 quo-

1057 1465 1173 1505 niam
1192 1465 1330 1505 iratus
1350 1468 1417 1504 est
1437 1463 1511 1504 eis.

1110 1523 1324 1566 Ascendit
1356 1524 1501 1564 fumus
1532 1523 1576 1564 in
1608 1523 1672 1563 ira
1705 1522 1815 1574 ejus:
1847 1526 1892 1564 et

1058 1582 1170 1632 ignis
1195 1594 1220 1622 a
1245 1581 1355 1621 facie
1381 1580 1472 1631 ejus
1498 1579 1677 1621 exarsit:
1694 1579 1718 1604 *
1739 1577 1891 1620 carbo-

1059 1651 1136 1679 nes
1156 1637 1355 1678 succensi
1374 1641 1475 1677 sunt
1494 1635 1549 1678 ab
1571 1649 1635 1677 eo.

1110 1697 1341 1739 Inclinavit
1360 1696 1515 1746 coeIOS,
1539 1701 1583 1738 et
1607 1694 1850 1738 descendit:
1868 1696 1892 1721 *

1061 1760 1104 1796 et
1124 1754 1264 1804 caligo
1285 1753 1366 1795 sub
1385 1752 1574 1806 pedibus
1594 1753 1696 1806 ejus.

1112 1816 1169 1856 Et
1193 1813 1391 1856 ascendit
1415 1827 1548 1867 super
1572 1813 1825 1863 Cherubim,
1850 1818 1895 1855 et

1061 1871 1245 1913 volavit:
1280 1872 1304 1896 *
1345 1870 1512 1912 volavit
1553 1883 1686 1923 super
1726 1883 1894 1923 pennas

1061 1929 1305 1969 ventorum.

1114 1989 1171 2030 Et
1188 1988 1338 2041 pesuit
1357 1987 1564 2030 tenebras
1582 1986 1813 2029 latibulum
1828 1999 1895 2028 su-

1063 2059 1151 2095 um,
1175 2045 1220 2086 in
1243 2045 1429 2086 circuitu
1454 2044 1544 2096 ejus
1563 2043 1897 2086 tabernaculum

1064 2102 1168 2153 ejus:
1191 2102 1215 2127 *
1239 2101 1476 2143 tenebrosa
1499 2113 1615 2154 aqua
1636 2101 1682 2142 in
1705 2099 1897 2143 nubibus

1065 2171 1190 2199 aens.

1115 2215 1214 2255 Prae
1247 2213 1417 2265 fulgore
1454 2214 1498 2255 in
1531 2215 1775 2267 conspectu
1806 2213 1898 2265 ejus

1064 2269 1203 2312 nubes
1222 2271 1498 2320 transierunt,
1512 2271 1537 2296 *
1555 2269 1724 2322 grando
1745 2274 1789 2312 et
1807 2282 1898 2311 car-

1065 2326 1204 2368 bones
1222 2327 1344 2377 ignis.

1119 2392 1175 2433 Et
1194 2392 1382 2433 intonuit
1401 2391 1456 2433 de
1476 2391 1591 2434 coelo
1606 2391 1835 2440 Deminus,
1855 2395 1900 2432 et

1067 2447 1319 2489 Altissimus
1357 2447 1479 2490 dedit
1511 2461 1668 2490 vocem
1705 2460 1845 2489 suam:
1876 2447 1900 2472 *

1067 2503 1235 2555 grando
1256 2510 1300 2546 et
1319 2504 1534 2547 carbones
1552 2505 1676 2556 ignis.

1121 2565 1177 2606 Et
1195 2565 1313 2606 misit
1328 2567 1511 2616 sagittas
1527 2578 1639 2615 suas,
1659 2569 1703 2606 et
1719 2563 1901 2616 dissipa-

1070 2621 1131 2662 vit
1151 2633 1244 2662 eos:
1261 2622 1285 2646 *
1306 2620 1478 2671 fulgura
1506 2620 1830 2674 multiplicavit,
1857 2624 1902 2661 et

1071 2677 1349 2718 conturbavit
1369 2690 1456 2718 eos.

1123 2733 1178 2774 Et
1197 2735 1496 2785 apparuerunt
1515 2734 1660 2775 fontes
1675 2733 1902 2786 aquarum,
