2040 2944
673 176 773 208 Infra
802 174 1094 207 lchdomadam
1120 184 1154 206 v.
1178 173 1422 207 Novembris

359 269 528 306 Feria
563 267 843 303 Secunda.

292 321 450 374 Incipit
475 319 652 361 Nahum
679 318 914 371 Propheta.

236 383 388 423 Lectio
410 383 433 420 i.
810 380 912 431 Cap.
933 381 962 419 1.

199 445 352 490 <mnsu
370 436 544 477 Ninive:
569 435 703 477 Liber
726 436 909 477 visi6nis
931 436 1017 477 Na-

199 479 266 538 13⁴³)
288 495 392 535 hum
406 492 604 533 Elcesaei.
631 493 754 534 Deus
775 492 1017 541 aemulator,

187 555 230 590 et
268 550 485 591 ulciscens
522 548 754 589 Deminus:
799 548 1017 589 ulciscens

185 606 410 654 Dominus,
431 610 475 646 et
493 604 660 646 habens
680 605 888 645 furerem:
913 604 1016 646 ulci-

185 675 311 703 scens
335 661 552 702 Dominus
577 661 620 701 in
644 660 797 702 hostes
825 673 945 711 SUOS,
974 667 1018 703 et

183 718 378 759 irascens
402 718 497 770 ipse
519 717 705 758 inimicis
730 717 831 759 suis.
867 718 1016 758 Domi-

184 787 264 814 nus
283 774 467 826 patiens,
488 779 531 815 et
550 787 732 825 magnus
749 773 1017 823 fortitudine,

184 835 228 871 et
246 830 463 872 mundans
479 843 567 871 non
582 830 715 871 faciet
729 830 1017 872 innocentem.

183 887 400 928 Dominus
426 887 470 927 in
493 889 760 939 tempestate
780 892 823 928 et
842 887 1017 928 turbine

183 943 267 984 viae
288 944 395 994 ejus,
426 949 469 984 et
492 943 665 984 nebulae
686 942 833 995 pulvis
852 942 1017 995 pedum

183 1000 286 1050 ejus.
314 1001 555 1051 Increpans
574 1012 707 1048 mare,
727 1004 770 1040 et
790 1002 1017 1041 exsiccans

182 1055 306 1097 illud:
335 1061 379 1097 et
407 1055 554 1096 emnia
581 1055 761 1096 flumina
786 1055 843 1096 ad
872 1055 1015 1097 deser-

182 1118 275 1154 tum
294 1112 530 1154 deducens.

234 1172 285 1211 R.
312 1168 519 1210 Redemit
537 1168 751 1221 pepulum
771 1182 908 1210 suum.
928 1169 1016 1209 197.

494 1225 646 1265 Lectio
668 1226 706 1264 ii.

230 1280 461 1321 nfirmatus
488 1285 556 1322 est
580 1281 744 1330 Basan,
774 1286 817 1323 et
844 1282 1015 1323 Carme-

242 1337 323 1377 lus:
343 1341 387 1377 et
402 1337 485 1377 flos
499 1336 655 1378 Libani
671 1337 875 1388 elanguit.
894 1338 1015 1378 Mon-

183 1397 251 1433 tes
275 1393 487 1433 eommoti
511 1398 612 1434 sunt
636 1393 690 1434 ab
714 1406 785 1442 eo,
816 1398 860 1434 et
879 1393 1016 1434 colles

185 1448 373 1489 desolati
398 1454 512 1489 sunt:
540 1454 584 1490 et
607 1449 873 1490 contremuit
899 1454 1016 1490 terra

183 1517 209 1545 a
227 1504 339 1545 facie
359 1505 466 1555 ejus,
487 1510 531 1546 et
551 1505 686 1555 orbis,
707 1510 751 1546 et
771 1518 924 1547 omnes
942 1505 1015 1546 ha-

183 1560 376 1602 bitantes
404 1561 447 1600 in
476 1573 541 1602 eo.
577 1562 694 1603 Ante
723 1562 879 1602 faciem
907 1560 1014 1603 indi-

183 1617 402 1667 gnationis
428 1618 519 1669 ejus
546 1618 643 1670 quis
665 1617 823 1659 stabit?
853 1623 898 1659 et
918 1619 1015 1670 quis

183 1674 360 1714 resistet
392 1673 436 1713 in
468 1674 534 1714 ira
562 1674 722 1715 fureris
751 1673 866 1726 ejus?
908 1673 1015 1716 indi-

183 1729 332 1778 gnatio
362 1730 453 1780 ejus
482 1730 621 1771 effusa
645 1735 713 1771 est
737 1736 785 1772 ut
811 1730 938 1782 ignis:
972 1735 1016 1771 et

183 1790 323 1836 petrae
343 1784 572 1827 dissolutae
592 1791 693 1828 sunt
713 1786 769 1827 ab
790 1799 855 1827 eo.

240 1846 288 1897 Rg.
312 1842 544 1892 Angustiae
563 1842 669 1882 mihi
689 1847 800 1883 sunt.
819 1843 905 1883 197.

488 1900 640 1941 Lectio
661 1900 715 1939 iii.

185 1951 379 2055 Bonus
411 1953 642 2003 DominuS,
683 1959 727 1996 et
759 1955 1016 1996 confortans

290 2009 333 2048 in
363 2008 433 2050 die
460 2009 771 2052 tribulationis:
800 2016 844 2053 et
872 2012 1015 2053 sciens

185 2067 415 2117 sperantes
434 2065 478 2106 in
497 2078 556 2109 se.
583 2066 641 2107 Et
660 2067 704 2107 in
724 2067 888 2108 diluvio
903 2081 1014 2120 prae-

184 2123 403 2170 tereunte,
432 2123 856 2165 consummatiOnem
883 2124 1014 2166 faciet

185 2176 271 2218 loci
299 2178 404 2228 ejus:
437 2183 481 2219 et
511 2179 712 2221 inimicos
745 2181 836 2231 ejus
868 2193 1015 2232 perse-

188 2234 374 2284 quentur
402 2234 608 2278 tenebrae.
664 2236 779 2286 Quid
813 2237 1016 2287 cogitatis

187 2292 339 2329 eontra
375 2290 638 2332 Deminum?
679 2292 1015 2333 consummatio-

186 2356 287 2384 nem
325 2345 420 2396 ipse
459 2346 604 2389 faciet:
649 2361 738 2389 non
778 2351 1017 2400 consurget

187 2398 351 2451 duplex
375 2401 612 2444 tribulatio.
657 2404 769 2454 Quia
794 2404 907 2445 sieut
931 2404 1016 2456 spi-

187 2467 256 2496 nae
280 2469 328 2497 se
352 2457 539 2499 invicem
559 2460 927 2512 complectantur,
955 2460 1018 2501 sic

188 2512 437 2553 convivium
474 2516 626 2556 eerum
660 2516 826 2568 pariter
862 2518 1016 2568 potan-

187 2567 312 2608 tium:
351 2572 663 2612 consumentur
697 2572 822 2624 quasi
855 2572 1018 2623 stipula

188 2622 392 2666 ariditate
411 2625 551 2677 plena.
589 2631 639 2682 R:-
666 2627 783 2669 Misit
802 2627 907 2668 Dfis.
930 2627 1018 2668 197.

1268 266 1443 302 Feria
1478 265 1701 302 Tertia.

1154 322 1313 375 Incipit
1340 322 1554 364 Habacu'e
1579 322 1816 375 Propheta.

1122 389 1273 429 Lectio
1293 389 1317 427 i.
1699 387 1802 438 Cap.
1816 388 1847 426 1.

1076 457 1236 511 finnus
1271 451 1391 504 quod
1418 451 1528 493 vidit
1554 451 1768 493 Habacuc
1799 464 1900 504 pro-

1072 511 1148 551 *ζ’ἷ)
1170 507 1315 560 pheta.
1345 508 1589 560 Usquequo
1609 507 1798 550 Domine
1817 507 1900 550 cla-

1068 566 1219 615 mabo,
1248 570 1292 606 et
1316 577 1404 605 non
1425 563 1658 605 exaudies?
1689 563 1901 605 vocifera-

1068 621 1152 663 bor
1171 620 1230 662 ad
1248 626 1292 662 te
1313 621 1401 661 vim
1419 620 1611 673 patiens,
1640 625 1685 662 et
1706 633 1796 661 non
1819 620 1900 661 sal-

1068 675 1218 719 vabis?
1257 677 1402 727 Quare
1432 676 1665 718 ostendisti
1691 675 1799 717 mihi
1824 675 1901 717 ini-

1071 733 1301 785 quitatem,
1323 738 1366 774 et
1384 732 1599 781 laberem,
1619 731 1770 774 videre
1789 745 1900 784 prae-

1069 788 1188 839 dam,
1215 794 1258 830 et
1283 789 1538 840 injustitiam
1562 793 1716 830 contra
1733 786 1830 829 me?
1858 792 1902 830 et

1068 845 1233 887 factum
1261 849 1330 886 est
1357 844 1583 896 judicium,
1613 850 1656 886 et
1684 843 1900 886 contradi-

1069 901 1157 943 ctio
1184 901 1422 954 potentior.
1458 902 1648 954 Propter
1674 900 1761 942 hoc
1788 900 1900 942 laee-

1068 960 1163 999 rata
1183 963 1250 999 est
1268 957 1350 1005 lex,
1370 962 1415 999 et
1433 970 1523 999 non
1540 957 1742 1010 pervenit
1759 969 1900 1009 usque

1069 1014 1126 1055 ad
1162 1014 1294 1055 finem
1330 1013 1552 1065 judicium:
1598 1014 1700 1067 quia
1739 1013 1901 1066 impius

1068 1070 1282 1123 praevalet
1327 1070 1540 1112 adversus
1581 1071 1756 1123 justum,
1800 1082 1900 1122 pro-

1068 1128 1222 1179 pterea
1248 1125 1472 1178 egreditur
1495 1125 1703 1178 judicium
1724 1127 1901 1179 perver-

1068 1196 1175 1224 sum.

1121 1244 1173 1295 R».
1198 1238 1239 1279 A
1257 1238 1368 1280 facie
1388 1238 1548 1280 furoris
1567 1239 1641 1280 tui.
1662 1239 1748 1279 197.

1380 1309 1534 1350 Lectio
1554 1309 1591 1348 ii.

1070 1372 1306 1477 Aspicite
1338 1374 1382 1414 in
1409 1372 1630 1424 gentibus,
1665 1377 1709 1414 et
1736 1372 1901 1414 videte:

1182 1429 1473 1478 admiramini,
1506 1434 1550 1470 et
1583 1428 1902 1481 obstupescite:

1069 1485 1172 1537 quia
1192 1498 1304 1538 opus
1323 1485 1488 1527 factum
1508 1490 1575 1526 est
1592 1485 1636 1525 in
1656 1483 1814 1527 diebus
1830 1498 1901 1527 ve-

1069 1541 1186 1592 stris,
1213 1541 1334 1593 quod
1356 1554 1487 1583 nemo
1510 1540 1663 1583 credet
1686 1554 1787 1582 cum
1805 1555 1900 1584 nar-

1068 1597 1247 1639 rabitur.
1289 1598 1401 1648 Quia
1429 1610 1532 1640 ecce
1561 1611 1645 1649 ego
1675 1597 1900 1640 suscitabo

1070 1653 1316 1703 Chaldaeos,
1342 1659 1518 1706 gentem
1537 1656 1743 1704 amaram,
1768 1659 1812 1696 et
1829 1667 1900 1696 ve-

1067 1711 1221 1761 locem,
1243 1710 1540 1752 ambulantem
1559 1709 1701 1763 super‘
1709 1709 1901 1752 latitudi-

1068 1780 1169 1808 nem
1192 1772 1338 1817 terrae,
1367 1772 1415 1808 ut
1442 1766 1673 1820 possideat
1699 1766 1901 1808 taberna—

1069 1823 1167 1864 cula
1190 1836 1279 1865 non
1304 1836 1394 1864 sua.
1430 1822 1684 1873 Horribilis,
1711 1828 1756 1865 et
1777 1825 1900 1865 terri-

1068 1879 1169 1921 bilis
1189 1884 1269 1921 est:
1289 1892 1344 1921 ex
1363 1882 1601 1932 semetipsa
1619 1877 1838 1930 judicium,
1858 1884 1903 1922 et

1069 1948 1179 1977 onus
1200 1937 1291 1988 ejus
1311 1935 1575 1987 egredietur.
1609 1975 1615 1981 ,

1123 1996 1174 2047 R.
1199 1992 1432 2034 Civitatem
1450 1992 1590 2033 istam.
1611 1993 1700 2033 198.

1373 2065 1526 2107 Lectio
1548 2066 1604 2105 iii.

1135 2122 1307 2164 eviores
1330 2120 1483 2175 pardis
1508 2122 1610 2174 equi
1629 2122 1738 2174 erS,
1767 2126 1811 2164 et
1830 2134 1900 2163 ve-

1176 2178 1364 2220 lociores
1395 2178 1519 2231 lupis,
1542 2177 1821 2231 vespertinis3
1857 2182 1903 2219 et

1070 2234 1368 2277 diffundentur
1395 2235 1565 2286 equites
1593 2235 1701 2286 ejus:
1729 2233 1901 2286 equites

1069 2304 1260 2344 namque
1281 2292 1371 2343 ejus
1392 2291 1447 2332 de
1467 2291 1598 2341 longe
1617 2290 1810 2339 venient,
1826 2302 1900 2331 vo-

1069 2347 1223 2389 labunt
1257 2347 1383 2399 quasi
1420 2346 1568 2399 aquila
1600 2347 1810 2387 festinans
1844 2345 1901 2386 ad

1071 2403 1404 2445 comedendum.
1438 2403 1603 2444 Omnes
1628 2401 1685 2443 ad
1703 2401 1902 2454 praedam

1070 2460 1256 2509 venient,
1272 2460 1407 2501 facies
1423 2461 1575 2500 earum
1584 2463 1742 2499 ventus
1756 2470 1901 2499 urens:

1071 2521 1115 2557 et
1142 2515 1431 2567 congregabit
1459 2515 1584 2566 quasi
1613 2515 1805 2563 arenam,
1834 2527 1901 2555 ca-

1070 2572 1329 2625 ptivitatem.
1393 2571 1449 2612 Et
1489 2571 1585 2623 ipse
1627 2570 1683 2611 de
1724 2569 1900 2621 regibus

1070 2627 1376 2680 triumphabit,
1423 2631 1467 2668 et
1510 2626 1683 2678 tyranni
1728 2625 1901 2667 ridiculi

1071 2684 1162 2734 ejus
1181 2688 1322 2725 erunt:
1343 2683 1439 2735 ipse
1463 2684 1596 2734 super
1615 2694 1792 2723 omnem
1809 2694 1900 2722 mu—
