2040 2944
637 192 746 227 Dom.
771 193 837 228 111.
864 194 943 229 Oct.
990 195 1175 229 Puritatis
1201 196 1242 229 B.
1267 196 1314 229 M.
1340 196 1383 229 V.

155 282 210 324 lis
239 288 306 325 est
333 283 448 325 enim
474 284 688 325 memeria
714 284 848 336 illius,
882 290 988 339 quo-

155 339 272 380 niam
304 344 348 381 et
377 340 496 393 apud
523 341 668 382 Deum
694 348 800 383 nota
829 344 911 394 est,
944 349 989 385 et

156 394 278 449 apud
296 396 507 438 hemines.

464 471 677 523 Hymnus.

310 531 504 582 gloriesa
522 532 764 583 Virginum,

323 587 531 630 Sublimis
550 589 664 631 inter
683 590 839 641 sidera,

258 644 343 695 Qui
360 649 405 686 te
424 646 601 695 creavit,
621 648 854 698 parvulum

255 700 472 743 Lactente
490 703 630 743 nutris
650 703 798 746 ubere.

205 764 339 816 Quod
358 766 486 807 Heva
504 767 642 809 tristis
660 768 852 819 abstulit,

258 822 327 864 Tu
346 822 497 865 reddis
517 823 633 866 almo
653 826 861 876 germine:

255 880 429 921 Intrent
447 885 496 922 ut
515 886 633 923 astra
652 882 831 934 flebiles,

258 936 371 978 Coeli
389 937 583 979 recludis
605 939 818 982 cardines.

207 1000 276 1042 Tu
295 1002 410 1053 regis
430 1002 506 1044 alti
524 1004 664 1054 janua,

255 1058 313 1100 Et
332 1059 431 1100 aula
450 1059 560 1101 lucis
580 1061 760 1112 fulgida:

257 1115 407 1157 Vitam
426 1116 576 1159 datam
594 1130 675 1170 per
692 1119 930 1170 Virginem,

258 1172 426 1215 Gentes
445 1172 689 1227 redemptae
709 1175 917 1228 plaudite.

208 1237 233 1277 J
234 1250 323 1287 esu,
342 1237 422 1279 tibi
441 1239 498 1280 sit
515 1238 666 1289 gleria‚

257 1294 343 1345 Qui
361 1299 489 1336 natus
510 1308 558 1337 es
578 1295 633 1338 de
653 1297 847 1349 Virgine,

259 1351 369 1393 Cum
386 1352 518 1394 Patre
538 1357 582 1394 et
601 1353 719 1395 almo
738 1355 916 1408 Spiritu,

254 1408 307 1449 In
326 1409 594 1461 sempiterna
613 1411 787 1452 saecula.

463 1466 619 1508 Amen.

198 1529 249 1579 V.
285 1530 442 1583 Specie
474 1536 551 1573 tua
585 1537 630 1574 et
657 1533 984 1586 pulchritudine

151 1593 238 1630 tua.
257 1589 310 1641 R.
331 1586 528 1638 Intende,
546 1591 762 1642 prospere
777 1591 984 1642 procede,

151 1649 195 1686 et
214 1657 360 1696 regna.

196 1709 269 1752 Ad
294 1710 457 1752 Bened.
500 1712 599 1752 Ant.
649 1711 811 1753 Sancta
838 1717 882 1753 et
908 1712 983 1753 im-

147 1765 368 1809 maculata
382 1766 535 1807 Mariae
549 1766 802 1818 Virginitas,
824 1768 982 1821 quibus

148 1826 193 1863 te
222 1821 429 1864 laudibus
462 1822 642 1864 efferam
674 1825 840 1866 nescio:
881 1825 983 1877 quia

147 1891 228 1931 per
246 1883 291 1920 te
305 1879 655 1932 Redempterem
674 1886 874 1923 nostrum
891 1895 981 1923 sus-

148 1935 345 1987 cepimus
360 1936 599 1978 Deminum
615 1942 814 1979 nostrum
830 1939 855 1979 J
858 1951 981 1980 esum

150 1991 384 2034 Christum.

484 2065 648 2107 Oratio.

233 2134 275 2172 a,
309 2124 578 2174 quaesumus,
612 2126 892 2176 omnipotens
926 2138 980 2166 ae-

245 2180 369 2220 terne
388 2179 526 2221 Deus:
549 2186 598 2222 ut
616 2181 863 2233 purissimae
883 2182 979 2223 Vir-

145 2235 257 2286 ginis
276 2235 428 2276 Mariae
447 2231 773 2288 integerrimam
792 2238 979 2289 Virgini-

144 2293 284 2333 tatem
308 2292 467 2334 festiva
494 2293 750 2336 celebritate
770 2296 978 2335 veneran-

144 2352 226 2398 tes3
262 2349 353 2400 ejus
380 2349 712 2400 intercessiene‚
741 2350 980 2402 puritatem

144 2405 303 2446 mentis
336 2410 380 2446 et
413 2406 613 2458 cerporis
643 2408 977 2458 consequamur.

143 2461 228 2502 Per
247 2461 497 2503 Deminum.

196 2520 243 2554 Et
267 2520 308 2555 fit
333 2531 528 2555 commem.
554 2522 706 2556 Domin.
734 2532 878 2556 occurr.

417 2592 484 2628 Ad
509 2592 711 2628 Tertiam.

193 2651 293 2692 Ant.
322 2652 520 2694 Dilectus
539 2666 663 2694 meus
682 2652 797 2693 mihi.

196 2716 333 2767 Capit.
363 2714 400 2754 O
425 2726 556 2765 quam
572 2713 768 2766 pulchra.
788 2711 905 2764 [290]

1779 193 1872 238 [291]

1096 291 1146 352 R.
1167 290 1228 331 br.
1264 288 1421 340 Specie
1448 293 1523 330 tua
1550 291 1572 314 *
1599 289 1657 331 Et
1683 289 1871 342 pulchri-

1040 343 1192 385 tudme
1211 349 1297 386 tua.
1322 345 1478 397 Specie
1496 350 1582 387 tua.
1605 341 1655 393 V.
1676 345 1872 396 Intende,

1040 402 1256 453 prospere
1289 401 1499 452 procede,
1533 407 1576 444 et
1609 415 1754 453 regna.
1815 403 1872 444 Et

1040 455 1367 509 pulchritfidine
1401 463 1487 499 tua.
1551 458 1705 500 Gloria
1740 459 1872 500 Patri.

1040 513 1196 566 Specie
1214 519 1300 555 tua.

1094 569 1144 618 V.
1179 569 1419 619 Adiuvabit
1456 584 1551 612 eam
1590 573 1711 614 Deus
1748 572 1872 614 vultu

1041 639 1133 668 suo.
1171 628 1221 679 R.
1252 627 1373 667 Deus
1401 627 1445 667 in
1472 627 1618 670 medio
1648 630 1756 681 ejus,
1784 642 1872 670 non

1042 683 1403 724 commovebitur.

1318 752 1386 788 Ad
1410 752 1597 790 Sextam.

1093 806 1191 845 Ant.
1222 807 1362 855 Quam
1381 805 1566 858 pulchra
1585 819 1643 848 es.

1092 866 1353 918 Capitulum.
1551 865 1682 906 Eccli.
1697 866 1762 905 24.
1779 864 1817 905 b.

1122 932 1138 968 t
1159 927 1221 968 sic
1241 927 1284 968 in
1305 927 1409 968 Sion
1428 927 1602 969 firmata
1626 941 1738 978 sum,
1766 933 1809 970 et
1828 929 1870 969 in

1151 984 1328 1026 civitate
1365 984 1637 1026 sanctificata
1674 985 1871 1027 similiter

1040 1041 1252 1093 requievi,
1279 1046 1323 1082 et
1346 1041 1390 1081 in
1409 1041 1652 1082 Jerusalem
1672 1043 1871 1093 potestas

1039 1111 1148 1139 mea.
1181 1097 1238 1139 Et
1260 1097 1455 1139 radicavi
1478 1098 1521 1138 in
1545 1098 1712 1150 populo
1737 1097 1871 1140 hono-

1039 1154 1228 1203 rificato,
1254 1160 1298 1195 et
1316 1154 1360 1195 in
1380 1159 1506 1207 parte
1526 1155 1609 1196 Dei
1628 1155 1715 1196 mei
1734 1155 1868 1196 haere-

1040 1210 1155 1252 ditas
1179 1211 1312 1260 illius,
1342 1216 1385 1252 et
1409 1211 1452 1251 in
1476 1211 1750 1263 plenitudine
1775 1225 1869 1253 san-

1040 1270 1211 1309 ctorum
1230 1267 1425 1309 detentio
1444 1281 1552 1309 mea.
1624 1276 1632 1282 ·

1090 1324 1140 1374 R.
1173 1323 1236 1364 br.
1286 1324 1527 1376 Adiuvabit
1563 1338 1659 1366 eam
1687 1325 1710 1349 *
1747 1326 1903 1377 Deus*

1038 1381 1162 1423 vultu
1186 1394 1277 1422 suo.
1313 1381 1566 1433 Adiuvabit.
1601 1375 1651 1427 V.
1679 1382 1800 1423 Deus
1825 1383 1870 1422 in

1037 1437 1186 1479 medio
1228 1439 1337 1490 ejus,
1380 1451 1469 1479 non
1510 1438 1869 1480 commovebitur.

1037 1495 1170 1536 Deus.
1200 1493 1352 1536 Gloria
1370 1495 1500 1536 Patri.
1530 1494 1779 1547 Adjuvabit.

1089 1545 1140 1597 V.
1165 1551 1311 1601 Elegit
1337 1564 1434 1592 eam
1454 1551 1593 1600 Deus,
1621 1557 1664 1593 et
1689 1553 1868 1605 praeele-

1036 1607 1099 1657 git
1114 1619 1221 1648 eam.
1248 1607 1300 1658 Rz.
1322 1607 1373 1647 In
1391 1607 1679 1649 tabernaculo
1700 1621 1780 1650 suo
1795 1609 1868 1650 ha-

1035 1662 1177 1704 bitare
1198 1663 1302 1704 facit
1321 1676 1429 1704 eam.

1318 1732 1386 1768 Ad
1410 1733 1594 1768 Nonam.

1088 1785 1187 1826 Ant.
1212 1784 1429 1826 Viderunt
1449 1797 1557 1826 eam.

1089 1846 1348 1898 Capitulum.
1544 1846 1676 1887 Eccli.
1692 1848 1757 1888 24.
1773 1846 1812 1889 b.

1082 1915 1111 1943 n
1139 1901 1298 1954 plateis
1327 1901 1441 1942 sicut
1472 1901 1795 1950 cinnamomum
1824 1906 1868 1942 et

1095 1957 1340 1999 balsamum
1366 1959 1660 1999 aromatizans
1681 1957 1866 1998 oderem

1034 2013 1152 2056 dedi:
1199 2014 1326 2066 quasi
1365 2013 1543 2066 myrrha
1585 2013 1725 2055 electa
1761 2013 1865 2055 dedi

1034 2071 1296 2112 suavitatem
1315 2069 1477 2111 odoris.

1086 2128 1136 2180 R.
1169 2126 1231 2167 br.
1273 2125 1430 2177 Elegit.
1451 2138 1548 2167 eam
1580 2126 1719 2176 Deus,
1749 2127 1771 2151 *
1808 2125 1866 2166 Et

1032 2183 1261 2236 praeelegit
1289 2195 1396 2223 eam.
1436 2181 1591 2233 Elegit.
1635 2178 1684 2230 V.
1722 2182 1774 2222 In
1802 2187 1864 2224 ta-

1032 2239 1270 2281 bernaculo
1298 2251 1378 2279 suo
1402 2237 1602 2279 habitare
1627 2237 1732 2279 facit
1756 2251 1863 2279 eam.

1030 2296 1088 2337 Et
1139 2295 1345 2346 raeelegit.
1378 2294 1530 2335 Gleria
1548 2293 1678 2335 Patri.
1707 2294 1863 2345 Elegit.

1128 2383 1135 2391 .
1169 2351 1343 2392 Diffusa
1380 2355 1448 2392 est
1482 2349 1623 2401 gratia
1658 2350 1702 2391 in
1733 2350 1862 2392 labiis

1030 2408 1127 2449 tuis.
1186 2408 1237 2459 R.
1275 2407 1520 2459 Propterea
1555 2405 1782 2449 benedixit
1817 2412 1861 2448 te

1030 2464 1151 2505 Deus
1170 2464 1214 2504 in
1234 2465 1458 2504 aeternum.

1236 2541 1297 2580 In
1318 2539 1380 2580 11.
1399 2539 1652 2590 vesperis.

1082 2603 1219 2637 Omnia
1244 2606 1284 2636 ut
1308 2602 1347 2635 in
1370 2602 1396 2636 Ι.
1417 2601 1533 2644 Vesp.
1553 2601 1648 2644 [286]
1674 2604 1813 2643 praeter

1082 2655 1153 2696 Ad
1172 2656 1346 2705 Magnif.
1376 2655 1476 2695 Ant.
1512 2654 1650 2694 Beata
1668 2650 1752 2691 Dei
1772 2649 1855 2690 Ge-

1026 2710 1158 2753 nitrix
1181 2709 1338 2759 Maria,
1367 2709 1507 2760 Virgo
1529 2708 1760 2761 perpetua,
1788 2718 1854 2746 sa-
