2040 2944
206 172 270 207 14*
344 172 415 206 Die
429 172 479 205 25.
498 171 600 214 Sept.
625 171 682 205 Ss.
698 171 898 205 Eustachii
915 175 950 205 et
965 171 1048 205 Soc.
1063 171 1171 205 Mart.
1189 176 1226 205 et
1239 171 1291 205 26.
1316 170 1351 205 S.
1367 170 1527 205 Eusebii
1540 171 1608 215 Pp.
1625 175 1661 206 et
1674 171 1781 206 Mart.

206 269 355 311 divino
375 267 543 310 scilicet
562 267 770 309 instinctu
788 272 833 309 et
846 273 969 309 nutu:
989 273 1037 309 ut

204 325 462 367 Anthimum
473 324 731 365 haereticum
741 323 1036 376 patriarcham

206 380 742 433 Constantinopolitanum
785 379 1036 422 Theodorae

204 438 496 492 imperatricis
532 437 658 478 malis
695 437 864 479 artibus
902 437 1034 479 intru-

204 509 300 537 sum
320 496 628 536 exauctoraret
647 499 781 546 atque
796 493 1035 545 damnaret,

204 558 248 594 et
275 553 319 593 in
347 552 438 604 ejus
468 551 615 592 locum
644 551 849 592 Mennam
877 550 1034 593 substi-

203 612 362 659 tueret3
403 607 722 661 patriarchales
763 608 869 649 item
905 607 1035 650 sedes

203 665 548 708 Alexandrinam
600 670 643 706 et
694 665 1033 715 Antiochenam,

204 723 394 765 extrasis
426 722 662 771 haereticis,
700 721 927 763 catholicis
960 735 1033 775 pa-

204 779 396 822 storibus
424 779 686 821 restitueret.
740 778 829 821 Sed
856 778 1033 821 tandem

204 837 380 879 biennio
412 836 698 890 pontificatus
729 835 927 878 nondum
962 849 1032 878 ex—

202 894 341 947 pleto,
366 894 432 936 vir
455 894 770 944 sanctissimus,
796 894 840 934 in
866 907 953 947 quo
972 895 1032 935 ni-

203 951 278 1002 hil,
300 951 385 992 nisi
408 951 653 1003 longiorem
672 951 807 992 vitam
828 952 1033 994 catholici

203 1007 539 1057 desiderassent,
559 1008 941 1062 Constantinopoli
960 1010 1032 1062 pie

203 1064 328 1114 obiit,
355 1077 469 1106 anno
496 1064 657 1108 Christi
682 1065 1031 1117 quingentesimo

201 1122 425 1172 trigesimo
453 1128 591 1164 sexto.
627 1123 731 1175 Ejus
757 1135 921 1176 corpus
945 1124 1031 1164 Ro-

200 1191 317 1219 mam
335 1178 609 1230 translatum,
627 1179 672 1220 in
691 1180 909 1222 Vaticano
930 1182 1030 1222 con-

201 1233 340 1277 ditum
360 1241 437 1277 est.

250 1298 302 1349 R.
330 1292 420 1334 Iste
439 1296 507 1334 est
525 1292 609 1344 qui.

250 1359 293 1392 In
320 1358 385 1392 lll.
405 1358 604 1392 Nocturno
628 1359 799 1394 Homilia
827 1360 865 1393 in
882 1361 1027 1404 Evang.

203 1407 327 1440 Homo
351 1407 510 1450 peregre
533 1407 795 1451 proficiscens.
821 1409 867 1442 de
892 1409 1029 1443 eodem

201 1455 402 1489 Communi
429 1455 455 1488 1.
477 1456 575 1497 loco,
601 1466 685 1489 cum
711 1456 761 1490 ix.
783 1457 883 1491 Lect.
903 1457 1028 1501 vigil„

200 1503 275 1537 nisi
302 1503 449 1538 venerit
473 1504 513 1537 in
536 1504 619 1538 Fer.
646 1504 818 1545 Quatuor
843 1505 974 1549 Temp.

382 1585 467 1627 Die
484 1585 549 1626 25.
569 1586 850 1640 Septembris.

226 1649 294 1690 Ss.
317 1649 578 1692 Eustachii
606 1656 649 1692 et
671 1653 852 1695 Socior.
880 1655 1003 1696 Mart.

533 1717 696 1760 Duplex.

254 1769 389 1803 Omnia
416 1775 455 1804 ut
477 1770 514 1803 in
536 1770 738 1804 Breviario
764 1771 825 1805 die
850 1772 909 1806 20.
927 1772 1028 1815 Sept.

377 1849 462 1891 Die
480 1851 546 1892 26.
566 1852 850 1905 Septembris.

299 1913 343 1955 S.
363 1911 567 1958 Eusebii
588 1917 722 1969 Papae
743 1924 785 1960 et
806 1919 928 1960 Mart.

535 1984 697 2026 Duplex.

257 2034 391 2068 Omnia
432 2035 479 2069 de
518 2035 721 2070 Communi
759 2037 871 2071 unius
910 2038 1029 2079 Mart„

203 2088 342 2125 praeter
366 2084 576 2126 sequentia.

255 2135 417 2175 Oratio.
448 2135 758 2178 Infirmitatem.

253 2194 295 2228 ln
330 2195 354 2228 I.
388 2196 585 2230 Nocturno
622 2197 822 2233 Lectiones
858 2201 904 2235 de
931 2201 1028 2235 Scri-

203 2247 313 2285 ptura
339 2252 570 2278 occurrente.

427 2306 475 2343 In
502 2306 553 2344 ΙΙ.
581 2307 803 2347 Noeturno.

496 2366 677 2407 Lectio
669 2382 720 2407 iv.

214 2439 217 2474 ;
243 2450 254 2485 {2-
279 2423 492 2488 3>usebius
520 2426 697 2468 natione
722 2426 924 2479 Graecus,
951 2443 1026 2483 pa-

208 2514 217 2528 „
274 2480 305 2539 ξ
333 2485 400 2522 tre
443 2482 634 2534 medico,
678 2489 782 2536 post
827 2491 1026 2528 sanctum

213 2541 217 2550 '
250 2538 271 2542 '⁴
307 2537 588 2580 Marcellum
625 2516 839 2583 ’Romanae
875 2542 1024 2584 Eccle-

200 2594 276 2635 siae
305 2599 371 2635 est
398 2595 661 2638 constitutus
693 2601 940 2651 episcopus.
981 2600 1025 2641 Is

198 2650 432 2692 haereticos
463 2651 627 2695 invenit
663 2653 707 2694 in
737 2655 872 2706 Urbe,
913 2669 1025 2708 quos

198 2707 505 2760 resipiscentes
532 2709 628 2751 sola
654 2712 860 2753 manuum
887 2712 1024 2766 impo-

1089 267 1248 309 sitione
1267 266 1482 308 Ecclesiae
1502 266 1813 309 reconciliavit.
1839 267 1919 308 Cui

1089 330 1132 366 et
1155 336 1180 365 e
1205 322 1404 365 Sardinia
1430 320 1646 364 accedens
1674 322 1836 365 nobilis
1859 323 1918 365 fe-

1087 381 1204 422 mina
1231 379 1471 429 Restituta,
1504 378 1642 420 filium
1669 391 1797 420 suum
1824 391 1916 422 eru-

1089 436 1297 479 diendum
1332 434 1530 486 tradidit,
1576 447 1707 488 quem
1743 436 1918 488 egregie

1087 493 1175 535 fide
1211 492 1448 535 christiana
1480 491 1697 534 imbutum
1723 490 1917 545 baptiza-

1087 550 1165 600 vit,
1194 551 1364 602 suoque
1389 549 1566 590 nomine
1589 548 1828 599 insignivit,
1857 554 1916 591 at-

1089 619 1174 659 que
1193 605 1431 648 Eusebium
1449 605 1699 647 nominavit.
1726 605 1918 656 Dignum

1086 665 1216 717 plane
1235 663 1346 706 tanti
1364 663 1593 705 Pontificis
1612 675 1808 731 germen,
1829 675 1916 715 quo

1086 720 1359 764 Vercellensi
1382 722 1539 772 postea
1565 721 1777 773 episcopo
1804 717 1916 761 fides

1086 777 1338 819 catholica
1326 790 1371 817 1n
1391 776 1571 818 Oriente
1590 777 1917 845 propemodum

1086 837 1319 884 exstincta,
1345 833 1517 875 laetiore
1542 833 1788 886 propagine
1808 833 1916 875 revi-

1086 894 1285 933 visceret.

1139 953 1191 1005 R
1216 949 1464 990 Honestum
1491 947 1594 990 fecit
1619 946 1742 989 illum
1766 947 1916 989 Domi-

1085 1019 1178 1056 nus,
1203 1010 1246 1047 et
1265 1005 1506 1047 custodivit
1525 1017 1626 1046 eum
1645 1003 1732 1046 ab
1720 1004 1916 1055 mimicis,

1086 1068 1130 1105 et
1154 1075 1180 1104 a
1207 1061 1517 1104 seductoribus
1543 1061 1703 1103 tutavit
1729 1061 1866 1103 illum:
1890 1067 1914 1092 *

1084 1120 1141 1161 Et
1170 1118 1292 1161 dedit
1323 1119 1385 1160 illi
1417 1118 1663 1160 claritatem
1694 1119 1916 1160 aeternam.

1087 1174 1137 1226 V.
1174 1175 1505 1228 Descenditque
1537 1188 1637 1217 cum
1667 1174 1743 1217 illo
1779 1175 1823 1216 in
1853 1175 1914 1218 fo-

1083 1246 1221 1283 veam,
1241 1237 1285 1274 et
1302 1232 1347 1273 in
1365 1231 1550 1274 vinculis
1569 1244 1658 1274 non
1682 1230 1916 1284 dereliquit

1085 1303 1196 1332 eum.
1239 1289 1298 1331 Et
1318 1289 1452 1332 dedit.

1398 1348 1549 1388 Lectio
1570 1361 1607 1388 v.

1152 1408 1306 1446 anctus
1327 1403 1399 1444 hic
1417 1402 1624 1444 Pontifex
1641 1401 1748 1444 boni
1765 1404 1912 1455 pasto-

1169 1461 1229 1502 ris
1254 1459 1416 1502 Christi
1437 1459 1462 1500 J
1465 1471 1544 1501 esu
1565 1458 1914 1501 misericordiam

1080 1517 1292 1567 imitatuS,
1317 1516 1555 1567 benignum
1580 1528 1685 1567 erga
1708 1527 1785 1557 eos
1807 1528 1911 1568 quo-

1083 1587 1169 1628 que
1197 1587 1245 1616 se
1274 1573 1484 1624 ostendit,
1519 1573 1594 1625 qui
1623 1572 1680 1615 ob
1708 1585 1912 1626 persecu-

1081 1632 1213 1674 tionis
1233 1637 1399 1674 metum
1418 1631 1462 1672 in
1483 1630 1780 1673 idololatriam
1799 1630 1913 1684 lapsi

1080 1689 1281 1740 fuissent3
1315 1693 1360 1731 at
1390 1687 1641 1741 improbam
1672 1689 1912 1741 propterea

1081 1746 1390 1788 nonnullorum
1409 1759 1433 1787 e
1453 1745 1590 1795 clero,
1611 1744 1805 1797 quodam
1823 1745 1911 1787 He-

1081 1803 1217 1846 racli0
1241 1802 1443 1853 duetore,
1469 1801 1754 1844 severitatem
1778 1801 1910 1843 offen-

1082 1860 1156 1902 dit.
1189 1861 1387 1910 Quorum
1405 1858 1565 1901 ardens
1584 1858 1778 1901 studium
1797 1857 1910 1901 adeo

1081 1917 1126 1958 in
1145 1916 1384 1959 Eusebium
1401 1916 1619 1967 efferbuit,
1644 1921 1693 1958 ut
1711 1928 1800 1958 non
1818 1928 1909 1957 mo-

1081 1973 1140 2016 do
1159 1974 1305 2026 ipsum
1323 1973 1641 2023 lacessiverint,
1667 1972 1748 2014 sed
1769 1971 1910 2015 turbis

1081 2029 1404 2083 discordi1'sque
1423 2030 1581 2071 Romae
1601 2029 1819 2080 excitatis,
1839 2041 1910 2071 oc-

1081 2087 1304 2129 casionem
1330 2089 1519 2139 tyranno
1547 2086 1771 2128 Maxentio
1798 2098 1909 2140 prae-

1079 2145 1270 2195 hilerim,
1292 2157 1379 2197 qua
1398 2144 1455 2186 ad
1473 2143 1698 2197 publicam
1718 2143 1910 2196 quietem

1079 2201 1412 2251 restituendam,
1432 2205 1631 2243 sanetum
1648 2200 1909 2242 Pontificem

1078 2259 1202 2312 pacis
1228 2260 1520 2312 sequestrem,
1545 2263 1774 2311 tamquam
1797 2255 1907 2298 sedj-

1079 2316 1212 2357 tionis
1241 2317 1485 2365 auctorem,
1512 2315 1558 2356 in
1582 2314 1774 2356 Siciliam
1800 2313 1908 2355 rele-

1079 2373 1209 2424 gavit.
1249 2372 1318 2414 Ibi
1351 2372 1491 2414 exsilii
1522 2370 1730 2413 aerumnis
1748 2369 1906 2411 ‘'confe-

1081 2435 1176 2471 ctus
1220 2429 1356 2471 vitam
1399 2429 1538 2471 finivit
1583 2432 1709 2470 sexto
1755 2426 1907 2468 Nonas

1081 2486 1297 2528 Octobris.
1337 2486 1442 2539 Ejus
1471 2485 1631 2528 deinde
1660 2497 1821 2536 corpus
1850 2484 1907 2526 ad

1078 2543 1243 2585 Urbem
1261 2543 1536 2592 translatum,
1556 2540 1808 2594 depositum
1827 2540 1907 2582 fuit

1078 2601 1121 2641 in
1155 2600 1409 2642 coemeterio
1439 2599 1615 2642 Callixti
1647 2599 1718 2640 via
1746 2598 1905 2651 Appia.

1078 2657 1258 2699 Eusebii
1283 2655 1519 2710 sepulchro
1544 2658 1702 2709 postea
1727 2659 1905 2696 sanctus

1077 2713 1296 2755 Damasus
1315 2713 1517 2755 Summus
1536 2712 1741 2754 Pontifex
1759 2710 1903 2753 metri-
