2040 2944
582 166 691 200 Dom.
717 167 742 200 Ι.
770 166 849 200 Oct.
890 167 946 200 Ss.
972 166 1127 199 Rosarii
1152 165 1193 199 B.
1219 165 1351 199 Mau-iau
1376 166 1419 199 V.

371 307 419 345 In
447 306 497 344 II.
526 305 750 344 Nocturno.

449 385 601 425 Lectio
622 385 675 424 iv.

153 463 338 509 fri3ff12÷gum
360 456 664 507 Albigensium
690 456 871 498 haeresis
898 469 980 509 per

153 505 260 562 tl
283 512 561 555 Tolosatium
589 513 814 563 regionem
847 513 979 565 impie

281 571 573 621 grassaretur,
603 574 736 620 atque
772 568 902 610 altius
936 569 980 610 in

149 628 243 669 dies
262 625 436 667 radices
454 628 614 676 ageret,
636 630 813 667 sanctus
828 625 978 666 Domi-

147 684 283 733 nicus,
305 682 379 734 qui
391 694 532 734 nuper
546 679 895 722 Praedicatorum
911 683 977 722 or-

149 738 261 781 dinis
284 737 567 780 fundamenta
592 738 769 786 iecerat,
798 736 855 778 ad
882 750 979 779 eam

148 794 482 837 convellendam
494 797 614 835 totus
629 793 837 835 incubuit.
863 793 917 834 Id
932 798 979 836 ut

147 853 380 904 praestaret
393 849 591 899 validius,
612 849 820 890 auxilium
834 849 979 891 beatae

147 907 352 959 Virginis,
373 906 494 958 cujus
515 904 703 956 dignitas
722 905 807 946 illis
823 907 978 947 errori-

147 963 230 1005 bus
244 961 624 1015 impudentissime
634 962 881 1014 petebatur,
893 965 978 1004 cui-

149 1032 234 1072 que
254 1019 405 1061 datum
423 1023 490 1060 est
509 1023 689 1060 cunctas
705 1019 899 1060 haereses
918 1019 978 1059 in-

146 1078 350 1117 terimere
365 1075 409 1115 in
423 1075 632 1116 universo
647 1075 823 1125 mundo,
841 1076 979 1117 enixis

146 1131 351 1185 precibus
366 1131 629 1184 imploravit.
657 1131 698 1172 A
715 1144 800 1183 qua
816 1133 878 1182 (ut
892 1145 978 1174 me-

146 1188 298 1229 moriae
318 1186 544 1240 proditum
564 1188 644 1239 est)
670 1201 769 1228 cum
786 1188 979 1230 monitus

147 1248 265 1285 esset
287 1249 336 1285 ut
354 1243 591 1284 Rosarium
616 1243 793 1296 populis
819 1244 978 1296 praedi-

147 1302 279 1350 caret,
299 1300 418 1341 velut
433 1299 651 1351 singulare
666 1300 877 1341 adversus
892 1300 978 1342 hae-

145 1369 267 1398 reses
299 1369 351 1398 ac
379 1357 486 1398 vitia
516 1355 791 1409 praesidium3
818 1357 979 1398 mirum

145 1418 223 1462 est,
244 1417 406 1465 quanto
425 1412 584 1454 mentis
599 1412 772 1454 fervore
788 1418 831 1455 et
847 1426 978 1465 quam

145 1469 260 1510 felici
285 1470 494 1510 successu
519 1468 760 1520 injl'mctum
784 1469 867 1510 sibi
886 1483 976 1510 mu-

144 1538 226 1566 nus
254 1525 311 1566 sit
339 1528 583 1566 exsecutus.
619 1525 700 1566 Est
724 1530 870 1567 autem
889 1525 976 1566 Ro-

146 1581 308 1622 sarium
323 1586 444 1622 certa
453 1579 664 1633 precandi
679 1581 875 1631 formula,
891 1594 978 1633 qua

146 1637 397 1689 quindecim
425 1637 721 1688 angelicarum
752 1637 975 1679 salutatio-

145 1706 249 1734 num
277 1692 490 1742 decades,
523 1693 722 1735 oratione
757 1693 977 1735 dominica

144 1749 371 1800 interjecta
399 1748 721 1800 distinguimus,
755 1754 799 1790 et
826 1749 883 1791 ad
908 1751 975 1791 ea-

144 1818 242 1846 rum
261 1805 453 1856 singulas
471 1805 658 1847 totidem
673 1810 837 1847 nostrae
851 1819 975 1859 repa-

145 1861 327 1903 rationis
350 1861 559 1914 mysteria
588 1861 662 1914 pia
689 1861 975 1904 meditatione

143 1917 389 1958 recolimus.
430 1917 500 1958 Ex
541 1930 595 1959 eo
630 1930 735 1968 ergo
772 1919 974 1970 tempore

143 1974 242 2026 pius
261 1973 333 2015 hic
354 1972 512 2015 orandi
535 1972 695 2015 modus
718 1974 974 2016 mirabiliter

142 2042 224 2082 per
249 2034 449 2071 sanctum
472 2030 753 2071 Dominicum
781 2030 973 2082 promul-

141 2086 237 2136 gari
255 2088 494 2137 augerique
519 2086 673 2138 coepit3
704 2099 835 2138 quem
862 2087 970 2139 ejus-

142 2140 244 2183 dem
262 2141 558 2183 institutorem
582 2144 893 2194 auctoremque
912 2143 973 2184 fu-

141 2199 228 2240 isse
256 2198 422 2240 Summi
450 2198 688 2239 Pontifices
716 2199 972 2251 apostolicis

140 2252 297 2295 litteris
316 2254 483 2307 passim
502 2254 785 2296 affirmarunt.

193 2342 244 2393 R.
270 2340 340 2381 Tu
367 2339 508 2390 gloria
534 2340 797 2392 Jerusalem,
824 2346 873 2382 tu
898 2341 970 2383 lae-

140 2394 232 2436 litia
261 2396 416 2445 Israel,
451 2401 500 2438 tu
527 2396 861 2439 honorificentia
892 2400 969 2450 po-

139 2451 232 2503 puli
257 2452 398 2493 nostri
423 2452 565 2494 fecisti
590 2453 790 2495 viriliter:
811 2455 834 2480 *
858 2455 970 2504 Quia

141 2511 321 2548 cunctas
347 2507 540 2550 haereses
575 2509 669 2551 sola
701 2510 968 2552 interemisti.

140 2559 192 2610 V.
217 2563 406 2605 Pulchra
425 2577 471 2606 es
491 2570 535 2607 et
561 2565 737 2616 decora,
761 2566 969 2607 terribilis

140 2622 188 2660 ut
208 2621 451 2662 castrorum
471 2622 587 2663 acies
607 2621 818 2664 ordinata.
856 2623 969 2672 Quia

140 2680 330 2717 cunctas.

1340 260 1493 301 Lectio
1515 275 1551 302 v.

1079 325 1405 367 nnumerabiles
1439 338 1575 378 porro
1612 327 1779 369 fructus
1814 341 1868 370 ex

1093 380 1178 422 hac
1204 385 1295 422 tam
1320 381 1501 423 salutari
1527 383 1798 426 institutione
1824 385 1869 425 in

1034 437 1315 479 christianam
1335 438 1654 490 rempublicam
1674 440 1865 482 dimana-

1033 498 1143 543 runt,
1162 494 1275 535 inter
1293 506 1405 545 quos
1423 495 1608 536 victoria
1622 495 1696 537 illa
1710 497 1867 539 merito

1033 551 1299 599 numeratur,
1312 562 1444 601 quam
1455 552 1754 593 sanctissimus
1764 553 1868 594 Pon-

1032 606 1139 647 tifex
1157 605 1260 646 Pius
1281 606 1468 657 quintus,
1489 613 1532 649 et
1551 607 1607 649 ab
1628 621 1682 650 eo
1702 609 1867 650 inflam-

1033 663 1139 704 mati
1151 661 1375 703 christiani
1386 664 1608 716 principes
1620 664 1739 717 apud
1749 665 1869 706 Echi-

1032 718 1170 760 nadas
1181 718 1346 759 insulas
1358 718 1413 760 de
1424 719 1669 761 Turcarum
1678 723 1866 774 tyranno

1032 775 1341 828 potentissimo
1394 778 1690 828 reportarunt.
1752 777 1868 818 Nam

1034 844 1134 873 cum
1151 831 1226 871 illa
1244 831 1342 883 ipsa
1362 830 1432 873 die
1455 845 1506 873 ea
1525 833 1710 874 victoria
1729 834 1867 875 relata

1033 888 1099 937 sit,
1120 900 1206 939 qua
1226 886 1298 928 die
1323 889 1586 929 sanctissimi
1605 889 1781 930 Rosarii
1801 902 1866 931 so-

1034 942 1238 985 dalitates
1282 956 1363 996 per
1411 945 1664 986 universum
1713 946 1868 988 orbem

1034 1002 1268 1041 consuetas
1303 1000 1649 1053 supplicationes
1685 1004 1866 1054 perage-

1033 1060 1147 1105 rent,
1176 1058 1452 1108 statutasque
1479 1070 1635 1109 preces
1662 1058 1717 1100 de
1743 1071 1867 1100 more

1032 1111 1276 1162 sauderent,
1294 1112 1348 1153 iis
1363 1113 1570 1164 precibus
1584 1113 1703 1156 haud
1718 1114 1864 1156 imme-

1033 1169 1118 1210 rito
1134 1168 1320 1209 refertur
1335 1171 1527 1221 accepta.
1547 1170 1676 1220 Quod
1689 1170 1866 1223 quidem

1033 1237 1133 1266 cum
1153 1225 1285 1266 etiam
1306 1225 1547 1276 Gregorius
1571 1227 1726 1268 tertius
1751 1226 1866 1269 deci-

1030 1294 1127 1322 mus
1147 1284 1335 1323 testatus
1355 1287 1487 1331 esset,
1506 1287 1554 1324 ut
1572 1296 1656 1335 pro
1675 1288 1766 1324 tam
1783 1284 1866 1324 sin-

1031 1337 1171 1388 gulari
1190 1337 1406 1379 beneficio
1426 1338 1570 1380 beatae
1591 1339 1764 1390 Virgini
1783 1339 1864 1381 sub

1031 1394 1327 1446 appellatione
1344 1395 1521 1436 Rosarii
1534 1398 1751 1448 perennes
1770 1399 1865 1447 gra-

1029 1451 1104 1492 tiae
1135 1450 1299 1503 ubique
1338 1454 1555 1493 terrarum
1588 1451 1864 1503 haberentur,

1029 1506 1073 1547 in
1093 1506 1290 1548 ecclesiis
1314 1508 1529 1559 omnibus,
1555 1509 1598 1549 in
1623 1508 1782 1560 quibus
1807 1509 1864 1550 al-

1030 1565 1125 1604 tare
1153 1563 1330 1604 Rosarii
1356 1564 1490 1614 foret,
1518 1565 1659 1617 prima
1689 1578 1864 1617 quaque

1031 1619 1238 1661 Octobris
1268 1620 1501 1662 Dominica
1534 1621 1740 1662 Officium
1777 1622 1863 1663 ritu

1030 1674 1195 1727 duplici
1218 1677 1372 1728 majori
1395 1679 1613 1729 perpetuo
1641 1677 1862 1718 celebran-

1030 1730 1134 1772 dum
1150 1731 1322 1773 indixit:
1345 1732 1505 1784 aliique
1519 1733 1759 1774 Pontifices
1775 1735 1862 1775 Ro-

1029 1789 1191 1829 sarium
1226 1789 1534 1839 recitantibus,
1577 1790 1861 1842 ejusdemque

1028 1844 1205 1886 Rosarii
1233 1844 1541 1887 sodalitatibus
1569 1845 1861 1898 indulgentias

1027 1913 1141 1953 pene
1162 1901 1412 1943 innumeras
1432 1904 1703 1944 concessere.

1081 1968 1132 2019 R.
1157 1967 1353 2007 Dextera
1380 1971 1457 2008 tua
1485 1967 1766 2017 magnificata
1794 1973 1860 2009 est

1026 2021 1070 2062 in
1088 2021 1361 2072 fortitudine,
1383 2021 1566 2064 dextera
1589 2028 1666 2064 tua
1689 2023 1856 2064 confre-

1025 2077 1089 2129 git
1116 2078 1327 2120 inimicos.
1368 2082 1389 2104 ¹⁸
1424 2078 1649 2120 Submersi
1682 2084 1783 2121 sunt
1815 2079 1860 2120 in

1025 2135 1151 2187 aquis
1170 2134 1512 2184 vehementibuS,
1533 2140 1576 2177 et
1593 2137 1766 2188 operuit
1782 2149 1859 2178 eos

1025 2203 1155 2231 mare.
1188 2188 1239 2239 ΥΤ.
1259 2190 1494 2233 Benedixit
1517 2196 1561 2232 te
1581 2192 1796 2233 Dominus
1814 2192 1859 2233 in

1024 2247 1185 2288 virtiite
1208 2260 1303 2297 sua,
1326 2247 1428 2299 quia
1441 2260 1522 2300 per
1540 2253 1585 2289 te
1600 2247 1657 2289 ad
1674 2248 1857 2290 nihilum

1330 2379 1483 2421 Lectio
1503 2382 1555 2421 vi.

1101 2453 1266 2495 lemens
1294 2466 1400 2495 vero
1427 2453 1684 2497 undecimus
1710 2456 1855 2498 animo

1122 2511 1330 2562 reputans
1357 2510 1572 2561 insignem
1602 2512 1769 2564 pariter
1795 2512 1854 2553 vi-

1023 2566 1206 2608 ctoriam
1226 2578 1339 2607 anno
1354 2566 1586 2609 millesimo
1607 2568 1853 2622 septingen-

1021 2623 1179 2664 tesimo
1201 2621 1371 2672 decimo
1397 2628 1523 2665 sexto
1549 2624 1592 2664 in
1612 2623 1851 2674 Hungariae

1021 2691 1157 2730 regno
1178 2691 1203 2719 a
1224 2678 1385 2720 Carolo
1406 2685 1532 2721 sexto
1554 2680 1599 2720 in
1616 2680 1850 2731 imperato-
