2040 2944
572 173 644 207 Die
668 172 720 206 23.
745 171 844 205 Nov.
892 171 927 205 S.
953 170 1163 205 Clementis
1189 170 1309 213 Papae
1334 174 1370 203 et
1394 169 1501 203 Mart.

489 262 641 303 Lectio
662 275 699 301 v.

182 317 331 425 Cum
349 329 495 366 autem
515 323 714 364 doctrina
732 335 783 364 ac
799 323 902 363 vitae
918 333 1012 362 san-

267 382 421 423 ctitate
439 380 603 422 multos
621 379 678 421 ad
699 379 860 421 Christi
879 378 1013 420 fidem

180 440 469 486 converteret,
491 449 517 477 a
536 437 728 488 Traiano
747 436 1013 488 imperatore

179 495 401 545 relegatus
420 499 486 535 est
505 499 627 535 trans
646 506 767 534 mare
782 492 1014 534 Ponticum

179 552 223 593 in
257 550 496 592 solitudine
528 550 651 592 urbis
680 549 938 599 Chersonae,
971 549 1013 589 in

181 621 267 661 qua
296 607 385 650 duo
411 607 547 648 millia
573 607 923 648 Christianorum
949 608 1013 646 re-

179 666 310 718 perit,
340 665 415 717 qui
442 665 498 707 ab
525 664 684 706 eodem
703 664 894 715 Traiano
915 675 1014 704 con-

180 722 375 764 demnati
400 722 584 763 fuerant.
622 721 706 771 Qui
731 734 830 762 cum
854 721 897 761 in
922 733 1014 761 eru-

181 779 306 822 endis
339 784 382 821 et
417 778 621 820 secandis
650 777 944 819 marmoribus
973 790 1014 818 a·

182 850 281 890 quae
306 836 491 889 penuria
513 836 784 884 laborarent,
813 834 1015 876 Clemens

180 894 297 935 facta
325 893 542 941 oratione,
570 892 614 933 in
640 891 831 933 vicinum
857 890 1016 932 collem

181 948 391 999 ascendit,
405 950 449 990 in
465 950 586 1002 cujus
602 950 702 1001 iugo
718 948 829 990 vidit
840 948 1017 999 Agnum

182 1007 367 1050 dextero
392 1005 508 1059 pede
527 1006 695 1047 fontem
716 1018 843 1057 aquae
863 1004 1017 1054 dulcis,

183 1064 258 1117 qui
302 1063 405 1105 inde
452 1062 667 1113 scatebat,
713 1062 1017 1113 attingentem;

182 1120 258 1162 ubi
285 1133 438 1161 omnes
467 1120 584 1161 sitim
614 1119 918 1172 expleverunt:
947 1120 1017 1159 eo-

184 1190 269 1230 que
310 1177 521 1218 miraculo
563 1176 689 1218 multi
725 1175 924 1217 infideles
962 1174 1019 1216 ad

185 1234 348 1276 Christi
372 1233 506 1275 fidem
530 1233 747 1283 conversi,
782 1232 1020 1273 Clementis

185 1292 318 1333 etiam
343 1290 624 1332 sanctitatem
649 1289 849 1331 venerari
875 1290 1019 1341 coepe-

184 1354 296 1390 runt

238 1407 289 1458 R.
323 1404 604 1447 Desiderium
639 1404 796 1445 animae
829 1403 921 1455 ejus
950 1401 1021 1444 tri-

185 1463 318 1505 buisti
355 1462 395 1504 ei
427 1463 634 1511 Domine,
663 1462 684 1484 *
705 1461 762 1502 Et
793 1459 1021 1501 voluntate

184 1519 402 1562 labiorum
431 1521 523 1571 ejus
548 1532 637 1561 non
665 1516 880 1559 fraudasti
911 1528 1021 1557 eum.

186 1574 237 1626 V.
255 1577 473 1627 Quoniam
492 1574 749 1628 praevenisti
768 1587 868 1615 eum
887 1573 930 1613 in
949 1572 1022 1614 be-

185 1633 509 1675 nedictionibus
540 1631 802 1674 dulcedinis:
833 1629 1021 1683 posuisti

184 1692 228 1732 in
257 1690 402 1743 capite
431 1690 522 1741 ejus
552 1691 763 1731 coronam
790 1686 846 1729 de
873 1685 1021 1739 lapide

187 1748 398 1803 pretioso.
425 1746 493 1788 Et.

492 1801 643 1843 Lectio
663 1802 716 1841 vi.

190 1842 401 1967 Quibus
425 1859 672 1901 concitatus
691 1859 923 1911 Traianus,
946 1857 1021 1898 rni-

282 1918 338 1959 sit
363 1917 484 1967 illuc,
514 1916 589 1969 qui
617 1915 904 1965 Clementem,
933 1914 1022 1956 alli-

186 1977 289 2025 gata
322 1974 379 2015 ad
412 1975 504 2026 ejus
538 1973 702 2014 collum
735 1972 944 2022 anchora,
978 1971 1023 2012 in

186 2030 456 2084 profundum
484 2030 734 2081 dejicerent.
769 2028 900 2079 Quod
924 2041 1024 2070 cum

188 2089 352 2129 factum
376 2093 511 2138 esset,
543 2087 801 2128 Christianis
821 2085 878 2127 ad
901 2085 1023 2127 littus

188 2145 433 2194 orantibus,
466 2157 588 2186 mare
620 2143 677 2185 ad
708 2144 792 2185 tria
819 2142 1024 2183 milliaria

188 2202 386 2243 recessit:
414 2203 557 2254 eoque
582 2200 645 2241 illi
669 2200 944 2249 accedentes,
969 2211 1023 2240 ae-

189 2257 380 2300 diculam
396 2260 690 2299 marmoream
708 2257 751 2298 in
770 2255 925 2308 templi
939 2255 1023 2297 for-

190 2328 317 2364 mam,
338 2319 380 2356 et
402 2315 518 2356 intus
534 2327 680 2356 arcam
697 2313 930 2366 lapideam,
949 2312 1024 2354 ubi

190 2371 396 2423 Martyris
417 2384 579 2424 corpus
599 2370 827 2413 conditum
847 2374 957 2419 erat,
982 2374 1024 2411 et

190 2429 310 2480 juxta
334 2427 442 2470 illud
463 2427 720 2477 anchoram,
749 2439 835 2480 qua
854 2439 1024 2468 mersus

190 2484 348 2533 fuerat,
377 2485 645 2526 invenerunt.
683 2485 781 2534 Quo
810 2482 1024 2525 miraculo

191 2540 348 2582 incolae
367 2541 575 2593 permoti,
597 2541 761 2582 Christi
780 2539 915 2582 fidem
933 2552 1024 2580 sus-

192 2599 414 2650 ceperunt.
446 2598 552 2648 Ejus
573 2611 735 2650 corpus
759 2599 918 2650 postea
937 2597 1024 2637 Ro-

191 2667 324 2703 mam,
378 2653 565 2695 Nicolao
616 2655 759 2706 primo
810 2653 1025 2695 Pontifice

190 2710 469 2760 translatum,
495 2710 540 2750 in
565 2710 750 2752 ecclesia
769 2711 908 2763 ipsius
929 2722 1024 2750 san-

1068 264 1127 305 cti
1160 263 1399 306 Clementis
1432 265 1659 307 conditum
1691 271 1768 307 est.
1821 265 1900 307 Ec-

1068 320 1202 362 clesia
1222 321 1354 363 etiam
1374 321 1417 362 in
1437 334 1490 363 eo
1511 323 1665 364 insulae
1683 322 1802 372 loco,
1826 335 1901 363 un·

1069 377 1124 419 de
1140 378 1347 419 divinitus
1363 378 1462 420 fons
1475 381 1687 429 manarat,
1706 377 1902 431 ejusdem

1068 432 1244 476 nomine
1264 434 1470 476 dedicata
1490 440 1568 477 est.
1591 435 1716 477 Vixit
1733 436 1777 476 in
1795 447 1901 488 pon-

1067 491 1238 533 tificatu
1257 504 1396 533 annos
1415 504 1592 542 novem,
1617 503 1792 534 menses
1813 504 1902 542 sex,

1069 548 1163 590 dies
1190 561 1278 590 sex.
1317 549 1440 590 Fecit
1466 547 1768 591 ordinationes
1791 547 1902 590 duas

1068 618 1219 647 mense
1251 605 1502 655 Decembri,
1544 605 1704 658 quibus
1735 605 1903 647 creavit

1068 662 1354 715 presbyteros
1366 661 1531 712 decem,
1547 662 1762 704 diaconos
1778 660 1902 712 duos,

1069 721 1306 772 episcopos
1341 731 1422 772 per
1451 717 1627 760 diversa
1653 718 1752 760 loca
1780 720 1901 771 quin-

1070 775 1224 818 decim.
1272 776 1323 827 Κ.
1341 776 1464 818 Stola
1483 775 1775 828 jucunditatis.
1795 775 1876 828 [27]

1285 850 1334 889 In
1361 850 1433 889 111.
1459 848 1684 887 Nooturno.

1072 916 1225 958 Lectio
1250 916 1390 958 sancti
1408 915 1635 967 Evangelii
1661 914 1904 958 secundum

1352 973 1622 1016 Matthaeum.

1151 1033 1305 1075 Lectio
1327 1032 1396 1072 vii.
1586 1030 1690 1082 Cap.
1704 1029 1770 1069 24.
1787 1027 1825 1068 d.

1072 1091 1148 1198 In
1167 1095 1244 1137 illo
1259 1096 1477 1148 tempore:
1495 1095 1619 1137 Dixit
1633 1094 1658 1136 J
1661 1107 1762 1137 esus
1779 1095 1906 1137 disci-

1137 1152 1254 1206 pulis
1274 1151 1378 1193 suis:
1406 1152 1618 1204 Vigilate,
1649 1152 1751 1204 quia
1769 1154 1906 1194 nesci-

1073 1210 1129 1251 tis
1157 1221 1243 1262 qua
1265 1208 1374 1249 hora
1392 1208 1609 1250 Dominus
1633 1214 1781 1251 vester
1806 1221 1906 1250 ven-

1072 1269 1198 1308 turus
1219 1265 1286 1307 sit.
1315 1265 1372 1306 Et
1387 1265 1567 1317 reliqua.

1112 1334 1302 1376 Homilia
1321 1335 1461 1376 sancti
1479 1334 1635 1375 Hilarii
1654 1334 1877 1388 Episcopi.

1187 1400 1399 1435 Comment
1426 1398 1464 1432 in
1489 1397 1620 1431 Matth.
1646 1406 1727 1431 can.
1751 1396 1803 1430 26.

1082 1494 1083 1511 ,
1177 1462 1230 1506 t
1261 1456 1555 1508 ignorantiam
1586 1456 1706 1509 illam
1743 1456 1830 1498 diei
1864 1458 1907 1498 o-

1082 1514 1083 1554 l
1082 1464 1205 1581 &L
1230 1512 1407 1555 mnibus
1431 1513 1572 1563 taciti,
1597 1526 1685 1554 non
1709 1514 1803 1555 sine
1826 1513 1908 1555 uti·

1155 1572 1205 1599 4
1230 1570 1283 1611 lis
1312 1569 1472 1612 silentii
1499 1545 1672 1612 rat'ione
1701 1582 1798 1612 esse
1827 1570 1908 1612 sci-

1076 1630 1239 1678 remuS,
1265 1626 1448 1678 vigilare
1471 1639 1553 1668 nos
1573 1627 1790 1668 Dominus
1809 1639 1909 1680 pro·

1075 1689 1175 1738 pter
1200 1683 1285 1726 adv
1289 1685 1439 1725 entum
1463 1683 1572 1724 furis
1592 1683 1837 1735 admonuit,
1867 1688 1911 1725 et

1077 1741 1327 1783 orationum
1377 1738 1635 1782 assiduitate
1687 1740 1910 1790 detentos,

1078 1797 1282 1839 omnibus
1307 1798 1637 1850 praeceptorum
1660 1799 1843 1839 suorum
1867 1810 1910 1839 o-

1076 1854 1255 1907 peribus
1300 1853 1527 1895 inhaerere.
1588 1854 1750 1896 Furem
1795 1853 1911 1896 enim

1077 1924 1176 1953 esse
1205 1910 1400 1952 ostendit
1427 1910 1649 1960 zabulum,
1683 1909 1742 1952 ad
1768 1909 1910 1952 detra-

1076 1967 1222 2010 henda
1249 1981 1304 2010 ex
1326 1966 1456 2009 nobis
1477 1967 1621 2020 spolia
1638 1967 1910 2020 pervigilem,

1076 2030 1121 2066 et
1157 2027 1395 2078 corporum
1422 2025 1677 2066 nostrorum
1705 2023 1911 2066 domibus

1076 2080 1372 2131 insidiantem
1392 2086 1440 2122 ut
1460 2093 1512 2122 ea
1526 2081 1757 2123 incuriosis
1771 2080 1910 2130 nobis,

1077 2144 1121 2180 et
1140 2150 1296 2180 somno
1317 2136 1492 2188 deditiS,
1511 2137 1793 2179 consiliorum
1811 2138 1909 2178 suo-

1076 2208 1173 2236 rum
1218 2199 1352 2247 atque
1404 2194 1714 2236 illecebrarum
1759 2193 1910 2245 jaculis

1076 2251 1309 2305 perfodiat.
1345 2252 1532 2294 Paratos
1556 2252 1687 2303 igitur
1707 2263 1806 2292 esse
1829 2263 1911 2291 nos

1077 2309 1296 2351 convenit:
1335 2309 1437 2361 quia
1473 2308 1562 2350 diei
1595 2307 1813 2359 ignoratio
1851 2307 1910 2347 in-

1077 2368 1245 2408 tentam
1296 2364 1637 2407 sollicitudinem
1682 2366 1910 2416 suspensae

1077 2422 1425 2476 exspectationis
1446 2421 1650 2472 exagitet.

1135 2483 1185 2534 Rz.
1227 2480 1402 2521 Corona
1437 2481 1571 2519 aurea
1607 2490 1741 2530 super
1779 2481 1911 2530 caput

1078 2538 1180 2589 ejus,
1210 2541 1232 2565 *
1254 2536 1479 2588 Expressa
1501 2534 1627 2586 signo
1653 2533 1911 2583 sanctitatis,

1077 2594 1218 2646 gloria
1232 2591 1425 2641 honoris,
1441 2596 1485 2632 et
1500 2603 1613 2643 opus
1630 2589 1910 2633 fortitudinis.

1082 2647 1132 2698 V.
1147 2649 1364 2700 Quoniam
1378 2647 1632 2700 praevenisti
1652 2661 1752 2689 eum
1770 2647 1814 2687 in
1834 2646 1907 2688 be-

1078 2704 1402 2749 nedictionibus
1431 2703 1692 2755 dulcedinis,
1721 2703 1912 2756 posuisti
