2040 2944
603 156 710 189 Doni.
736 156 799 189 111.
826 156 927 198 Sept.
975 156 1128 198 Septem
1154 155 1340 189 Dolorum
1367 155 1407 189 13.
1433 155 1479 189 M.
1507 155 1548 189 Υ,

222 255 400 297 Cunctis
419 254 584 294 interea
603 257 691 294 stat
706 251 963 303 generdsior

269 308 910 362 VirgoMartyribus:prodigio
919 319 1047 356 nov0,

269 369 318 408 In
348 366 480 408 tantis
513 366 706 408 metiens
740 378 829 407 non
860 363 1047 406 m6reris

527 423 703 472 Parens,

322 479 441 519 Diris
463 478 551 520 fixa
572 479 811 521 doleribus.

219 546 282 587 Sit
301 557 482 586 summae
501 544 654 586 Triadi
673 544 824 596 gloria,
846 543 952 592 laus,
972 541 1047 583 ho-

527 613 618 650 nor,

268 658 308 699 A
320 671 403 710 qua
416 658 685 711 suppliciter,
702 656 890 698 sollicita
903 669 1047 709 prece,

267 716 411 756 Posco
431 715 614 766 virginei
633 713 806 755 ruboris
827 712 1009 754 aemulas

318 772 449 813 Vires
469 770 600 813 rebus
619 771 663 811 in
684 770 864 823 asperis.
898 770 1047 811 Amen.

460 852 508 890 In
529 852 559 890 1.
582 852 805 891 Nocturno.

272 914 306 953 Α
315 921 370 954 nt.
392 910 667 964 Multiplicati
687 915 798 960 sunt,
819 910 893 962 qui
913 909 1047 951 tribu-

215 968 306 1009 lant
342 981 429 1009 me:
467 967 595 1009 multi
631 967 862 1018 insurgunt
894 966 1046 1008 adver-

216 1038 312 1066 sum
334 1038 415 1066 me.

503 1085 702 1125 Psalmus
727 1086 761 1125 3.

222 1151 491 1217 memine
516 1150 622 1203 quid
645 1149 923 1202 multiplicati
947 1154 1048 1191 sunt

251 1207 316 1264 ἐξ)
336 1216 340 1246 ἰ
366 1208 439 1260 qui
458 1207 669 1249 tribulant
687 1205 779 1248 me?
800 1208 824 1234 *
843 1206 969 1247 multi
987 1207 1047 1247 in-

227 1249 339 1289 sshss
365 1268 549 1315 surgunt
569 1263 804 1305 adversum
823 1276 904 1304 me.

266 1321 393 1363 Multi
412 1320 563 1363 dicunt
582 1321 739 1362 animae
756 1332 882 1361 meae:
901 1321 925 1346 *
944 1319 1047 1361 Non

216 1383 283 1419 est
303 1378 420 1419 salus
439 1378 524 1431 ipsi
543 1378 586 1418 in
607 1379 704 1419 Deo
726 1378 828 1429 ejus.

266 1435 335 1475 Tu
380 1440 526 1476 autem
572 1435 762 1475 Demine
815 1435 1048 1487 susceptor

214 1504 337 1533 meus
357 1504 420 1541 es,
439 1492 463 1517 ¹⁸¹
482 1491 621 1542 gloria
644 1503 759 1541 mea,
784 1495 828 1532 et
848 1491 1047 1533 exaltans

216 1553 348 1601 caput
368 1561 525 1590 meum.

270 1605 392 1646 Voce
422 1618 519 1646 mea
548 1604 605 1646 ad
624 1604 863 1646 Deminum
889 1604 1046 1646 clama-

215 1661 272 1702 vi:
307 1663 329 1687 *
364 1667 408 1703 et
442 1661 665 1703 exaudivit
701 1674 771 1703 me
807 1660 862 1702 de
896 1665 1048 1703 monte

217 1723 368 1759 sancto
389 1731 482 1759 suo.

268 1776 363 1826 Ego
385 1774 589 1824 dormivi,
614 1781 658 1817 et
678 1778 916 1828 soporatus
937 1788 1048 1824 sum:

216 1833 239 1858 *
264 1837 307 1872 et
331 1832 572 1881 exsurrexi,
600 1833 701 1883 quia
720 1833 937 1874 DOminus
957 1845 1048 1874 sus·

217 1887 333 1940 ce'pit
351 1900 432 1929 me.

268 1944 369 1986 Non
405 1944 570 1986 timebo
606 1945 742 1986 millia
778 1945 932 1998 pepuli
968 1945 1047 1987 cir-

217 2001 463 2043 cumdantis
487 2014 572 2043 me:
591 2002 614 2027 *
636 2006 823 2053 exsurge
848 2002 1048 2052 D6mine‚

217 2058 387 2099 salvum
405 2071 475 2100 me
495 2059 563 2100 fac
582 2059 704 2100 Deus
723 2072 858 2101 meus.

270 2115 485 2165 Qudniam
522 2120 570 2156 tu
604 2116 862 2168 percussisti
896 2127 1048 2158 omnes

218 2170 504 2214 adversantes
544 2172 650 2213 mihi
698 2172 791 2214 sine
833 2185 983 2214 causa:
1025 2174 1049 2199 *

218 2227 372 2269 dentes
390 2231 677 2281 peccaterum
697 2229 953 2271 contrivisti.

271 2284 450 2325 Demini
469 2290 537 2327 est
557 2285 689 2326 salus:
708 2286 732 2311 *
752 2291 796 2328 et
819 2297 952 2338 super
969 2287 1047 2339 ρό-

218 2339 368 2392 pulum
388 2345 510 2382 tuum
528 2341 780 2383 benedictio
799 2348 886 2384 tua.

276 2402 373 2442 Ant.
395 2402 669 2455 Multiplicati
687 2408 800 2453 sunt,
821 2403 896 2456 qui
914 2402 1048 2445 tribu-

218 2457 310 2499 lant
346 2470 431 2499 me:
467 2459 592 2501 multi
629 2459 858 2511 insurgunt
895 2459 1048 2502 adver-

218 2527 315 2556 sum
333 2527 414 2555 me.

277 2573 376 2613 Ant.
400 2573 663 2617 paraverunt
682 2578 865 2627 sagittas
882 2589 984 2618 suas
1004 2577 1048 2617 in

218 2630 443 2683 pharetra,
470 2637 519 2672 ut
547 2634 756 2682 sagittent
783 2633 828 2673 in
857 2632 1048 2674 obscuro

218 2692 365 2729 rectos
386 2686 531 2729 corde.

1379 251 1578 292 Psalmus
1600 253 1662 292 10.

1105 313 1176 418 In
1196 314 1389 356 Domino
1410 313 1605 356 confido:
1625 313 1851 366 quomodo
1871 313 1932 355 di-

1162 370 1260 412 citis
1284 371 1440 412 animae
1462 383 1588 412 meae:
1607 371 1631 396 *
1649 370 1934 422 Transmigra

1101 428 1146 468 in
1164 432 1359 470 montem
1379 428 1491 469 sicut
1508 425 1686 480 passer?

1149 485 1367 535 Qu6niam
1391 497 1495 526 ecce
1516 485 1777 537 peccatores
1796 485 1933 526 inten-

1102 539 1262 583 derunt
1280 554 1441 591 arcum,
1463 542 1733 594 paraverunt
1751 543 1934 592 sagittas

1101 610 1204 640 suas
1230 599 1274 640 in
1299 598 1523 652 pharetra,
1543 600 1566 626 *
1586 603 1634 640 ut
1657 600 1868 650 sagittent
1890 597 1935 638 in

1102 654 1293 697 obscuro
1313 660 1462 698 rectos
1482 654 1630 697 corde.

1153 712 1372 762 Qudniam
1392 725 1491 764 quae
1509 712 1746 765 perfecisti,
1767 711 1934 754 destru-

1100 770 1275 810 xerunt:
1293 770 1316 795 *
1336 770 1475 821 justus
1501 774 1649 811 autem
1676 768 1784 822 quid
1807 767 1933 811 fecit?

1152 826 1370 868 Dominus
1397 826 1442 867 in
1467 826 1635 879 templo
1662 830 1816 868 sancto
1842 838 1935 875 suo,

1100 882 1124 908 *
1142 882 1359 924 Deminus
1379 883 1423 923 in
1443 882 1558 924 coelo
1577 882 1708 924 sedes
1728 883 1835 934 ejus:

1154 939 1283 980 Oculi
1320 939 1411 991 ejus
1447 939 1491 980 in
1523 942 1768 992 pauperem
1799 941 1934 991 respi-

1101 995 1236 1037 ciunt:
1255 997 1279 1023 *
1299 995 1528 1048 palpebrae
1551 996 1643 1048 ejus
1661 995 1935 1047 interrogant

1100 1052 1217 1094 filios
1238 1052 1475 1094 h6minum.

1151 1109 1370 1151 D6minus
1412 1110 1656 1162 interrogat
1692 1110 1854 1162 justum
1890 1112 1935 1150 et

1101 1167 1300 1219 impium:
1315 1168 1339 1192 *
1357 1167 1431 1219 qui
1451 1171 1598 1208 autem
1618 1166 1760 1218 diligit
1778 1165 1934 1218 iniqui-

1099 1225 1248 1274 tatem,
1273 1223 1368 1265 odit
1386 1223 1575 1264 animam
1593 1236 1728 1264 suam.

1151 1280 1281 1322 Pluet
1300 1293 1435 1333 super
1455 1282 1723 1333 peccateres·
1735 1279 1935 1331 laqueos:

1101 1338 1124 1363 *
1145 1337 1269 1389 ignis,
1289 1342 1333 1379 et
1353 1336 1546 1390 sulphur,
1570 1341 1614 1378 et
1633 1336 1814 1390 spiritus
1832 1346 1932 1390 pro-

1102 1393 1312 1436 cellarum
1330 1406 1435 1447 pars
1456 1393 1604 1435 calicis
1624 1395 1806 1435 edrum.·

1153 1451 1371 1502 Quo'niam
1394 1451 1534 1503 justus
1555 1450 1787 1500 D6minus‚
1811 1454 1856 1491 et
1876 1449 1934 1501 iu-

1101 1507 1243 1549 stitias
1277 1507 1448 1550 dilexit:
1479 1508 1503 1533 *
1536 1507 1794 1559 aequitatem
1825 1504 1935 1548 vidit

1100 1564 1247 1607 vultus
1267 1565 1370 1617 ejus.

1156 1631 1256 1671 Ant.
1279 1631 1549 1671 Paraverunt
1567 1631 1751 1680 sagittas
1771 1641 1873 1670 suas
1891 1627 1935 1669 in

1100 1686 1327 1739 pharetra,
1358 1691 1407 1729 ut
1435 1688 1644 1738 sagittent
1669 1685 1714 1727 in
1742 1684 1934 1727 obscuro

1101 1748 1247 1785 rectos
1267 1742 1415 1785 corde.

1158 1810 1256 1851 Ant.
1285 1808 1457 1850 Defecit
1479 1808 1524 1849 in
1544 1807 1698 1850 doldre
1717 1807 1807 1849 vita
1825 1817 1934 1856 mea,

1102 1870 1145 1907 et
1164 1865 1264 1906 anni
1283 1865 1370 1907 mei
1390 1865 1435 1906 in
1453 1864 1700 1916 gemitibus.

1372 1941 1573 1983 Psalmus
1594 1942 1667 1983 30.

1151 2023 1179 2051 n
1205 2015 1250 2052 te
1275 2009 1464 2051 deine
1492 2008 1686 2061 speravi,
1719 2020 1808 2050 non
1833 2021 1934 2050 con·

1166 2066 1324 2109 fundar
1346 2067 1390 2108 in
1415 2067 1643 2108 aeternum:
1660 2066 1684 2091 *
1703 2065 1748 2106 in
1770 2065 1935 2118 justitia

1100 2127 1176 2165 tua
1193 2123 1333 2165 libera
1350 2135 1432 2164 me.

1154 2180 1321 2222 Inclina
1339 2179 1397 2221 ad
1414 2192 1485 2221 me
1505 2191 1656 2221 aurem
1671 2184 1804 2229 tuam,
1822 2178 1846 2204 *
1866 2190 1933 2220 ac-

1101 2237 1246 2279 celera
1263 2241 1312 2278 ut
1332 2238 1460 2278 eruas
1479 2249 1561 2278 me.

1153 2295 1263 2336 Esto
1278 2293 1387 2334 mihi
1401 2293 1445 2334 in
1460 2294 1604 2335 Deum
1619 2293 1934 2344 protectdrem:

1100 2355 1146 2393 et
1169 2351 1214 2392 in
1238 2350 1419 2392 domum
1443 2348 1614 2400 refugii,
1640 2348 1664 2374 *
1690 2353 1738 2390 ut
1763 2348 1934 2390 salvum

1100 2420 1171 2449 me
1190 2407 1338 2448 facias.

1153 2463 1371 2515 Qu6niam
1390 2461 1605 2504 fortitudo
1624 2473 1737 2511 mea,
1757 2466 1802 2503 et
1819 2461 1932 2503 refu-

1099 2521 1221 2572 gium
1254 2532 1401 2561 meum
1436 2531 1484 2560 es
1516 2523 1581 2560 tu:
1614 2518 1637 2543 *
1671 2523 1715 2560 et
1747 2523 1934 2571 propter

1099 2589 1261 2619 nomen
1284 2581 1409 2618 tuum
1433 2573 1628 2617 deduces
1651 2587 1738 2626 me,
1768 2579 1812 2616 et
1830 2577 1932 2616 enu-

1100 2634 1208 2676 tries
1226 2644 1309 2674 me.

1152 2688 1328 2732 Educes
1347 2701 1419 2731 me
1439 2686 1495 2730 de
1509 2688 1670 2740 laqueo
1684 2687 1782 2738 hoc,
1802 2699 1934 2740 quem
