2040 2944
168 173 233 209 312

221 268 266 301 Et
290 268 330 301 fit
354 264 666 301 commemoratio
691 264 747 298 Ss.
765 262 992 305 Stigmatum

169 316 204 349 S.
230 314 435 349 Francisci.

224 367 319 406 Ant.
342 366 424 406 Hic
439 365 503 405 vir
521 364 769 417 despiciens
786 364 995 406 mundum

170 428 213 464 et
250 423 438 470 terrena,
484 420 777 473 triumphans,
823 420 996 462 divitias

170 478 283 520 coelo
311 477 508 519 condidit
536 490 623 526 ore,
651 490 792 518 manu.

223 529 270 580 V.
299 534 489 585 Signasti
513 534 701 575 Domine
732 546 907 575 servum
933 538 995 574 tu-

169 604 241 631 um
264 591 557 631 Franciscum.
590 592 638 642 Rv.
666 589 807 641 Signis
830 588 996 630 redem-

168 647 331 699 ptionis
350 651 527 688 nostrae.

223 703 386 744 Oratio.
402 703 590 744 Domine
601 703 626 744 J
629 715 706 744 esu
716 702 898 744 Christe.
918 703 997 743 311.

402 784 451 822 In
478 783 508 822 Ι.
536 782 759 822 Nocturno.

195 843 262 885 De
281 843 482 896 Epistola
501 842 694 884 secanda
713 841 830 884 beati
850 842 972 883 Pauli

299 899 506 952 Apostoli
528 898 585 940 ad
606 899 868 940 Corinthios.

246 962 397 1003 Lectio
419 962 441 1002 i.
708 960 811 1012 Cap.
827 962 864 999 4.
879 960 918 1000 b.

206 1038 394 1089 *N
421 1029 495 1082 qui
519 1028 630 1071 dixit
649 1028 704 1071 de
723 1029 917 1071 tenebris
937 1030 997 1070 lu—

208 1104 270 1132 s«
291 1113 294 1123 ι
320 1099 415 1127 cem
435 1085 758 1138 splendescere,
783 1087 879 1138 ipse
904 1086 997 1127 illu-

182 1147 184 1149 ’
206 1141 294 1167 >ss
319 1143 382 1184 xit
405 1143 448 1183 in
468 1142 676 1184 cordibus
696 1143 858 1184 nostris
878 1141 934 1184 ad
953 1143 998 1183 il-

170 1199 497 1241 luminationem
541 1199 735 1241 scientiae
790 1199 1000 1241 claritatis

171 1256 269 1306 Dei,
298 1256 341 1296 in
370 1255 480 1297 facie
509 1255 670 1297 Christi
698 1257 722 1297 J
726 1269 813 1297 esu.
855 1255 999 1298 Habe-

171 1325 266 1353 mus
309 1317 454 1354 autem
493 1311 748 1353 thesaarum
789 1313 921 1354 istum
957 1313 1001 1353 in

172 1369 287 1410 vasis
324 1368 544 1421 fictilibus:
580 1374 627 1411 ut
663 1369 907 1411 sublimitas
945 1370 1001 1410 sit

172 1425 346 1467 vittatis
371 1425 469 1474 Dei,
500 1430 544 1467 et
571 1438 658 1466 non
687 1439 741 1467 ex
766 1425 905 1467 nobis.
951 1426 1001 1466 In

174 1481 374 1524 omnibus
419 1481 746 1523 tribulationem
794 1483 1000 1535 patimur,

173 1538 252 1580 sed
279 1551 366 1579 non
394 1538 704 1589 angustiamur:
739 1539 1000 1591 aporiamur,

173 1594 252 1636 sed
283 1607 371 1636 non
405 1594 699 1636 destituimur:
733 1596 1000 1648 persecutio—

173 1664 272 1693 nem
290 1651 496 1704 patimur,
526 1651 606 1692 sed
628 1665 716 1693 non
740 1652 999 1704 derelinqui-

173 1721 284 1749 mur:
310 1707 550 1760 dejicimur,
581 1708 660 1750 sed
686 1722 773 1750 non
793 1711 1001 1762 perimus:

174 1777 347 1817 semper
391 1764 774 1807 mortificationem
811 1766 916 1808 Jesu
958 1766 1001 1807 in
1054 1787 1058 1790 ·

175 1823 360 1873 corpore
379 1827 532 1863 nostro
557 1821 929 1872 circumferentes,
955 1828 1002 1864 ut

175 1882 217 1918 et
235 1875 325 1918 vita
342 1877 366 1918 J
370 1890 447 1919 esu
466 1877 767 1919 manifestetur
784 1878 828 1918 in
847 1882 1001 1932 corpo-

174 1933 294 1975 ribus
325 1934 499 1975 nostris.
553 1934 736 1987 Semper
769 1935 883 1976 enim
911 1949 1002 1986 nos

176 1990 249 2042 qui
275 1990 478 2040 vivimus,
506 1990 549 2031 in
576 1995 763 2032 mortem
789 1991 1003 2033 tradimur

174 2052 357 2099 propter
375 2046 399 2087 J
402 2059 539 2088 esum:
559 2052 606 2088 ut
626 2051 668 2088 et
688 2047 777 2088 vita
791 2047 816 2088 J
819 2060 897 2089 esu
916 2061 1003 2089 ma-

174 2103 402 2145 nifestetur
426 2103 470 2144 in
496 2116 627 2145 carne
646 2108 798 2145 nostra
817 2105 1003 2146 mortali.

227 2164 277 2215 R.
313 2165 434 2215 Euge
469 2177 596 2206 serve
630 2164 747 2206 bone
778 2170 822 2206 et
850 2165 1002 2216 fidelis,

177 2220 277 2272 quia
303 2220 345 2261 in
369 2234 510 2274 pauca
534 2221 653 2262 fuisti
681 2220 841 2271 fidelis,
870 2235 1003 2275 supra

176 2276 311 2318 multa
346 2282 390 2319 te
427 2279 704 2319 constituam:
739 2277 761 2301 *
801 2278 923 2320 Intra
961 2279 1003 2320 in

174 2332 383 2383 gaudium
408 2333 586 2375 Domini
611 2333 685 2375 tui.
718 2328 769 2378 V·
799 2334 1004 2386 Domine,

177 2388 369 2441 quinque
411 2390 576 2432 talenta
618 2389 840 2432 tradidisti
882 2391 1003 2441 mihi,

177 2457 280 2486 ecce
324 2445 408 2487 alia
445 2446 639 2498 quinque
675 2447 1004 2499 superlucratus

176 2514 284 2542 sum.
311 2502 441 2543 Intra.

280 2565 431 2606 Lectio
451 2566 489 2605 ii.
740 2568 844 2620 Cap.
860 2569 897 2607 5.

177 2620 384 2729 Scimus
417 2632 530 2672 enim
566 2634 773 2684 quoniam
805 2634 841 2674 si
873 2637 1004 2675 terre-

264 2687 366 2729 stris
392 2686 550 2729 domus
574 2695 722 2731 nostra
742 2690 867 2741 hujus
887 2690 1005 2732 habi-

538 167 608 201 Dic
635 166 687 199 18.
713 165 815 206 Sept.
862 164 896 198 S.
922 164 1087 207 .Josephi
1114 174 1134 197 a
1161 162 1372 206 Cupertino
1398 163 1507 198 Conf.

1047 261 1224 304 tationis
1244 260 1527 311 dissolvatur,
1548 261 1670 314 quod
1689 260 1876 302 aedifica-

1047 318 1212 360 tionem
1239 331 1293 359 ex
1315 318 1413 360 Deo
1442 317 1670 366 habemUS‚
1699 316 1879 359 domum

1049 387 1136 416 non
1157 375 1468 424 manufactam,
1495 376 1706 415 aeternam
1729 374 1772 414 in
1793 386 1878 415 coe-

1048 432 1112 472 lis.
1147 431 1262 472 Nam
1289 436 1332 473 et
1357 431 1401 472 in
1427 430 1513 472 hoc
1538 430 1880 481 ingemiscimus,

1048 488 1365 530 habitationem
1372 493 1581 538 nostram,
1591 500 1690 539 quae
1702 487 1757 529 de
1766 486 1880 528 coelo

1050 550 1128 594 est,
1148 543 1404 597 superindui
1421 544 1663 597 cupientes:
1684 543 1720 585 si
1733 548 1880 586 tamen

1050 602 1208 651 vestiti,
1227 614 1315 643 non
1334 600 1440 643 nudi
1459 600 1740 642 inveniamur.
1767 599 1882 641 Nam

1050 663 1094 700 et
1121 657 1195 710 qui
1224 671 1374 700 sumus
1401 658 1444 699 in
1472 658 1558 700 hoc
1583 656 1882 706 tabernaculo,

1049 714 1376 766 ingemiscimus
1427 714 1611 765 gravati:
1661 726 1715 756 eo
1763 712 1883 765 quod

1050 771 1254 813 nolumus
1284 771 1539 824 exspoliari,
1570 770 1650 812 sed
1678 782 1883 823 superve-

1051 827 1157 878 stiri,
1177 833 1225 870 ut
1245 827 1539 870 absorbeatur
1559 827 1680 879 quod
1698 826 1884 868 mortale

1052 889 1136 934 est,
1165 897 1190 925 a
1216 884 1318 926 vita.
1359 884 1443 935 Qui
1470 889 1617 926 autem
1644 883 1778 925 efficit
1802 896 1884 924 nos

1051 941 1094 982 in
1112 940 1199 983 hoc
1216 941 1376 994 ipsum,
1401 941 1540 991 Deus,
1566 941 1640 993 qui
1665 939 1788 982 dedit
1810 952 1884 981 no-

1052 997 1120 1039 bis
1146 998 1304 1050 pignus
1331 997 1523 1050 spiritus.
1561 995 1791 1039 Audentes
1809 996 1884 1048 igi-

1052 1059 1123 1096 tur
1141 1067 1328 1107 semper,
1347 1054 1535 1096 scientes
1555 1053 1762 1105 quoniam
1781 1052 1886 1095 dum

1053 1123 1203 1152 sumus
1222 1111 1265 1151 in
1285 1112 1490 1163 corpore,
1510 1109 1842 1163 peregrinamur
1861 1122 1886 1150 a

1053 1161 1366 1220 Domino'(per
1391 1166 1527 1208 fidem
1555 1166 1669 1208 enim
1694 1165 1886 1207 ambula-

1053 1237 1168 1274 mus,
1197 1229 1241 1266 et
1269 1236 1357 1265 non
1384 1236 1465 1276 per
1494 1223 1721 1276 speciem):
1755 1221 1885 1264 aude-

1055 1293 1152 1322 mus
1178 1285 1340 1330 autem,
1365 1285 1409 1322 et
1431 1279 1596 1322 bonam
1613 1279 1887 1321 voluntatem

1056 1337 1268 1379 habemus
1291 1337 1430 1388 magis
1453 1335 1724 1389 peregrinari
1747 1348 1773 1376 a
1792 1337 1885 1377 cor-

1054 1396 1179 1446 pore,
1209 1398 1253 1435 et
1276 1395 1522 1446 praesentes
1543 1405 1641 1434 esse
1661 1392 1719 1434 ad
1736 1391 1885 1434 Domi-

1054 1464 1168 1492 num.

1105 1506 1156 1557 Rz.
1199 1506 1351 1548 Justus
1392 1505 1655 1557 germinabit
1691 1506 1806 1548 sicut
1840 1504 1887 1546 li-

1054 1563 1173 1604 lium:
1190 1564 1213 1588 *
1236 1562 1293 1604 Et
1318 1562 1493 1604 florebit
1516 1562 1560 1603 in
1584 1564 1798 1604 aeternum
1815 1574 1887 1603 an-

1054 1625 1099 1662 te
1124 1619 1373 1660 Dominum.
1408 1614 1457 1666 V.
1489 1618 1720 1660 Plantatus
1743 1618 1788 1659 in
1812 1617 1887 1660 do-

1054 1689 1127 1718 mo
1155 1675 1351 1725 Domini,
1388 1676 1432 1717 in
1467 1675 1590 1718 atriis
1619 1675 1777 1717 domus
1804 1675 1889 1716 Dei

1055 1732 1207 1774 nostri.
1232 1731 1300 1773 Et.
1663 1763 1665 1765 ,

1130 1787 1284 1828 Lectio
1306 1786 1360 1827 iii.
1628 1786 1732 1839 Cap.
1748 1786 1805 1826 12.

1054 1838 1141 1946 Si
1165 1845 1347 1897 gloriari
1373 1847 1552 1898 oportet
1579 1845 1682 1896 (non
1708 1844 1888 1898 expedit

1145 1901 1351 1954 quidem):
1379 1902 1552 1944 veniam
1577 1905 1723 1943 autem
1746 1900 1803 1943 ad
1827 1901 1887 1942 vi-

1057 1958 1219 2006 siones,
1273 1963 1318 2000 et
1363 1958 1655 2001 revelationes
1699 1957 1888 1999 Domini.

1055 2015 1156 2056 Scio
1181 2015 1404 2056 hominem
1427 2015 1472 2056 in
1493 2013 1671 2056 Christo
1695 2019 1797 2056 ante
1816 2027 1887 2055 an-

1056 2083 1138 2112 nos
1155 2071 1504 2124 quatuordecim,
1520 2071 1614 2113 sive
1627 2071 1671 2111 in
1688 2070 1888 2124 corpore,

1056 2128 1223 2178 nescio,
1252 2128 1344 2170 sive
1369 2133 1494 2170 extra
1520 2140 1698 2180 corpus,
1725 2127 1888 2177 nescio,

1057 2184 1178 2226 Deus
1208 2185 1306 2234 scit,
1339 2189 1515 2238 raptum
1542 2183 1793 2236 hujasmodi
1819 2196 1887 2225 us-

1059 2253 1143 2293 que
1163 2240 1219 2282 ad
1239 2241 1418 2282 tertium
1437 2241 1610 2282 coelum.
1631 2240 1690 2281 Et
1706 2239 1799 2281 scio
1813 2239 1888 2281 hu-

1057 2297 1246 2348 jusmodi
1271 2296 1492 2339 hominem
1516 2297 1608 2338 sive
1626 2297 1671 2337 in
1690 2298 1888 2349 corpore,

1059 2354 1151 2395 sive
1189 2358 1313 2395 extra
1349 2366 1527 2406 corpus,
1562 2353 1728 2403 nescio,
1765 2353 1888 2394 Deus

1060 2410 1156 2452 scit:
1187 2410 1394 2462 quoniam
1421 2414 1575 2463 raptus
1603 2414 1672 2451 est
1696 2409 1740 2450 in
1763 2422 1889 2462 para-

1060 2466 1217 2508 disum:
1259 2472 1303 2508 et
1340 2465 1507 2508 audivit
1545 2467 1706 2507 arcana
1738 2465 1889 2515 verba,

1059 2535 1158 2575 quae
1186 2535 1274 2564 non
1302 2522 1406 2564 licet
1432 2521 1600 2563 homini
1626 2521 1762 2574 loqui.
1801 2522 1888 2563 Pro

1057 2577 1309 2630 hujusmodi
1336 2577 1576 2630 gloriabor:
1607 2590 1690 2631 pro
1718 2591 1790 2620 me
1817 2591 1888 2620 au-

1058 2641 1147 2676 tem
1176 2634 1282 2675 nihil
1311 2634 1551 2686 gloriabor,
1585 2635 1667 2675 nisi
1702 2635 1746 2676 in
1772 2635 1887 2676 infir-

1058 2691 1284 2733 mitatibus
1299 2693 1418 2733 meis.
1447 2691 1572 2741 Nam,
1592 2697 1635 2733 et
1652 2691 1688 2732 si
1703 2691 1886 2733 volaero
