2040 2944
643 162 685 195 In
711 162 837 196 Festis
862 162 903 196 B.
929 162 1062 196 Mariae
1088 163 1131 196 V.
1158 173 1227 206 per
1252 174 1402 197 annum.

223 263 376 302 l’salm.
420 260 633 302 l)6minus
660 258 871 309 regnavit.
900 275 997 302 cum

167 319 357 369 reliquis.
381 318 440 358 15.

218 376 253 414 2.
283 375 415 415 Laeva
444 373 536 424 ejus
556 372 579 397 *
605 371 686 412 sub
717 370 862 422 capite
890 381 1001 418 meo,

167 436 210 472 et
234 430 415 472 dextera
438 428 553 469 illius
578 426 902 479 amplexabitur
920 438 1002 466 me.

217 488 253 526 3.
283 486 420 537 Nigra
439 498 552 533 sum,
572 484 596 509 *
617 482 696 524 sed
715 483 926 530 formesa,
954 481 1001 521 fi-

165 543 236 584 liae
251 542 510 583 Jerusalem:
525 539 626 581 ideo
643 539 797 580 dilexit
811 551 882 584 me
892 538 1002 587 Rex,

167 605 210 641 et
255 597 501 639 introduxit
546 608 617 637 me
661 596 705 636 in
752 593 1002 636 cubiculum

167 668 306 696 suum.

219 713 255 750 4.
296 713 390 751 Jam
420 709 561 750 hiems
588 708 777 757 transiit,
804 707 828 732 *
860 705 1002 747 imber

166 767 284 816 abiit,
305 771 349 808 et
368 765 566 807 recessit:
586 777 716 815 surge
734 765 875 804 amica
893 774 1002 812 mea,

167 829 212 865 et
230 823 341 864 veni.

219 882 255 919 Γ).
286 879 495 932 Speciosa
516 878 540 903 *
560 877 676 918 facta
704 889 752 918 es
781 880 826 917 et
854 875 1003 916 suavis

165 936 211 977 in
243 935 412 978 deliciis
443 934 547 984 tuiS,
579 938 734 974 sancta
759 932 845 974 Dei
873 931 1002 972 Geni-

116 1029 118 1031 .
166 992 263 1034 trix.

246 1057 507 1108 Capitulum.
654 1056 784 1096 Eccli.
801 1057 865 1095 24.
883 1055 921 1095 b.

242 1112 271 1154 b
297 1112 438 1161 initio,
468 1115 512 1152 et
539 1116 640 1152 ante
667 1109 830 1151 saecula
855 1110 1004 1150 creata

280 1182 388 1218 sum,
413 1172 457 1210 et
475 1180 615 1219 usque
635 1166 692 1208 ad
710 1166 905 1207 futurum
925 1167 1004 1206 sae-

168 1226 316 1267 culum
343 1237 433 1266 non
459 1224 673 1273 desinam,
701 1227 746 1264 et
768 1223 814 1262 in
837 1221 1003 1263 habita-

167 1282 289 1323 ti6ne
304 1286 457 1322 sancta
473 1293 623 1322 coram
637 1280 736 1332 ipso
749 1278 1004 1319 ministravi.

480 1348 692 1397 Hymnus.

321 1402 516 1452 gloriosa
536 1401 765 1452 virginum,

350 1458 557 1499 Sublimis
575 1458 689 1498 inter
709 1456 865 1506 sidera,

275 1514 361 1564 Qui
378 1519 422 1555 te
442 1514 620 1563 creavit,
638 1513 874 1566 parvulum

273 1570 486 1612 Lactente
505 1570 646 1611 nutris
665 1569 813 1611 ubere.

222 1634 354 1686 Quod
373 1636 500 1677 Heva
519 1635 658 1676 tristis
679 1634 869 1683 abstulit,

273 1691 343 1732 Tu
361 1690 511 1733 reddis
530 1691 647 1732 almo
665 1691 877 1742 germine:

274 1748 446 1789 Intrent
465 1752 513 1789 ut
532 1753 652 1789 astra
671 1747 852 1795 flebiles,

275 1803 387 1845 Coeli
406 1803 599 1845 recludis
619 1803 830 1845 cardines.

222 1870 291 1909 Tu
309 1869 425 1919 regis
444 1869 521 1910 alti
539 1869 679 1920 janua,

274 1925 332 1966 Et
350 1925 449 1966 aula
467 1925 578 1966 lucis
597 1924 778 1975 fulgida:

274 1981 426 2022 Vitam
445 1981 594 2023 datam
612 1993 693 2033 per
711 1980 939 2033 Virginem

276 2037 443 2079 Gentes
462 2037 706 2089 redemptae
724 2036 934 2088 plaudite.

227 2105 340 2153 Jesu,
358 2101 438 2143 tibi
458 2102 513 2143 sit
531 2102 682 2152 gloria,

276 2159 361 2209 Qui
379 2165 509 2201 natus
529 2171 577 2199 es
598 2157 653 2199 de
672 2157 866 2208 Virgine,

277 2215 387 2256 Cum
405 2215 549 2263 Patre,
569 2219 613 2255 et
633 2213 749 2254 almo
769 2213 932 2266 Spiritu

274 2271 326 2311 In
346 2271 613 2323 sempiterna
631 2269 805 2311 saecula.
854 2270 1006 2311 Amen.

223 2320 273 2371 V.
315 2326 488 2367 Diffusa
523 2332 591 2368 est
626 2326 767 2377 gratia
803 2326 847 2366 in
878 2325 1006 2367 labiis

172 2382 268 2424 tuis.
324 2383 376 2434 R.
422 2382 666 2435 Propterea
701 2381 928 2423 benedixit
962 2386 1007 2423 te

171 2438 294 2479 Deus
322 2437 365 2477 in
393 2440 619 2479 aeternum.

224 2500 295 2541 Ad
316 2502 476 2542 Bened.
504 2504 601 2544 Ant.
627 2504 768 2543 Beata
788 2514 836 2543 es
854 2501 1004 2550 Maria,

172 2558 196 2583 *
231 2570 330 2610 quae
365 2558 605 2600 credidisti:
642 2558 927 2610 perficientur
963 2558 1006 2597 in

172 2619 232 2664 te,
262 2626 361 2666 quae
386 2613 504 2655 dicta
527 2619 628 2655 sunt
651 2613 731 2655 tibi
755 2626 780 2654 a
802 2614 1006 2663 Domino,

171 2669 356 2722 alleluja.

1390 258 1554 299 Oratio.

1057 317 1300 425 Concede
1319 337 1401 365 nos
1421 323 1610 365 famulos
1629 329 1746 374 tuos,
1774 326 1889 376 quae-

1143 392 1292 420 sumus
1311 380 1501 422 Demine
1521 380 1654 430 Deus,
1672 382 1890 434 perpetua

1054 435 1213 476 mentis
1252 441 1296 477 et
1333 436 1534 489 corporis
1567 436 1756 478 sanitate
1787 449 1890 488 gau-

1056 490 1175 533 dere:
1195 497 1238 533 et
1252 492 1447 542 gloriosa
1461 492 1606 534 beatae
1620 492 1773 534 Mariae
1788 505 1892 534 sem-

1055 560 1135 599 per
1154 548 1349 599 Virginis
1372 548 1705 598 intercessione,
1730 561 1756 589 a
1778 562 1890 602 prae-

1056 604 1168 645 senti
1203 604 1382 645 liberari
1417 605 1610 654 tristitia,
1649 609 1693 646 et
1725 606 1890 646 aeterna

1055 660 1220 712 perfrui
1239 660 1404 702 laetitia.
1431 661 1518 702 Per
1535 661 1786 702 Dominum.

1330 739 1398 775 Ad
1421 738 1623 775 Primam.

1108 801 1157 839 In
1179 800 1228 851 R.
1248 799 1310 840 br.
1331 795 1381 847 Y.
1406 799 1492 850 Qui
1509 804 1639 842 natus
1658 812 1706 841 es
1725 799 1782 842 de
1799 799 1889 841 Ma-

1056 857 1121 895 ria
1152 855 1345 906 Virgine.
1383 856 1513 896 etiam
1547 856 1589 895 in
1626 856 1748 896 festis
1780 855 1890 896 infra

1057 912 1208 952 Octav.
1229 912 1275 950 Β.
1296 912 1349 951 Μ.
1370 912 1421 951 V.

1324 990 1392 1026 Ad
1415 989 1619 1027 Tertiam.

1110 1051 1210 1091 Ant.
1239 1051 1372 1091 Laeva
1391 1051 1493 1103 ejus.

1109 1117 1370 1169 Capitulum.
1406 1115 1473 1158 Ab
1492 1115 1629 1157 initio.
1651 1122 1699 1157 ut
1720 1129 1864 1168 supra.

1109 1172 1159 1222 Ιςν.
1181 1172 1241 1211 br.
1262 1172 1418 1224 Specie
1437 1176 1515 1213 tua
1534 1171 1557 1196 *
1575 1172 1634 1213 Et
1650 1171 1890 1224 pulchritu-

1057 1228 1158 1270 dine
1177 1232 1263 1269 tua.
1297 1228 1464 1280 Specie.
1498 1222 1549 1273 V.
1565 1227 1767 1277 Intende,
1790 1229 1891 1280 pre-

1059 1297 1187 1337 spere
1215 1283 1425 1337 procede,
1455 1288 1498 1325 et
1525 1296 1671 1335 regna.
1711 1283 1769 1325 Et
1797 1283 1891 1336 pul-

1058 1341 1316 1382 chritudine.
1347 1340 1499 1381 Gloria
1516 1340 1649 1381 Patri.
1675 1339 1844 1392 Specie.

1111 1400 1159 1452 V.
1200 1405 1441 1457 Adjuvabit
1478 1418 1576 1446 eam
1607 1405 1730 1446 Deus
1767 1404 1892 1446 vultu

1058 1474 1150 1503 suo.
1188 1463 1238 1513 Ru
1263 1462 1386 1503 Deus
1414 1462 1459 1502 in
1486 1461 1633 1503 medio
1663 1461 1770 1512 ejus,
1802 1473 1891 1502 non

1058 1517 1419 1559 commovebitur.

1337 1599 1405 1636 Ad
1429 1599 1617 1636 Sextam.

1111 1662 1213 1702 Ant.
1240 1660 1375 1711 Nigra
1394 1672 1502 1701 sum.

1137 1724 1398 1776 Capitulum.
1545 1725 1678 1767 Eccli.
1692 1727 1758 1767 24.
1773 1725 1814 1767 b.

1139 1791 1156 1827 t
1181 1786 1244 1827 sic
1264 1786 1309 1827 in
1327 1786 1432 1827 Sion
1450 1785 1626 1826 firmata
1644 1797 1756 1834 sum,
1783 1789 1829 1826 et
1847 1784 1892 1824 in

1172 1842 1349 1883 civitate
1385 1841 1659 1883 sanctificam
1694 1840 1894 1882 similiter

1058 1899 1270 1951 requievi,
1295 1903 1340 1940 et
1363 1898 1407 1938 in
1425 1897 1670 1939 Jerusalem
1693 1898 1892 1950 potestas

1057 1968 1167 1996 mea.
1203 1955 1262 1996 Et
1285 1954 1479 1996 radicavi
1502 1954 1546 1994 in
1569 1953 1737 2006 pepulo
1757 1952 1892 1994 hono-

1058 2011 1247 2061 rificato,
1274 2015 1318 2052 et
1341 2011 1385 2051 in
1403 2015 1530 2063 parte
1549 2010 1634 2051 Dei
1651 2010 1738 2051 mei
1755 2008 1892 2050 haere-

1059 2067 1174 2109 ditas
1200 2067 1334 2116 illius,
1363 2071 1407 2108 et
1429 2067 1473 2107 in
1498 2065 1771 2119 plenitudine
1796 2078 1892 2106 san-

1059 2125 1232 2164 ct6rum
1254 2123 1450 2164 detentio
1470 2135 1580 2164 mea.

1110 2189 1162 2239 Re.
1190 2187 1251 2228 br.
1299 2187 1540 2239 Adiuvabit
1576 2199 1673 2228 eam
1710 2190 1734 2215 *
1767 2186 1892 2228 Deus

1059 2244 1182 2285 vultu
1209 2257 1300 2285 suo.
1338 2243 1588 2296 Adjuvaibit.
1622 2241 1672 2293 V.
1699 2243 1821 2284 Deus
1848 2243 1891 2283 in

1058 2299 1205 2342 medio
1248 2301 1355 2351 ejus,
1400 2313 1489 2341 non
1532 2298 1892 2341 commovebitur.

1058 2357 1192 2397 Deus.
1220 2356 1373 2397 Gloria
1391 2356 1521 2397 Patri.
1550 2354 1802 2406 Adjuvebit.

1110 2416 1161 2467 V.
1189 2421 1334 2473 Elegit
1359 2434 1457 2462 eam
1479 2421 1618 2470 Deus,
1644 2424 1687 2461 et
1710 2419 1890 2472 praeele-

1058 2477 1121 2528 git
1137 2490 1244 2519 eam.
1272 2479 1323 2530 Rz.
1340 2477 1391 2518 In
1410 2475 1696 2518 tabernaculo
1717 2489 1797 2518 suo
1817 2476 1890 2517 ha-

1058 2533 1199 2575 bitare
1218 2533 1323 2574 facit
1341 2545 1448 2574 eam.

1335 2609 1404 2645 Ad
1427 2609 1612 2646 Nonam.

1109 2672 1209 2712 Ant.
1237 2669 1460 2722 Speciesa.
