2040 2944
811 153 975 187 Litaniae
1000 153 1237 187 Sanctorum.

227 254 286 292 Et
302 256 414 292 sicut
429 250 703 302 operterium
715 248 907 290 mutabis
918 260 1006 297 eos,

175 313 219 348 et
250 306 549 348 mutabuntur:
577 306 600 331 *
627 311 676 346 tu
710 309 858 345 autem
889 303 1007 345 idem

174 363 271 414 ipse
291 375 349 411 eS,
369 367 412 403 et
431 362 532 402 anni
550 362 614 402 tui
632 374 721 402 non
741 360 957 401 deficient.

227 418 325 458 Filii
360 419 588 459 servorum
628 419 805 458 tuorum
839 415 1006 457 habita-

174 474 297 514 bunt:
321 475 344 500 *
370 478 414 514 et
443 486 592 515 semen
621 475 774 514 eo‘rum
800 472 845 512 in
872 474 1006 513 saecu-

174 529 264 570 lum
283 529 507 579 dirigetur.

229 585 382 626 Gloria
401 585 532 626 Patri.

436 642 634 682 Psalmus
656 643 742 682 129.

263 709 287 737 e
309 695 541 748 profundis
566 697 751 738 clamavi
775 696 832 738 ad
854 701 899 738 te
917 697 1005 737 De-

276 753 409 793 mine:
446 754 469 778 *
506 753 697 794 Domine
735 752 896 794 exaudi
931 765 1005 794 vo·

176 821 272 849 cem
290 820 443 849 meam.

226 864 355 905 Fiant
387 877 514 905 aures
546 869 635 906 tuae
662 864 954 914 intendentes,
982 866 1006 890 *

173 920 219 960 in
237 932 394 961 vocem
413 919 736 972 deprecationis
754 933 876 962 meae.

226 976 271 1017 Si
299 976 552 1027 iniquitates
585 976 891 1018 observaveris
918 978 1006 1018 Do-

173 1032 304 1073 mine:
323 1034 347 1059 *
365 1032 555 1073 Demine
576 1033 673 1084 quis
693 1033 946 1075 sustinebit?

227 1088 339 1137 Quia
366 1088 485 1140 apud
512 1093 556 1130 te
584 1089 843 1141 propitiatio
873 1094 955 1130 est:
983 1091 1007 1117 *

174 1149 217 1185 et
244 1149 428 1196 propter
456 1145 599 1195 legem
618 1151 738 1186 tuam
758 1146 945 1186 sustinui
962 1151 1007 1186 te

173 1199 372 1241 Demine.

225 1256 437 1297 Sustinuit
474 1257 616 1297 anima
652 1269 752 1298 mea
787 1257 832 1297 in
868 1256 1005 1298 verbo

175 1312 280 1374 ejus:
300 1313 323 1338 *
343 1313 539 1363 speravit
564 1313 708 1353 ahima
731 1325 831 1354 mea
853 1313 897 1353 in
917 1313 1005 1353 Do-

173 1379 303 1407 mmo.

226 1423 267 1462 A
299 1422 500 1464 custodia
531 1426 745 1465 matutina
777 1437 918 1475 usque
950 1424 1006 1466 ad

174 1483 365 1519 noctem:
380 1480 403 1505 *
419 1485 567 1531 speret
585 1480 723 1520 Israel
742 1480 786 1520 in
802 1481 1005 1521 Demino.

227 1534 338 1583 Quia
361 1535 480 1587 apud
498 1536 736 1577 Deminum
758 1537 999 1578 misericer-

175 1589 262 1630 dia:
289 1591 313 1615 *
342 1595 385 1632 et
418 1593 602 1643 copiosa
636 1592 755 1645 apud
783 1605 883 1634 eum
909 1593 1003 1634 red-

174 1646 349 1697 emptio.

225 1701 283 1742 Et
328 1702 424 1754 ipse
468 1702 654 1745 redimet
696 1705 852 1754 Israel,
889 1707 913 1733 *
950 1719 1004 1747 ex

174 1757 377 1799 omnibus
397 1758 703 1810 iniquitatibus
724 1762 827 1812 ejus.

226 1814 378 1854 G16ria
397 1814 528 1856 Patri.

436 1874 635 1914 Psalmus
656 1876 740 1914 142.

260 1925 406 1967 emine
420 1927 580 1968 exaudi
592 1928 835 1970 orationem
845 1942 1002 1971 meam:

279 1981 458 2023 auribus
506 1984 686 2035 percipe
736 1984 1002 2027 obsecratio—

171 2049 272 2077 nem
303 2051 447 2079 meam
478 2039 522 2079 in
550 2040 735 2081 veritate
763 2045 854 2082 tua:
879 2042 903 2067 *
931 2054 1002 2083 ex-

171 2092 274 2134 audi
293 2107 364 2135 me
382 2095 427 2135 in
444 2099 520 2136 tua
538 2096 711 2146 justitia.

223 2148 280 2190 Et
312 2162 401 2190 non
431 2151 568 2192 intres
596 2152 640 2192 in
668 2152 874 2203 judicium
902 2166 1002 2194 cum

170 2217 299 2245 servo
319 2210 412 2246 tuo:
426 2206 450 2232 *
468 2207 570 2258 quia
589 2220 677 2248 non
697 2208 1001 2260 justificabitur

170 2259 212 2299 in
233 2263 475 2313 conspectu
494 2267 571 2304 tuo
592 2264 735 2304 omnis
754 2265 918 2306 vivens.

223 2316 334 2365 Quia
379 2322 638 2368 persecutus
686 2325 753 2361 est
797 2320 999 2361 inimicus

171 2371 360 2412 animam
404 2386 562 2414 meam:
598 2375 622 2400 *
663 2375 907 2417 humiliavit
954 2377 999 2416 in

168 2430 286 2467 terra
303 2427 439 2468 vitam
454 2442 609 2482 meam.

225 2482 467 2525 Collocavit
495 2499 565 2527 me
592 2488 635 2527 in
662 2487 861 2529 obscuris
886 2488 998 2529 sicut

168 2541 366 2580 mortuos
395 2541 558 2582 saeculi:
582 2545 605 2569 *
631 2548 674 2584 et
703 2544 905 2585 anxiatus
932 2549 998 2585 est
1055 2549 1170 2574 2-‘¹—=

169 2607 301 2646 super
320 2608 390 2636 me
410 2597 590 2648 spiritus
611 2612 744 2649 meus,
764 2601 807 2640 in
825 2613 895 2641 me
910 2605 996 2642 tur-

167 2650 320 2692 batum
340 2657 406 2693 est
426 2665 503 2693 cor
522 2667 678 2695 meum.

1109 245 1280 286 Memor
1305 245 1368 286 fui
1395 245 1565 287 dierum
1591 245 1889 296 antiquorum,

1058 301 1296 343 meditatus
1322 314 1419 342 sum
1449 302 1494 341 in
1521 301 1723 342 omnibus
1749 301 1889 353 operi·

1058 358 1140 399 bus
1169 357 1270 399 tuis:
1290 359 1314 384 *
1339 357 1385 398 in
1412 357 1539 399 factis
1565 359 1772 398 manuum
1797 360 1889 398 tua-

1058 427 1155 454 rum
1173 412 1432 454 meditabar.

1111 469 1317 522 Expandi
1348 482 1502 510 manus
1535 481 1656 510 meas
1690 468 1747 510 ad
1778 473 1837 510 te:
1865 470 1890 496 *

1060 526 1204 566 anima
1231 538 1330 567 mea
1364 525 1479 566 sicut
1507 530 1626 566 terra
1655 525 1748 566 sine
1776 537 1891 576 aqua

1059 581 1149 623 tibi.

1111 637 1337 678 Veleciter
1361 636 1522 678 exaudi
1545 650 1615 678 me
1638 637 1844 688 Demine:
1867 637 1891 663 *

1060 692 1221 734 defecit
1239 693 1418 744 spiritus
1437 705 1573 733 meus,
1812 717 1814 719 -

1110 748 1212 789 Non
1237 750 1411 789 avertas
1435 748 1591 789 faciem
1613 752 1735 789 tuam
1759 760 1785 788 a
1805 761 1891 790 me:

1059 806 1083 830 *
1104 809 1147 845 et
1171 803 1324 844 similis
1350 817 1426 846 ero
1453 802 1822 845 descendentibus
1845 804 1889 844 in

1058 860 1214 901 lacum.

1112 915 1323 957 Auditam
1347 916 1415 956 fac
1439 915 1547 956 mihi
1572 927 1700 957 mane
1724 915 1890 956 miseri-

1062 972 1259 1013 cordiam
1275 976 1411 1012 tuam:
1425 972 1448 997 *
1465 971 1567 1023 quia
1585 971 1630 1012 in
1646 976 1690 1012 te
1705 972 1891 1023 speravi.

1110 1028 1275 1069 Notam
1292 1028 1362 1068 fac
1379 1027 1486 1068 mihi
1499 1028 1625 1076 viam,
1643 1027 1687 1067 in
1703 1039 1790 1078 qua
1804 1029 1891 1068 am-

1058 1085 1223 1126 bulem:
1238 1085 1261 1111 *
1279 1084 1382 1136 quia
1401 1083 1458 1124 ad
1476 1088 1521 1125 te
1540 1083 1684 1124 levavi
1703 1083 1891 1124 animam

1058 1153 1213 1182 meam.

1111 1197 1246 1248 Eripe
1273 1208 1344 1237 me
1374 1195 1429 1237 de
1455 1195 1641 1236 inimicis
1666 1195 1776 1236 meis
1800 1195 1889 1236 Do-

1059 1253 1192 1302 mine,
1217 1252 1275 1293 ad
1293 1257 1338 1293 te
1358 1251 1548 1302 confugi:
1567 1251 1590 1277 *
1610 1250 1723 1292 doce
1741 1263 1812 1292 me
1830 1251 1889 1291 fa-

1059 1321 1159 1349 cere
1181 1308 1456 1349 voluntatem
1479 1312 1615 1356 tuam,
1644 1307 1746 1358 quia
1768 1306 1890 1349 Deus

1058 1377 1182 1405 meus
1203 1376 1250 1405 es
1269 1368 1328 1404 tu.

1110 1420 1298 1471 Spiritus
1321 1424 1423 1460 tuus
1444 1419 1588 1460 bonus
1609 1417 1800 1460 deducet
1818 1430 1889 1458 me

1058 1476 1103 1516 in
1136 1480 1300 1517 terram
1333 1480 1517 1516 rectam:
1544 1475 1568 1500 *
1595 1479 1782 1526 propter
1814 1486 1889 1515 no-

1059 1544 1160 1572 men
1183 1536 1307 1572 tuum
1325 1531 1515 1573 Domine
1538 1529 1782 1572 vivificabis
1807 1542 1889 1579 me,

1058 1588 1103 1628 in
1122 1587 1331 1639 aequitate
1350 1592 1437 1628 tua.

1109 1643 1286 1685 Educes
1312 1643 1367 1684 de
1392 1643 1674 1684 tribulatiene
1699 1642 1889 1683 animam

1057 1712 1218 1741 meam:
1253 1700 1277 1725 *
1315 1704 1359 1741 et
1395 1700 1439 1739 in
1475 1698 1778 1740 misericordia
1812 1703 1888 1739 tua

1058 1755 1289 1807 disperdes
1309 1755 1508 1797 inimicos
1527 1767 1663 1796 meos.

1109 1812 1167 1853 Et
1191 1811 1353 1864 perdes
1380 1824 1550 1860 omnes,
1581 1811 1655 1863 qui
1678 1810 1889 1852 tribulant

1059 1867 1248 1908 animam
1261 1880 1418 1908 meam:
1433 1868 1457 1893 *
1474 1868 1682 1919 queniam
1701 1879 1783 1917 ego
1800 1879 1886 1908 ser-

1057 1937 1137 1964 vus
1156 1928 1257 1964 tuus
1278 1936 1385 1964 sum.

1109 1988 1264 2030 Gloria
1280 1988 1411 2029 Patri.

1107 2055 1204 2095 Ant.
1251 2056 1319 2095 Ne
1360 2051 1656 2093 reminiscaris
1698 2052 1886 2092 Domine

1056 2108 1216 2150 delicta
1247 2114 1417 2158 nostra,
1449 2108 1520 2150 vel
1552 2110 1783 2160 parentum
1810 2120 1885 2148 no-

1055 2167 1262 2206 strorum:
1297 2177 1441 2216 neque
1468 2164 1706 2205 vindictam
1738 2176 1884 2204 sumas

1055 2221 1111 2262 de
1130 2221 1326 2273 peccatis
1345 2220 1521 2261 nostris.

1366 2302 1573 2309 v—mzfxmw

1275 2360 1655 2402 Litaniae.

1053 2446 1061 2468 ¹-
1075 2441 1078 2442 ⁷
1092 2441 1143 2483 55³]
1151 2450 1169 2486 5³
1178 2435 1270 2486 yrie
1290 2435 1467 2476 eleison.

1091 2477 1170 2557 {333⁴}
1197 2490 1368 2532 Christe
1388 2490 1562 2531 eleison.

1099 2545 1133 2570 '³³'
1195 2546 1333 2598 Kyrie
1353 2546 1529 2587 eleison.

1052 2602 1224 2643 Christe
1245 2601 1348 2642 audi
1366 2614 1459 2642 nos.

1050 2657 1222 2700 Christe
1244 2657 1403 2699 exaudi
1424 2670 1517 2698 nos.
