2040 2944
686 225 784 258 Infra
815 224 1104 257 llcbdomadam
1132 224 1165 256 ii.
1193 222 1433 256 Novembris.

205 326 476 374 custodierit,
496 325 750 375 veneritque
770 321 959 372 gladius,
983 326 1026 362 et

204 384 353 426 tulerit
372 382 426 424 de
447 381 509 422 eis
528 380 730 421 animam:
753 378 826 420 ille
851 377 1028 430 quidem

205 441 248 481 in
276 439 502 490 iniquitate
531 449 609 477 sua
637 441 792 488 captus
821 439 906 484 est,
932 436 1026 475 san-

205 497 377 547 guinem
403 499 548 535 autem
578 493 668 543 ejus
695 491 750 533 de
775 504 907 532 manu
932 503 1027 543 spe-

206 551 410 594 culatoris
437 552 667 602 requiram.
708 549 765 589 Et
791 553 839 589 tu
866 547 928 588 fili
954 547 1028 588 ho-

204 609 341 654 minis,
361 606 683 660 speculatorem
702 604 804 647 dedi
820 611 863 646 te
880 603 1029 645 domui

205 664 355 705 Israel:
389 663 571 705 audiens
603 675 707 713 ergo
741 675 795 703 ex
824 674 899 702 ore
928 673 1028 702 meo

205 723 465 769 sermonem,
494 719 770 761 annuntiabis
793 719 854 760 eis
876 731 930 760 ex
948 731 1029 759 me.

204 779 249 820 Si
275 791 345 819 me
374 776 544 819 dicente
573 776 629 818 ad
657 775 852 828 impium:
877 775 1029 828 Impie,

204 840 347 876 morte
366 834 578 876 morieris:
598 846 686 874 non
704 832 836 873 fueris
857 831 1029 873 locutus

204 897 252 933 ut
280 904 327 933 se
356 889 576 932 custodiat
603 890 761 942 impius
790 901 814 929 a
839 888 910 929 via
937 901 1030 929 sua:

205 948 299 1000 ipse
327 948 485 1000 impius
513 947 557 987 in
581 946 812 997 iniquitate
839 958 916 986 sua
940 958 1030 986 mo-

207 1005 356 1053 rietur,
388 1004 641 1054 sanguinem
676 1007 822 1043 autem
852 1003 943 1053 ejus
975 1001 1030 1043 de

205 1074 336 1102 manu
355 1066 429 1101 tua
449 1062 678 1112 requiram.

256 1122 303 1170 Rg.
334 1118 563 1168 Angustiae
582 1116 687 1157 mihi
707 1121 817 1157 sunt.
836 1116 922 1156 197.

503 1175 653 1215 Lectio
677 1175 728 1213 iii.

205 1228 287 1335 Si
315 1235 461 1271 autem
494 1230 774 1270 annuntiante
802 1235 845 1270 te
872 1229 927 1270 ad
956 1231 1030 1269 im-

289 1287 409 1339 pium
428 1292 476 1328 ut
495 1299 519 1327 a
534 1286 618 1327 viis
633 1286 722 1327 suis
738 1288 1031 1336 convertatur,

207 1355 294 1384 non
331 1343 461 1384 fuerit
498 1344 736 1384 conversus
772 1355 797 1383 a
833 1343 902 1383 via
940 1356 1032 1383 sua:

207 1399 302 1451 ipse
344 1399 387 1439 in
428 1399 657 1450 iniquitate
694 1412 772 1439 sua
808 1399 1032 1440 morietur:

209 1468 343 1508 porro
376 1461 423 1497 tu
456 1455 643 1496 animam
676 1461 795 1497 tuam
827 1455 1032 1497 liberasti.

207 1512 275 1553 Tu
296 1525 400 1563 ergo
420 1512 482 1552 fili
496 1512 684 1553 hominis
699 1512 768 1554 dic
784 1512 839 1554 ad
855 1512 1033 1554 domum

208 1568 360 1609 Israel:
397 1568 468 1610 Sic
498 1568 635 1610 locuti
669 1569 789 1618 estis,
822 1568 1033 1610 dicentes:

208 1625 466 1677 Iniquitates
492 1630 656 1666 nostrae
682 1631 725 1666 et
749 1627 933 1678 peccata
958 1638 1032 1667 no-

208 1686 299 1723 stra
319 1694 451 1734 super
469 1694 550 1723 nos
569 1688 680 1731 sunt,
701 1687 744 1723 et
763 1683 805 1723 in
825 1682 933 1735 ipsis
952 1695 1033 1724 nos

208 1737 488 1780 tabescimus:
514 1739 736 1790 quomodo
762 1751 865 1789 ergo
886 1742 1034 1781 vivere

209 1795 473 1848 poterimus?
501 1795 586 1836 Dic
604 1795 660 1837 ad
683 1808 775 1837 eos:
803 1796 919 1837 Vivo
940 1808 1034 1847 ego,

211 1850 315 1893 dicit
333 1851 548 1893 Dominus
568 1852 704 1893 Deus:
725 1852 828 1894 nolo
848 1858 1035 1895 mortem

211 1908 347 1960 impii,
367 1907 446 1950 sed
465 1914 513 1950 ut
532 1911 814 1951 convertatur
832 1910 991 1962 impius
1010 1923 1035 1951 a

211 1964 280 2005 via
314 1977 409 2014 sua,
444 1970 487 2006 et
521 1965 648 2007 vivat.
708 1966 1034 2017 Convertimini,

211 2021 513 2063 convertimini
546 2034 571 2062 a
600 2022 680 2063 viis
710 2023 866 2064 vestris
898 2024 1033 2075 pessi-

211 2077 307 2118 mis:
349 2083 393 2119 et
430 2091 564 2130 quare
599 2079 841 2120 moriemini
878 2079 1035 2122 domus

211 2133 370 2175 Israel?

261 2193 310 2242 R.
340 2191 458 2234 Misit
477 2192 702 2234 Dominus.
722 2193 808 2233 197.·

400 2301 582 2337 Feria
620 2301 854 2339 Tertia.

335 2354 400 2394 De
428 2353 658 2396 Ezechiele
685 2353 919 2407 Propheta.

290 2413 437 2452 Lectio
460 2413 481 2451 i.
769 2413 869 2462 (lap.
890 2413 955 2450 34.

302 2478 319 2515 t
352 2474 514 2515 factum
550 2480 616 2516 est
648 2475 829 2518 verbum
862 2477 1039 2519 Domini

332 2530 388 2571 ad
419 2543 504 2580 me,
542 2531 705 2573 dicens:
735 2533 817 2573 Fili
850 2533 1038 2575 hominis

215 2587 434 2639 propheta
485 2587 539 2629 de
588 2588 839 2640 pastoribus
887 2589 1038 2630 Israel:

215 2642 442 2696 propheta,
459 2649 501 2685 et
515 2643 634 2686 dices
648 2645 914 2697 pastoribus:
928 2646 1039 2688 Haec

217 2699 322 2742 dicit
345 2700 558 2741 Dominus
581 2701 716 2742 Deus:
745 2702 827 2743 Vae
854 2702 1037 2755 pastori-

216 2756 298 2799 bus
323 2757 476 2806 IsraeL
509 2757 582 2809 qui
614 2758 852 2810 pascebant
884 2764 1038 2800 semet-

1080 322 1219 372 ipsos:
1247 331 1390 360 nonne
1418 331 1574 370 greges
1602 331 1628 360 a
1655 319 1907 371 pastoribus

1080 374 1344 429 pascuntur?
1390 376 1480 417 Lac
1513 374 1827 426 comedebatis,
1864 382 1908 418 et

1081 433 1190 474 lanis
1220 432 1551 485 operiebamini,
1579 437 1622 474 et
1649 431 1769 484 quod
1793 445 1907 474 eras-

1082 503 1178 531 sum
1202 494 1296 531 erat
1319 488 1603 531 occidebatis:
1631 501 1809 540 gregem
1835 501 1906 530 au-

1081 552 1171 588 tem
1194 559 1341 588 meum
1363 558 1451 587 non
1475 544 1736 598 pascebatis.
1777 545 1908 596 Quod

1081 603 1299 644 infirmum
1319 603 1400 644 fuit
1418 615 1506 644 non
1526 601 1845 652 consolidastis
1865 608 1908 645 et

1083 658 1203 711 quod
1222 661 1435 711 aegrotum
1456 672 1543 700 non
1563 659 1764 708 sanastis,
1789 658 1909 711 quod

1083 717 1355 758 confractum
1383 721 1450 757 est
1482 728 1570 757 non
1600 715 1828 766 alligastis,
1865 721 1909 758 et

1083 771 1205 825 quod
1223 773 1439 825 abjectum
1464 778 1531 814 est
1552 785 1641 814 non
1662 772 1908 823 reduxistis,

1084 835 1127 871 et
1164 829 1285 882 quod
1321 833 1512 883 perierat
1547 842 1635 870 non
1673 829 1910 882 quaesistis:

1084 886 1163 928 sed
1201 899 1300 928 cum
1336 887 1591 928 austeritate
1626 885 1909 939 imperabatis

1084 943 1156 992 eis,
1177 948 1220 984 et
1240 956 1338 984 cum
1358 943 1567 995 potentia.

1136 1003 1186 1052 Ην.
1213 1000 1252 1040 Α
1273 999 1382 1040 facie
1402 1000 1560 1041 furoris
1578 999 1652 1041 tui.
1671 999 1759 1040 197.

1391 1059 1542 1099 Lectio
1563 1059 1602 1098 ii.

1163 1118 1181 1155 t
1209 1112 1420 1166 dispersae
1446 1117 1547 1154 sunt
1573 1125 1679 1154 oves
1704 1126 1830 1163 meae,
1858 1126 1911 1155 eo

1185 1169 1305 1223 quod
1334 1182 1421 1211 non
1447 1174 1564 1211 esset
1588 1174 1757 1222 pastor:
1786 1175 1830 1212 et
1854 1170 1912 1212 fa·

1085 1233 1168 1269 ctae
1187 1232 1288 1268 sunt
1307 1226 1350 1267 in
1369 1226 1702 1268 devorationem
1719 1227 1912 1268 omnium

1084 1284 1324 1325 bestiarum
1353 1283 1459 1334 agri,
1488 1288 1532 1324 et
1561 1281 1774 1335 dispersae
1803 1287 1912 1325 sunt.

1084 1341 1352 1382 Erraverunt
1378 1352 1534 1391 greges
1561 1340 1647 1381 mei
1674 1339 1719 1380 in
1747 1340 1913 1382 cunctis

1084 1396 1323 1447 montibus,
1351 1402 1395 1438 et
1416 1397 1460 1437 in
1485 1396 1690 1438 universo
1711 1396 1822 1438 colle
1843 1409 1913 1438 ex-

1086 1454 1219 1495 celso:
1244 1458 1288 1495 et
1307 1465 1439 1505 super
1459 1465 1634 1494 omnem
1654 1453 1810 1495 faciem
1829 1458 1912 1494 ter-

1085 1523 1146 1552 rae
1183 1510 1370 1563 dispersi
1407 1515 1506 1551 sunt
1541 1521 1697 1561 greges
1729 1510 1833 1560 mei,
1871 1515 1915 1551 et

1084 1570 1174 1608 nou
1198 1572 1291 1608 erat
1317 1566 1390 1619 qui
1417 1569 1677 1618 requireret,
1701 1579 1790 1608 non
1811 1571 1914 1617 erat,

1085 1625 1279 1676 inquam,
1301 1623 1375 1676 qui
1394 1625 1647 1676 requireret.
1674 1624 1915 1676 Propterea

1085 1683 1288 1734 pastores
1325 1680 1474 1722 audite
1506 1680 1690 1722 verbum
1720 1680 1917 1722 Domini:

1086 1738 1202 1780 Vivo
1243 1750 1343 1789 ego,
1387 1737 1491 1779 dicit
1526 1737 1742 1779 Dominus
1778 1738 1916 1779 Deus:

1088 1795 1190 1846 quia
1216 1807 1298 1847 pro
1331 1807 1384 1836 eo
1413 1792 1535 1847 quod
1562 1794 1665 1836 facti
1692 1799 1794 1836 sunt
1821 1806 1915 1846 gre-

1086 1864 1164 1902 ges
1191 1851 1277 1892 mei
1302 1851 1347 1892 in
1369 1853 1584 1904 rapinam,
1614 1856 1658 1892 et
1677 1863 1784 1892 oves
1803 1863 1914 1893 meae

1086 1908 1130 1948 in
1168 1907 1500 1950 devorationem
1532 1907 1726 1949 omnium
1756 1907 1915 1950 bestia·

1088 1978 1184 2006 rum
1213 1965 1322 2016 agri,
1350 1977 1404 2006 eo
1434 1964 1555 2017 quod
1581 1976 1669 2005 non
1696 1969 1814 2006 esset
1841 1976 1915 2017 pa-

1088 2027 1181 2064 stor
1213 2024 1371 2074 (neque
1405 2021 1519 2063 enim
1548 2021 1814 2073 quaesierunt
1841 2033 1915 2073 pa-

1088 2081 1230 2121 stores
1270 2079 1357 2120 mei
1397 2090 1575 2129 gregem
1615 2078 1790 2128 meumz)
1836 2077 1916 2119 sed

1087 2135 1328 2189 pascebant
1346 2137 1549 2188 pastores
1569 2137 1847 2186 semetipSOS,
1871 2139 1915 2176 et

1087 2205 1245 2244 greges
1268 2204 1392 2234 meos
1418 2204 1505 2233 non
1531 2190 1787 2245 pascebant:
1814 2203 1914 2243 pro—

1088 2251 1239 2303 pterea
1257 2251 1458 2302 pastores
1473 2247 1621 2290 audite
1636 2247 1819 2293 verbum
1834 2248 1916 2289 Do-

1087 2320 1202 2348 m1n1.

1141 2365 1190 2415 R.
1217 2362 1450 2405 Civitatem
1469 2362 1609 2404 istam.
1628 2362 1716 2403 198.

1390 2421 1540 2461 Lectio
1562 2420 1615 2459 iii.

1184 2489 1248 2518 aec
1273 2476 1380 2518 dicit
1402 2475 1617 2517 Dominus
1635 2473 1770 2515 Deus:
1798 2473 1914 2517 Ecce

1201 2546 1283 2584 ego
1297 2533 1392 2585 ipse
1407 2543 1540 2584 super
1555 2532 1757 2583 pastores
1772 2533 1913 2583 requi-

1089 2604 1181 2632 ram
1213 2602 1390 2641 gregem
1421 2600 1567 2629 meum
1601 2586 1655 2628 de
1683 2599 1814 2628 manu
1843 2589 1913 2628 eo-

1089 2660 1194 2696 rum,
1215 2652 1259 2688 et
1277 2646 1451 2687 cessare
1469 2644 1626 2685 faciam
1645 2656 1722 2685 eos
1738 2648 1786 2684 ut
1800 2643 1915 2685 ultra
1940 2672 1943 2676 .

1088 2716 1175 2744 non
1201 2706 1384 2756 pascant
1407 2713 1599 2752 gregem,
1627 2713 1708 2742 nec
1730 2705 1914 2753 pascant

1089 2759 1274 2812 amplius
1309 2759 1513 2811 pastores
1550 2759 1828 2810 semetipsos:
1870 2761 1914 2799 et
