2040 2944
616 204 687 238 Die
711 205 743 238 9.
767 204 870 247 Sept.
917 203 952 238 S.
976 203 1079 238 Petri
1107 204 1248 239 Claver
1271 203 1379 238 Conf.

140 298 269 340 crevi.
302 299 399 348 Qua
420 298 708 351 inscriptione
732 297 872 339 oculis
897 297 972 339 ob-

140 356 363 404 versante,
392 356 611 407 susceptae
639 354 743 396 vitae
771 353 972 406 proposi-

139 415 233 452 tum
258 411 390 453 altius
415 410 540 452 cordi
563 411 762 461 infigere,
791 423 843 451 ac
867 409 972 451 divi-

140 480 210 508 nae
235 467 558 509 benevolentiae
586 467 711 518 signa
738 465 797 507 ad
825 468 974 507 castis-

103 527 106 531 ’
140 524 264 565 simae
282 524 442 565 mentis
463 523 764 564 blandimenta
782 522 975 563 vicissim

140 582 388 633 provocare
408 579 648 621 consuevit.

191 651 242 703 Rz.
280 649 470 702 Propter
497 649 748 698 veritatem,
785 652 829 689 et
859 660 975 688 man-

142 705 434 755 suetudinem,
463 710 507 747 et
528 705 751 757 justitiam:
776 707 799 730 *
823 704 879 745 Et
903 703 975 745 de-

143 760 276 804 ducet
306 766 351 803 te
385 760 655 803 mirabiliter'
677 760 861 802 dextera
890 765 975 802 tua.

140 816 190 866 V.
220 818 376 870 Specie
400 823 477 860 tua
496 822 540 859 et
557 815 883 870 pulchritudine
902 821 977 857 tua

143 873 336 924 intende,
363 876 578 927 prospere
601 872 813 927 procede,
842 878 886 914 et
913 885 975 914 re-

143 943 239 982 gna.
272 931 339 972 Et.

449 995 602 1036 Lectio
623 1008 660 1034 v.

193 1069 222 1096 n
245 1055 330 1097 hac
354 1068 491 1108 specu
517 1054 804 1097 subterranea
828 1053 911 1095 sibi
935 1058 979 1095 et

206 1111 373 1154 mundo
392 1114 609 1161 emortua,
629 1110 979 1163 consepultaque

145 1168 170 1210 J
172 1181 251 1210 esu
275 1167 471 1218 Christo,
495 1173 544 1209 ut
567 1167 652 1209 soli
674 1167 772 1209 Deo
799 1168 979 1216 viveret,

147 1223 223 1267 diu
239 1228 464 1277 noctuque
483 1224 626 1274 latuit,
646 1236 807 1265 cavens
825 1225 978 1275 praeci-

145 1294 243 1334 pue,
261 1281 307 1322 in
324 1280 549 1322 montibus
567 1280 742 1333 paterni
759 1279 978 1333 principa-

145 1343 235 1388 tus,
262 1350 319 1379 ne
341 1337 456 1378 forte
479 1336 627 1389 agnita
648 1336 693 1377 in
713 1335 894 1378 domum
911 1348 979 1376 ur-

146 1393 337 1446 bemque
369 1393 559 1446 patriam
575 1391 886 1435 abduceretur
918 1392 978 1433 in-

146 1453 247 1492 vita.
284 1449 479 1491 Callidas
508 1448 760 1491 daemonum
787 1447 980 1498 insidias,

147 1519 248 1559 quae
273 1508 445 1559 asperae
473 1506 578 1547 vitae
603 1505 787 1547 taedium
811 1510 855 1547 et
880 1505 980 1546 soli-

145 1562 311 1605 tudinis
352 1562 584 1604 horrorem
625 1562 771 1603 animo
813 1561 979 1612 ingere-

147 1619 266 1670 bant,
284 1619 444 1661 acriter
464 1618 690 1660 saeviendo
709 1618 754 1658 in
772 1630 820 1659 se
839 1617 981 1659 ferrea

148 1677 319 1726 catena,
349 1675 511 1727 vigiliis
537 1680 581 1717 et
603 1674 724 1716 humi
747 1673 982 1716 cubatione

149 1732 252 1774 forti
273 1731 418 1773 animo
433 1733 669 1784 superasse
684 1732 877 1782 antiquae
893 1730 980 1771 ico-

148 1800 228 1830 nes
255 1787 515 1839 significant.
552 1787 751 1839 Cumque
779 1786 982 1828 humanis

150 1843 363 1886 destituta
405 1842 643 1896 praesidiis,
687 1842 795 1884 nihil
837 1841 984 1884 solatii

149 1899 326 1942 aliunde
362 1900 576 1951 hauriret,
622 1912 754 1952 quam
791 1911 815 1940 e
853 1898 983 1948 coelo;

148 1956 383 2007 Dominus,
411 1956 485 2009 qui
510 1956 765 1998 consolatur
790 1960 834 1997 et
859 1956 982 1996 coro-

149 2017 226 2054 nat
244 2017 423 2054 sanctos
443 2025 560 2062 suos,
587 2011 795 2064 angelicis
815 2010 983 2053 deliciis

147 2068 271 2110 illam
290 2068 454 2121 saepius
472 2068 715 2111 recreabat.

201 2136 252 2187 R.
279 2136 486 2179 Dilexisti
516 2136 742 2189 justitiam,
775 2141 819 2178 et
851 2135 983 2177 odisti

149 2192 442 2244 iniquitatem:
461 2194 484 2218 ¹⁸¹
515 2193 762 2245 Propterea
788 2191 912 2233 unxit
939 2195 983 2232 te

150 2247 291 2299 Deus,
336 2248 458 2290 Deus
502 2254 624 2299 tuus,
670 2248 771 2290 oleo
807 2247 984 2289 laetitiae.

150 2297 201 2350 V.
226 2305 418 2357 Propter
443 2305 692 2355 veritatem,
719 2309 762 2346 et
785 2315 982 2345 mansue-

150 2359 360 2411 tudinem,
381 2365 425 2402 et
442 2360 664 2413 justitiam.
690 2361 944 2412 Propterea.

445 2427 599 2468 Lectio
619 2427 673 2468 vi.

230 2490 375 2532 oelesti
398 2490 558 2532 deinde
577 2490 763 2532 consilio
784 2502 838 2530 ex
857 2494 983 2530 antro

250 2547 561 2599 Quisquinensi
604 2546 649 2587 in
694 2544 985 2586 horridiorem

154 2603 411 2655 speluncam
442 2603 669 2654 Peregrini
699 2601 878 2650 montis,
910 2600 983 2641 tri·

154 2658 237 2701 bus
255 2659 347 2701 fere
370 2659 489 2700 mille
508 2658 714 2711 passibus
732 2655 887 2709 procul
905 2656 983 2696 Pa-

155 2717 328 2766 normo,
365 2715 548 2757 Rosalia
579 2727 628 2756 se
659 2712 899 2762 transtulit,
936 2716 984 2753 ut

311 2854 375 2878 Pars
391 2854 562 2878 Autumnus.

1026 311 1114 351 quo
1154 299 1445 341 difficiliorem
1480 311 1673 351 pugnam
1706 312 1856 341 secum

1024 355 1123 408 ipsa
1147 358 1442 397 committeret
1467 368 1490 396 e
1515 357 1757 407 conspectu
1779 354 1854 397 do-

1025 425 1122 453 mus
1153 414 1367 464 paternae,
1410 424 1462 453 eo
1499 410 1763 453 laudabilius
1801 412 1857 454 de

1027 469 1292 521 contemptis
1311 467 1462 510 mundi
1477 467 1694 509 illecebris
1709 468 1856 510 trium-

1026 523 1195 576 pharet.
1227 524 1415 566 Latebat
1438 524 1499 566 ibi
1518 524 1575 565 ad
1593 529 1766 576 partem
1785 524 1857 566 lae-

1027 593 1127 621 vam
1147 584 1358 632 angustus
1378 582 1614 630 concavus,
1639 593 1769 632 quem
1789 582 1857 622 ea-

1028 635 1130 677 dem
1162 642 1267 689 post
1301 638 1501 689 repertas
1530 637 1621 688 ejus
1649 636 1858 688 reliquias

1027 691 1131 733 illuc
1146 693 1335 742 venanti,
1351 693 1420 733 cui
1436 705 1483 734 se
1497 692 1734 734 videndam
1747 695 1858 745 prae-

1028 747 1139 798 buit,
1171 748 1281 790 dixit
1308 761 1405 790 esse
1431 762 1555 790 suam
1580 748 1736 790 cellam
1761 762 1857 802 per-

1030 807 1239 856 egrinam,
1280 805 1356 846 ubi
1392 805 1578 847 multum
1609 806 1755 847 aetatis
1787 819 1858 847 ex-

1030 863 1204 912 egisset.
1237 862 1323 904 Hic
1346 867 1573 914 tamquam
1593 862 1797 904 columba
1814 863 1858 904 in

1030 918 1316 960 foraminibus
1335 923 1474 971 petrae
1494 931 1685 970 gemens,
1708 919 1752 960 in
1774 932 1858 960 coe-

1030 974 1205 1016 lestium
1227 987 1374 1016 rerum
1398 975 1768 1027 contemplatione
1788 974 1860 1017 de·

1032 1030 1136 1080 fixa,
1196 1031 1253 1073 ad
1305 1031 1671 1084 perfectissimam
1725 1031 1861 1074 divini

1031 1087 1193 1128 amoris
1225 1100 1424 1129 normam
1457 1088 1501 1128 in
1533 1087 1770 1130 solitudine
1800 1089 1859 1130 vi-

1030 1149 1121 1184 tam
1147 1144 1363 1194 traduxit,
1393 1149 1436 1185 et
1464 1145 1739 1186 sanctissime
1764 1157 1859 1197 per-

1032 1200 1214 1242 ennibus
1234 1201 1427 1243 caritatis
1447 1201 1560 1242 rosis
1581 1206 1624 1243 et
1642 1201 1859 1252 virginita-

1031 1257 1087 1297 tis
1114 1257 1214 1298 liliis
1242 1260 1468 1307 coronata,
1497 1256 1702 1310 deposuit
1720 1257 1862 1310 pridie

1031 1314 1184 1355 Nonas
1212 1314 1497 1367 Septembris.
1539 1314 1670 1365 Cujus
1699 1326 1862 1366 corpus

1031 1370 1212 1412 Urbano
1240 1373 1399 1412 octavo
1424 1370 1639 1411 Pontifice
1666 1370 1859 1411 Maximo

1034 1427 1242 1468 divinitus
1267 1439 1381 1468 anno
1411 1426 1572 1477 jubilaei
1596 1428 1732 1468 totius
1758 1426 1862 1467 Sici-

1032 1483 1103 1524 liae
1121 1483 1280 1536 plausu
1299 1484 1535 1536 repertum,
1553 1482 1673 1523 illam
1692 1495 1718 1524 a
1736 1487 1863 1535 peste

1032 1539 1247 1581 liberavit.

1084 1598 1136 1648 R.
1162 1595 1412 1638 Afferentur
1431 1595 1554 1646 Regi.
1573 1595 1650 1647 [91]

1085 1661 1129 1695 In
1150 1660 1214 1694 ΠΙ.
1236 1659 1437 1693 Nocturno
1460 1658 1632 1692 Homilia
1654 1658 1693 1691 in
1715 1658 1860 1701 Evang.

1033 1709 1166 1744 Simile
1191 1708 1263 1744 erit
1284 1718 1455 1753 regnum.
1482 1706 1528 1740 de
1554 1705 1691 1740 codem
1716 1705 1860 1739 Comm.

1036 1758 1062 1791 l.
1087 1756 1185 1790 loco.
1214 1756 1285 1800 [93]
1540 1761 1545 1765 ·

1225 1835 1309 1876 Die
1329 1835 1367 1875 9.
1387 1833 1671 1886 Septembris.
1749 1835 1753 1837 ‘

1084 1901 1127 1941 S.
1151 1898 1289 1940 Petri
1313 1898 1494 1988 Glgvelr
1524 1898 1810 1939 Confessoris.

1405 1964 1455 1997 up
1474 1964 1532 1988 ex.

1088 2006 1226 2041 Omnia
1260 2007 1307 2041 de
1336 2006 1480 2041 Comm.
1511 2006 1619 2041 Conf.
1648 2015 1724 2040 non
1753 2005 1861 2039 Pont.

1033 2056 1103 2100 [67]
1129 2059 1270 2098 praeter
1293 2064 1398 2098 sequ.
1420 2053 1480 2096 (m.
1504 2057 1528 2088 t.
1551 2054 1601 2096 v.)

1123 2176 1200 2205 eus
1220 2162 1295 2214 qui
1314 2106 1531 2213 abffessgg’
1543 2161 1588 2201 in
1607 2159 1863 2201 servitutem

1129 2219 1326 2270 Nigritas
1346 2217 1403 2259 ad
1422 2217 1690 2268 agnitionem
1708 2215 1773 2257 tui
1788 2217 1863 2256 no-

1035 2276 1164 2318 minis
1192 2277 1447 2323 vocaturus,
1479 2273 1660 2315 beatum
1683 2272 1864 2313 Petrum
1933 2290 1935 2292 -

1036 2332 1145 2373 mira
1163 2331 1208 2372 in
1226 2331 1289 2372 eis
1308 2328 1506 2381 juvandis
1526 2329 1707 2370 caritate
1728 2332 1771 2369 et
1789 2338 1862 2379 pa-

1035 2388 1190 2430 tientia
1209 2385 1444 2428 roborasti:
1470 2385 1561 2435 ejus
1586 2383 1715 2425 nobis
1733 2383 1862 2424 inter-

1037 2444 1237 2485 cessione
1278 2439 1488 2489 concede3
1532 2444 1582 2480 ut
1624 2452 1723 2491 quae
1759 2439 1784 2479 J
1786 2451 1863 2479 esu

1038 2498 1200 2541 Christi
1223 2502 1324 2538 sunt
1347 2497 1611 2547 quaerentes,
1636 2494 1863 2548 proximos

1024 2560 1172 2608 'opere
1201 2559 1244 2595 et
1272 2552 1457 2594 veritate
1486 2550 1726 2602 diligamus.
1779 2549 1862 2589 Per

1037 2610 1241 2653 eumdem
1259 2608 1508 2649 Dominum.

1092 2668 1136 2702 In
1167 2667 1193 2701 Ι.
1223 2666 1423 2700 Nocturno
1456 2665 1658 2699 Lectiones
1690 2661 1737 2695 de
1768 2658 1865 2694 Scri-

1039 2720 1153 2759 ptura
1178 2718 1411 2749 occurrente.
