2040 2944
190 328 273 370 bus
301 325 549 377 regionibus
576 322 655 363 his.
710 322 838 362 Anno
867 320 1014 362 tertio-

194 384 364 426 decimo
418 378 831 423 Nabuchodonosor
883 377 1016 427 regis,

193 440 399 491 vigesima
436 443 479 479 et
516 435 710 477 secunda
747 434 818 476 die
853 434 1016 474 mensis

193 496 321 549 primi
344 495 506 536 factum
530 498 596 533 est
614 491 798 533 verbum
818 490 862 530 in
882 489 1016 531 domo

192 550 605 594 Nabuchodonosor
655 548 771 598 regis
818 546 1017 598 Assyrio-

194 622 288 650 rum
306 613 354 649 ut
373 606 628 648 defenderet
648 617 706 646 se.
738 604 1018 654 Vocavitque

195 677 345 706 omnes
385 664 572 713 majores
614 666 734 711 natu,
779 661 1018 711 omnesque

196 721 347 771 duces,
381 725 424 762 et
451 719 689 761 bellatores
718 729 841 766 suos,
876 721 919 757 et
946 714 1018 756 ha-

194 777 287 818 buit
323 790 422 818 cum
458 776 521 817 eis
556 774 813 826 mysterium
850 771 1019 813 consilii

195 834 278 875 sui:
319 834 516 886 dixitque
553 830 862 882 cogitationem
898 841 1021 870 suam

196 891 238 931 in
266 903 318 931 eo
346 903 453 939 esse,
478 894 526 930 ut
554 900 727 930 omnem
752 891 915 927 terram
940 897 1020 926 suo

197 947 447 999 subjugaret
465 945 661 998 imperio.

248 1014 298 1065 Rv.
319 1011 562 1053 Benedicat
580 1016 625 1051 te
643 1008 858 1050 Dominus
877 1008 921 1048 in
940 1006 1022 1048 vir-

196 1073 291 1111 tute
324 1081 419 1117 sua,
463 1068 535 1120 qui
569 1079 648 1119 per
679 1071 723 1107 te
753 1064 811 1106 ad
843 1063 1023 1105 nihilum

197 1125 367 1175 redegit
385 1125 582 1165 inimicos
601 1128 793 1164 nostros:
811 1126 833 1150 *
854 1121 913 1162 Ut
935 1133 1023 1161 non

199 1182 375 1224 deficiat
398 1181 492 1222 laus
515 1186 590 1222 tua
615 1178 670 1221 de
694 1191 769 1220 ore
788 1178 1024 1219 hominum.

200 1241 248 1287 Y.
272 1237 538 1280 Benedictus
557 1236 787 1285 Dominus,
815 1234 888 1286 qui
907 1235 1023 1274 crea-

200 1296 261 1336 vit
290 1294 449 1336 coelum
477 1299 521 1335 et
548 1299 726 1335 terram:
760 1292 862 1344 quia
892 1289 1024 1332 hodie

199 1364 358 1393 nomen
386 1356 509 1392 tuum
533 1350 594 1391 ita
619 1347 926 1399 magnificavit.
966 1347 1024 1388 Ut

200 1421 298 1450 non.
330 1407 481 1448 Gloria
498 1406 629 1448 Patri.
656 1406 715 1448 Ut
734 1418 832 1446 non.

433 1486 481 1524 In
500 1485 549 1523 II.
570 1485 791 1523 Noeturno.

203 1548 269 1588 Ex
287 1546 399 1588 libro
420 1545 559 1587 sancti
574 1545 799 1586 Ambrosii
817 1543 1029 1597 Episcopi

408 1602 464 1644 de
483 1602 578 1642 Elia
598 1607 641 1643 et
661 1602 830 1653 iejunio.

308 1664 458 1704 Lectio
480 1663 531 1702 iv.
767 1663 870 1714 Cap.
887 1663 923 1701 9.

212 1749 218 1782 :1
301 1730 488 1770 otentes
540 1728 689 1770 vinum
741 1726 1031 1781 prohibentur

247 1792 313 1854 ἐῶ
335 1785 496 1834 bibere,
514 1797 568 1826 ne
587 1798 685 1826 cum
703 1784 904 1834 biberint,
924 1783 1030 1825 obli-

221 1845 313 1865 *42
336 1842 558 1883 viscantur
590 1842 860 1894 sapientiam.
901 1841 1030 1882 Deni-

208 1911 291 1951 que
322 1897 532 1939 bibebant
563 1898 711 1939 vinum
742 1898 785 1938 in
818 1897 1031 1939 ebrietate

207 1956 426 2008 potentes,
470 1955 543 2006 qui
580 1954 809 1996 Holoferni
842 1954 1032 2007 principi

207 2011 372 2052 militiae
405 2011 519 2061 regis
553 2011 836 2063 Assyriorum
869 2023 916 2052 se
947 2012 1032 2052 tra-

209 2067 312 2109 dere
340 2067 602 2118 gestiebant:
631 2067 710 2109 sed
737 2080 825 2108 non
852 2067 1034 2109 bibebat

209 2124 368 2165 femina
398 2124 566 2173 Judith,
607 2125 800 2176 jejunans
832 2123 1034 2165 omnibus

210 2181 363 2222 diebus
391 2181 616 2223 viduitatis
643 2194 752 2230 suae,
786 2185 949 2234 praeter
977 2180 1033 2221 fe-

211 2241 379 2280 storum
406 2238 573 2283 dierum
602 2237 912 2279 solemnitates.
952 2237 1034 2277 His

212 2295 342 2336 armis
361 2297 526 2336 munita
546 2294 778 2347 processit,
798 2299 842 2335 et
862 2306 1036 2335 omnem

213 2351 493 2403 Assyriorum
545 2351 831 2392 circumvenit
876 2350 1037 2392 exerci-

212 2413 316 2450 tum.
353 2407 495 2449 sobrii
520 2408 671 2459 vigore
697 2407 867 2450 consilii
893 2407 1037 2448 abstu-

214 2464 263 2506 lit
287 2464 540 2505 Holofernis
565 2470 712 2517 caput,
746 2464 937 2505 servavit
961 2477 1038 2516 pu-

215 2520 418 2570 dicitiam,
440 2520 665 2562 victoriam
683 2520 936 2573 reportavit.

266 2588 316 2639 R.
356 2585 451 2627 Nos
484 2585 615 2626 alium
649 2586 792 2627 Deum
823 2587 1040 2626 nescimus

215 2648 379 2697 praeter
411 2643 665 2690 Dominum,
696 2642 739 2682 in
773 2654 860 2694 quo
894 2644 1039 2694 spera-

215 2713 327 2742 mus:
353 2698 374 2721 *
402 2699 485 2748 Qui
511 2711 597 2739 non
624 2697 811 2751 despicit
835 2711 932 2747 nos,
959 2710 1041 2739 nec

218 2760 394 2799 amovet
437 2756 622 2797 salutem
662 2769 786 2796 suam
822 2769 847 2797 a
882 2757 1041 2806 genere

758 227 958 261 Dominica
985 226 1045 259 lx'.
1070 224 1316 267 septembris.

1067 323 1230 360 nostro.
1268 313 1316 365 V.
1336 316 1656 368 Indulgentiam
1675 316 1814 369 ipsius
1833 315 1894 356 fu-

1069 375 1127 415 sis
1153 374 1344 415 lacrimis
1369 372 1662 426 postulemus,
1690 377 1734 414 et
1757 371 1894 413 humi-

1068 431 1223 472 liemus
1242 431 1304 472 illi
1323 431 1488 472 animas
1507 434 1693 471 nostras.
1720 428 1814 479 Qui.

1381 505 1532 546 Lectio
1552 518 1590 543 v.

1165 583 1230 612 aec
1263 571 1377 612 enim
1410 571 1631 611 succincta
1663 567 1821 620 jejunio
1853 567 1898 608 in

1178 627 1332 669 castris
1380 623 1686 679 praetendebat
1731 623 1899 665 alienis:

1070 683 1142 725 ille
1163 684 1264 725 vino
1285 683 1484 736 sepultus
1502 681 1682 734 jacebat,
1701 685 1750 722 ut
1764 680 1900 722 ictum

1072 740 1264 782 vulneris
1296 742 1458 782 sentire
1491 751 1579 780 non
1611 742 1774 790 posset.
1814 737 1898 778 Ita-

1074 810 1158 850 que
1183 799 1309 838 unius
1335 795 1528 837 mulieris
1554 794 1758 847 jejunium
1779 793 1899 834 innu-

1072 866 1219 895 meros
1256 853 1411 894 stravit
1446 852 1664 894 exercitus
1700 850 1900 902 Assyrio-

1074 923 1180 951 rum.
1214 909 1373 951 Esther
1395 921 1572 961 quoque
1597 906 1824 961 pulchrior
1842 906 1901 947 fa-

1075 972 1146 1008 cta
1165 972 1232 1008 est
1250 966 1424 1019 iejunio:
1443 965 1659 1006 Dominus
1679 964 1794 1005 enim
1807 965 1902 1014 gra-

1074 1025 1180 1066 tiam
1195 1023 1356 1065 sobriae
1370 1021 1528 1063 mentis
1544 1021 1742 1072 augebat.
1763 1020 1903 1061 Omne

1075 1094 1212 1132 genus
1239 1093 1381 1130 suum,
1415 1078 1461 1120 id
1486 1083 1570 1127 est,
1597 1083 1741 1120 totum
1764 1079 1903 1129 popu-

1075 1138 1165 1178 lum
1210 1137 1234 1178 J
1237 1136 1467 1178 udaeorum
1515 1147 1541 1176 a
1584 1133 1904 1187 persecutionis

1077 1194 1317 1235 acerbitate
1345 1192 1562 1242 liberavit,
1593 1191 1654 1233 ita
1681 1195 1729 1232 ut
1757 1202 1906 1241 regem

1078 1250 1161 1292 sibi
1180 1250 1344 1291 faceret
1365 1261 1461 1290 esse
1482 1248 1733 1300 subjectum.

1076 1343 1077 1347 =
1132 1321 1181 1374 131.
1201 1319 1463 1360 Dominator
1482 1317 1670 1359 Domine
1693 1316 1907 1358 coelorum

1081 1382 1123 1419 et
1154 1382 1300 1425 terrae,
1333 1375 1516 1416 Creator
1549 1375 1777 1425 aquarum,
1809 1373 1907 1414 Rex

1080 1433 1294 1478 universae
1319 1434 1548 1473 creaturae:
1576 1431 1598 1455 *
1619 1428 1793 1471 Exaudi
1813 1442 1907 1470 ora-

1080 1491 1246 1532 tionem
1274 1490 1503 1530 servorum
1529 1489 1717 1529 tuorum.
1763 1479 1814 1532 V.
1839 1486 1909 1527 Tu

1081 1546 1285 1595 Domine,
1314 1545 1382 1586 cui
1409 1543 1636 1585 humilium
1665 1555 1840 1596 semper
1865 1547 1909 1584 et

1082 1604 1411 1644 mansuetorum
1441 1600 1608 1654 placuit
1641 1599 1910 1653 deprecatio.

1082 1659 1266 1701 Exaudi.

1386 1722 1538 1764 Lectio
1558 1722 1611 1762 vi.

1129 1797 1262 1844 taque
1289 1789 1380 1839 illa,
1410 1801 1510 1841 quae
1533 1786 1680 1830 triduo
1707 1787 1913 1840 ieiunavit

1151 1850 1374 1896 continuo,
1401 1850 1445 1887 et
1469 1857 1630 1898 corpus
1653 1857 1779 1885 suum
1799 1856 1913 1896 aqua

1086 1906 1208 1954 lavit,
1244 1903 1344 1957 plus
1375 1901 1559 1955 placuit,
1599 1906 1643 1943 et
1674 1899 1914 1942 vindictam

1087 1961 1248 2004 retulit:
1280 1960 1423 2001 Aman
1452 1963 1614 2007 autem,
1643 1956 1748 1999 dum
1775 1969 1822 1998 se
1849 1969 1912 1998 re-

1087 2018 1174 2069 gali
1193 2019 1323 2070 jactat
1343 2015 1558 2066 convivio,
1577 2014 1690 2055 inter
1703 2014 1800 2066 ipsa
1813 2013 1914 2055 vina

1087 2087 1266 2128 poenam
1311 2085 1403 2114 suae
1444 2070 1673 2113 ebrietatis
1716 2069 1914 2112 exsolvit.

1089 2132 1167 2173 Est
1191 2143 1296 2182 ergo
1322 2129 1525 2182 jejunium
1547 2126 1915 2169 reconciliationis

1090 2187 1368 2236 sacrificium,
1392 2185 1566 2227 virtutis
1586 2185 1916 2232 incrementum,

1092 2244 1212 2297 quod
1231 2244 1333 2286 fecit
1353 2243 1483 2284 etiam
1508 2241 1691 2283 feminas
1710 2240 1916 2282 fortiores

1091 2303 1325 2352 augmento
1345 2300 1510 2352 gratiae.
1543 2299 1567 2339 J
1569 2297 1758 2351 ejunium
1778 2296 1918 2338 nescit

1092 2358 1417 2406 foeneratorem,
1444 2369 1531 2398 non
1553 2360 1718 2397 sortem
1737 2352 1917 2394 fo'enoris

1092 2415 1228 2456 novit:
1259 2426 1348 2455 non
1379 2412 1551 2454 redolet
1581 2414 1737 2453 usuras
1767 2422 1919 2451 mensa

1093 2471 1387 2523 jejunantium:
1420 2470 1551 2511 etiam
1579 2468 1687 2520 ipsis
1716 2466 1919 2519 jejunium
1956 2519 1958 2521 .

1095 2528 1306 2570 conviviis
1340 2526 1416 2568 dat
1446 2525 1643 2577 gratiam.
1687 2523 1919 2564 Dulciores

1094 2582 1197 2638 post
1217 2585 1375 2625 famem
1395 2582 1537 2634 epulae
1556 2581 1675 2630 fiunt,
1698 2592 1796 2632 quae
1817 2580 1919 2620 assi-

1096 2641 1263 2683 duitate
1292 2638 1467 2681 fastidio
1496 2642 1615 2687 sunt,
1645 2642 1687 2679 et
1715 2635 1921 2678 diuturna

1096 2697 1420 2740 continuatione
1465 2694 1691 2736 vilescunt.
1763 2691 1920 2735 Condi-

1095 2756 1289 2796 mentum
1309 2752 1394 2794 cibi
1412 2751 1616 2805 jejunium
1635 2755 1713 2792 est.
1748 2751 1920 2801 Quanto
