2040 2944
462 179 534 213 Die
562 178 609 212 17.
635 179 713 213 Oct.
761 180 801 213 B.
826 180 1045 222 Margaritae
1071 180 1204 214 Mariae
1230 180 1427 224 Alacoquc
1454 180 1557 222 Virg.

152 272 219 323 gis
245 272 290 312 in
314 272 483 313 deliciis
510 271 680 322 habuit,
709 286 840 324 quam
868 275 983 324 geni-

151 328 235 370 bus
279 327 457 380 positis,
501 329 747 380 junctisque
783 329 984 371 manibus

153 384 324 426 coelesti
355 396 522 436 sponso
551 386 708 426 sistere
736 398 803 435 se,
836 385 875 427 ei
907 399 984 427 cor

153 453 279 482 suum
305 439 470 490 dicare,
498 445 542 482 et
567 441 825 491 virginalem
852 441 983 483 devo-

153 498 255 538 vere
283 497 549 546 castitatem,
578 496 677 549 ipso
702 497 884 538 interius
910 511 983 539 vo-

152 557 245 594 tum
265 565 399 605 supra
417 552 595 594 aetatem
611 553 861 605 inspirante.
889 554 985 595 Stu-

154 608 274 650 dium
305 608 510 661 placendi
537 609 658 659 Jesu,
691 615 734 651 et
766 612 909 662 pietas
941 610 985 650 in

154 665 402 717 Deiparam‚
424 665 493 706 cui
518 678 566 706 se
590 665 645 707 ab
669 665 746 707 illo
766 678 983 707 commen-

153 720 302 762 datam
325 721 463 771 novit,
488 721 657 773 pariter
681 724 859 763 crevere
887 735 986 762 cum

153 777 289 818 annis.
316 777 385 818 Ex
399 777 485 818 hoc
501 777 663 819 Christi
678 780 838 828 amore,
855 791 986 830 quem

154 832 372 886 producta
396 833 453 875 ad
472 833 622 886 plures
644 833 778 875 horas
802 834 984 876 medita-

152 890 214 931 tio
240 889 396 939 alebat‚
422 890 574 941 ingens
599 891 764 931 exarsit
790 891 985 942 patiendi

154 958 287 995 amor,
311 950 359 987 ut
383 946 433 996 ei,
461 959 591 999 quem
611 947 738 988 unice
764 946 985 998 diligebat,

153 1002 339 1043 similem
359 1015 406 1044 se
427 1003 665 1045 exhiberet.
692 1004 808 1044 Hinc
823 1016 985 1056 corpus

154 1058 336 1110 jejuniis,-
361 1059 536 1110 vigiliis,
565 1059 750 1111 aliisque
776 1060 985 1112 asperita-

153 1114 271 1156 tibus
308 1114 365 1156 ad
397 1115 602 1156 morbum
633 1129 775 1168 usque
811 1116 986 1157 afflixit:

154 1170 347 1211 &inimum
372 1183 480 1212 vero
508 1171 621 1213 inter
654 1171 882 1213 diuturnas
915 1185 984 1214 ve-

153 1226 368 1276 xatic‘mes,
398 1239 507 1279 quas
532 1234 659 1280 patre
686 1228 842 1271 orbata
872 1242 896 1270 a
925 1229 983 1270 fa-

152 1282 280 1324 mulis
307 1283 505 1335 pertulit,
537 1283 594 1326 ad
620 1284 855 1335 imaginem
883 1287 984 1338 ejus,

154 1338 229 1389 qui
246 1339 364 1380 mitis
383 1344 450 1381 est
469 1344 513 1381 et
527 1339 702 1381 humilis
718 1341 866 1391 corde,
884 1355 982 1383 con-

153 1396 321 1436 stanter
336 1394 558 1446 effingens,
572 1395 697 1438 brevi
712 1396 769 1438 ad
781 1410 985 1448 magnam

153 1451 431 1493 sanctitatem
470 1453 514 1493 in
550 1453 649 1505 ipso
687 1454 850 1495 saeculo
887 1467 984 1507 per-

152 1507 280 1549 venit.

203 1566 254 1618 Rz.
292 1564 482 1618 Propter
508 1566 757 1615 veritatem,
791 1571 835 1608 et
866 1580 983 1608 man-

152 1620 445 1670 suetudinem,
474 1626 518 1663 et
542 1622 765 1674 justitiam:
787 1626 809 1651 *
828 1623 884 1664 Et
911 1623 982 1664 de-

151 1674 284 1718 ducet
317 1682 363 1719 te
396 1677 655 1719 mirabiliter
688 1678 870 1720 dextera
897 1684 983 1720 tua.

154 1732 203 1781 V.
219 1732 376 1785 Specie
396 1738 472 1775 tua
491 1739 536 1776 et
560 1734 887 1787 pulchritudine
907 1741 983 1776 tua

150 1787 344 1839 intende,
371 1793 586 1843 prospere
611 1791 819 1843 procede,
849 1797 892 1833 et
918 1804 981 1833 re-

151 1856 248 1894 gna.
275 1845 333 1888 Et
352 1846 554 1888 deducet.

463 1904 615 1944 Lectio
637 1918 673 1943 v.

156 1955 407 2062 Ordinem
421 1958 698 2001 Visitationis
715 1964 880 2001 sanctae
894 1960 983 2001 Ma-

264 2015 353 2063 riae,
374 2027 462 2066 quo
482 2027 508 2055 a
526 2015 788 2067 propinquis
807 2015 983 2058 abesset

150 2070 334 2120 longius,
352 2070 527 2112 Paredii
545 2071 753 2122 ingressa,
774 2073 922 2114 statim
940 2074 983 2113 in

150 2126 351 2168 tirocinio
367 2127 535 2169 cunctis
549 2128 770 2178 religiosae
783 2128 887 2170 vitae
900 2129 982 2170 vir-

150 2182 319 2224 tutibus
346 2182 575 2224 indubium
608 2184 853 2226 sanctitatis
886 2187 982 2238 spe·

152 2238 292 2280 cimen
324 2238 525 2291 praebuit.
570 2240 751 2281 Interim
785 2240 982 2283 Christus

152 2294 418 2336 sublimioris
449 2296 661 2338 orationis
689 2296 825 2346 dono,
855 2297 981 2339 inter-

151 2350 218 2391 nis
238 2351 535 2392 locutionibus
550 2352 733 2404 aliisque
749 2353 982 2394 charisma-

152 2406 269 2448 tibus
298 2420 508 2459 sponsam
539 2421 664 2449 suam
691 2409 912 2451 illustrare
940 2415 983 2451 et

153 2462 209 2503 ad
235 2475 314 2503 sua
333 2463 516 2504 consilia
539 2465 723 2517 propius
746 2465 982 2517 disponere

151 2518 348 2560 instituit.
380 2520 501 2561 Inter
521 2521 664 2561 varias
684 2521 982 2573 apparitiones

151 2573 226 2615 illa
244 2575 434 2617 maxime
454 2576 641 2618 celebris
660 2577 750 2625 fuit,
776 2589 862 2628 qua
882 2582 982 2617 ante

152 2630 473 2672 Eucharistiam
501 2632 644 2674 oranti
672 2633 800 2674 Jesus
828 2637 981 2674 semet-

153 2688 298 2738 ipsum
335 2688 693 2740 conspiciendum
729 2688 904 2738 obtulit,
940 2693 983 2730 et

1731 183 1734 186 ’
1774 179 1866 223 [295]

1037 275 1231 316 divinum
1265 287 1341 316 cor
1371 288 1497 316 suum
1529 275 1572 315 in
1607 277 1761 327 aperto
1793 276 1866 327 pe-

1038 336 1161 373 ctore
1186 331 1374 372 flammis
1396 331 1634 380 incensum,
1661 336 1704 372 et
1730 331 1867 383 spinis

1038 390 1324 429 constrictum
1336 386 1541 437 ostendit,
1555 389 1868 439 praecepitque,

1038 449 1086 485 ut
1103 457 1185 495 pro
1209 444 1286 485 tali
1305 444 1498 493 caritate,
1524 449 1567 485 et
1587 443 1644 484 ad
1663 445 1867 495 reparan-

1038 499 1118 541 das
1142 500 1412 550 ingratorum
1439 500 1664 540 hominum
1691 499 1867 550 injurias

1038 555 1111 596 illa
1151 555 1375 607 publicum
1412 555 1537 596 cordi
1574 568 1654 596 suo
1692 555 1868 604 cultum,

1038 612 1207 663 magnis
1231 612 1472 663 propositis
1495 612 1734 662 gratiarum
1757 614 1866 664 pra}-

1037 668 1144 717 miis,
1168 667 1480 709 instituendum
1500 670 1684 718 curaret,
1705 674 1748 710 et
1767 681 1867 709 cun-

1039 726 1230 765 ctantem
1261 724 1518 765 humilitatis
1550 737 1698 774 causa,
1731 737 1867 776 seque

1037 785 1171 821 tantae
1217 780 1279 821 rei
1323 782 1538 832 imparem
1583 780 1867 830 dictitantem,

1038 838 1258 888 promisso
1297 836 1458 876 auxilio
1493 841 1537 877 et
1572 837 1866 888 praenuntiato

1039 894 1246 933 successu
1260 892 1545 933 confirmavit.
1566 892 1735 934 Exinde
1751 892 1867 933 fidis-

1038 949 1148 989 sima
1163 948 1324 989 Christi
1343 961 1508 1000 sponsa
1525 948 1611 989 hoc
1630 962 1763 989 unum
1783 949 1867 1000 spi-

1038 1007 1157 1054 rare,
1197 1004 1363 1054 verbis,
1400 1004 1633 1056 exemplis,
1678 1005 1867 1057 scriptis,

1038 1061 1125 1112 jugi
1148 1061 1250 1102 vitae
1275 1073 1366 1101 suae
1389 1060 1605 1101 sacrificio
1630 1060 1716 1101 hoc
1733 1074 1867 1101 unum

1040 1119 1238 1168 quaerere
1270 1117 1364 1157 visa
1396 1121 1478 1165 est,
1511 1122 1560 1158 ut
1591 1116 1867 1157 sanctissimo

1039 1173 1163 1214 cordi
1199 1173 1305 1214 Jesu
1343 1172 1542 1221 interior,
1588 1173 1868 1224 exteriorque

1039 1229 1198 1278 cultus,
1225 1229 1398 1281 qualem
1422 1229 1462 1269 ei
1485 1228 1661 1280 placere
1688 1228 1742 1269 ab
1768 1228 1867 1280 ipso

1039 1285 1263 1335 didicerat,
1288 1285 1343 1327 ab
1363 1284 1566 1326 omnibus
1589 1285 1868 1335 tribueretur3

1040 1341 1160 1394 quod
1186 1346 1230 1383 et
1249 1347 1353 1383 tunc
1381 1341 1477 1382 fieri
1502 1340 1757 1382 mirabiliter
1783 1353 1867 1382 coe-

1037 1398 1118 1450 pit,
1146 1403 1190 1439 et
1214 1400 1387 1450 postea,
1417 1397 1692 1450 approbante
1718 1401 1869 1438 sancta

1037 1453 1152 1496 Sede
1178 1459 1342 1507 quanto
1368 1454 1513 1495 fructu
1542 1453 1597 1495 sit
1624 1453 1868 1505 perfectum

1037 1511 1267 1552 universus
1283 1510 1402 1552 orbis
1418 1508 1660 1551 catholicus
1670 1511 1868 1551 testatur.

1087 1569 1139 1619 R.
1171 1566 1376 1608 Dilexisti
1409 1565 1626 1618 justitiam,
1665 1570 1708 1607 et
1736 1565 1869 1607 odisti

1035 1622 1328 1675 iniquitatem:
1360 1626 1383 1650 *
1403 1622 1646 1674 Propterea
1670 1621 1793 1662 unxit
1823 1626 1867 1663 te

1036 1679 1175 1728 Deus,
1220 1679 1342 1720 Deus
1385 1683 1502 1727 tuus,
1549 1677 1649 1719 oleo
1690 1677 1866 1718 laetitiae.

1042 1734 1088 1785 Υ.
1115 1735 1303 1787 Propter
1327 1734 1572 1783 veritatem,
1602 1738 1645 1774 et
1668 1745 1864 1774 mansue-

1036 1791 1249 1840 tudinem,
1269 1795 1312 1832 et
1331 1790 1551 1842 justitiam.
1578 1790 1831 1841 Propterea.

1344 1850 1494 1890 Lectio
1516 1850 1567 1889 vi.

1123 1903 1214 1945 uod
1242 1904 1368 1945 enixe
1397 1915 1421 1944 a
1448 1901 1639 1944 Domino
1667 1903 1866 1953 petierat,

1147 1965 1195 2002 ut
1226 1959 1414 2000 illustria
1450 1959 1541 2011 ejus
1578 1957 1693 1999 dona
1725 1957 1768 1997 in
1799 1957 1865 1997 sui

1037 2018 1338 2068 contemptum
1365 2015 1658 2063 verterentur,
1690 2012 1864 2054 abunde

1037 2072 1235 2115 obtinuit.
1271 2071 1523 2122 Numquam
1548 2070 1662 2110 enim
1687 2069 1864 2110 defuere

1038 2129 1158 2170 domi
1178 2133 1220 2169 et
1239 2127 1346 2168 foris
1366 2127 1439 2178 qui
1458 2126 1576 2166 illam
1594 2127 1752 2166 misere
1771 2124 1863 2165 illu-

1037 2198 1130 2226 sam
1145 2183 1385 2231 credentes,
1403 2187 1477 2223 aut
1494 2181 1649 2222 saltem
1665 2179 1863 2222 dubitan-

1035 2246 1119 2290 tes,
1147 2241 1238 2292 ejus
1266 2239 1468 2291 spiritum
1495 2237 1689 2278 dicteriis
1715 2237 1863 2288 carpe-

1035 2302 1147 2346 rent,
1186 2296 1256 2336 vel
1288 2299 1406 2336 certe
1435 2292 1624 2335 assiduis
1660 2305 1712 2334 ac
1744 2291 1864 2333 duris

1036 2352 1300 2404 subjicerent
1333 2348 1659 2402 experimentis:
1695 2348 1740 2388 in
1773 2347 1863 2399 qui-

1035 2408 1119 2450 bus
1140 2413 1287 2449 tamen
1310 2405 1552 2446 mitissimae
1571 2404 1765 2455 Virginis
1788 2403 1862 2444 hu·
1910 2442 1911 2445 ,

1035 2464 1213 2512 militas,
1250 2462 1476 2515 patientia,
1513 2460 1780 2509 obedientia,
1820 2463 1863 2500 et

1037 2520 1195 2561 caritas
1226 2518 1367 2568 magis
1408 2530 1582 2569 semper
1624 2516 1862 2558 eluxerunt.

1037 2574 1334 2617 Contumelias
1363 2586 1539 2625 quoque
1567 2586 1618 2614 ac
1641 2572 1778 2612 minas
1806 2569 1860 2610 ab

1037 2631 1256 2673 extraneis
1285 2629 1343 2672 ob
1371 2629 1564 2670 nobilem
1592 2629 1809 2669 alumnam
1836 2637 1861 2665 a

1035 2687 1237 2729 tirocinio
1262 2686 1433 2728 fortiter
1457 2685 1679 2727 dimissam
1702 2683 1862 2723 invicta
