2040 2944
644 187 753 221 Dom.
779 188 843 223 ΙΙΙ.
870 190 949 223 Oct.
996 190 1181 225 Puritatis
1207 193 1247 227 Β.
1274 193 1320 227 Μ.
1350 195 1388 228 V.

158 282 260 331 gina
278 280 562 333 Angelorum,
580 282 771 324 Demina
789 285 952 334 mundi,
970 286 993 310 *

156 337 243 379 Per
271 350 403 390 quam
427 338 550 380 Deus
579 338 810 381 descendit
836 340 881 381 in
907 346 990 383 ter-

157 406 246 444 ras,
280 400 329 436 ut
355 394 558 437 homines
587 396 828 438 ascendere
855 410 991 440 mere—

156 451 307 492 rentur
326 450 384 492 ad
403 451 553 493 coelos.
593 447 645 499 V.
665 452 737 494 Ad
765 458 810 494 te
835 454 991 495 clama-

156 520 255 548 mus
278 508 453 550 exsules
472 508 551 558 filii
569 509 727 550 Hevae:
752 510 990 551 recordare

155 564 297 605 nostri
315 564 591 606 sanctissima
610 565 764 617 Virgo.
791 567 886 608 Per.

469 628 622 670 Lectio
643 644 680 670 v.

246 702 270 731 e
301 691 461 732 ceteris
493 692 585 743 ejus
612 691 850 734 virtutibus
885 693 990 745 quid

253 746 433 800 loquar?
460 748 602 800 Virgo
624 754 718 791 erat
737 762 826 790 non
845 750 990 792 solum

155 805 363 857 cerpore,
401 804 482 847 sed
516 806 650 847 etiam
682 811 846 857 mente,
889 820 988 859 quae

154 860 275 903 nullo
305 860 397 903 doli
424 861 593 904 ambitu
622 862 842 904 sincerum
868 862 988 905 adul-

152 919 319 960 teraret
346 918 563 961 affectum.
620 918 766 962 Corde
799 919 987 971 humilis,

152 974 300 1016 verbis
324 976 486 1028 gravis,
515 977 662 1019 animo
685 976 896 1030 prudens,
925 978 986 1020 lo-

154 1030 318 1084 quendi
335 1033 524 1086 parcior,
543 1033 719 1085 legendi
734 1034 986 1085 studiesior,

152 1100 241 1129 non
268 1089 313 1130 in
339 1090 509 1132 incerto
540 1090 808 1141 divitiarum,
837 1091 917 1133 sed
943 1092 987 1132 in

152 1157 287 1198 prece
327 1147 538 1200 pauperis
582 1160 707 1201 spem
750 1149 987 1201 rep6nens3

151 1202 318 1244 intenta
338 1204 480 1256 Operi,
499 1204 752 1246 verecunda
771 1207 986 1255 sermone,

152 1258 367 1301 arbitrum
390 1261 550 1303 mentis
577 1261 708 1304 solita
734 1275 823 1303 non
849 1261 986 1303 homi-

151 1327 270 1366 nem,
298 1317 379 1358 sed
402 1317 548 1359 Deum
576 1321 790 1371 quaerere:
818 1318 986 1360 nullum

151 1370 326 1424 laedere,
344 1373 458 1415 bene
473 1374 587 1417 velle
604 1375 818 1424 omnibus,
833 1375 986 1427 fugere

150 1429 413 1480 jactantiam,
438 1431 659 1473 rationem
679 1432 985 1484 sequi,‘amare

150 1485 371 1528 virtutem.

203 1547 254 1600 R.
294 1548 436 1590 Beata
467 1548 607 1591 Maria
643 1555 779 1592 tantae
818 1550 985 1592 exstitit

150 1604 370 1656 puritatis,
410 1610 459 1647 ut
490 1606 632 1648 Mater
669 1606 849 1648 Demini
887 1619 984 1649 esse

149 1663 403 1704 mereretur.
428 1663 453 1687 *
479 1663 600 1705 Deus
630 1676 759 1716 quam
791 1663 985 1714 elegerat

151 1718 330 1760 creavit:
368 1717 424 1760 de
463 1728 550 1772 qua
583 1722 806 1762 crearetur
840 1719 983 1771 elegit.

150 1768 201 1819 V.
226 1774 332 1828 Ipsa
357 1780 425 1817 est
451 1775 579 1818 stella
604 1789 658 1818 ex
677 1777 833 1826 Jacob,
861 1778 982 1829 cujus

148 1829 299 1872 radius
316 1832 571 1874 universum
586 1833 741 1875 orbem
756 1832 982 1874 illuminat.

148 1886 271 1929 Deus
291 1901 434 1940 quam.

215 1967 285 2007 Ex
305 1971 458 2009 sancto
478 1968 612 2010 Petro
634 1968 920 2021 Chrysologo.

251 2030 404 2072 Lectio
426 2031 478 2072 vi.
633 2033 770 2073 Serm.
789 2032 876 2072 143.

243 2109 308 2138 aec
334 2096 458 2139 dedit
478 2099 602 2140 coelis
621 2098 824 2150 gloriam,
851 2099 979 2140 terris

249 2152 409 2203 Deum,
434 2154 569 2197 fidem
590 2154 822 2205 Gentibus,
846 2154 979 2196 finem

145 2210 274 2259 vitiis,
293 2209 396 2251 vitae
412 2210 624 2262 erdinem,
643 2211 842 2253 meribus
861 2211 980 2253 disci-

144 2265 320 2317 plinam.
350 2267 559 2318 Gratiam,
580 2281 713 2320 quam
729 2268 885 2310 detulit
899 2268 980 2308 An-

145 2321 285 2372 gelus,
314 2323 488 2376 accepit
504 2323 665 2375 Virgo,
692 2324 880 2366 salutem
901 2326 978 2364 sae-

146 2377 256 2419 culis
292 2378 534 2421 redditt'ira.
586 2380 708 2422 Vere
744 2379 978 2422 benedicta

144 2433 304 2485 Virgo,
336 2448 436 2488 quae
470 2441 515 2478 et
543 2437 804 2488 virginitatis
836 2436 976 2489 pessi-

146 2489 221 2531 det
254 2490 407 2542 decus,
440 2498 484 2534 et
515 2493 669 2534 matris
702 2493 976 2544 dignitatem:

143 2558 247 2588 vere
283 2547 533 2598 benedicta,
582 2562 680 2601 quae
719 2554 763 2590 et
800 2548 977 2599 superni

144 2605 385 2656 conceptus
407 2605 567 2646 meruit
589 2605 791 2656 gratiam,
820 2609 864 2645 et
889 2616 975 2645 ser-

1779 195 1876 241 [289]

1046 288 1242 340 suscepit
1260 289 1457 340 gloriam,
1478 296 1522 333 et
1539 294 1689 343 regina
1709 294 1878 335 exstitit

1044 345 1180 384 totius
1202 346 1429 388 castitatis.

1102 403 1152 454 R.
1167 401 1400 450 Quomodo
1421 404 1498 445 fiet
1517 405 1647 457 istud,
1668 407 1876 458 quoniam

1044 456 1186 497 virum
1205 471 1293 499 non
1312 461 1557 510 cognosco?
1578 462 1766 514 Spiritus
1782 476 1876 504 san-

1045 517 1142 553 ctus
1168 517 1448 567 superveniet
1472 518 1515 558 in
1542 523 1597 567 te,
1622 520 1644 545 *
1660 519 1718 560 Et
1736 520 1875 561 virtus

1045 568 1261 611 Altissimi
1277 572 1558 615 obumbrabit
1572 574 1665 616 tibi:
1684 575 1875 628 ideoque

1049 627 1071 651 *
1098 626 1230 675 Quod
1260 631 1464 671 nascetur
1498 643 1553 671 ex
1584 636 1628 672 te
1656 631 1875 682 Sanctum,

1043 683 1274 725 vocabitur
1293 685 1430 727 Filius
1454 687 1549 728 Dei.
1588 682 1638 733 V.
1654 689 1777 730 Dixit
1801 702 1872 730 au-

1042 743 1132 780 tem
1160 740 1312 782 Maria:
1344 743 1460 784 Ecce
1494 744 1652 786 ancilla
1684 746 1874 795 Demini,

1041 795 1120 837 fiat
1143 796 1249 838 mihi
1275 799 1518 841 secundum
1537 801 1720 843 verbum
1739 807 1874 843 tuum.

1041 852 1109 894 Et.
1139 852 1291 895 Gloria
1312 855 1443 896 Patri.
1473 857 1613 907 Quod.

1274 928 1323 966 In
1342 928 1413 966 111.
1432 928 1655 967 Nocturno.

1098 984 1147 1036 V.
1158 989 1368 1032 Invenisti
1383 992 1570 1042 gratiam
1585 992 1703 1044 apud
1718 993 1872 1034 Deum.

1046 1046 1095 1097 Ει.
1109 1045 1269 1087 Sancta
1287 1046 1372 1088 Dei
1393 1047 1607 1099 GenitriX,
1631 1049 1770 1100 Virgo
1795 1050 1871 1090 im-

1039 1101 1270 1143 maculata.

1044 1170 1198 1212 Lectio
1224 1173 1363 1214 sancti
1386 1173 1611 1226 Evangelii
1630 1175 1870 1216 secundum

1359 1229 1536 1271 Lucam.

1122 1289 1274 1331 Lectio
1298 1291 1366 1331 vii.
1596 1291 1699 1343 Cap.
1715 1292 1743 1330 1.
1762 1304 1795 1331 e.

1038 1343 1115 1450 In
1135 1349 1210 1390 illo
1230 1352 1446 1404 ternpore:
1464 1353 1627 1394 Missus
1645 1358 1712 1395 est
1725 1354 1869 1405 Ange-

1103 1405 1171 1447 lus
1200 1407 1380 1449 Gabriel
1406 1422 1431 1449 a
1453 1410 1550 1451 Deo
1577 1410 1621 1450 in
1647 1410 1869 1452 civitatem

1028 1461 1252 1513 Galilaeae,
1280 1465 1349 1505 cui
1368 1478 1529 1507 nomen
1547 1466 1786 1515 Nazareth,
1813 1467 1870 1508 ad

1037 1519 1266 1570 Virginem
1299 1520 1615 1574 desponsatam
1647 1523 1754 1564 viro.
1812 1523 1870 1565 Et

1036 1575 1216 1627 reliqua.

1152 1646 1344 1688 Homilia
1371 1648 1511 1689 sancti
1539 1648 1755 1690 Bernardi

1355 1703 1556 1745 Abbatis.

1154 1764 1296 1798 Homil.
1320 1764 1350 1797 2.
1377 1773 1493 1807 super
1512 1765 1656 1799 Missus
1682 1769 1750 1800 est.

1064 1828 1137 1866 ,a
1167 1828 1300 1857 ovum
1332 1817 1551 1858 canticum
1583 1817 1705 1867 illud,
1745 1819 1865 1870 quod

1042 1891 1135 1935 ,j
1183 1871 1290 1913 solis
1326 1872 1503 1915 dabitur
1533 1873 1577 1914 in
1609 1886 1746 1925 regno
1779 1874 1865 1916 Dei

1038 1933 1040 1945 ¹
1071 1930 1073 1933 ’
1157 1930 1364 1970 cantare
1410 1929 1668 1981 virginibus,
1720 1930 1864 1983 ipsam

1034 1984 1250 2035 virginum
1282 1986 1514 2036 Reginam,
1556 1987 1644 2027 imo
1677 1986 1864 2038 primam

1032 2041 1147 2082 inter
1166 2043 1337 2082 ceteras
1357 2054 1454 2083 esse
1475 2045 1764 2092 cantaturam,
1791 2056 1862 2085 ne-

1032 2110 1105 2138 mo
1135 2102 1202 2138 est
1231 2098 1305 2149 qui
1333 2098 1536 2149 ambigat.
1576 2099 1691 2140 Puto
1717 2104 1862 2140 autem

1032 2153 1163 2203 illam,
1182 2159 1345 2206 praeter
1363 2154 1471 2196 illud
1492 2154 1612 2207 quod
1628 2155 1734 2196 solis
1749 2154 1862 2205 licet,

1034 2223 1132 2251 cum
1153 2210 1354 2252 Omnibus
1379 2216 1527 2252 tamen
1546 2211 1789 2262 virginibus
1810 2213 1862 2261 ei,

1031 2271 1079 2307 ut
1117 2265 1224 2315 dixi,
1262 2270 1494 2308 commune
1531 2267 1630 2316 erit,
1674 2266 1861 2310 dulciori

1032 2322 1225 2373 quodam
1245 2328 1377 2374 atque
1395 2323 1653 2374 elegantiori
1667 2324 1860 2366 carmine

1029 2377 1351 2419 laetificaturam
1387 2391 1484 2420 esse
1514 2379 1738 2420 civitatem
1765 2380 1861 2421 Dei.

1030 2435 1170 2485 Hujus
1212 2437 1362 2486 itaque
1405 2434 1660 2477 dulcisonos
1703 2435 1858 2488 depro-

1028 2503 1148 2531 mere
1180 2490 1251 2531 vel
1288 2493 1534 2543 exprimere
1565 2491 1772 2532 medulos
1803 2504 1857 2532 ne

1028 2547 1223 2598 ipsarum
1274 2546 1452 2598 quidem
1503 2548 1720 2598 virginum
1770 2547 1857 2588 ulla

1029 2603 1159 2653 digna
1183 2602 1442 2652 invenietur,
1473 2604 1574 2655 quia
1602 2604 1757 2644 merito
1784 2602 1855 2644 de—

143 2659 264 2700 vavit
289 2660 556 2712 integritatis
588 2663 810 2702 corenam.
855 2660 975 2700 Vere
1028 2658 1294 2699 cantandum
1339 2659 1586 2701 servabitur
1631 2659 1710 2708 illi,
1757 2670 1855 2709 quae

142 2713 391 2766 benedicta,
422 2729 521 2769 quae
546 2722 591 2758 et
615 2716 750 2758 divini
769 2715 974 2766 germinis
1028 2714 1123 2756 sola
1144 2714 1199 2756 de
1218 2720 1365 2766 partu,
1386 2720 1430 2757 et
1448 2720 1579 2768 partu
1598 2715 1745 2756 divino
1764 2714 1854 2764 glo—

295 2845 360 2870 Pars
376 2846 547 2871 Autumnum.

1619 2836 1648 2868 T
