<?xml version="1.0" encoding="UTF-8"?>
<!DOCTYPE html PUBLIC "-//W3C//DTD XHTML 1.0 Transitional//EN"
    "http://www.w3.org/TR/xhtml1/DTD/xhtml1-transitional.dtd">
<html xmlns="http://www.w3.org/1999/xhtml" xml:lang="en" lang="en">
 <head>
  <title>
</title>
<meta http-equiv="Content-Type" content="text/html;charset=utf-8" />
  <meta name='ocr-system' content='tesseract 3.04.00' />
  <meta name='ocr-capabilities' content='ocr_page ocr_carea ocr_par ocr_line ocrx_word'/>
</head>
<body>
  <div class='ocr_page' id='page_1' title='image "./p4breviariumroma00cathuoft_0546.png"; bbox 0 0 2040 2944; ppageno 0'>
   <div class='ocr_carea' id='block_1_1' title="bbox 169 174 238 220">
    <p class='ocr_par' dir='ltr' id='par_1_1' title="bbox 169 174 238 220">
     <span class='ocr_line' id='line_1_1' title="bbox 169 174 238 220; baseline 0.014 -1"><span class='ocrx_word' id='word_1_1' title='bbox 169 174 238 220; x_wconf 81' lang='grc'><strong>[46]</strong></span> 
     </span>
    </p>
   </div>
   <div class='ocr_carea' id='block_1_2' title="bbox 171 272 1005 722">
    <p class='ocr_par' dir='ltr' id='par_1_2' title="bbox 171 272 1004 426">
     <span class='ocr_line' id='line_1_2' title="bbox 222 272 1004 325; baseline 0.003 -12"><span class='ocrx_word' id='word_1_2' title='bbox 222 272 441 325; x_wconf 85' lang='lat' dir='ltr'>Dirupisti</span> <span class='ocrx_word' id='word_1_3' title='bbox 462 272 637 314; x_wconf 83' lang='lat' dir='ltr'>vincula</span> <span class='ocrx_word' id='word_1_4' title='bbox 659 285 774 314; x_wconf 88' lang='lat' dir='ltr'>mea:</span> <span class='ocrx_word' id='word_1_5' title='bbox 793 273 818 299; x_wconf 88' lang='lat'>*</span> <span class='ocrx_word' id='word_1_6' title='bbox 837 273 919 315; x_wconf 89' lang='lat' dir='ltr'>tibi</span> <span class='ocrx_word' id='word_1_7' title='bbox 940 287 1004 315; x_wconf 91' lang='lat' dir='ltr'>sa-</span> 
     </span>
     <span class='ocr_line' id='line_1_3' title="bbox 172 328 1004 380; baseline 0.004 -11"><span class='ocrx_word' id='word_1_8' title='bbox 172 328 380 370; x_wconf 80' lang='lat' dir='ltr'>crificabo</span> <span class='ocrx_word' id='word_1_9' title='bbox 400 328 593 370; x_wconf 82' lang='lat' dir='ltr'>hestiam</span> <span class='ocrx_word' id='word_1_10' title='bbox 608 328 764 380; x_wconf 87' lang='lat' dir='ltr'>laudis,</span> <span class='ocrx_word' id='word_1_11' title='bbox 784 334 827 371; x_wconf 91' lang='lat' dir='ltr'>et</span> <span class='ocrx_word' id='word_1_12' title='bbox 843 343 1004 372; x_wconf 91' lang='lat' dir='ltr'>nomen</span> 
     </span>
     <span class='ocr_line' id='line_1_4' title="bbox 171 385 599 426; baseline 0.002 -1"><span class='ocrx_word' id='word_1_13' title='bbox 171 385 350 425; x_wconf 83' lang='lat' dir='ltr'>Demini</span> <span class='ocrx_word' id='word_1_14' title='bbox 370 385 599 426; x_wconf 77' lang='lat' dir='ltr'>invocabo.</span> 
     </span>
    </p>

    <p class='ocr_par' dir='ltr' id='par_1_3' title="bbox 171 441 1005 653">
     <span class='ocr_line' id='line_1_5' title="bbox 222 441 1004 484; baseline 0.004 -2"><span class='ocrx_word' id='word_1_15' title='bbox 222 441 342 482; x_wconf 90' lang='lat' dir='ltr'>Vota</span> <span class='ocrx_word' id='word_1_16' title='bbox 377 454 476 482; x_wconf 91' lang='lat' dir='ltr'>mea</span> <span class='ocrx_word' id='word_1_17' title='bbox 511 442 705 483; x_wconf 82' lang='lat' dir='ltr'>Demino</span> <span class='ocrx_word' id='word_1_18' title='bbox 742 442 928 484; x_wconf 84' lang='lat' dir='ltr'>reddam</span> <span class='ocrx_word' id='word_1_19' title='bbox 960 444 1004 484; x_wconf 93' lang='lat' dir='ltr'>in</span> 
     </span>
     <span class='ocr_line' id='line_1_6' title="bbox 171 498 1003 552; baseline 0.005 -14"><span class='ocrx_word' id='word_1_20' title='bbox 171 499 412 549; x_wconf 90' lang='lat' dir='ltr'>conspectu</span> <span class='ocrx_word' id='word_1_21' title='bbox 455 498 597 539; x_wconf 91' lang='lat' dir='ltr'>omnis</span> <span class='ocrx_word' id='word_1_22' title='bbox 640 499 796 551; x_wconf 82' lang='lat' dir='ltr'>populi</span> <span class='ocrx_word' id='word_1_23' title='bbox 839 501 950 552; x_wconf 78' lang='lat' dir='ltr'>ejus:</span> <span class='ocrx_word' id='word_1_24' title='bbox 981 501 1003 525; x_wconf 87' lang='grc'><em>*</em></span> 
     </span>
     <span class='ocr_line' id='line_1_7' title="bbox 171 553 1005 606; baseline 0.004 -13"><span class='ocrx_word' id='word_1_25' title='bbox 171 553 214 593; x_wconf 93' lang='lat' dir='ltr'>in</span> <span class='ocrx_word' id='word_1_26' title='bbox 243 554 365 595; x_wconf 82' lang='lat' dir='ltr'>atriis</span> <span class='ocrx_word' id='word_1_27' title='bbox 395 554 552 596; x_wconf 93' lang='lat' dir='ltr'>domus</span> <span class='ocrx_word' id='word_1_28' title='bbox 570 555 764 606; x_wconf 79' lang='lat' dir='ltr'>Demini,</span> <span class='ocrx_word' id='word_1_29' title='bbox 792 556 836 597; x_wconf 92' lang='lat' dir='ltr'>in</span> <span class='ocrx_word' id='word_1_30' title='bbox 856 556 1005 598; x_wconf 86' lang='lat' dir='ltr'>medio</span> 
     </span>
     <span class='ocr_line' id='line_1_8' title="bbox 173 610 519 653; baseline 0.006 -3"><span class='ocrx_word' id='word_1_31' title='bbox 173 610 237 650; x_wconf 92' lang='lat' dir='ltr'>tui</span> <span class='ocrx_word' id='word_1_32' title='bbox 264 610 519 653; x_wconf 77' lang='lat' dir='ltr'>Jerusalem.</span> 
     </span>
    </p>

    <p class='ocr_par' dir='ltr' id='par_1_4' title="bbox 221 677 983 722">
     <span class='ocr_line' id='line_1_9' title="bbox 221 677 983 722; baseline 0.003 -12"><span class='ocrx_word' id='word_1_33' title='bbox 221 679 345 721; x_wconf 73' lang='lat' dir='ltr'>Capit.</span> <span class='ocrx_word' id='word_1_34' title='bbox 373 684 408 712; x_wconf 77' lang='lat' dir='ltr'>ct</span> <span class='ocrx_word' id='word_1_35' title='bbox 435 678 572 722; x_wconf 64' lang='lat' dir='ltr'>Hymn.</span> <span class='ocrx_word' id='word_1_36' title='bbox 599 681 639 711; x_wconf 87' lang='lat' dir='ltr'>ut</span> <span class='ocrx_word' id='word_1_37' title='bbox 662 678 699 711; x_wconf 91' lang='lat' dir='ltr'>in</span> <span class='ocrx_word' id='word_1_38' title='bbox 726 678 751 711; x_wconf 91' lang='lat' dir='ltr'>I.</span> <span class='ocrx_word' id='word_1_39' title='bbox 770 677 885 721; x_wconf 70' lang='lat' dir='ltr'>Yesp.</span> <span class='ocrx_word' id='word_1_40' title='bbox 915 678 983 721; x_wconf 76' lang='lat'><strong>[35]</strong></span> 
     </span>
    </p>
   </div>
   <div class='ocr_carea' id='block_1_3' title="bbox 170 729 1005 961">
    <p class='ocr_par' dir='ltr' id='par_1_5' title="bbox 170 729 1005 844">
     <span class='ocr_line' id='line_1_10' title="bbox 221 729 1005 785; baseline 0.003 -12"><span class='ocrx_word' id='word_1_41' title='bbox 221 729 271 781; x_wconf 59' lang='lat' dir='ltr'>V.</span> <span class='ocrx_word' id='word_1_42' title='bbox 300 733 597 775; x_wconf 76' lang='lat' dir='ltr'>Exsultabunt</span> <span class='ocrx_word' id='word_1_43' title='bbox 625 734 767 775; x_wconf 91' lang='lat' dir='ltr'>sancti</span> <span class='ocrx_word' id='word_1_44' title='bbox 793 734 836 774; x_wconf 92' lang='lat' dir='ltr'>in</span> <span class='ocrx_word' id='word_1_45' title='bbox 855 734 1005 785; x_wconf 78' lang='lat' dir='ltr'>gloria.</span> 
     </span>
     <span class='ocr_line' id='line_1_11' title="bbox 170 789 956 844; baseline 0 -13"><span class='ocrx_word' id='word_1_46' title='bbox 170 793 219 844; x_wconf 61' lang='lat' dir='ltr'>Rg.</span> <span class='ocrx_word' id='word_1_47' title='bbox 246 789 535 831; x_wconf 82' lang='lat' dir='ltr'>Laetabuntur</span> <span class='ocrx_word' id='word_1_48' title='bbox 554 790 598 831; x_wconf 93' lang='lat' dir='ltr'>in</span> <span class='ocrx_word' id='word_1_49' title='bbox 619 790 835 831; x_wconf 83' lang='lat' dir='ltr'>cubilibus</span> <span class='ocrx_word' id='word_1_50' title='bbox 856 791 956 832; x_wconf 86' lang='lat' dir='ltr'>suis.</span> 
     </span>
    </p>

    <p class='ocr_par' dir='ltr' id='par_1_6' title="bbox 170 851 1005 961">
     <span class='ocr_line' id='line_1_12' title="bbox 222 851 1005 902; baseline 0.001 -10"><span class='ocrx_word' id='word_1_51' title='bbox 222 852 293 893; x_wconf 76' lang='lat' dir='ltr'>Ad</span> <span class='ocrx_word' id='word_1_52' title='bbox 313 852 487 902; x_wconf 80' lang='lat' dir='ltr'>Magnis.</span> <span class='ocrx_word' id='word_1_53' title='bbox 510 852 610 892; x_wconf 79' lang='lat' dir='ltr'>Ant.</span> <span class='ocrx_word' id='word_1_54' title='bbox 630 851 837 893; x_wconf 83' lang='lat' dir='ltr'>Gaudent</span> <span class='ocrx_word' id='word_1_55' title='bbox 856 852 899 892; x_wconf 91' lang='lat' dir='ltr'>in</span> <span class='ocrx_word' id='word_1_56' title='bbox 919 865 1005 893; x_wconf 88' lang='lat' dir='ltr'>coe-</span> 
     </span>
     <span class='ocr_line' id='line_1_13' title="bbox 170 906 1005 961; baseline 0.004 -15"><span class='ocrx_word' id='word_1_57' title='bbox 170 906 223 946; x_wconf 90' lang='lat' dir='ltr'>lis</span> <span class='ocrx_word' id='word_1_58' title='bbox 243 907 266 931; x_wconf 86' lang='lat'>*</span> <span class='ocrx_word' id='word_1_59' title='bbox 287 907 443 948; x_wconf 84' lang='lat' dir='ltr'>animae</span> <span class='ocrx_word' id='word_1_60' title='bbox 465 909 729 958; x_wconf 80' lang='lat' dir='ltr'>sanctorum,</span> <span class='ocrx_word' id='word_1_61' title='bbox 751 908 824 961; x_wconf 93' lang='lat' dir='ltr'>qui</span> <span class='ocrx_word' id='word_1_62' title='bbox 845 908 1005 950; x_wconf 83' lang='lat' dir='ltr'>Christi</span> 
     </span>
    </p>
   </div>
   <div class='ocr_carea' id='block_1_4' title="bbox 169 963 1005 1126">
    <p class='ocr_par' dir='ltr' id='par_1_7' title="bbox 169 963 1005 1126">
     <span class='ocr_line' id='line_1_14' title="bbox 171 963 1005 1018; baseline 0.005 -15"><span class='ocrx_word' id='word_1_63' title='bbox 171 963 355 1014; x_wconf 85' lang='lat' dir='ltr'>vestigia</span> <span class='ocrx_word' id='word_1_64' title='bbox 383 968 484 1005; x_wconf 90' lang='lat' dir='ltr'>sunt</span> <span class='ocrx_word' id='word_1_65' title='bbox 516 964 675 1006; x_wconf 84' lang='lat' dir='ltr'>secuti:</span> <span class='ocrx_word' id='word_1_66' title='bbox 716 969 760 1006; x_wconf 89' lang='lat' dir='ltr'>et</span> <span class='ocrx_word' id='word_1_67' title='bbox 789 965 890 1018; x_wconf 90' lang='lat' dir='ltr'>quia</span> <span class='ocrx_word' id='word_1_68' title='bbox 922 978 1005 1018; x_wconf 91' lang='lat' dir='ltr'>pro</span> 
     </span>
     <span class='ocr_line' id='line_1_15' title="bbox 170 1020 1004 1072; baseline 0.004 -11"><span class='ocrx_word' id='word_1_69' title='bbox 170 1020 262 1071; x_wconf 91' lang='lat' dir='ltr'>ejus</span> <span class='ocrx_word' id='word_1_70' title='bbox 286 1022 437 1062; x_wconf 81' lang='lat' dir='ltr'>amere</span> <span class='ocrx_word' id='word_1_71' title='bbox 459 1021 718 1072; x_wconf 77' lang='lat' dir='ltr'>sanguinem</span> <span class='ocrx_word' id='word_1_72' title='bbox 739 1034 866 1063; x_wconf 90' lang='lat' dir='ltr'>suum</span> <span class='ocrx_word' id='word_1_73' title='bbox 885 1021 1004 1064; x_wconf 89' lang='lat' dir='ltr'>fude-</span> 
     </span>
     <span class='ocr_line' id='line_1_16' title="bbox 169 1076 1005 1126; baseline 0.005 -10"><span class='ocrx_word' id='word_1_74' title='bbox 169 1081 286 1126; x_wconf 86' lang='lat' dir='ltr'>runt,</span> <span class='ocrx_word' id='word_1_75' title='bbox 324 1076 426 1119; x_wconf 83' lang='lat' dir='ltr'>ideo</span> <span class='ocrx_word' id='word_1_76' title='bbox 452 1090 552 1119; x_wconf 91' lang='lat' dir='ltr'>cum</span> <span class='ocrx_word' id='word_1_77' title='bbox 577 1077 754 1120; x_wconf 89' lang='lat' dir='ltr'>Christo</span> <span class='ocrx_word' id='word_1_78' title='bbox 784 1079 1005 1120; x_wconf 81' lang='lat' dir='ltr'>exsultant</span> 
     </span>
    </p>
   </div>
   <div class='ocr_carea' id='block_1_5' title="bbox 170 1133 741 1217">
    <p class='ocr_par' dir='ltr' id='par_1_8' title="bbox 170 1133 741 1217">
     <span class='ocr_line' id='line_1_17' title="bbox 170 1133 389 1175; baseline 0.005 -2"><span class='ocrx_word' id='word_1_79' title='bbox 170 1133 263 1175; x_wconf 92' lang='lat' dir='ltr'>sine</span> <span class='ocrx_word' id='word_1_80' title='bbox 291 1133 389 1175; x_wconf 89' lang='lat' dir='ltr'><strong>fine.</strong></span> 
     </span>
     <span class='ocr_line' id='line_1_18' title="bbox 426 1190 741 1217; baseline 0 -12"><span class='ocrx_word' id='word_1_81' title='bbox 426 1190 741 1217; x_wconf 29' lang='lat' dir='ltr'>*staff*—</span> 
     </span>
    </p>
   </div>
   <div class='ocr_carea' id='block_1_6' title="bbox 225 1258 945 1391">
    <p class='ocr_par' dir='ltr' id='par_1_9' title="bbox 225 1258 945 1391">
     <span class='ocr_line' id='line_1_19' title="bbox 333 1258 835 1320; baseline 0.006 -3"><span class='ocrx_word' id='word_1_82' title='bbox 333 1277 395 1318; x_wconf 93' lang='lat'>11.</span> <span class='ocrx_word' id='word_1_83' title='bbox 424 1276 553 1320; x_wconf 87' lang='lat' dir='ltr'>Aliae</span> <span class='ocrx_word' id='word_1_84' title='bbox 572 1258 835 1320; x_wconf 77' lang='lat' dir='ltr'>Lectiones</span> 
     </span>
     <span class='ocr_line' id='line_1_20' title="bbox 225 1337 945 1391; baseline 0 -13"><span class='ocrx_word' id='word_1_85' title='bbox 225 1352 318 1391; x_wconf 85' lang='lat' dir='ltr'>pro</span> <span class='ocrx_word' id='word_1_86' title='bbox 349 1338 586 1390; x_wconf 91' lang='lat' dir='ltr'>pluribus</span> <span class='ocrx_word' id='word_1_87' title='bbox 617 1337 945 1388; x_wconf 77' lang='lat' dir='ltr'>Martyribus.</span> 
     </span>
    </p>
   </div>
   <div class='ocr_carea' id='block_1_7' title="bbox 392 1421 773 1460">
    <p class='ocr_par' dir='ltr' id='par_1_10' title="bbox 392 1421 773 1460">
     <span class='ocr_line' id='line_1_21' title="bbox 392 1421 773 1460; baseline 0 -1"><span class='ocrx_word' id='word_1_88' title='bbox 392 1421 441 1459; x_wconf 89' lang='lat' dir='ltr'>In</span> <span class='ocrx_word' id='word_1_89' title='bbox 469 1421 518 1459; x_wconf 91' lang='lat' dir='ltr'>II.</span> <span class='ocrx_word' id='word_1_90' title='bbox 548 1421 773 1460; x_wconf 77' lang='lat' dir='ltr'>Nocturno.</span> 
     </span>
    </p>
   </div>
   <div class='ocr_carea' id='block_1_8' title="bbox 167 1493 1004 2761">
    <p class='ocr_par' dir='ltr' id='par_1_11' title="bbox 167 1493 1004 2588">
     <span class='ocr_line' id='line_1_22' title="bbox 168 1493 1003 1546; baseline 0.002 -12"><span class='ocrx_word' id='word_1_91' title='bbox 168 1494 322 1534; x_wconf 85' lang='lat' dir='ltr'>Sermo</span> <span class='ocrx_word' id='word_1_92' title='bbox 349 1493 489 1534; x_wconf 89' lang='lat' dir='ltr'>sancti</span> <span class='ocrx_word' id='word_1_93' title='bbox 511 1493 536 1534; x_wconf 89' lang='lat' dir='ltr'><strong>J</strong></span> <span class='ocrx_word' id='word_1_94' title='bbox 539 1493 662 1535; x_wconf 75' lang='lat' dir='ltr'>oanis</span> <span class='ocrx_word' id='word_1_95' title='bbox 687 1493 1003 1546; x_wconf 83' lang='lat' dir='ltr'>Chrysestomi.</span> 
     </span>
     <span class='ocr_line' id='line_1_23' title="bbox 278 1559 892 1603; baseline -0.002 -9"><span class='ocrx_word' id='word_1_96' title='bbox 278 1560 395 1594; x_wconf 77' lang='lat' dir='ltr'>Serm.</span> <span class='ocrx_word' id='word_1_97' title='bbox 423 1561 449 1594; x_wconf 84' lang='lat'>1.</span> <span class='ocrx_word' id='word_1_98' title='bbox 476 1560 523 1594; x_wconf 87' lang='lat' dir='ltr'>de</span> <span class='ocrx_word' id='word_1_99' title='bbox 548 1559 704 1603; x_wconf 74' lang='lat' dir='ltr'>Martyr.</span> <span class='ocrx_word' id='word_1_100' title='bbox 729 1559 838 1593; x_wconf 86' lang='lat' dir='ltr'>Tom.</span> <span class='ocrx_word' id='word_1_101' title='bbox 863 1560 892 1593; x_wconf 78' lang='lat'>3.</span> 
     </span>
     <span class='ocr_line' id='line_1_24' title="bbox 474 1625 700 1667; baseline -0.004 -1"><span class='ocrx_word' id='word_1_102' title='bbox 474 1625 626 1667; x_wconf 83' lang='lat' dir='ltr'>Lectio</span> <span class='ocrx_word' id='word_1_103' title='bbox 647 1626 700 1665; x_wconf 78' lang='lat' dir='ltr'>iv,</span> 
     </span>
     <span class='ocr_line' id='line_1_25' title="bbox 199 1685 1002 1770; baseline 0.002 -43"><span class='ocrx_word' id='word_1_104' title='bbox 199 1698 404 1770; x_wconf 35' lang='lat' dir='ltr'>¹wssfflfemo</span> <span class='ocrx_word' id='word_1_105' title='bbox 432 1690 500 1727; x_wconf 88' lang='lat' dir='ltr'>est</span> <span class='ocrx_word' id='word_1_106' title='bbox 527 1685 601 1737; x_wconf 92' lang='lat' dir='ltr'>qui</span> <span class='ocrx_word' id='word_1_107' title='bbox 626 1686 808 1736; x_wconf 80' lang='lat' dir='ltr'>nesciat,</span> <span class='ocrx_word' id='word_1_108' title='bbox 841 1687 1002 1740; x_wconf 73' lang='lat' dir='ltr'>Marty-</span> 
     </span>
     <span class='ocr_line' id='line_1_26' title="bbox 176 1717 1002 1815; baseline 0.002 -32"><span class='ocrx_word' id='word_1_109' title='bbox 176 1717 287 1815; x_wconf 46' lang='grc' dir='ltr'>[(χὶ,</span> <span class='ocrx_word' id='word_1_110' title='bbox 330 1756 426 1784; x_wconf 92' lang='lat' dir='ltr'>rum</span> <span class='ocrx_word' id='word_1_111' title='bbox 458 1741 620 1792; x_wconf 78' lang='lat' dir='ltr'>glorias</span> <span class='ocrx_word' id='word_1_112' title='bbox 654 1742 710 1784; x_wconf 90' lang='lat' dir='ltr'>ad</span> <span class='ocrx_word' id='word_1_113' title='bbox 737 1742 824 1784; x_wconf 93' lang='lat' dir='ltr'>hoc</span> <span class='ocrx_word' id='word_1_114' title='bbox 853 1743 1002 1785; x_wconf 85' lang='lat' dir='ltr'>divino</span> 
     </span>
     <span class='ocr_line' id='line_1_27' title="bbox 172 1793 1002 1852; baseline 0.006 -14"><span class='ocrx_word' id='word_1_115' title='bbox 172 1813 173 1816; x_wconf 43' lang='lat'>¹</span> <span class='ocrx_word' id='word_1_116' title='bbox 200 1793 295 1821; x_wconf 45' lang='grc' dir='ltr'>-Ψ</span> <span class='ocrx_word' id='word_1_117' title='bbox 330 1798 515 1840; x_wconf 84' lang='lat' dir='ltr'>consilio</span> <span class='ocrx_word' id='word_1_118' title='bbox 545 1811 571 1839; x_wconf 90' lang='lat' dir='ltr'>a</span> <span class='ocrx_word' id='word_1_119' title='bbox 598 1799 682 1840; x_wconf 93' lang='lat' dir='ltr'>Dei</span> <span class='ocrx_word' id='word_1_120' title='bbox 710 1800 887 1852; x_wconf 83' lang='lat' dir='ltr'>pepulis</span> <span class='ocrx_word' id='word_1_121' title='bbox 920 1801 1002 1843; x_wconf 88' lang='lat' dir='ltr'>fre-</span> 
     </span>
     <span class='ocr_line' id='line_1_28' title="bbox 168 1855 1003 1907; baseline 0.004 -11"><span class='ocrx_word' id='word_1_122' title='bbox 168 1856 384 1907; x_wconf 79' lang='lat' dir='ltr'>quentari,</span> <span class='ocrx_word' id='word_1_123' title='bbox 412 1861 462 1897; x_wconf 92' lang='lat' dir='ltr'>ut</span> <span class='ocrx_word' id='word_1_124' title='bbox 486 1859 531 1896; x_wconf 92' lang='lat' dir='ltr'>et</span> <span class='ocrx_word' id='word_1_125' title='bbox 555 1855 641 1896; x_wconf 89' lang='lat' dir='ltr'>illis</span> <span class='ocrx_word' id='word_1_126' title='bbox 661 1855 837 1898; x_wconf 86' lang='lat' dir='ltr'>debitus</span> <span class='ocrx_word' id='word_1_127' title='bbox 860 1857 1003 1899; x_wconf 92' lang='lat' dir='ltr'>honor</span> 
     </span>
     <span class='ocr_line' id='line_1_29' title="bbox 167 1911 1002 1968; baseline 0.005 -16"><span class='ocrx_word' id='word_1_128' title='bbox 167 1911 353 1962; x_wconf 79' lang='lat' dir='ltr'>dicetur,</span> <span class='ocrx_word' id='word_1_129' title='bbox 382 1917 426 1954; x_wconf 88' lang='lat' dir='ltr'>et</span> <span class='ocrx_word' id='word_1_130' title='bbox 445 1911 573 1953; x_wconf 86' lang='lat' dir='ltr'>nobis</span> <span class='ocrx_word' id='word_1_131' title='bbox 593 1912 767 1954; x_wconf 79' lang='lat' dir='ltr'>virtutis</span> <span class='ocrx_word' id='word_1_132' title='bbox 790 1914 1002 1968; x_wconf 81' lang='lat' dir='ltr'>exempla,</span> 
     </span>
     <span class='ocr_line' id='line_1_30' title="bbox 167 1967 1004 2019; baseline 0.006 -10"><span class='ocrx_word' id='word_1_133' title='bbox 167 1967 341 2011; x_wconf 88' lang='lat' dir='ltr'>favente</span> <span class='ocrx_word' id='word_1_134' title='bbox 370 1968 562 2019; x_wconf 88' lang='lat' dir='ltr'>Christo,</span> <span class='ocrx_word' id='word_1_135' title='bbox 599 1971 914 2012; x_wconf 88' lang='lat' dir='ltr'>monstrentur:</span> <span class='ocrx_word' id='word_1_136' title='bbox 954 1976 1004 2014; x_wconf 91' lang='lat' dir='ltr'>ut</span> 
     </span>
     <span class='ocr_line' id='line_1_31' title="bbox 167 2024 1002 2080; baseline 0.005 -15"><span class='ocrx_word' id='word_1_137' title='bbox 167 2024 272 2066; x_wconf 93' lang='lat' dir='ltr'>dum</span> <span class='ocrx_word' id='word_1_138' title='bbox 287 2026 384 2067; x_wconf 87' lang='lat' dir='ltr'>haec</span> <span class='ocrx_word' id='word_1_139' title='bbox 398 2026 459 2068; x_wconf 90' lang='lat' dir='ltr'>ita</span> <span class='ocrx_word' id='word_1_140' title='bbox 473 2025 688 2068; x_wconf 75' lang='lat' dir='ltr'>celebrari</span> <span class='ocrx_word' id='word_1_141' title='bbox 700 2027 1002 2080; x_wconf 84' lang='lat' dir='ltr'>perspicimus,</span> 
     </span>
     <span class='ocr_line' id='line_1_32' title="bbox 168 2084 1003 2135; baseline 0.005 -13"><span class='ocrx_word' id='word_1_142' title='bbox 168 2084 488 2132; x_wconf 82' lang='lat' dir='ltr'>cognoscamus</span> <span class='ocrx_word' id='word_1_143' title='bbox 533 2088 695 2135; x_wconf 88' lang='lat' dir='ltr'>quanta</span> <span class='ocrx_word' id='word_1_144' title='bbox 739 2096 818 2125; x_wconf 90' lang='lat' dir='ltr'>eos</span> <span class='ocrx_word' id='word_1_145' title='bbox 862 2084 1003 2135; x_wconf 81' lang='lat' dir='ltr'>gloria</span> 
     </span>
     <span class='ocr_line' id='line_1_33' title="bbox 167 2139 1003 2192; baseline 0.005 -13"><span class='ocrx_word' id='word_1_146' title='bbox 167 2140 343 2181; x_wconf 79' lang='lat' dir='ltr'>maneat</span> <span class='ocrx_word' id='word_1_147' title='bbox 361 2139 406 2180; x_wconf 90' lang='lat' dir='ltr'>in</span> <span class='ocrx_word' id='word_1_148' title='bbox 426 2139 566 2189; x_wconf 85' lang='lat' dir='ltr'>coelis,</span> <span class='ocrx_word' id='word_1_149' title='bbox 596 2152 784 2192; x_wconf 93' lang='lat' dir='ltr'>quorum</span> <span class='ocrx_word' id='word_1_150' title='bbox 806 2140 1003 2183; x_wconf 84' lang='lat' dir='ltr'>natalitia</span> 
     </span>
     <span class='ocr_line' id='line_1_34' title="bbox 167 2194 1002 2250; baseline 0.006 -15"><span class='ocrx_word' id='word_1_151' title='bbox 167 2194 314 2236; x_wconf 79' lang='lat' dir='ltr'>taliter</span> <span class='ocrx_word' id='word_1_152' title='bbox 347 2195 627 2238; x_wconf 84' lang='lat' dir='ltr'>celebrantur</span> <span class='ocrx_word' id='word_1_153' title='bbox 658 2196 703 2237; x_wconf 94' lang='lat' dir='ltr'>in</span> <span class='ocrx_word' id='word_1_154' title='bbox 731 2197 879 2238; x_wconf 87' lang='lat' dir='ltr'>terris:</span> <span class='ocrx_word' id='word_1_155' title='bbox 915 2211 1002 2250; x_wconf 94' lang='lat' dir='ltr'>quo</span> 
     </span>
     <span class='ocr_line' id='line_1_35' title="bbox 168 2253 1002 2307; baseline 0.006 -15"><span class='ocrx_word' id='word_1_156' title='bbox 168 2254 390 2302; x_wconf 86' lang='lat' dir='ltr'>possimus</span> <span class='ocrx_word' id='word_1_157' title='bbox 410 2253 541 2294; x_wconf 90' lang='lat' dir='ltr'>etiam</span> <span class='ocrx_word' id='word_1_158' title='bbox 560 2253 645 2306; x_wconf 89' lang='lat' dir='ltr'>ipsi</span> <span class='ocrx_word' id='word_1_159' title='bbox 661 2253 825 2295; x_wconf 84' lang='lat' dir='ltr'>talibus</span> <span class='ocrx_word' id='word_1_160' title='bbox 843 2268 1002 2307; x_wconf 84' lang='lat' dir='ltr'>provo-</span> 
     </span>
     <span class='ocr_line' id='line_1_36' title="bbox 170 2307 1003 2365; baseline 0.006 -17"><span class='ocrx_word' id='word_1_161' title='bbox 170 2307 261 2348; x_wconf 78' lang='lat' dir='ltr'>cari</span> <span class='ocrx_word' id='word_1_162' title='bbox 285 2309 514 2361; x_wconf 84' lang='lat' dir='ltr'>exemplis,</span> <span class='ocrx_word' id='word_1_163' title='bbox 543 2310 704 2352; x_wconf 80' lang='lat' dir='ltr'>virtute</span> <span class='ocrx_word' id='word_1_164' title='bbox 728 2311 841 2365; x_wconf 85' lang='lat' dir='ltr'>pari,</span> <span class='ocrx_word' id='word_1_165' title='bbox 871 2311 1003 2365; x_wconf 85' lang='lat' dir='ltr'>devo-</span> 
     </span>
     <span class='ocr_line' id='line_1_37' title="bbox 169 2363 1003 2410; baseline 0.007 -6"><span class='ocrx_word' id='word_1_166' title='bbox 169 2363 288 2405; x_wconf 76' lang='lat' dir='ltr'>tione</span> <span class='ocrx_word' id='word_1_167' title='bbox 312 2366 528 2407; x_wconf 84' lang='lat' dir='ltr'>consimili</span> <span class='ocrx_word' id='word_1_168' title='bbox 551 2379 603 2408; x_wconf 90' lang='lat' dir='ltr'>ac</span> <span class='ocrx_word' id='word_1_169' title='bbox 628 2366 732 2409; x_wconf 86' lang='lat' dir='ltr'>fide:</span> <span class='ocrx_word' id='word_1_170' title='bbox 759 2372 808 2409; x_wconf 89' lang='lat' dir='ltr'>ut</span> <span class='ocrx_word' id='word_1_171' title='bbox 827 2368 1003 2410; x_wconf 91' lang='lat' dir='ltr'>Christo</span> 
     </span>
     <span class='ocr_line' id='line_1_38' title="bbox 170 2422 1003 2472; baseline 0.007 -12"><span class='ocrx_word' id='word_1_172' title='bbox 170 2423 430 2472; x_wconf 60' lang='lat' dir='ltr'>praestante,</span> <span class='ocrx_word' id='word_1_173' title='bbox 484 2422 693 2465; x_wconf 80' lang='lat' dir='ltr'>dimicare</span> <span class='ocrx_word' id='word_1_174' title='bbox 737 2429 782 2466; x_wconf 89' lang='lat' dir='ltr'>et</span> <span class='ocrx_word' id='word_1_175' title='bbox 827 2427 1003 2467; x_wconf 82' lang='lat' dir='ltr'>vincere</span> 
     </span>
     <span class='ocr_line' id='line_1_39' title="bbox 169 2477 1003 2533; baseline 0.006 -15"><span class='ocrx_word' id='word_1_176' title='bbox 169 2477 344 2519; x_wconf 82' lang='lat' dir='ltr'>hostem</span> <span class='ocrx_word' id='word_1_177' title='bbox 358 2481 593 2530; x_wconf 85' lang='lat' dir='ltr'>possimus:</span> <span class='ocrx_word' id='word_1_178' title='bbox 608 2485 656 2522; x_wconf 93' lang='lat' dir='ltr'>ut</span> <span class='ocrx_word' id='word_1_179' title='bbox 670 2486 798 2533; x_wconf 89' lang='lat' dir='ltr'>parta</span> <span class='ocrx_word' id='word_1_180' title='bbox 808 2481 1003 2531; x_wconf 80' lang='lat' dir='ltr'>victoria,</span> 
     </span>
     <span class='ocr_line' id='line_1_40' title="bbox 170 2533 1003 2588; baseline 0.006 -14"><span class='ocrx_word' id='word_1_181' title='bbox 170 2547 269 2575; x_wconf 90' lang='lat' dir='ltr'>cum</span> <span class='ocrx_word' id='word_1_182' title='bbox 288 2533 445 2575; x_wconf 84' lang='lat' dir='ltr'>iisdem</span> <span class='ocrx_word' id='word_1_183' title='bbox 465 2537 627 2578; x_wconf 89' lang='lat' dir='ltr'>sanctis</span> <span class='ocrx_word' id='word_1_184' title='bbox 646 2537 689 2577; x_wconf 93' lang='lat' dir='ltr'>in</span> <span class='ocrx_word' id='word_1_185' title='bbox 709 2538 855 2588; x_wconf 86' lang='lat' dir='ltr'>regnis</span> <span class='ocrx_word' id='word_1_186' title='bbox 875 2538 1003 2579; x_wconf 85' lang='lat' dir='ltr'>coele-</span> 
     </span>
    </p>

    <p class='ocr_par' dir='ltr' id='par_1_12' title="bbox 170 2590 1004 2761">
     <span class='ocr_line' id='line_1_41' title="bbox 170 2590 659 2643; baseline 0.006 -12"><span class='ocrx_word' id='word_1_187' title='bbox 170 2590 310 2632; x_wconf 89' lang='lat' dir='ltr'>stibus</span> <span class='ocrx_word' id='word_1_188' title='bbox 329 2590 659 2643; x_wconf 82' lang='lat' dir='ltr'>triumphemus.</span> 
     </span>
     <span class='ocr_line' id='line_1_42' title="bbox 224 2647 1004 2699; baseline 0.008 -13"><span class='ocrx_word' id='word_1_189' title='bbox 224 2647 273 2699; x_wconf 62' lang='lat' dir='ltr'>R.</span> <span class='ocrx_word' id='word_1_190' title='bbox 310 2647 457 2688; x_wconf 88' lang='lat' dir='ltr'>Sancti</span> <span class='ocrx_word' id='word_1_191' title='bbox 489 2648 553 2689; x_wconf 91' lang='lat' dir='ltr'>tui</span> <span class='ocrx_word' id='word_1_192' title='bbox 582 2649 770 2692; x_wconf 81' lang='lat' dir='ltr'>Demine</span> <span class='ocrx_word' id='word_1_193' title='bbox 804 2650 1004 2692; x_wconf 77' lang='lat' dir='ltr'>mirabile</span> 
     </span>
     <span class='ocr_line' id='line_1_43' title="bbox 171 2704 1003 2761; baseline 0.002 -15"><span class='ocrx_word' id='word_1_194' title='bbox 171 2704 397 2747; x_wconf 81' lang='lat' dir='ltr'>consecuti</span> <span class='ocrx_word' id='word_1_195' title='bbox 413 2709 514 2747; x_wconf 88' lang='lat' dir='ltr'>sunt</span> <span class='ocrx_word' id='word_1_196' title='bbox 528 2705 621 2755; x_wconf 87' lang='lat' dir='ltr'>iter,</span> <span class='ocrx_word' id='word_1_197' title='bbox 637 2707 879 2749; x_wconf 80' lang='lat' dir='ltr'>servientes</span> <span class='ocrx_word' id='word_1_198' title='bbox 894 2720 1003 2761; x_wconf 84' lang='lat' dir='ltr'>prae-</span> 
     </span>
    </p>
   </div>
   <div class='ocr_carea' id='block_1_9' title="bbox 192 1700 196 1715">
    <p class='ocr_par' dir='ltr' id='par_1_13' title="bbox 192 1700 196 1715">
     <span class='ocr_line' id='line_1_44' title="bbox 192 1700 196 1715; baseline 0 0"><span class='ocrx_word' id='word_1_199' title='bbox 192 1700 196 1715; x_wconf 71' lang='lat' dir='ltr'>t</span> 
     </span>
    </p>
   </div>
   <div class='ocr_carea' id='block_1_10' title="bbox 659 183 1397 227">
    <p class='ocr_par' dir='ltr' id='par_1_14' title="bbox 659 183 1397 227">
     <span class='ocr_line' id='line_1_45' title="bbox 659 183 1397 227; baseline -0.001 -9"><span class='ocrx_word' id='word_1_200' title='bbox 659 186 870 219; x_wconf 75' lang='lat' dir='ltr'>Commune</span> <span class='ocrx_word' id='word_1_201' title='bbox 897 184 1151 227; x_wconf 90' lang='lat' dir='ltr'>plurimorum</span> <span class='ocrx_word' id='word_1_202' title='bbox 1174 183 1397 227; x_wconf 74' lang='lat' dir='ltr'>Martyrum.</span> 
     </span>
    </p>
   </div>
   <div class='ocr_carea' id='block_1_11' title="bbox 1055 274 1897 2759">
    <p class='ocr_par' dir='ltr' id='par_1_15' title="bbox 1058 274 1894 678">
     <span class='ocr_line' id='line_1_46' title="bbox 1059 274 1894 327; baseline 0.004 -11"><span class='ocrx_word' id='word_1_203' title='bbox 1059 274 1199 327; x_wconf 80' lang='lat' dir='ltr'>ceptis</span> <span class='ocrx_word' id='word_1_204' title='bbox 1226 274 1329 324; x_wconf 80' lang='lat' dir='ltr'>tuiS‚</span> <span class='ocrx_word' id='word_1_205' title='bbox 1365 279 1415 317; x_wconf 90' lang='lat' dir='ltr'>ut</span> <span class='ocrx_word' id='word_1_206' title='bbox 1442 275 1739 319; x_wconf 88' lang='lat' dir='ltr'>invenirentur</span> <span class='ocrx_word' id='word_1_207' title='bbox 1767 277 1894 319; x_wconf 80' lang='lat' dir='ltr'>illaesi</span> 
     </span>
     <span class='ocr_line' id='line_1_47' title="bbox 1058 330 1894 387; baseline 0.006 -16"><span class='ocrx_word' id='word_1_208' title='bbox 1058 331 1101 371; x_wconf 95' lang='lat' dir='ltr'>in</span> <span class='ocrx_word' id='word_1_209' title='bbox 1129 331 1254 383; x_wconf 91' lang='lat' dir='ltr'>aquis</span> <span class='ocrx_word' id='word_1_210' title='bbox 1277 330 1451 372; x_wconf 84' lang='lat' dir='ltr'>validis:</span> <span class='ocrx_word' id='word_1_211' title='bbox 1475 337 1499 362; x_wconf 85' lang='lat'>*</span> <span class='ocrx_word' id='word_1_212' title='bbox 1524 332 1664 375; x_wconf 87' lang='lat' dir='ltr'>Terra</span> <span class='ocrx_word' id='word_1_213' title='bbox 1689 334 1894 387; x_wconf 79' lang='lat' dir='ltr'>apparuit</span> 
     </span>
     <span class='ocr_line' id='line_1_48' title="bbox 1059 387 1893 432; baseline 0.005 -4"><span class='ocrx_word' id='word_1_214' title='bbox 1059 387 1197 429; x_wconf 79' lang='lat' dir='ltr'>arida:</span> <span class='ocrx_word' id='word_1_215' title='bbox 1233 392 1277 429; x_wconf 93' lang='lat' dir='ltr'>et</span> <span class='ocrx_word' id='word_1_216' title='bbox 1307 387 1352 428; x_wconf 91' lang='lat' dir='ltr'>in</span> <span class='ocrx_word' id='word_1_217' title='bbox 1383 388 1495 429; x_wconf 91' lang='lat' dir='ltr'>Mari</span> <span class='ocrx_word' id='word_1_218' title='bbox 1526 388 1661 431; x_wconf 90' lang='lat' dir='ltr'>rubro</span> <span class='ocrx_word' id='word_1_219' title='bbox 1695 390 1766 432; x_wconf 83' lang='lat' dir='ltr'>via</span> <span class='ocrx_word' id='word_1_220' title='bbox 1800 390 1893 432; x_wconf 89' lang='lat' dir='ltr'>sine</span> 
     </span>
     <span class='ocr_line' id='line_1_49' title="bbox 1059 443 1893 499; baseline 0.005 -15"><span class='ocrx_word' id='word_1_221' title='bbox 1059 443 1387 496; x_wconf 89' lang='lat' dir='ltr'>impedimento.</span> <span class='ocrx_word' id='word_1_222' title='bbox 1409 445 1457 497; x_wconf 58' lang='lat' dir='ltr'>Y.</span> <span class='ocrx_word' id='word_1_223' title='bbox 1481 445 1697 495; x_wconf 82' lang='lat' dir='ltr'>Queniam</span> <span class='ocrx_word' id='word_1_224' title='bbox 1714 450 1893 499; x_wconf 77' lang='lat' dir='ltr'>percus-</span> 
     </span>
     <span class='ocr_line' id='line_1_50' title="bbox 1059 501 1894 555; baseline 0.006 -14"><span class='ocrx_word' id='word_1_225' title='bbox 1059 501 1115 543; x_wconf 87' lang='lat' dir='ltr'>sit</span> <span class='ocrx_word' id='word_1_226' title='bbox 1139 507 1327 554; x_wconf 87' lang='lat' dir='ltr'>petram,</span> <span class='ocrx_word' id='word_1_227' title='bbox 1362 507 1405 543; x_wconf 93' lang='lat' dir='ltr'>et</span> <span class='ocrx_word' id='word_1_228' title='bbox 1430 501 1650 545; x_wconf 80' lang='lat' dir='ltr'>fluxerunt</span> <span class='ocrx_word' id='word_1_229' title='bbox 1673 516 1818 555; x_wconf 83' lang='lat' dir='ltr'>aquae,</span> <span class='ocrx_word' id='word_1_230' title='bbox 1850 509 1894 546; x_wconf 88' lang='lat' dir='ltr'>et</span> 
     </span>
     <span class='ocr_line' id='line_1_51' title="bbox 1058 558 1808 602; baseline 0.003 -3"><span class='ocrx_word' id='word_1_231' title='bbox 1058 560 1279 600; x_wconf 89' lang='lat' dir='ltr'>torrentes</span> <span class='ocrx_word' id='word_1_232' title='bbox 1299 558 1630 601; x_wconf 87' lang='lat' dir='ltr'>inundaverunt.</span> <span class='ocrx_word' id='word_1_233' title='bbox 1659 559 1808 602; x_wconf 88' lang='lat' dir='ltr'>Terra.</span> 
     </span>
     <span class='ocr_line' id='line_1_52' title="bbox 1366 637 1578 678; baseline -0.009 0"><span class='ocrx_word' id='word_1_234' title='bbox 1366 637 1520 678; x_wconf 88' lang='lat' dir='ltr'>Lectio</span> <span class='ocrx_word' id='word_1_235' title='bbox 1542 651 1578 676; x_wconf 82' lang='lat' dir='ltr'>v.</span> 
     </span>
    </p>

    <p class='ocr_par' dir='ltr' id='par_1_16' title="bbox 1145 697 1894 749">
     <span class='ocr_line' id='line_1_53' title="bbox 1145 697 1894 749; baseline 0.003 -11"><span class='ocrx_word' id='word_1_236' title='bbox 1145 697 1212 738; x_wconf 92' lang='lat' dir='ltr'>uis</span> <span class='ocrx_word' id='word_1_237' title='bbox 1232 701 1300 738; x_wconf 88' lang='lat' dir='ltr'>est</span> <span class='ocrx_word' id='word_1_238' title='bbox 1319 697 1444 746; x_wconf 86' lang='lat' dir='ltr'>enim,</span> <span class='ocrx_word' id='word_1_239' title='bbox 1475 697 1549 749; x_wconf 94' lang='lat' dir='ltr'>qui</span> <span class='ocrx_word' id='word_1_240' title='bbox 1569 699 1722 739; x_wconf 78' lang='lat' dir='ltr'>eorum</span> <span class='ocrx_word' id='word_1_241' title='bbox 1741 698 1894 740; x_wconf 88' lang='lat' dir='ltr'>volens</span> 
     </span>
    </p>

    <p class='ocr_par' dir='ltr' id='par_1_17' title="bbox 1056 753 1897 1475">
     <span class='ocr_line' id='line_1_54' title="bbox 1153 753 1894 807; baseline 0.004 -14"><span class='ocrx_word' id='word_1_242' title='bbox 1153 753 1311 795; x_wconf 90' lang='lat' dir='ltr'>merito</span> <span class='ocrx_word' id='word_1_243' title='bbox 1328 753 1542 805; x_wconf 83' lang='lat' dir='ltr'>copulari;</span> <span class='ocrx_word' id='word_1_244' title='bbox 1559 754 1643 795; x_wconf 91' lang='lat' dir='ltr'>nisi</span> <span class='ocrx_word' id='word_1_245' title='bbox 1657 755 1779 807; x_wconf 92' lang='lat' dir='ltr'>prius</span> <span class='ocrx_word' id='word_1_246' title='bbox 1794 768 1894 796; x_wconf 92' lang='lat' dir='ltr'>con·</span> 
     </span>
     <span class='ocr_line' id='line_1_55' title="bbox 1059 809 1895 861; baseline 0.005 -11"><span class='ocrx_word' id='word_1_247' title='bbox 1059 809 1265 851; x_wconf 85' lang='lat' dir='ltr'>stantiam</span> <span class='ocrx_word' id='word_1_248' title='bbox 1303 811 1455 851; x_wconf 85' lang='lat' dir='ltr'>eorum</span> <span class='ocrx_word' id='word_1_249' title='bbox 1491 812 1658 861; x_wconf 83' lang='lat' dir='ltr'>teneat,</span> <span class='ocrx_word' id='word_1_250' title='bbox 1702 813 1895 854; x_wconf 90' lang='lat' dir='ltr'>sectetur</span> 
     </span>
     <span class='ocr_line' id='line_1_56' title="bbox 1059 865 1896 920; baseline 0.004 -14"><span class='ocrx_word' id='word_1_251' title='bbox 1059 865 1204 915; x_wconf 89' lang='lat' dir='ltr'>fidem,</span> <span class='ocrx_word' id='word_1_252' title='bbox 1222 866 1416 908; x_wconf 90' lang='lat' dir='ltr'>imitetur</span> <span class='ocrx_word' id='word_1_253' title='bbox 1434 866 1642 909; x_wconf 83' lang='lat' dir='ltr'>virtutem</span> <span class='ocrx_word' id='word_1_254' title='bbox 1661 868 1896 920; x_wconf 81' lang='lat' dir='ltr'>passienis3</span> 
     </span>
     <span class='ocr_line' id='line_1_57' title="bbox 1060 922 1896 976; baseline 0.004 -13"><span class='ocrx_word' id='word_1_255' title='bbox 1060 924 1212 964; x_wconf 81' lang='lat' dir='ltr'>eorum</span> <span class='ocrx_word' id='word_1_256' title='bbox 1233 922 1419 974; x_wconf 78' lang='lat' dir='ltr'>gloriam</span> <span class='ocrx_word' id='word_1_257' title='bbox 1442 922 1624 976; x_wconf 76' lang='lat' dir='ltr'>paribus</span> <span class='ocrx_word' id='word_1_258' title='bbox 1643 924 1747 966; x_wconf 88' lang='lat' dir='ltr'>vitae</span> <span class='ocrx_word' id='word_1_259' title='bbox 1765 924 1896 966; x_wconf 88' lang='lat' dir='ltr'>linea·</span> 
     </span>
     <span class='ocr_line' id='line_1_58' title="bbox 1058 979 1896 1033; baseline 0.002 -13"><span class='ocrx_word' id='word_1_260' title='bbox 1058 979 1217 1021; x_wconf 90' lang='lat' dir='ltr'>mentis</span> <span class='ocrx_word' id='word_1_261' title='bbox 1242 984 1317 1021; x_wconf 89' lang='lat' dir='ltr'>aut</span> <span class='ocrx_word' id='word_1_262' title='bbox 1340 979 1542 1030; x_wconf 86' lang='lat' dir='ltr'>inveniat,</span> <span class='ocrx_word' id='word_1_263' title='bbox 1571 985 1647 1022; x_wconf 91' lang='lat' dir='ltr'>aut</span> <span class='ocrx_word' id='word_1_264' title='bbox 1670 980 1896 1033; x_wconf 85' lang='lat' dir='ltr'>exquirat?</span> 
     </span>
     <span class='ocr_line' id='line_1_59' title="bbox 1059 1036 1897 1089; baseline 0.004 -12"><span class='ocrx_word' id='word_1_265' title='bbox 1059 1036 1143 1086; x_wconf 88' lang='lat' dir='ltr'>Qui</span> <span class='ocrx_word' id='word_1_266' title='bbox 1181 1036 1262 1078; x_wconf 90' lang='lat' dir='ltr'>etsi</span> <span class='ocrx_word' id='word_1_267' title='bbox 1303 1036 1515 1088; x_wconf 72' lang='lat' dir='ltr'>martyrio</span> <span class='ocrx_word' id='word_1_268' title='bbox 1555 1050 1636 1089; x_wconf 89' lang='lat' dir='ltr'>par</span> <span class='ocrx_word' id='word_1_269' title='bbox 1673 1050 1772 1080; x_wconf 88' lang='lat' dir='ltr'>esse</span> <span class='ocrx_word' id='word_1_270' title='bbox 1807 1051 1897 1080; x_wconf 90' lang='lat' dir='ltr'>non</span> 
     </span>
     <span class='ocr_line' id='line_1_60' title="bbox 1057 1092 1896 1146; baseline 0.005 -13"><span class='ocrx_word' id='word_1_271' title='bbox 1057 1092 1216 1145; x_wconf 87' lang='lat' dir='ltr'>possit:</span> <span class='ocrx_word' id='word_1_272' title='bbox 1246 1098 1393 1134; x_wconf 86' lang='lat' dir='ltr'>tamen</span> <span class='ocrx_word' id='word_1_273' title='bbox 1417 1093 1612 1135; x_wconf 79' lang='lat' dir='ltr'>muneris</span> <span class='ocrx_word' id='word_1_274' title='bbox 1631 1094 1742 1136; x_wconf 90' lang='lat' dir='ltr'>tanti</span> <span class='ocrx_word' id='word_1_275' title='bbox 1761 1093 1896 1146; x_wconf 87' lang='lat' dir='ltr'>digni-</span> 
     </span>
     <span class='ocr_line' id='line_1_61' title="bbox 1057 1149 1894 1202; baseline 0.004 -12"><span class='ocrx_word' id='word_1_276' title='bbox 1057 1151 1148 1191; x_wconf 81' lang='lat' dir='ltr'>tate</span> <span class='ocrx_word' id='word_1_277' title='bbox 1176 1162 1224 1191; x_wconf 88' lang='lat' dir='ltr'>se</span> <span class='ocrx_word' id='word_1_278' title='bbox 1254 1149 1440 1202; x_wconf 85' lang='lat' dir='ltr'>quisque</span> <span class='ocrx_word' id='word_1_279' title='bbox 1471 1149 1600 1192; x_wconf 90' lang='lat' dir='ltr'>bonis</span> <span class='ocrx_word' id='word_1_280' title='bbox 1628 1149 1799 1193; x_wconf 79' lang='lat' dir='ltr'>actibus</span> <span class='ocrx_word' id='word_1_281' title='bbox 1833 1150 1894 1193; x_wconf 91' lang='lat' dir='ltr'>di-</span> 
     </span>
     <span class='ocr_line' id='line_1_62' title="bbox 1057 1205 1894 1258; baseline 0.004 -12"><span class='ocrx_word' id='word_1_282' title='bbox 1057 1219 1191 1257; x_wconf 85' lang='lat' dir='ltr'>gnum</span> <span class='ocrx_word' id='word_1_283' title='bbox 1223 1205 1433 1258; x_wconf 82' lang='lat' dir='ltr'>praebeat.</span> <span class='ocrx_word' id='word_1_284' title='bbox 1487 1206 1631 1249; x_wconf 91' lang='lat' dir='ltr'>Adest</span> <span class='ocrx_word' id='word_1_285' title='bbox 1663 1207 1779 1249; x_wconf 91' lang='lat' dir='ltr'>enim</span> <span class='ocrx_word' id='word_1_286' title='bbox 1811 1207 1894 1249; x_wconf 86' lang='lat' dir='ltr'>cle-</span> 
     </span>
     <span class='ocr_line' id='line_1_63' title="bbox 1057 1262 1893 1316; baseline 0.002 -13"><span class='ocrx_word' id='word_1_287' title='bbox 1057 1263 1353 1304; x_wconf 84' lang='lat' dir='ltr'>mentissimus</span> <span class='ocrx_word' id='word_1_288' title='bbox 1376 1262 1514 1313; x_wconf 86' lang='lat' dir='ltr'>Deus,</span> <span class='ocrx_word' id='word_1_289' title='bbox 1550 1263 1624 1316; x_wconf 92' lang='lat' dir='ltr'>qui</span> <span class='ocrx_word' id='word_1_290' title='bbox 1643 1263 1893 1306; x_wconf 77' lang='lat' dir='ltr'>desideran-</span> 
     </span>
     <span class='ocr_line' id='line_1_64' title="bbox 1056 1319 1893 1373; baseline 0.004 -13"><span class='ocrx_word' id='word_1_291' title='bbox 1056 1319 1174 1360; x_wconf 92' lang='lat' dir='ltr'>tibus</span> <span class='ocrx_word' id='word_1_292' title='bbox 1199 1319 1288 1360; x_wconf 91' lang='lat' dir='ltr'>suis</span> <span class='ocrx_word' id='word_1_293' title='bbox 1313 1324 1388 1361; x_wconf 92' lang='lat' dir='ltr'>aut</span> <span class='ocrx_word' id='word_1_294' title='bbox 1406 1320 1665 1372; x_wconf 71' lang='lat' dir='ltr'>martyrium</span> <span class='ocrx_word' id='word_1_295' title='bbox 1683 1319 1893 1373; x_wconf 77' lang='lat' dir='ltr'>praebeat,</span> 
     </span>
     <span class='ocr_line' id='line_1_65' title="bbox 1057 1376 1893 1430; baseline 0.002 -13"><span class='ocrx_word' id='word_1_296' title='bbox 1057 1380 1132 1418; x_wconf 86' lang='lat' dir='ltr'>aut</span> <span class='ocrx_word' id='word_1_297' title='bbox 1149 1376 1242 1418; x_wconf 91' lang='lat' dir='ltr'>sine</span> <span class='ocrx_word' id='word_1_298' title='bbox 1261 1377 1473 1428; x_wconf 72' lang='lat' dir='ltr'>martyrio</span> <span class='ocrx_word' id='word_1_299' title='bbox 1490 1389 1591 1418; x_wconf 93' lang='lat' dir='ltr'>cum</span> <span class='ocrx_word' id='word_1_300' title='bbox 1605 1377 1768 1419; x_wconf 88' lang='lat' dir='ltr'>sanctis</span> <span class='ocrx_word' id='word_1_301' title='bbox 1781 1379 1893 1430; x_wconf 80' lang='lat' dir='ltr'>pra&#39;e-</span> 
     </span>
     <span class='ocr_line' id='line_1_66' title="bbox 1056 1431 1553 1475; baseline 0.004 -2"><span class='ocrx_word' id='word_1_302' title='bbox 1056 1432 1142 1474; x_wconf 92' lang='lat' dir='ltr'>mia</span> <span class='ocrx_word' id='word_1_303' title='bbox 1163 1431 1310 1474; x_wconf 84' lang='lat' dir='ltr'>divina</span> <span class='ocrx_word' id='word_1_304' title='bbox 1328 1432 1553 1475; x_wconf 84' lang='lat' dir='ltr'>retribuat.</span> 
     </span>
    </p>

    <p class='ocr_par' dir='ltr' id='par_1_18' title="bbox 1056 1493 1893 1829">
     <span class='ocr_line' id='line_1_67' title="bbox 1111 1493 1889 1549; baseline 0 -13"><span class='ocrx_word' id='word_1_305' title='bbox 1111 1498 1162 1549; x_wconf 54' lang='grc' dir='ltr'>Ην.</span> <span class='ocrx_word' id='word_1_306' title='bbox 1175 1493 1377 1535; x_wconf 89' lang='lat' dir='ltr'>Verbera</span> <span class='ocrx_word' id='word_1_307' title='bbox 1392 1494 1646 1535; x_wconf 86' lang='lat' dir='ltr'>carnificum</span> <span class='ocrx_word' id='word_1_308' title='bbox 1661 1507 1750 1536; x_wconf 93' lang='lat' dir='ltr'>non</span> <span class='ocrx_word' id='word_1_309' title='bbox 1764 1493 1889 1536; x_wconf 87' lang='lat' dir='ltr'>timu-</span> 
     </span>
     <span class='ocr_line' id='line_1_68' title="bbox 1056 1550 1892 1604; baseline 0.002 -13"><span class='ocrx_word' id='word_1_310' title='bbox 1056 1551 1183 1592; x_wconf 90' lang='lat' dir='ltr'>erunt</span> <span class='ocrx_word' id='word_1_311' title='bbox 1218 1550 1358 1592; x_wconf 89' lang='lat' dir='ltr'>sancti</span> <span class='ocrx_word' id='word_1_312' title='bbox 1393 1550 1492 1601; x_wconf 90' lang='lat' dir='ltr'>Dei,</span> <span class='ocrx_word' id='word_1_313' title='bbox 1533 1550 1772 1592; x_wconf 88' lang='lat' dir='ltr'>morientes</span> <span class='ocrx_word' id='word_1_314' title='bbox 1808 1564 1892 1604; x_wconf 92' lang='lat' dir='ltr'>pro</span> 
     </span>
     <span class='ocr_line' id='line_1_69' title="bbox 1057 1606 1892 1649; baseline 0.002 -2"><span class='ocrx_word' id='word_1_315' title='bbox 1057 1606 1218 1648; x_wconf 90' lang='lat' dir='ltr'>Christi</span> <span class='ocrx_word' id='word_1_316' title='bbox 1238 1607 1433 1649; x_wconf 83' lang='lat' dir='ltr'>nemine:</span> <span class='ocrx_word' id='word_1_317' title='bbox 1463 1611 1486 1635; x_wconf 88' lang='lat'>*</span> <span class='ocrx_word' id='word_1_318' title='bbox 1512 1607 1573 1649; x_wconf 87' lang='lat' dir='ltr'>Ut</span> <span class='ocrx_word' id='word_1_319' title='bbox 1590 1606 1793 1649; x_wconf 87' lang='lat' dir='ltr'>haeredes</span> <span class='ocrx_word' id='word_1_320' title='bbox 1817 1607 1892 1649; x_wconf 81' lang='lat' dir='ltr'>fie-</span> 
     </span>
     <span class='ocr_line' id='line_1_70' title="bbox 1056 1661 1890 1714; baseline 0.002 -10"><span class='ocrx_word' id='word_1_321' title='bbox 1056 1668 1153 1705; x_wconf 92' lang='lat' dir='ltr'>rent</span> <span class='ocrx_word' id='word_1_322' title='bbox 1171 1663 1215 1704; x_wconf 91' lang='lat' dir='ltr'>in</span> <span class='ocrx_word' id='word_1_323' title='bbox 1235 1662 1369 1705; x_wconf 92' lang='lat' dir='ltr'>domo</span> <span class='ocrx_word' id='word_1_324' title='bbox 1388 1663 1578 1705; x_wconf 81' lang='lat' dir='ltr'>Demini.</span> <span class='ocrx_word' id='word_1_325' title='bbox 1610 1661 1660 1714; x_wconf 65' lang='lat' dir='ltr'>V.</span> <span class='ocrx_word' id='word_1_326' title='bbox 1679 1663 1890 1706; x_wconf 82' lang='lat' dir='ltr'>Tradide-</span> 
     </span>
     <span class='ocr_line' id='line_1_71' title="bbox 1056 1720 1893 1773; baseline 0.004 -13"><span class='ocrx_word' id='word_1_327' title='bbox 1056 1721 1362 1772; x_wconf 82' lang='lat' dir='ltr'>runt&#39;cerpora</span> <span class='ocrx_word' id='word_1_328' title='bbox 1380 1733 1459 1762; x_wconf 86' lang='lat' dir='ltr'>sua</span> <span class='ocrx_word' id='word_1_329' title='bbox 1475 1725 1660 1773; x_wconf 89' lang='lat' dir='ltr'>propter</span> <span class='ocrx_word' id='word_1_330' title='bbox 1674 1720 1819 1762; x_wconf 91' lang='lat' dir='ltr'>Deum</span> <span class='ocrx_word' id='word_1_331' title='bbox 1835 1720 1893 1763; x_wconf 81' lang='lat' dir='ltr'>ad</span> 
     </span>
     <span class='ocr_line' id='line_1_72' title="bbox 1056 1776 1381 1829; baseline -0.003 -11"><span class='ocrx_word' id='word_1_332' title='bbox 1056 1776 1283 1829; x_wconf 83' lang='lat' dir='ltr'>supplicia.</span> <span class='ocrx_word' id='word_1_333' title='bbox 1314 1777 1381 1819; x_wconf 89' lang='lat' dir='ltr'>Ut.</span> 
     </span>
    </p>

    <p class='ocr_par' dir='ltr' id='par_1_19' title="bbox 1362 1849 1587 1891">
     <span class='ocr_line' id='line_1_73' title="bbox 1362 1849 1587 1891; baseline 0 -2"><span class='ocrx_word' id='word_1_334' title='bbox 1362 1849 1515 1891; x_wconf 91' lang='lat' dir='ltr'>Lectio</span> <span class='ocrx_word' id='word_1_335' title='bbox 1534 1850 1587 1889; x_wconf 84' lang='lat' dir='ltr'>vi.</span> 
     </span>
    </p>

    <p class='ocr_par' dir='ltr' id='par_1_20' title="bbox 1146 1911 1891 1964">
     <span class='ocr_line' id='line_1_74' title="bbox 1146 1911 1891 1964; baseline 0.004 -13"><span class='ocrx_word' id='word_1_336' title='bbox 1146 1915 1165 1952; x_wconf 91' lang='lat' dir='ltr'>t</span> <span class='ocrx_word' id='word_1_337' title='bbox 1185 1911 1301 1952; x_wconf 91' lang='lat' dir='ltr'>enim</span> <span class='ocrx_word' id='word_1_338' title='bbox 1321 1911 1569 1953; x_wconf 83' lang='lat' dir='ltr'>infirmatur</span> <span class='ocrx_word' id='word_1_339' title='bbox 1587 1913 1800 1964; x_wconf 77' lang='lat' dir='ltr'>peccator</span> <span class='ocrx_word' id='word_1_340' title='bbox 1818 1911 1891 1954; x_wconf 88' lang='lat' dir='ltr'>ad-</span> 
     </span>
    </p>

    <p class='ocr_par' dir='ltr' id='par_1_21' title="bbox 1055 1967 1891 2698">
     <span class='ocr_line' id='line_1_75' title="bbox 1160 1967 1891 2020; baseline 0.003 -12"><span class='ocrx_word' id='word_1_341' title='bbox 1160 1967 1310 2017; x_wconf 90' lang='lat' dir='ltr'>versis,</span> <span class='ocrx_word' id='word_1_342' title='bbox 1338 1968 1401 2009; x_wconf 88' lang='lat' dir='ltr'>ita</span> <span class='ocrx_word' id='word_1_343' title='bbox 1418 1969 1557 2020; x_wconf 81' lang='lat' dir='ltr'>justus</span> <span class='ocrx_word' id='word_1_344' title='bbox 1575 1968 1891 2011; x_wconf 81' lang='lat' dir='ltr'>tentatienibus</span> 
     </span>
     <span class='ocr_line' id='line_1_76' title="bbox 1056 2023 1891 2068; baseline 0.002 -4"><span class='ocrx_word' id='word_1_345' title='bbox 1056 2023 1303 2066; x_wconf 67' lang='lat' dir='ltr'>roboretur.</span> <span class='ocrx_word' id='word_1_346' title='bbox 1348 2025 1420 2066; x_wconf 89' lang='lat' dir='ltr'>Sic</span> <span class='ocrx_word' id='word_1_347' title='bbox 1449 2024 1711 2068; x_wconf 81' lang='lat' dir='ltr'>dimicarunt</span> <span class='ocrx_word' id='word_1_348' title='bbox 1739 2025 1891 2068; x_wconf 91' lang='lat' dir='ltr'>adver-</span> 
     </span>
     <span class='ocr_line' id='line_1_77' title="bbox 1056 2081 1890 2133; baseline 0.002 -11"><span class='ocrx_word' id='word_1_349' title='bbox 1056 2093 1130 2122; x_wconf 89' lang='lat' dir='ltr'>sus</span> <span class='ocrx_word' id='word_1_350' title='bbox 1157 2083 1390 2133; x_wconf 81' lang='lat' dir='ltr'>peccatum</span> <span class='ocrx_word' id='word_1_351' title='bbox 1419 2082 1574 2123; x_wconf 88' lang='lat' dir='ltr'>sancti:</span> <span class='ocrx_word' id='word_1_352' title='bbox 1611 2082 1675 2123; x_wconf 92' lang='lat' dir='ltr'>sic</span> <span class='ocrx_word' id='word_1_353' title='bbox 1700 2086 1745 2124; x_wconf 90' lang='lat' dir='ltr'>et</span> <span class='ocrx_word' id='word_1_354' title='bbox 1770 2081 1890 2124; x_wconf 88' lang='lat' dir='ltr'>labo-</span> 
     </span>
     <span class='ocr_line' id='line_1_78' title="bbox 1056 2136 1891 2180; baseline 0.002 -3"><span class='ocrx_word' id='word_1_355' title='bbox 1056 2136 1196 2179; x_wconf 82' lang='lat' dir='ltr'>rando</span> <span class='ocrx_word' id='word_1_356' title='bbox 1217 2137 1422 2179; x_wconf 82' lang='lat' dir='ltr'>fortieres</span> <span class='ocrx_word' id='word_1_357' title='bbox 1443 2143 1487 2180; x_wconf 87' lang='lat' dir='ltr'>et</span> <span class='ocrx_word' id='word_1_358' title='bbox 1504 2137 1736 2180; x_wconf 87' lang='lat' dir='ltr'>moriendo</span> <span class='ocrx_word' id='word_1_359' title='bbox 1755 2137 1891 2180; x_wconf 83' lang='lat' dir='ltr'>victe-</span> 
     </span>
     <span class='ocr_line' id='line_1_79' title="bbox 1056 2193 1891 2236; baseline 0.001 -2"><span class='ocrx_word' id='word_1_360' title='bbox 1056 2206 1127 2235; x_wconf 88' lang='lat' dir='ltr'>res</span> <span class='ocrx_word' id='word_1_361' title='bbox 1164 2193 1309 2236; x_wconf 88' lang='lat' dir='ltr'>effecti</span> <span class='ocrx_word' id='word_1_362' title='bbox 1346 2199 1457 2236; x_wconf 89' lang='lat' dir='ltr'>sunt.</span> <span class='ocrx_word' id='word_1_363' title='bbox 1514 2194 1672 2236; x_wconf 90' lang='lat' dir='ltr'>Nullus</span> <span class='ocrx_word' id='word_1_364' title='bbox 1704 2193 1891 2236; x_wconf 88' lang='lat' dir='ltr'>athletes</span> 
     </span>
     <span class='ocr_line' id='line_1_80' title="bbox 1056 2250 1890 2301; baseline 0.001 -10"><span class='ocrx_word' id='word_1_365' title='bbox 1056 2250 1149 2292; x_wconf 89' lang='lat' dir='ltr'>sine</span> <span class='ocrx_word' id='word_1_366' title='bbox 1170 2251 1408 2292; x_wconf 81' lang='lat' dir='ltr'>certamine</span> <span class='ocrx_word' id='word_1_367' title='bbox 1433 2251 1590 2293; x_wconf 81' lang='lat' dir='ltr'>fertior</span> <span class='ocrx_word' id='word_1_368' title='bbox 1614 2250 1714 2301; x_wconf 82' lang='lat' dir='ltr'>dici,</span> <span class='ocrx_word' id='word_1_369' title='bbox 1746 2250 1890 2292; x_wconf 92' lang='lat' dir='ltr'>nullus</span> 
     </span>
     <span class='ocr_line' id='line_1_81' title="bbox 1057 2306 1890 2360; baseline 0.001 -13"><span class='ocrx_word' id='word_1_370' title='bbox 1057 2306 1149 2348; x_wconf 92' lang='lat' dir='ltr'>sine</span> <span class='ocrx_word' id='word_1_371' title='bbox 1208 2307 1394 2348; x_wconf 82' lang='lat' dir='ltr'>victoria</span> <span class='ocrx_word' id='word_1_372' title='bbox 1455 2307 1620 2360; x_wconf 81' lang='lat' dir='ltr'>peterit</span> <span class='ocrx_word' id='word_1_373' title='bbox 1677 2307 1890 2348; x_wconf 77' lang='lat' dir='ltr'>coronari.</span> 
     </span>
     <span class='ocr_line' id='line_1_82' title="bbox 1055 2363 1891 2416; baseline 0 -11"><span class='ocrx_word' id='word_1_374' title='bbox 1055 2363 1199 2405; x_wconf 91' lang='lat' dir='ltr'>Nemo</span> <span class='ocrx_word' id='word_1_375' title='bbox 1234 2363 1359 2405; x_wconf 89' lang='lat' dir='ltr'>miles</span> <span class='ocrx_word' id='word_1_376' title='bbox 1399 2363 1491 2406; x_wconf 89' lang='lat' dir='ltr'>sine</span> <span class='ocrx_word' id='word_1_377' title='bbox 1525 2363 1680 2416; x_wconf 82' lang='lat' dir='ltr'>praelio</span> <span class='ocrx_word' id='word_1_378' title='bbox 1716 2363 1891 2405; x_wconf 89' lang='lat' dir='ltr'>hostem</span> 
     </span>
     <span class='ocr_line' id='line_1_83' title="bbox 1057 2419 1890 2472; baseline 0.002 -12"><span class='ocrx_word' id='word_1_379' title='bbox 1057 2419 1254 2472; x_wconf 88' lang='lat' dir='ltr'>subjecit:</span> <span class='ocrx_word' id='word_1_380' title='bbox 1288 2433 1417 2462; x_wconf 93' lang='lat' dir='ltr'>nemo</span> <span class='ocrx_word' id='word_1_381' title='bbox 1443 2420 1536 2461; x_wconf 90' lang='lat' dir='ltr'>sine</span> <span class='ocrx_word' id='word_1_382' title='bbox 1562 2419 1680 2461; x_wconf 88' lang='lat' dir='ltr'>bello</span> <span class='ocrx_word' id='word_1_383' title='bbox 1704 2419 1890 2472; x_wconf 90' lang='lat' dir='ltr'>impera-</span> 
     </span>
     <span class='ocr_line' id='line_1_84' title="bbox 1056 2475 1891 2530; baseline 0 -12"><span class='ocrx_word' id='word_1_384' title='bbox 1056 2478 1199 2518; x_wconf 77' lang='lat' dir='ltr'>t6rem</span> <span class='ocrx_word' id='word_1_385' title='bbox 1218 2477 1471 2530; x_wconf 90' lang='lat' dir='ltr'>promeruit.</span> <span class='ocrx_word' id='word_1_386' title='bbox 1507 2475 1670 2525; x_wconf 82' lang='lat' dir='ltr'>HabeS,</span> <span class='ocrx_word' id='word_1_387' title='bbox 1695 2475 1891 2518; x_wconf 79' lang='lat' dir='ltr'>christia-</span> 
     </span>
     <span class='ocr_line' id='line_1_85' title="bbox 1057 2532 1890 2586; baseline 0.001 -13"><span class='ocrx_word' id='word_1_388' title='bbox 1057 2546 1127 2583; x_wconf 92' lang='lat' dir='ltr'>ne,</span> <span class='ocrx_word' id='word_1_389' title='bbox 1156 2532 1451 2586; x_wconf 89' lang='lat' dir='ltr'>competentia</span> <span class='ocrx_word' id='word_1_390' title='bbox 1470 2545 1607 2582; x_wconf 91' lang='lat' dir='ltr'>arma,</span> <span class='ocrx_word' id='word_1_391' title='bbox 1637 2532 1795 2585; x_wconf 91' lang='lat' dir='ltr'>quibus</span> <span class='ocrx_word' id='word_1_392' title='bbox 1815 2533 1890 2574; x_wconf 94' lang='lat' dir='ltr'>ho-</span> 
     </span>
     <span class='ocr_line' id='line_1_86' title="bbox 1058 2588 1891 2642; baseline 0.001 -12"><span class='ocrx_word' id='word_1_393' title='bbox 1058 2594 1171 2632; x_wconf 89' lang='lat' dir='ltr'>stem</span> <span class='ocrx_word' id='word_1_394' title='bbox 1204 2592 1446 2642; x_wconf 78' lang='lat' dir='ltr'>expugnes:</span> <span class='ocrx_word' id='word_1_395' title='bbox 1487 2588 1624 2630; x_wconf 88' lang='lat' dir='ltr'>habes</span> <span class='ocrx_word' id='word_1_396' title='bbox 1653 2589 1891 2631; x_wconf 86' lang='lat' dir='ltr'>fortissima</span> 
     </span>
     <span class='ocr_line' id='line_1_87' title="bbox 1057 2645 1812 2698; baseline -0.003 -10"><span class='ocrx_word' id='word_1_397' title='bbox 1057 2646 1156 2696; x_wconf 89' lang='lat' dir='ltr'>tela,</span> <span class='ocrx_word' id='word_1_398' title='bbox 1186 2645 1342 2698; x_wconf 92' lang='lat' dir='ltr'>quibus</span> <span class='ocrx_word' id='word_1_399' title='bbox 1363 2645 1584 2686; x_wconf 89' lang='lat' dir='ltr'>inimicum</span> <span class='ocrx_word' id='word_1_400' title='bbox 1605 2645 1812 2688; x_wconf 90' lang='lat' dir='ltr'>debelles.</span> 
     </span>
    </p>

    <p class='ocr_par' dir='ltr' id='par_1_22' title="bbox 1110 2706 1723 2759">
     <span class='ocr_line' id='line_1_88' title="bbox 1110 2706 1723 2759; baseline 0.002 -13"><span class='ocrx_word' id='word_1_401' title='bbox 1110 2706 1159 2757; x_wconf 62' lang='lat' dir='ltr'>Rv.</span> <span class='ocrx_word' id='word_1_402' title='bbox 1187 2707 1433 2759; x_wconf 89' lang='lat' dir='ltr'>Tamquam</span> <span class='ocrx_word' id='word_1_403' title='bbox 1452 2719 1617 2748; x_wconf 89' lang='lat' dir='ltr'>aurum.</span> <span class='ocrx_word' id='word_1_404' title='bbox 1645 2706 1723 2759; x_wconf 88' lang='lat'>[41]</span> 
     </span>
    </p>
   </div>
   <div class='ocr_carea' id='block_1_12' title="bbox 111 124 1950 2816">
    <p class='ocr_par' dir='ltr' id='par_1_23' title="bbox 111 124 1950 2816">
     <span class='ocr_line' id='line_1_89' title="bbox 111 124 1950 2816; baseline 0 0"><span class='ocrx_word' id='word_1_405' title='bbox 111 124 1950 2816; x_wconf 95' lang='lat' dir='ltr'> </span> 
     </span>
    </p>
   </div>
  </div>
 </body>
</html>
