2040 2944
207 224 252 258 34
923 219 980 251 Ad
1007 217 1096 250 'sc-rt
1105 216 1187 249 iam.

206 260 1912 291 μμ

261 318 315 358 Et
339 315 579 358 eust6diam
605 313 744 361 legem
773 315 893 351 tuam
919 321 1026 349 scm-

210 386 302 426 per:
326 374 348 398 *
373 372 415 412 in
443 369 648 411 saeculum
677 373 720 408 et
748 367 790 407 in
819 364 1028 406 saeculum

212 428 370 469 saeculi.

264 485 317 525 Et
349 480 621 524 ambulabam
653 479 695 519 in
727 477 973 519 latitudine:
1006 476 1028 500 *

212 540 310 592 quia
330 537 531 579 mandata
550 541 624 577 tua
645 534 866 586 exquisivi.

263 596 316 635 Et
347 592 556 645 loquebar
588 592 630 632 in
658 589 917 632 testimoniis
945 588 1030 629 tuis

212 652 251 692 in
273 651 509 701 conspeetu
530 661 696 697 regum:
715 647 738 671 *
759 651 801 687 et
824 658 910 686 non
932 657 1029 685 con-

212 705 430 747 fundebat.

264 762 318 802 Et
337 759 579 801 meditabar
599 759 640 799 in
662 757 878 799 mandatis
897 757 993 802 tuis,
1009 757 1031 781 *

213 830 309 870 quae
329 816 470 857 dilexi.

264 874 318 914 Et
342 872 482 913 levavi
507 883 659 911 manus
688 882 807 911 meas
832 869 888 910 ad
915 881 1030 908 man-

212 930 315 970 data
342 934 430 975 tua,
460 940 556 979 quae
586 926 729 967 dilexi:
748 927 770 951 *
791 931 833 966 et
862 926 1031 966 exerce-

212 985 291 1026 bar
309 985 350 1024 in
371 982 745 1034 justificatidnibus
764 982 859 1022 tuis.

323 1110 443 1139 emor
463 1101 557 1138 esto
578 1094 698 1136 verbi
717 1093 778 1135 tui
798 1104 925 1133 servo
946 1096 1033 1138 tuo,

216 1099 316 1204 M
347 1155 369 1178 *
390 1154 431 1193 in
453 1165 539 1204 quo
558 1151 662 1191 mihi
682 1162 805 1202 spem
825 1147 994 1189 dedisti.

266 1210 374 1250 Haec
392 1221 461 1249 me
481 1207 705 1249 consolata
725 1210 790 1246 est
808 1205 851 1244 in
870 1202 1033 1244 humili-

214 1267 304 1307 tate
336 1277 448 1306 mea:
475 1265 498 1289 *
529 1263 627 1315 quia
659 1261 880 1313 elequium
912 1264 1034 1300 tuum

216 1321 449 1362 vivificavit
467 1333 547 1361 me.

267 1376 451 1429 Superbi
483 1376 628 1427 inique
660 1372 846 1423 agebant
882 1383 1035 1423 usque-

218 1435 405 1484 quaque:
431 1433 454 1456 *
483 1445 507 1472 a
539 1431 634 1481 lege
666 1434 811 1471 autem
843 1433 918 1468 tua
949 1440 1035 1468 non

218 1488 441 1529 declinavi.

268 1544 436 1585 Memor
461 1543 519 1584 fui
543 1542 799 1594 judiciorum
818 1542 993 1581 tucrum
1013 1552 1038 1580 a

218 1600 379 1640 saeculo
416 1599 620 1640 D6mine:
651 1599 674 1623 *
708 1602 750 1638 et
787 1596 1038 1637 consolatus

218 1669 323 1696 sum.

270 1711 469 1752 Defectio
489 1711 627 1752 tenuit
645 1723 726 1758 me,
745 1711 768 1735 *
787 1723 868 1762 pro
888 1723 1038 1762 pecca·

217 1767 385 1808 t6ribus
444 1765 843 1818 derelinquentibus
899 1766 1038 1816 legem

219 1829 348 1864 tuam.

273 1878 519 1920 Cantabiles
551 1878 655 1918 mihi
688 1883 810 1919 erant
843 1877 1042 1928 iustifica—

221 1935 363 1998 tif'mes
381 1939 485 1983 tuae,
505 1935 527 1959 *
547 1934 590 1974 in
610 1934 707 1975 loco
733 1934 1042 1986 peregrinatio-

221 2003 286 2030 ms
305 2003 425 2031 meae.

274 2046 440 2087 Memor
459 2045 517 2086 fui
535 2050 663 2086 nocte
679 2045 865 2086 neminis
879 2046 942 2087 tui
956 2046 1044 2086 Βό-

223 2102 351 2142 mine:
371 2103 393 2127 *
414 2107 457 2143 et
477 2101 693 2142 custodivi
712 2101 853 2150 legem
871 2107 1002 2143 tuam.

275 2158 382 2198 Haee
402 2158 516 2198 facta
541 2162 608 2198 est
626 2156 745 2197 mihi:
765 2159 787 2183 *
809 2158 909 2210 quia
929 2158 1044 2209 justi-

225 2213 449 2254 ficationes
467 2219 565 2254 tuas
585 2213 809 2264 exquisivi.

276 2269 424 2310 Portio
452 2282 548 2310 mea
575 2269 780 2318 DOmine,
807 2270 830 2295 *
860 2269 947 2311 dixi
977 2283 1046 2311 cu-

225 2324 390 2366 stodire
409 2324 549 2374 legem
568 2331 698 2366 tuam.

277 2380 548 2432 Deprecatus
572 2394 667 2421 sum
690 2381 844 2422 faciem
863 2387 983 2422 tuam
1003 2383 1046 2422 in

225 2440 320 2477 toto
353 2436 485 2477 corde
517 2449 635 2478 meo:
667 2437 690 2461 *
722 2437 928 2479 miserere
961 2439 1046 2480 mei

226 2491 464 2533 secundum
484 2492 703 2544 eldquium
723 2498 856 2534 tuum.

279 2548 475 2596 Cogitavi
496 2549 587 2588 vias
606 2561 739 2589 meas:
754 2550 777 2574 *
793 2555 836 2590 et
852 2550 1047 2591 converti

227 2603 364 2655 pedes
382 2616 504 2644 meos
524 2604 564 2644 in
586 2605 833 2645 testimonia
852 2611 937 2646 tua.

281 2660 462 2700 Paratus
482 2674 592 2707 sum,
617 2666 660 2702 et
684 2675 768 2701 non
789 2676 884 2703 sum
904 2662 1049 2703 turba-

227 2722 310 2759 tus:
330 2717 352 2741 ²*
373 2722 419 2758 ut
440 2717 682 2758 custOdiam
703 2718 907 2759 mandata
925 2724 1011 2760 tua.

1132 306 1276 345 Funes
1308 302 1593 355 peccatorum
1627 295 1912 349 circumplexi

1082 366 1181 402 sunt
1199 372 1284 401 me:
1299 360 1322 384 *
1343 363 1386 399 et
1401 357 1542 407 legem
1561 360 1682 396 tuam
1706 365 1794 394 non
1815 365 1912 393 sum

1082 417 1255 459 oblitus.

1134 472 1278 514 Media
1297 476 1427 512 nocte
1448 466 1679 518 surgebam
1704 465 1760 507 ad
1780 465 1912 507 confi-

1081 529 1261 571 tendum
1278 527 1369 575 tibi,
1389 527 1412 552 *
1433 537 1564 577 super
1585 522 1743 574 judicia
1763 521 1912 574 justifi-

1083 585 1269 627 cationis
1289 589 1388 625 tuae.

1134 641 1363 692 Particeps
1397 651 1478 687 ego
1513 650 1610 677 sum
1641 635 1836 676 Omnium
1862 634 1913 675 ti-

1083 698 1305 739 mentium·
1330 701 1392 736 te:
1429 695 1452 719 *
1491 698 1535 735 et
1572 690 1914 734 custodientium

1084 753 1291 794 mandata
1310 757 1395 793 tua.

1135 807 1441 851 Misericordia
1464 812 1541 847 tua
1565 805 1755 846 Domine
1785 803 1915 856 plena

1085 872 1152 908 est
1171 871 1302 907 terra:
1322 866 1344 890 *
1365 862 1696 915 justificatic'mes
1719 866 1818 902 tuas
1840 859 1915 901 do-

1086 936 1135 964 ce
1154 935 1234 963 me.

1168 1034 1380 1075 onitatem
1399 1030 1542 1073 fecisti
1567 1043 1666 1071 cum
1689 1042 1819 1071 servo
1838 1033 1916 1070 tuo

1190 1089 1392 1137 D6mine,
1418 1089 1441 1114 ²⁸¹
1467 1086 1709 1128 secundum
1732 1085 1916 1128 verbum

1086 1152 1219 1188 tuum.

1139 1202 1409 1249 Bonitatem,
1452 1205 1495 1242 et
1533 1199 1830 1252 disciplinam,
1876 1202 1920 1239 et

1088 1259 1317 1300 scientiam
1337 1257 1448 1299 doce
1468 1269 1552 1298 me:
1572 1257 1595 1281 *
1617 1255 1720 1307 quia
1742 1254 1919 1296 manda-

1087 1316 1144 1357 tis
1163 1315 1250 1357 tuis
1271 1313 1449 1356 credidi.

1139 1371 1403 1422 Priusquam
1427 1369 1682 1410 humiliarer
1707 1381 1790 1420 ego
1817 1368 1920 1410 deli-

1091 1428 1180 1480 qui:
1212 1428 1235 1453 *
1267 1428 1505 1480 propterea
1541 1425 1765 1478 eldquium
1797 1429 1922 1466 tuum

1091 1483 1320 1526 custodivi.

1142 1541 1294 1581 Bonus
1314 1552 1361 1580 es
1381 1543 1444 1580 tu:
1463 1539 1486 1564 *
1507 1542 1550 1579 et
1569 1538 1613 1578 in
1631 1537 1832 1579 bonitate
1846 1542 1923 1579 tua

1091 1596 1202 1638 doce
1222 1609 1292 1637 me
1313 1595 1646 1647 justificatir'mes
1665 1599 1775 1635 tuas.

1143 1652 1435 1705 Multiplicata
1454 1656 1522 1693 est
1537 1663 1670 1703 super
1683 1663 1754 1692 me
1769 1650 1923 1702 iniqui-

1091 1715 1159 1750 tas
1193 1708 1500 1761 superb6rum:
1523 1708 1547 1733 *
1585 1719 1666 1758 ego
1700 1711 1848 1748 autem
1879 1706 1924 1746 in

1092 1771 1189 1807 toto
1228 1764 1363 1806 corde
1398 1776 1498 1805 meo
1537 1763 1771 1805 scrutabor
1805 1775 1924 1804 man-

1094 1821 1197 1863 data
1215 1827 1301 1863 tua.

1147 1877 1435 1929 Coagulatum
1455 1882 1523 1918 est
1542 1877 1656 1918 sicut
1674 1876 1743 1917 lac
1762 1888 1839 1917 cor
1855 1877 1925 1917 θό-

1095 1947 1206 1974 rum:
1221 1934 1244 1959 *
1261 1946 1343 1985 ego
1363 1946 1469 1975 vero
1489 1933 1632 1984 legem
1650 1938 1772 1974 tuam
1790 1931 1925 1973 medi-

1095 1991 1213 2031 tatus
1234 2003 1340 2030 sum.

1148 2047 1319 2087 Bonum
1338 2045 1445 2086 mihi
1467 2046 1568 2099 quia
1587 2044 1827 2086 humiliasti
1841 2057 1928 2086 me:

1096 2103 1119 2128 *
1139 2108 1187 2144 ut
1207 2102 1373 2143 discam
1393 2102 1724 2153 justificaticines
1743 2105 1854 2142 tuas.

1149 2159 1321 2199 Bonum
1340 2158 1446 2198 mihi
1464 2158 1535 2199 lex
1555 2158 1645 2199 oris
1659 2158 1734 2207 tui,
1752 2158 1776 2183 *
1796 2169 1929 2210 super

1097 2215 1230 2255 millia
1250 2215 1344 2255 auri
1364 2219 1407 2256 et
1427 2214 1606 2265 argenti.

1149 2271 1304 2311 Manus
1328 2276 1416 2312 tuae
1439 2271 1638 2312 fecerunt
1660 2283 1746 2319 me,
1775 2274 1819 2311 et
1837 2269 1926 2322 pla-

1099 2329 1351 2368 smaverunt
1379 2340 1464 2368 me:
1492 2328 1516 2352 *
1545 2326 1601 2368 da
1629 2326 1736 2367 mihi
1764 2325 1928 2367 intelle-

1099 2388 1228 2432 ctum,
1249 2388 1292 2424 et
1313 2382 1479 2424 discam
1499 2382 1707 2424 mandata
1727 2387 1814 2424 tua.
1943 2396 1952 2397 ff

1151 2439 1234 2489 Qui
1267 2439 1423 2480 timent
1454 2444 1498 2480 te
1527 2438 1740 2480 videbunt
1767 2450 1853 2487 me,
1886 2442 1931 2479 et

1099 2495 1382 2537 laetabuntur:
1414 2496 1437 2520 *
1473 2495 1573 2547 quia
1610 2495 1654 2535 in
1687 2493 1822 2536 verba
1854 2498 1930 2535 tua

1100 2552 1420 2604 supersperavi.

1152 2608 1349 2657 CognOvi
1382 2607 1571 2648 Domine
1610 2607 1712 2659 quia
1744 2606 1931 2658 aequitas

1102 2662 1257 2713 judicia
1276 2669 1365 2704 tua:
1384 2665 1407 2689 *
1428 2669 1471 2705 et
1491 2664 1534 2704 in
1555 2663 1741 2704 veritate
1762 2667 1838 2703 tua
1856 2661 1931 2703 hu-

1102 2719 1279 2761 miliasti
1299 2732 1380 2760 me.
