2040 2944
179 179 272 223 [148]

178 287 263 315 am:
291 273 445 314 mulier
469 272 581 313 inter
610 270 749 311 solem
775 274 818 311 et
842 269 1005 311 lunam:

178 331 314 372 Maria
333 330 444 370 inter
464 327 684 369 Christum
704 331 747 368 et
765 326 1006 368 Ecclesiam

180 386 424 429 constituta.
465 383 552 426 Sed
573 384 686 425 forte
709 383 896 433 miraris,
919 395 1006 424 non

178 449 267 485 tam
304 441 442 484 vellus
481 443 684 494 opertum
719 453 838 490 rore,
877 452 1006 492 quam

180 502 381 541 amictam
400 498 492 540 sole
511 497 748 538 mulierem.
778 497 935 548 Magna
954 498 1006 537 si-

181 555 358 607 quidem
372 554 651 603 familiaritas‚
667 552 746 595 sed
759 553 868 594 mira
882 555 1009 595 omni-

180 625 237 653 no
254 611 452 653 vicinitas
468 610 584 661 solis,
604 616 647 652 et
661 609 864 651 mulieris.
893 610 1007 659 Quo-

180 667 314 710 modo
340 668 455 710 enim
479 668 522 708 in
546 673 636 709 tam
660 666 907 708 vehementi
929 666 1007 707 fer-

180 728 286 767 vore
310 731 399 767 tam
424 723 587 774 fragilis
611 726 765 765 natura
790 721 1007 764 subsistit?

181 782 337 824 Merito
369 780 545 834 quidem
577 780 804 822 admiraris
832 779 1009 832 Moyses

182 843 350 889 sancte,
383 843 426 880 et
456 837 668 879 curiosius
697 835 921 878 desideras
949 836 1008 876 in-

181 895 304 937 tueri.
355 895 668 936 Verumtamen
695 893 817 934 solve
847 892 1008 934 calcea-

181 953 327 993 menta
353 949 407 992 de
433 949 620 1003 pedibus
645 949 747 1000 tuis,
776 954 819 991 et
844 948 1010 990 invola-

184 1021 257 1050 cra
280 1021 396 1061 pone
423 1006 661 1048 carnalium
686 1006 1010 1057 cogitationum,

184 1064 221 1105 si
240 1063 450 1106 accedere
471 1063 756 1116 concupiscis.
952 1065 955 1068 “

240 1127 301 1167 Te
321 1125 465 1166 Deum
482 1123 721 1166 laudamus.
740 1124 799 1164 14.

350 1211 524 1251 Mense
555 1209 845 1250 Novembri.

188 1280 253 1319 De
270 1276 556 1328 Expositione
576 1275 615 1316 S.
630 1274 780 1316 Basilii
800 1273 1012 1327 Episcopi

338 1333 382 1373 in
400 1333 559 1374 Isaiam
580 1331 856 1384 Prophetam.

365 1407 402 1439 In
423 1416 503 1448 cap.
522 1408 554 1438 Η.
574 1409 661 1447 post
680 1405 837 1438 initium.

490 1469 641 1511 Lectio
661 1469 714 1509 iii.

241 1538 274 1570 μ’
295 1527 452 1576 ccessi‚
486 1525 646 1578 inquit,
679 1523 735 1566 ad
761 1522 1011 1576 Prophetis-

316 1597 425 1634 sam,
458 1587 502 1625 et
528 1583 572 1623 in
599 1585 725 1624 utero
754 1580 940 1633 accepit,
969 1584 1013 1621 et

186 1641 358 1694 peperit
385 1640 532 1681 filium.
586 1637 716 1689 Quod
743 1637 881 1678 Maria
908 1636 1012 1678 Pro-

186 1697 382 1750 phetissa
406 1696 548 1746 fuerit,
575 1694 632 1737 ad
657 1707 788 1747 quam
813 1692 1013 1746 proxime

187 1753 372 1796 accessit
404 1753 542 1794 Isaias
578 1764 658 1805 per
694 1749 1014 1804 praenotionem

188 1810 385 1863 spirituS‚
416 1822 545 1851 nemo
576 1806 907 1856 contradixerit,
940 1806 1015 1858 qui

188 1867 243 1908 sit
267 1878 434 1908 memor
459 1865 695 1907 verborum
720 1864 886 1913 Mariae,
915 1874 1014 1914 quae

187 1923 449 1976 prophetico
480 1922 628 1963 afflata
660 1920 814 1974 spiritu
842 1919 1015 1961 elocuta

189 1985 265 2021 est.
295 1979 410 2030 Quid
425 1979 538 2021 enim
554 1976 634 2020 ait?
662 1976 913 2028 Magnificat
928 1975 1014 2017 ani-

187 2049 258 2077 ma
289 2048 386 2077 mea
416 2035 671 2077 Dominum:
706 2039 750 2075 et
782 2031 1016 2074 exsultavit

189 2092 366 2144 spiritus
384 2104 506 2133 meus
525 2091 568 2132 in
586 2091 684 2132 Deo
705 2089 883 2131 salutari
901 2101 1015 2130 meo:

191 2149 292 2200 quia
316 2148 510 2201 respexit
533 2146 822 2189 humilitatem
846 2144 1015 2187 ancillae

704 176 878 211 Officium
903 175 943 210 Β.
970 175 1102 210 Mariae
1128 175 1164 209 in
1190 175 1370 209 Sabbato.

1062 282 1168 310 suae:
1193 280 1296 310 ecce
1317 267 1430 309 enim
1449 280 1504 309 ex
1521 267 1607 310 hoc
1624 268 1800 311 beatam
1818 281 1888 310 me

1062 325 1207 368 dicent
1231 337 1382 366 omnes
1407 325 1720 376 generationes.
1760 324 1890 376 Quod

1061 383 1097 423 si
1133 382 1323 423 animum
1360 380 1764 424 accommodaveris
1799 381 1888 423 uni-

1061 439 1198 481 versis
1224 439 1314 491 ejus
1338 437 1499 489 verbis3
1526 451 1615 480 non
1638 438 1789 491 utique
1810 451 1891 492 per

1062 495 1290 538 dissidium
1339 495 1565 546 negaveris
1614 507 1712 536 eam
1757 495 1890 537 fuisse

1061 552 1411 605 Prophetissam‚
1447 550 1567 603 quod
1595 551 1771 593 Domini
1797 551 1890 604 Spi-

1062 609 1170 651 ritus
1188 609 1232 650 in
1252 622 1348 650 eam
1369 608 1670 662 supervenerit
1691 613 1735 651 et
1752 608 1891 651 virtus

1063 665 1277 708 Altissimi
1296 664 1625 707 obumbraverit
1644 664 1694 707 ei.

1118 728 1181 769 Te
1201 727 1344 769 Deum
1362 725 1602 768 laudamus.
1621 727 1681 767 14.

1239 813 1414 854 Mense
1444 812 1719 853 Decembri

1284 882 1383 917 ante
1408 874 1668 916 Adventum.

1089 948 1157 987 Ex
1175 945 1289 988 libro
1310 944 1566 987 Officiorum
1585 943 1625 985 S.
1643 943 1867 986 Ambrosii

1365 1001 1587 1054 Episcopi.

1317 1063 1398 1097 Lib.
1426 1063 1452 1097 1.
1478 1072 1559 1106 cap.
1587 1062 1638 1096 18.

1365 1119 1516 1160 Lectio
1536 1119 1590 1159 iii.

1280 1178 1484 1231 regendae
1511 1178 1724 1220 castitatis
1748 1177 1893 1231 pudor

1074 1237 1125 1269 πθ
1162 1242 1229 1279 est
1250 1250 1413 1286 comes,
1439 1236 1515 1288 qui
1536 1236 1702 1288 primus
1725 1234 1768 1275 in
1793 1235 1891 1287 ipso

1066 1293 1326 1346 cognitionis
1362 1293 1559 1344 ingressu
1592 1291 1769 1333 Domini
1805 1304 1891 1332 ma-

1064 1356 1177 1392 trem
1197 1348 1430 1392 comendat
1448 1347 1704 1399 legentibus,
1726 1352 1769 1389 et
1787 1351 1892 1389 tam-

1066 1420 1198 1459 quam
1222 1406 1346 1449 testis
1371 1405 1570 1458 locuples
1595 1403 1770 1455 dignam
1794 1417 1893 1456 quae

1065 1462 1122 1505 ad
1149 1463 1236 1505 tale
1268 1475 1424 1504 munus
1457 1461 1690 1512 eligeretur
1722 1460 1893 1502 astruit:

1067 1519 1187 1572 quod
1204 1520 1248 1561 in
1268 1518 1480 1568 cubiculo,
1506 1516 1626 1570 quod
1645 1517 1750 1567 sola,
1773 1516 1894 1569 quod

1066 1577 1255 1619 salutata
1279 1575 1333 1618 ab
1354 1573 1525 1626 Angelo
1549 1578 1681 1624 tacet,
1708 1578 1751 1616 et
1773 1578 1894 1616 mota

1067 1638 1133 1675 est
1151 1634 1195 1674 in
1213 1633 1394 1675 introitu
1413 1632 1518 1684 ejus:
1543 1629 1664 1683 quod
1682 1629 1739 1672 ad
1757 1629 1893 1672 virilis

1066 1703 1197 1732 sexus
1227 1689 1419 1743 speciem
1446 1690 1722 1742 peregrinam
1747 1686 1892 1730 turba-

1066 1753 1136 1789 tur
1150 1748 1356 1799 aspectus
1366 1744 1570 1796 Virginis.
1588 1744 1744 1796 Itaque
1755 1756 1896 1796 quam-

1066 1804 1132 1845 vis
1158 1808 1275 1845 esset
1298 1801 1488 1851 humilis,
1514 1814 1608 1854 prae
1631 1799 1895 1842 vereeundia

1066 1866 1212 1902 tamen
1238 1872 1326 1901 non
1353 1857 1626 1908 resalutavit,
1654 1869 1736 1899 nec
1758 1856 1895 1898 ullum

1067 1919 1329 1969 responsum
1349 1914 1507 1965 retulit,
1531 1914 1614 1955 nisi
1632 1913 1708 1956 ubi
1727 1913 1782 1955 de
1802 1926 1893 1955 sus-

1068 1972 1268 2027 cipienda
1290 1971 1466 2014 Domini
1490 1970 1769 2022 generatione
1794 1983 1893 2021 cog-

1067 2030 1203 2072 novit:
1221 2035 1270 2071 ut
1288 2028 1543 2081 qualitatem
1562 2026 1742 2069 effectus
1757 2025 1894 2069 disce-

1068 2092 1146 2137 ret,
1164 2099 1252 2128 non
1270 2091 1318 2127 ut
1337 2086 1584 2126 sermonem
1603 2083 1829 2126 refelleret.

1124 2143 1186 2185 Te
1206 2143 1349 2184 Deum
1368 2140 1608 2182 laudamus.
1626 2141 1686 2181 14.
