2040 2944
502 155 573 189 Die
596 154 655 188 20.
682 154 783 196 Sept.
831 151 887 186 Ss.
914 150 1113 185 Eustachii
1138 155 1174 185 et
1199 150 1283 185 Soc.
1308 150 1530 195 Martyrum.

159 255 216 296 Et
241 255 337 296 falsi
362 253 591 307 prophetae
620 257 747 294 erunt
773 253 836 302 (ut
859 251 989 293 Nico-

159 311 256 352 laus
288 323 399 352 unus
438 322 492 351 ex
526 314 697 362 septem
730 307 989 350 diaconibus

160 367 270 417 fuit),
295 366 545 417 multosque
572 367 781 407 ementita
805 364 989 406 veritate

159 424 424 474 pervertent:
450 427 493 463 et
518 421 769 463 abundante
794 420 989 472 nequitia

159 478 320 520 caritas
339 478 607 529 refrigescet.

209 541 258 589 Rg.
286 539 434 581 Sancti
458 539 560 588 mei,
591 538 665 591 qui
689 538 734 578 in
758 550 888 579 carne
912 539 989 590 po-

157 596 242 645 siti,
271 598 494 637 certarnen
522 595 752 637 habuistis:
782 593 803 615 *
825 594 988 635 Merce-

158 651 260 693 dem
297 651 463 694 laberis
504 664 588 703 ego
630 650 815 693 reddam
852 650 989 691 vobis.

159 703 206 754 V
242 708 404 750 Venite
445 708 668 750 benedicti
703 707 847 748 Patris
887 706 988 755 mei,

156 765 372 817 percipite
387 778 580 816 regnum.
605 762 867 806 Mercedem.
892 762 988 803 Glo-

157 821 221 862 ria
240 821 372 862 Patri.
400 820 662 863 Mercedem.

460 885 612 925 Lectio
633 885 686 924 ix.

227 943 283 985 ed
310 955 450 995 usque
479 943 523 983 in
547 942 679 984 finem
704 943 989 995 perseveran-

246 998 364 1041 tibus
403 999 522 1040 salus
554 1001 779 1041 reservata
813 1002 894 1040 est:
938 1010 990 1039 ac

155 1060 249 1097 tum
276 1068 356 1108 per
385 1068 537 1097 omnes
563 1055 683 1097 orbis
706 1059 857 1108 partes
883 1054 990 1095 viris

156 1112 412 1164 apostolicis
433 1111 657 1164 dispersis,
674 1111 901 1162 Evangelii
920 1112 990 1152 ve-

155 1168 262 1209 ritas
277 1167 602 1220 praedicabitur.
625 1168 682 1210 Et
701 1181 801 1209 cum
820 1167 989 1208 univer-

156 1224 216 1265 sis
241 1224 372 1266 fuerit
398 1225 592 1276 cognitio
618 1224 883 1266 sacramenti
902 1236 989 1265 coe-

155 1280 278 1322 lestis
306 1281 495 1332 invecta,
524 1286 618 1323 tum
645 1280 891 1323 Jer1'1salem
919 1292 988 1321 oc-

156 1338 285 1378 casus
310 1342 354 1379 et
377 1337 475 1379 finis
498 1338 738 1380 incumbet:
762 1342 811 1378 ut
830 1336 987 1389 praedi-

157 1393 343 1434 cationis
363 1393 498 1435 fidem
518 1400 561 1436 et
582 1393 825 1435 infidelium
845 1405 989 1445 poena,
1051 1423 1053 1425 -
1082 1400 1134 1439 θέω·

157 1454 201 1491 et
219 1454 362 1491 metus
383 1450 572 1492 civitatis
594 1452 731 1492 erutae
748 1450 990 1501 consequa-

156 1511 237 1547 tur.
266 1506 376 1547 Haec
395 1506 527 1556 igitur
546 1507 590 1547 in
611 1519 724 1555 eam,
749 1511 798 1547 ut
817 1505 990 1546 fuerant

157 1562 388 1614 praedicta,
409 1563 605 1615 perfecta
626 1568 742 1604 sunt:
762 1568 806 1604 et
825 1561 990 1614 lapida-

155 1619 228 1667 tis,
260 1618 435 1669 fugatis,
468 1620 712 1672 peremptis
741 1618 990 1671 Apostolis,

157 1674 280 1723 farne,
300 1675 429 1724 bello,
450 1676 707 1728 captivitate
728 1677 991 1726 consumpta

158 1736 235 1772 est.
276 1731 343 1772 Ac
371 1736 465 1773 tum
492 1732 573 1774 fuit
601 1731 735 1784 digna
761 1744 848 1772 non
878 1743 990 1780 esse,

157 1800 256 1828 cum
288 1787 438 1839 ejectis
470 1788 840 1840 praedicatoribus
869 1786 989 1828 Chri-

157 1843 227 1892 sti,
251 1842 475 1894 indignam
495 1845 578 1886 Dei
602 1844 922 1897 praedicatione
942 1855 989 1884 se

156 1899 357 1951 praebuit.
427 1903 487 1942 Te
506 1901 651 1943 Deum
669 1899 911 1942 laudamus.
930 1900 990 1940 14.

213 1966 327 2009 Yesp.
341 1978 361 2001 a
374 1967 466 2009 Cap.
483 1968 529 2002 dc
545 1979 650 2012 sequ.
664 1980 749 2003 cum
764 1971 858 2004 com.
874 1980 987 2012 praec.

335 2052 418 2093 Die
437 2053 508 2092 20.
529 2051 812 2104 Septembris.

157 2120 225 2160 Ss.
250 2119 510 2163 Eustachii
535 2125 577 2161 et
606 2120 708 2161 Soc,
737 2120 989 2172 Martyrum.

492 2180 654 2224 Duplex.

214 2228 350 2262 Omnia
385 2230 431 2264 de
462 2231 665 2267 Communi
697 2234 848 2276 plurim.
880 2234 987 2269 Mart.

158 2277 229 2320 [35]
254 2281 394 2318 przeter
419 2282 631 2323 sequentia.

493 2336 657 2377 Oratio.

158 2381 341 2487 Deus,
369 2389 443 2440 qui
471 2402 552 2430 nos
581 2389 789 2431 concedis
817 2391 987 2431 sancto-

258 2457 354 2485 rum
374 2445 616 2497 Martyrum
635 2448 813 2488 tuorum
832 2446 988 2487 Eusta-

158 2500 244 2542 chii
269 2506 313 2542 et
330 2501 560 2542 Sociorum
584 2503 675 2553 ejus
698 2502 894 2544 natalitia
917 2503 987 2543 co-

157 2556 263 2598 lere:
295 2555 353 2598 da
379 2556 506 2598 nobis
535 2558 579 2598 in
607 2561 775 2600 aeterna
802 2558 987 2599 beatitu-

157 2612 260 2654 dine
286 2612 342 2654 de
367 2614 521 2654 eorum
546 2615 759 2656 societate
784 2613 988 2665 gaudere.

157 2669 242 2711 Per
260 2669 511 2710 Dominum.

1097 249 1144 283 Et
1168 250 1209 283 fit
1233 258 1430 283 commem.
1455 250 1621 292 praeced.

1094 300 1194 341 Ant.
1241 299 1446 342 Gaudent
1482 300 1527 340 in
1559 299 1685 341 coelis
1719 299 1877 340 animae

1042 359 1313 407 sanctorum,
1364 357 1438 408 qui
1485 355 1648 398 Christi
1692 355 1878 406 vestigia

1042 419 1143 455 sunt
1163 414 1317 456 secati:
1337 418 1381 455 et
1402 413 1504 465 quia
1522 425 1605 466 pro
1621 412 1712 463 ejus
1726 413 1877 453 amere

1043 470 1302 521 sanguinem
1342 482 1470 511 suum
1507 467 1730 518 fuderunt,
1773 467 1876 509 ideo

1043 539 1142 568 cum
1162 526 1339 568 Christo
1360 525 1583 567 exsultant
1603 524 1696 566 sine
1714 524 1813 566 fine.

1095 577 1145 629 V.
1170 582 1469 624 Exsultabunt
1495 581 1636 623 sancti
1658 581 1702 621 in
1725 580 1876 631 gloria.

1044 640 1093 691 Ru
1111 639 1400 681 Laetabuntur
1418 638 1462 679 in
1482 636 1700 679 cubilibus
1720 636 1821 678 suis.

1095 696 1260 739 Oratio.
1278 697 1410 745 Deus,
1428 694 1503 747 qui
1518 706 1600 735 nos
1615 705 1771 734 annua.
1787 693 1877 734 316.

1094 758 1137 793 In
1174 759 1348 800 Quatuor
1385 759 1518 802 Temp.
1557 758 1659 792 Lect.
1701 756 1874 792 Fratres:

1042 807 1249 843 Debiteres
1270 818 1413 843 sumus.
1436 808 1483 842 de
1504 807 1643 841 eodem
1663 805 1770 840 Coffi.
1796 805 1876 850 [37],

1043 855 1177 890 Lectio
1194 855 1243 890 ix.
1260 855 1402 899 legitur
1423 855 1470 890 de
1489 855 1601 890 Hom.
1624 854 1707 888 Fer.
1731 863 1875 888 occurr.

1044 913 1130 937 cum
1157 903 1239 945 ejus
1267 914 1403 938 comm.
1431 904 1471 938 in
1494 902 1615 938 Laud.
1644 906 1806 937 tantum:
1841 905 1877 935 et

1044 951 1091 985 de
1108 951 1255 993 Vigilia
1274 951 1373 985 nihil
1392 952 1447 994 fit,
1470 951 1547 986 nisi
1564 951 1604 985 in
1619 950 1750 984 Missa.

1097 999 1137 1033 Si
1168 1010 1247 1034 non
1277 1000 1427 1034 venerit
1458 999 1498 1033 in
1530 999 1704 1040 Quatuor
1731 998 1876 1042 Temp.,

1045 1047 1083 1081 in
1102 1047 1129 1081 I.
1147 1047 1348 1082 Nocturno
1369 1048 1472 1082 Lect.
1493 1047 1540 1081 de
1558 1047 1695 1090 Script.
1716 1056 1876 1083 occurr.:

1044 1096 1094 1130 ix.
1110 1096 1244 1130 Lectio
1267 1095 1338 1130 erit
1360 1095 1407 1130 de
1424 1095 1587 1139 vigilia,
1611 1095 1719 1137 cujus
1742 1104 1877 1128 comm.

1044 1143 1085 1177 fit
1103 1143 1141 1177 in
1157 1143 1367 1178 Laudibus.

1274 1204 1323 1242 In
1351 1204 1401 1242 II.
1427 1203 1651 1243 Nocturno.

1349 1264 1502 1305 Lectio
1524 1263 1576 1303 iv.

1046 1326 1071 1335 ¹*
1121 1321 1393 1371 ustachius,
1414 1321 1489 1373 qui
1507 1326 1551 1363 et
1568 1321 1787 1371 Placidus,
1806 1322 1877 1372 ge-

1085 1377 1094 1383 ”
1118 1376 1149 1405 '³2
1174 1390 1294 1427 nere,
1323 1377 1483 1430 opibus
1513 1382 1557 1419 et
1584 1377 1761 1418 militari
1787 1377 1877 1428 glo-

1173 1435 1238 1475 ria
1274 1434 1387 1476 inter
1420 1434 1648 1475 Romanos
1682 1434 1878 1484 insignis,

1044 1490 1126 1532 sub
1155 1491 1346 1542 Traiano
1378 1490 1648 1542 imperatore
1681 1490 1879 1540 magistri

1042 1547 1230 1589 militum
1248 1546 1425 1589 titulum
1443 1546 1614 1587 meruit.
1643 1546 1754 1587 Cum
1773 1558 1878 1587 vero

1044 1616 1142 1645 sese
1166 1602 1405 1655 aliquando
1430 1603 1474 1643 in
1497 1602 1734 1644 venatione
1757 1615 1879 1644 exer-

1043 1661 1174 1709 ceret,
1194 1672 1246 1701 ac
1265 1659 1505 1710 fugientem
1523 1659 1646 1700 mirae
1666 1658 1879 1710 magnitu-

1043 1715 1158 1758 dinis
1191 1729 1371 1758 cervum
1403 1716 1726 1768 insequeretur,
1768 1715 1879 1757 vidit

1043 1774 1225 1825 repente
1275 1772 1390 1814 inter
1442 1771 1725 1814 consistentis
1773 1771 1879 1813 ferae

1043 1832 1209 1870 cornua
1234 1829 1456 1871 excelsam
1480 1834 1615 1880 atque
1639 1828 1880 1879 fulgentem

1044 1885 1208 1928 Christi
1232 1885 1411 1927 Demini
1437 1898 1461 1927 e
1487 1897 1618 1926 cruce
1643 1883 1879 1937 pendentis

1042 1942 1292 1993 imaginem,
1314 1943 1436 1994 cujus
1456 1953 1567 1983 voce
1586 1940 1644 1982 ad
1661 1940 1878 1982 imortah's

1042 1998 1145 2039 vitae
1176 1997 1376 2050 praedam
1406 1997 1633 2047 invitatus,
1663 2009 1750 2038 una
1777 2009 1878 2038 curn

1042 2056 1181 2096 uxore
1206 2053 1469 2106 Theopista,
1496 2065 1548 2095 ac
1576 2051 1751 2094 duobus
1778 2054 1878 2105 par-

1042 2110 1154 2151 vulis
1182 2110 1284 2151 filiis
1314 2110 1509 2162 Agapito
1545 2114 1590 2151 et
1615 2108 1877 2165 Theopisto,

1043 2166 1295 2208 christianae
1315 2166 1482 2207 militiae
1502 2177 1663 2207 nomen
1687 2164 1821 2206 dedit.

1098 2223 1148 2273 R.
1181 2222 1329 2264 Sancti
1363 2222 1429 2264 tui
1456 2221 1647 2264 Demine
1673 2220 1877 2263 mirabile

1042 2278 1271 2320 consecuti
1326 2283 1428 2320 sunt
1480 2278 1581 2327 iter,
1635 2277 1877 2319 servientes

1042 2335 1280 2387 praeceptis
1304 2335 1407 2384 tuis,
1435 2339 1484 2376 ut
1506 2333 1806 2375 invenirentur
1829 2333 1876 2374 il-

1041 2390 1136 2431 la'esi
1163 2391 1207 2431 in
1235 2390 1361 2443 aquis
1389 2390 1562 2439 validis;
1587 2390 1609 2413 *
1633 2389 1773 2430 Terra
1801 2402 1875 2442 ap-

1041 2447 1189 2499 paruit
1210 2446 1352 2497 arida,
1381 2452 1425 2488 et
1448 2447 1492 2487 in
1511 2445 1622 2486 Mari
1645 2445 1781 2487 rubro
1805 2447 1876 2487 via

1042 2503 1136 2545 sine
1172 2503 1501 2556 impedimento.
1566 2496 1615 2547 V.
1657 2502 1875 2552 Quoniam

1041 2560 1260 2610 percussit
1287 2563 1477 2611 petram,
1513 2563 1557 2599 et
1585 2558 1805 2599 fluxerunt
1833 2571 1874 2598 a·

1042 2627 1158 2666 quae,
1200 2620 1244 2656 et
1285 2616 1505 2656 torrentes
1542 2613 1875 2655 inundaverunt.

1041 2671 1181 2712 Terra
1201 2671 1418 2724 apparuit.
