2040 2944
288 188 360 222 Die
376 188 428 222 26.
449 187 527 222 Oct.
553 187 587 222 S.
605 187 774 222 Evaristi
790 188 908 230 Papae
926 192 961 222 et
978 188 1085 221 Mart.
1110 207 1122 211 -
1146 188 1196 221 31.
1221 187 1254 221 S.
1274 187 1401 222 Siricii
1418 187 1536 230 Papae
1554 191 1590 221 ct
1608 187 1716 221 Conf.
1783 182 1849 218 25*

152 281 280 321 versa
293 278 392 320 loca
409 290 487 319 sex
505 291 638 330 supra
651 279 849 329 triginta...
864 281 975 321 Pon-

151 336 365 378 tificatum
407 334 546 375 tenuit
592 347 728 376 annos
775 336 976 388 quinque,

153 392 295 433 minus
322 390 495 433 duobus
520 391 743 432 mensibus
769 397 813 433 et
837 392 976 434 tribus

154 447 319 490 diebus.
374 451 425 502 R.
449 447 540 488 Iste
568 452 645 497 est,
674 447 758 499 qui.

208 510 252 544 In
275 509 339 543 111.
362 508 561 544 Nocturno
583 507 753 542 Homilia
778 509 816 542 in
834 510 978 553 Evang.

156 558 282 592 Homo
313 557 483 601 peregre.
523 556 570 590 de
609 556 745 590 eodem
778 557 978 592 Communi

158 607 185 642 1.
207 606 340 688 &ecca-io
362 652 411 686 ix.
437 662 486 686 ex
510 652 660 686 duabus
685 663 760 687 una
785 657 821 686 et
846 663 978 687 comm.

157 701 213 737 Ss.
227 700 463 745 Chrysanthi
481 704 517 734 et
534 700 663 737 Dariae
681 701 787 735 Mart.
806 702 843 735 in
861 702 978 735 Laud.

369 782 453 823 Die
472 782 538 822 26.
558 780 775 822 Octobris.

246 848 289 889 S.
308 845 530 888 Evaristi
552 845 685 896 Papae
706 850 747 886 et
768 846 889 886 Mart.

488 903 652 946 Duplex.

210 959 346 994 Omnia
382 959 428 994 de
467 957 670 992 Communi
711 958 822 991 unius
856 958 981 993 Mart..

158 1011 299 1052 praeter
323 1007 534 1051 sequentia.

210 1054 373 1096 Oratio.
402 1052 714 1094 Infirmitatem.

210 1116 254 1150 111
283 1115 310 1150 Ι.
342 1114 542 1149 Nocturno
572 1113 775 1147 Lectiones
809 1112 855 1146 de
886 1111 982 1146 Scri-

159 1168 272 1208 ptura
295 1166 528 1198 occurrente.

394 1225 444 1263 In
462 1224 512 1263 II.
532 1223 753 1262 Nocturno.

459 1284 612 1324 Lectio
631 1284 685 1323 iv.

201 1370 205 1374 ψ
240 1346 463 1404 ,varistus
488 1344 672 1385 Graecus
696 1342 887 1390 natione,
911 1353 983 1393 pa-

168 1446 170 1449 ,
234 1401 263 1458 ᾗ
288 1405 355 1442 tre
365 1399 521 1442 Judaeo
536 1399 718 1451 genitus,
738 1397 985 1439 christianae

182 1480 205 1481 ἡ
230 1458 241 1471 ·’
288 1457 467 1510 pietatis
503 1455 848 1498 studiosissimus
881 1453 985 1494 Tra-

160 1515 267 1566 jano⁴
279 1514 546 1567 imperatore
566 1511 623 1554 ad
640 1509 895 1553 cathedram
908 1510 985 1550 Pe-

161 1570 218 1612 tri
246 1571 478 1623 promotus
512 1574 592 1618 est,
626 1566 828 1619 seditque
860 1566 904 1606 in
937 1578 987 1607 ea

162 1637 300 1668 annos
324 1638 502 1676 novem,
528 1637 701 1666 menses
726 1629 828 1665 treS.
865 1621 989 1663 Fecit

164 1681 462 1725 ordinationes
501 1683 688 1734 quatuor
723 1692 874 1721 mense
904 1679 988 1719 De-

164 1738 340 1789 cembri,
359 1751 411 1790 ac
430 1738 596 1780 creavit
613 1736 898 1791 presbyteros
917 1733 988 1775 de-

165 1807 261 1836 cem
302 1800 345 1837 et
385 1799 572 1848 septem,
616 1792 827 1836 diaconos
863 1791 989 1840 duOS,

165 1853 402 1950 {piscopos
429 1864 510 1904 per
539 1850 713 1893 diversa
742 1849 842 1890 loca
870 1849 989 1899 quin-

197 1920 327 1950 emm.-

216 1968 267 2020 R.
294 1964 543 2006 Honestum
570 1963 672 2005 fecit
695 1962 817 2003 illum
841 1960 989 2002 Domi-

166 2033 259 2070 nus,
282 2025 326 2061 et
345 2020 583 2062 custodivit
603 2032 703 2061 eum
723 2018 777 2060 ab
797 2017 992 2065 inimicis,

169 2081 212 2117 et
239 2088 264 2117 a
293 2076 598 2118 seductoribus
623 2075 783 2117 tutavit
805 2073 942 2122 illum,
966 2076 987 2098 *

167 2132 224 2174 Et
255 2131 377 2174 dedit
407 2132 470 2173 illi
500 2132 743 2174 claritatem
775 2131 992 2171 aeternam.

167 2186 218 2238 V.
250 2187 579 2240 Descenditque
612 2200 711 2229 cum
743 2186 819 2227 illo
856 2186 899 2225 in
932 2185 991 2225 fo-

169 2257 311 2286 veam:
331 2248 375 2286 et
392 2244 438 2285 in
451 2244 634 2286 vinculis
654 2256 742 2285 non
761 2240 994 2292 dereliquit

170 2313 279 2343 eum.
307 2300 365 2342 Et
383 2299 514 2343 dedit.

477 2361 628 2402 Lectio
649 2374 686 2401 v.

169 2415 507 2520 Ecclesiarum
523 2416 675 2459 titulos
694 2414 825 2457 Urbis
839 2414 994 2455 Romae

260 2473 530 2526 presbyteris
556 2486 655 2515 eum
675 2471 874 2513 divisisse
893 2469 994 2519 legi-

171 2543 279 2580 mus,
297 2536 346 2571 ut
363 2532 663 2583 unusquisque
682 2540 773 2569 suae
788 2526 994 2579 paro'eciae

171 2586 366 2627 terminis
395 2599 446 2628 ac
473 2585 681 2627 limitibus
714 2583 995 2632 distinguere-

172 2647 258 2692 tur;
279 2648 322 2684 et
340 2642 583 2692 mandasse,
602 2646 649 2682 ut
664 2639 827 2688 altaria,
847 2639 891 2678 in
906 2637 995 2688 qui-

173 2698 255 2739 bus
274 2699 408 2740 Sacra
425 2698 549 2748 fiunt,
573 2699 796 2739 exstructa
816 2707 870 2735 ex
888 2693 992 2744 lapi-

1028 279 1095 328 de,
1113 278 1487 321 benedicerentur:
1505 283 1554 319 ut
1573 282 1743 330 septem
1760 276 1848 319 dia-

1029 336 1127 377 coni
1153 337 1410 387 episcopum
1437 334 1723 379 custodirent,
1750 333 1850 385 ipsi-

1031 404 1115 444 que
1154 391 1358 432 adessent
1390 390 1492 432 dum
1524 389 1850 442 praedicationis

1030 447 1291 498 evangelicae
1337 447 1482 488 officio
1527 451 1571 488 et
1610 445 1849 487 ministerio

1030 504 1236 555 fungitur,
1266 503 1390 555 quasi
1411 502 1586 545 traditae
1604 502 1658 544 ab
1677 502 1752 543 illo
1774 500 1848 543 do-

1031 562 1182 601 ctrinae
1200 564 1347 601 testes.

1087 623 1137 674 Ru
1162 618 1440 661 Desiderium
1470 619 1623 660 animae
1657 619 1747 670 eius
1777 618 1849 660 tri-

1030 676 1164 718 buisti
1197 676 1237 717 ei
1263 675 1464 729 Domine,
1498 679 1519 701 *
1543 675 1599 716 Et
1625 674 1850 716 voluntate

1030 731 1246 774 labiorum
1271 732 1362 783 ejus
1388 743 1476 772 non
1503 729 1714 772 fraudasti
1742 743 1851 772 eum.

1035 785 1085 837 V.
1096 787 1312 838 Quoniam
1331 786 1583 839 praevenisti
1603 799 1701 827 eum
1716 786 1760 826 in
1778 786 1849 827 be-

1031 843 1353 885 nedictionibus
1382 842 1638 884 dulcedinis:
1665 842 1852 894 posuisti

1031 901 1074 941 in
1101 900 1244 952 capite
1273 901 1363 951 ejus
1391 901 1598 940 coronam
1624 898 1679 940 de
1703 897 1851 950 lapide

1032 957 1240 1009 pretioso.
1268 956 1335 997 Et.

1335 1018 1484 1058 Lectio
1507 1018 1556 1056 vi.

1038 1071 1313 1179 Constituit
1358 1073 1487 1114 etiam
1528 1084 1582 1113 ex
1619 1071 1852 1113 traditione

1132 1127 1393 1181 apostolica,
1438 1133 1486 1169 ut
1531 1127 1852 1168 matrimonium

1035 1185 1209 1239 publice
1242 1183 1504 1233 celebretur,
1537 1188 1580 1224 et
1613 1182 1855 1224 sacerdotis

1034 1240 1282 1283 benedictio
1316 1239 1584 1281 adhibeatur.
1637 1239 1718 1279 His
1746 1238 1855 1279 aliis-

1038 1310 1122 1350 que
1160 1296 1422 1338 salutaribus
1456 1295 1723 1347 utilibusque
1757 1307 1856 1335 con-

1037 1353 1335 1396 stitutionibus
1368 1351 1549 1394 edendis
1576 1351 1858 1404 pontificatus

1039 1411 1105 1452 sui
1135 1415 1310 1462 tempus
1341 1409 1567 1458 transegit3
1598 1420 1686 1448 non
1713 1411 1859 1448 tamen

1038 1466 1145 1508 illud
1166 1466 1327 1516 omisit,
1352 1470 1400 1506 ut
1424 1464 1754 1505 simulacrorum
1773 1463 1858 1503 cul-

1038 1529 1131 1566 tum
1149 1535 1204 1564 ex
1223 1522 1378 1563 animis
1396 1521 1619 1563 hominum
1639 1519 1860 1568 avelleret3

1041 1592 1125 1632 qua
1144 1580 1187 1619 in
1206 1591 1268 1628 re,
1294 1591 1393 1619 cum
1413 1578 1587 1619 strenue
1606 1576 1860 1623 laborasset,

1039 1635 1247 1687 martyrio
1274 1635 1510 1676 coronatus
1536 1638 1620 1681 est,
1648 1645 1699 1672 ac
1718 1630 1859 1683 sepul-

1039 1698 1109 1734 tus
1151 1703 1293 1743 prope
1334 1689 1612 1743 sepulchrum
1648 1686 1860 1738 Principis

1041 1746 1359 1801 Apostolorum
1373 1747 1417 1786 in
1431 1746 1657 1794 Vaticano,
1673 1742 1860 1794 septimo

1040 1801 1264 1845 Kalendas
1282 1801 1556 1843 Novembris.

1094 1869 1143 1919 R.
1169 1862 1290 1905 Stola
1308 1861 1599 1914 jucunditatis.

1094 1931 1137 1965 In
1158 1930 1222 1964 III.
1247 1929 1444 1963 Nocturno
1467 1925 1636 1960 Homilia
1661 1925 1699 1958 in
1715 1924 1858 1965 Evang.

1043 1979 1083 2014 Si
1101 1978 1188 2022 quis
1202 1976 1318 2013 venit.
1339 1977 1385 2010 de
1405 1975 1539 2009 eodem
1555 1973 1696 2008 Comm.
1717 1972 1742 2005 1.
1763 1971 1858 2005 loco.

1255 2062 1339 2103 Die
1357 2062 1416 2102 31.
1435 2058 1650 2102 Octobris.

1163 2130 1205 2171 S.
1226 2128 1388 2171 Siricii
1407 2129 1539 2178 Papae
1558 2130 1600 2165 et
1621 2124 1739 2164 Conf.

1370 2191 1533 2234 Duplex.

1096 2247 1232 2282 Omnia
1256 2247 1302 2280 de
1328 2245 1528 2281 Communi
1551 2243 1722 2278 Confess.
1743 2243 1860 2283 Pont.‚

1044 2300 1183 2339 practer
1207 2304 1311 2337 sequ.
1334 2291 1393 2333 (m.
1416 2295 1441 2325 t.
1464 2293 1513 2334 v.)

1374 2351 1534 2392 Oratio.

1132 2423 1223 2461 eus,
1248 2409 1321 2461 qui
1340 2409 1517 2450 beatum
1535 2406 1734 2448 Siricium
1754 2405 1862 2445 Con·
1895 2411 1898 2414 ’

1141 2467 1352 2507 sessorem
1371 2469 1502 2515 atque
1521 2462 1777 2504 Pontificem
1796 2471 1860 2500 ec-

1047 2521 1302 2565 clesiasticae
1330 2519 1572 2571 disciplinae
1603 2516 1861 2570 propagato-

1046 2591 1139 2620 rem
1155 2577 1358 2619 eximium
1373 2574 1566 2616 effecisti:
1586 2573 1642 2615 da
1655 2570 1861 2612 Ecclesiae

1047 2640 1152 2680 tuae,
1191 2633 1280 2683 ejus
1312 2631 1520 2672 institutis
1551 2628 1780 2682 proficere,
1818 2630 1861 2666 et

1046 2689 1210 2731 meritis
1230 2687 1434 2740 adjuvari.
1461 2687 1545 2728 Per
1561 2683 1805 2726 Dominum.
