2040 2944
635 197 843 230 Commune
870 196 1117 230 Confessoris
1140 195 1348 227 l'ontiticis.

151 298 322 348 emptor
360 298 529 342 noster,
581 292 654 345 qui
684 292 729 332 in
762 304 814 333 ea
846 303 975 332 carne

151 363 281 404 quam
316 353 630 402 assumpserat,
675 348 783 390 abiit
813 348 858 388 in
890 360 974 388 coe-

149 405 260 448 lum?
297 406 449 448 Carnis
478 406 593 447 enim
618 405 742 446 locus
769 404 975 457 proprius

149 469 266 505 terra
290 468 370 514 est,
401 475 498 515 quae
519 462 642 514 quasi
666 460 722 502 ad
745 461 976 513 peregrina

150 520 342 569 ducitur,
383 518 487 560 dum
518 531 599 571 per
629 516 976 569 Redemptorem

149 581 347 618 nostrum
371 576 415 616 in
440 575 554 616 coelo
583 573 835 616 collocatur.
888 572 975 614 Sed

149 633 282 674 homo
328 633 410 674 iste
455 633 639 684 peregre
680 629 975 682 proficiscens,

150 690 287 731 servis
307 689 395 730 suis
413 688 531 730 bona
554 699 632 728 sua
654 685 846 735 tradidit,
876 685 975 737 quia

150 745 352 787 fidelibus
373 745 461 786 suis
480 742 721 796 spiritualia
741 741 857 783 dona
876 754 974 783 con-

150 802 291 843 cessit.
327 802 383 842 Et
401 801 475 842 uni
500 799 677 852 quidem
701 798 890 851 quinque
914 803 975 840 ta-

150 857 280 908 lenta,
309 857 380 898 alii
401 856 503 906 duo,
533 855 605 897 alii
627 867 732 896 vero
759 855 976 896 commisit

149 927 292 955 unum.
337 913 538 965 Quinque
566 912 725 953 etenim
753 916 853 952 sunt
883 913 974 952 cor-

149 970 270 1023 poris
298 982 466 1019 sensus,
494 968 713 1010 videlicet:
741 968 876 1017 visus,
904 980 974 1008 au-

150 1026 280 1076 dituS,
308 1031 475 1077 gustus,
501 1025 727 1075 odoratus,
757 1029 801 1066 et
821 1028 975 1065 tactus.

150 1083 350 1135 Quinque
366 1095 470 1133 ergo
483 1081 670 1131 talentis,
684 1080 847 1123 donum
864 1080 977 1133 quin-

151 1151 234 1191 que
263 1141 484 1188 sensuum,
520 1137 565 1179 id
593 1142 675 1187 est,
711 1137 976 1178 exteriorum

149 1196 328 1237 scientia
348 1195 613 1247 exprimitur.
653 1193 838 1235 Duobus
858 1206 975 1243 vero,

148 1251 394 1293 intellectus
419 1257 462 1293 et
487 1251 686 1303 operatio
712 1250 975 1301 designatur.

148 1308 285 1349 Unius
305 1313 450 1349 autem
469 1307 622 1349 talenti
639 1307 825 1355 nomine,
854 1307 974 1349 intel-

148 1364 286 1406 lectus
307 1363 611 1406 tantummodo
633 1363 897 1414 designatur.

200 1428 250 1479 R·-
286 1429 381 1471 Sint
412 1428 547 1470 lumbi
574 1428 709 1470 vestri
739 1429 974 1481 praecincti,

150 1491 193 1528 et
228 1486 417 1527 lucernae
457 1484 659 1527 ardentes
696 1485 739 1525 in
775 1484 975 1526 manibus

148 1542 320 1584 vestris:
335 1543 357 1565 ¹⁸¹
373 1542 429 1583 Et
447 1554 527 1583 vos
545 1541 706 1582 similes
726 1540 975 1583 hominibus

149 1597 505 1651 exspectantibus
561 1597 786 1639 dominum
839 1610 975 1647 suum,

151 1654 325 1707 quando
344 1656 588 1695 revertatur
608 1666 633 1694 a
650 1654 826 1706 nuptiis.
844 1650 894 1701 V.
909 1654 976 1695 Vi-

149 1711 282 1761 gilate
301 1722 417 1761 ergo,
447 1710 547 1762 quia
565 1710 742 1751 nescitis
764 1723 849 1762 qua
867 1710 975 1751 hora

148 1767 363 1808 Dominus
390 1771 536 1808 vester
564 1769 773 1808 venturus
801 1767 868 1808 sit.
909 1767 974 1809 Et.

154 1822 303 1865 Gloria
321 1823 449 1864 Patri.
477 1823 543 1864 Et.

202 1887 361 1929 Bened.
397 1888 465 1930 Ad
483 1887 750 1930 societatem.

444 1970 597 2011 Lectio
618 1970 671 2010 ix.

149 2030 276 2138 Sed
294 2041 341 2090 iS,
371 2041 444 2093 qui
464 2040 654 2092 quinque
672 2040 836 2082 talenta
856 2042 974 2082 acce-

229 2102 366 2150 perat,
382 2096 466 2138 alia
482 2097 671 2148 quinque
686 2096 879 2138 lucratus
895 2102 975 2139 est:

152 2153 252 2206 quia
270 2158 371 2195 sunt
388 2152 595 2203 nonnulli,
616 2152 690 2205 qui
706 2153 787 2194 etsi
806 2153 975 2195 interna

150 2222 201 2251 ac
218 2210 402 2262 mystica
417 2211 649 2262 penetrare
663 2209 873 2258 nesciunt,
892 2223 974 2262 pro

149 2266 388 2308 intentione
415 2271 561 2308 tamen
591 2267 791 2318 supernae
819 2266 975 2318 patriae

151 2322 310 2364 docent
326 2327 445 2364 recta
461 2334 571 2374 quos
585 2326 782 2374 possunt,
798 2321 852 2363 de
869 2322 975 2375 ipsis

151 2378 450 2428 exterioribus,
480 2391 578 2430 quae
598 2380 871 2430 acceperunt,
900 2378 975 2420 du-

150 2433 271 2486 plum
285 2434 495 2477 talentum
510 2439 701 2487 portant:
721 2433 912 2487 dumque
928 2447 975 2476 se

151 2502 176 2530 a
189 2490 328 2531 earnis
342 2491 592 2543 petulantia,
607 2495 651 2532 et
666 2503 691 2532 a
705 2493 976 2532 terrenarum

150 2558 295 2587 rerum
323 2546 501 2596 ambitu,
529 2553 661 2599 atque
689 2560 713 2588 a
741 2546 975 2588 visibilium

151 2601 377 2654 voluptate
397 2603 659 2653 custodiunt,
681 2603 736 2645 ab
756 2603 824 2644 his
845 2603 975 2644 etiam

151 2657 261 2699 alios
289 2657 564 2702 admonendo
597 2662 891 2712 compescunt.
919 2660 976 2701 Et

151 2719 250 2756 sunt
285 2715 496 2766 nonnulli,
535 2717 609 2769 qui
644 2717 768 2769 quasi
802 2715 974 2758 duobus

1027 290 1200 332 talentis
1237 289 1382 339 ditati,
1418 289 1687 331 intellectum
1723 294 1854 341 atque

1028 347 1329 399 operationem
1364 346 1631 399 percipiunt,
1679 346 1855 387 subtilia

1028 402 1082 444 de
1101 403 1281 444 internis
1300 402 1558 453 intelligunt,
1586 403 1696 444 mira
1719 403 1763 443 in
1784 415 1853 444 ex-

1026 458 1260 501 terioribus
1289 461 1537 511 operantur.
1586 459 1782 510 Cumque
1812 464 1854 500 et

1026 515 1308 567 intelligendo
1328 520 1371 557 et
1391 515 1616 567 operando
1634 515 1727 556 aliis
1745 518 1854 568 prae-

1029 571 1193 621 dicant,
1235 572 1359 624 quasi
1392 571 1663 624 duplicatum
1696 572 1750 613 de
1782 585 1853 613 ne-

1027 629 1147 680 gotio
1175 628 1344 669 lucrum
1371 630 1608 680 reportant.

1085 695 1145 733 Te
1164 690 1309 731 Deum
1326 688 1567 730 laudamus.
1594 690 1652 729 14.

1290 770 1369 811 Ad
1395 769 1591 811 Laudes

1256 833 1301 859 et
1336 836 1424 867 per
1454 824 1631 857 Horas

1085 883 1178 921 Ant.
1200 883 1227 920 1.
1260 882 1372 921 Ecce
1392 879 1599 920 sacerdos
1622 893 1815 930 magnus,
1831 880 1853 904 *

1030 938 1101 989 qui
1130 938 1172 978 in
1200 937 1355 978 diebus
1381 937 1470 977 suis
1490 936 1655 988 placuit
1673 937 1782 985 Deo,
1812 941 1855 977 et

1028 995 1229 1048 inventus
1250 999 1317 1035 est
1338 995 1485 1045 justus.

1083 1052 1235 1092 Psalm.
1271 1050 1479 1091 Dominus
1513 1049 1720 1101 regnavit.
1757 1063 1850 1089 cum

1029 1109 1217 1160 reliquis.
1246 1108 1304 1147 15.

1080 1168 1115 1205 2.
1150 1165 1244 1205 Non
1266 1168 1331 1205 est
1351 1163 1550 1204 inventus
1569 1163 1592 1187 *
1614 1163 1764 1203 similis
1784 1162 1855 1211 illi,

1031 1221 1103 1273 qui
1122 1222 1405 1262 conservaret
1424 1219 1566 1271 legem
1585 1219 1770 1260 Excelsi.

1081 1280 1116 1317 53.
1147 1277 1251 1318 Ideo
1274 1275 1550 1329 jurejurando
1569 1277 1592 1301 *
1612 1276 1714 1317 fecit
1736 1276 1856 1317 illum

1028 1334 1242 1375 Dominus
1261 1335 1459 1374 crescere
1473 1332 1517 1372 in
1532 1331 1706 1384 plebem
1722 1346 1855 1373 suam.

1082 1391 1117 1429 4.
1150 1389 1411 1431 Sacerdotes
1440 1389 1523 1430 Dei
1554 1389 1577 1414 *
1610 1388 1856 1430 benedicite

1027 1447 1279 1489 Dominum:
1308 1446 1423 1487 servi
1447 1445 1623 1485 Domini
1648 1445 1857 1497 hymnum

1029 1504 1160 1546 dicite
1179 1503 1287 1551 Deo,
1316 1501 1498 1553 alleluia.

1082 1562 1118 1600 5.
1147 1562 1279 1601 Serve
1302 1558 1419 1600 bone
1441 1559 1464 1583 *
1489 1563 1532 1600 et
1552 1558 1710 1607 fidelis,
1743 1558 1856 1599 intra

1028 1616 1072 1656 in
1090 1615 1298 1667 gaudium
1316 1615 1494 1655 Domini
1514 1615 1588 1655 tui.

1082 1690 1341 1742 Capitulum.
1550 1688 1680 1729 Eccli.
1691 1690 1756 1728 44.
1770 1703 1801 1730 c.

1108 1767 1184 1796 cce
1218 1753 1426 1795 sacerdos
1459 1765 1658 1804 magnus,
1701 1752 1775 1804 qui
1809 1753 1854 1793 in

1134 1810 1288 1852 diebus
1325 1810 1414 1851 suis
1451 1809 1616 1862 placuit
1652 1809 1768 1858 Deo,
1810 1813 1854 1850 et

1027 1868 1227 1909 inventus
1247 1872 1313 1908 est
1332 1867 1485 1919 justus:
1519 1870 1563 1907 et
1586 1866 1630 1906 in
1652 1867 1852 1917 tempore

1027 1923 1263 1966 iraclindiae
1291 1923 1431 1964 factus
1457 1927 1525 1964 est
1547 1921 1854 1964 reconciliatio.

1339 2006 1548 2056 Hymnus.

1152 2083 1230 2112 esu
1246 2070 1520 2123 Redemptor
1541 2070 1743 2119 omnium,

1174 2128 1340 2180 Perpes
1361 2129 1524 2168 corona
1542 2126 1796 2176 Praesulum‚

1130 2185 1182 2225 In
1200 2183 1282 2225 hac
1303 2183 1373 2225 die
1393 2183 1647 2224 clementius

1131 2240 1366 2291 Indulgeas
1385 2238 1678 2292 precantibus.

1086 2309 1168 2350 Tui
1187 2309 1299 2350 sacri
1320 2321 1405 2361 qua
1422 2308 1609 2349 nominis

1132 2365 1368 2407 Confessor
1385 2364 1524 2406 almus
1545 2364 1700 2406 claruit

1131 2422 1270 2473 Hujus
1289 2420 1483 2462 celebrat
1502 2423 1644 2462 annua

1132 2478 1305 2519 Devota
1323 2476 1450 2530 plebs
1471 2477 1691 2527 solemnia,

1081 2547 1165 2597 Qui
1184 2546 1266 2588 rite
1285 2545 1437 2587 mundi
1457 2546 1616 2598 gaudia

1133 2604 1273 2655 Hujus
1293 2602 1458 2643 caduca
1477 2605 1699 2655 respuens,

1131 2659 1407 2700 AEternitatis
1426 2660 1610 2712 praemio

1130 2716 1302 2758 Potitur
1321 2715 1432 2757 inter
1450 2715 1656 2766 Angelos.
