2040 2944
214 226 277 261 114

778 222 887 255 Feria
914 227 1046 265 quarta
1072 221 1119 254 ud
1143 221 1344 263 Vespera&

243 322 378 363 Jussis
398 321 484 362 tuis
504 318 792 370 obtemperet:

290 377 431 419 Nullis
451 374 576 416 malis
597 374 888 427 approximet:

291 434 426 474 Bonis
445 430 603 484 repleri
623 430 827 482 gaudeat,

290 490 346 531 Et
362 488 516 529 mortis
536 487 670 528 ictum
689 487 865 528 nesciat.

243 570 415 617 Praesta,
436 567 566 607 Pater
586 565 793 617 piissime,

285 625 493 675 Patrique
513 634 692 674 compar
711 621 859 671 Unice,

290 681 397 721 Cum
416 679 580 732 Spiritu
598 678 818 719 Paraclito

288 738 494 788 Regnans
513 748 592 788 per
613 747 741 775 omne
760 733 978 775 saeculum.

519 791 670 832 Amen.

266 856 314 908 δ”.
331 862 555 913 Dirigatur
566 860 753 901 Domine
769 859 910 900 oratio
926 872 1033 900 mea.

216 919 261 969 R*-
269 919 389 960 Sicut
400 918 622 958 incensum
634 916 677 957 in
688 917 929 968 conspectu
940 920 1031 956 tuo.

268 982 333 1021 Ad
357 982 527 1029 Magnif.
560 983 655 1022 Ant.
688 981 887 1022 Exsultet
906 981 929 1006 *
950 983 1033 1033 spi-

213 1040 322 1081 ritus
341 1052 463 1080 meus
484 1038 527 1078 in
547 1038 643 1079 Deo
664 1037 843 1078 salutari
862 1050 974 1079 meo.

266 1107 416 1143 Preces.
450 1108 480 1140 si
512 1107 685 1141 diccnclae
719 1108 808 1144 sint,
847 1108 1033 1141 habentur

215 1166 329 1198 supra
356 1155 391 1188 in
420 1156 531 1198 vesp.
566 1155 644 1189 Fer.
671 1155 714 1188 ΙΙ.
738 1155 809 1190 111.

265 1323 412 1365 Feria
435 1323 620 1373 quarta
639 1323 702 1364 ad
719 1323 981 1374 vesperas.

269 1398 363 1437 Ant.
398 1398 492 1438 Non
512 1396 812 1438 confundetur.

473 1472 668 1511 I‘salmus
695 1474 775 1511 126.

244 1572 251 1586 ,
344 1536 395 1576 isi
412 1535 626 1576 Dominus
652 1535 935 1579 aedificaverit
959 1537 1034 1579 do-

218 1613 219 1621 η
263 1589 305 1647 J<
359 1606 491 1641 mum,
514 1593 536 1617 *
558 1592 601 1632 in
628 1605 787 1633 vanum
813 1593 1034 1636 laborave-

362 1654 461 1690 runt
482 1649 554 1701 qui
575 1648 793 1690 aedificant
814 1663 919 1691 eam.

266 1706 361 1747 Nisi
376 1706 590 1746 Dominus
610 1705 868 1748 custodierit
888 1707 1035 1749 civita-

214 1768 314 1811 tem,
332 1763 354 1787 *
374 1762 533 1803 frustra
561 1762 711 1813 vigilat
740 1763 814 1814 qui
842 1763 1036 1805 custodit

216 1831 321 1860 eam.

267 1875 440 1915 Vanum
483 1880 549 1916 est
586 1874 712 1916 vobis
754 1881 855 1917 ante
894 1876 1036 1917 lucem

217 1934 410 1982 surgere:
428 1932 451 1956 *
470 1931 634 1982 surgite
658 1938 893 1984 postquam
916 1932 1036 1974 sede-

216 1988 331 2040 ritis,
374 1988 447 2039 qui
474 1987 748 2029 manducatis
775 2001 933 2041 panem
962 1989 1036 2030 do·

216 2043 333 2084 loris.

269 2100 376 2141 Cum
413 2099 584 2141 dederit
625 2100 796 2142 dilectis
838 2101 928 2142 suis
971 2114 1037 2142 so-

216 2170 379 2197 mnum:
406 2157 429 2182 *
459 2169 560 2198 ecce
594 2156 828 2198 haereditas
860 2158 1038 2199 Domini

217 2212 309 2253 filii:
328 2226 506 2263 merces,
528 2213 694 2254 fructus
714 2214 893 2255 ventris.

268 2269 388 2311 Sicut
413 2272 584 2321 sagittae
611 2270 654 2310 in
675 2283 804 2311 manu
829 2270 1038 2323 potentis:

217 2326 240 2351 *
260 2326 319 2366 ita
338 2326 414 2367 filii
436 2328 729 2367 excussorum.

270 2382 432 2423 Beatus
458 2383 523 2424 vir
548 2383 622 2434 qui
646 2383 843 2436 implevit
869 2383 1038 2425 deside-

217 2438 327 2479 rium
349 2452 473 2479 suum
494 2452 547 2480 ex
565 2440 689 2491 ipsis:
710 2441 733 2465 *
751 2452 838 2481 non
863 2439 1038 2481 confun-

219 2494 345 2535 detur
380 2508 477 2536 cum
504 2495 707 2548 loquetur
734 2497 920 2538 inimicis
948 2496 1038 2537 suis

217 2551 259 2591 in
279 2556 417 2603 porta.

276 2614 370 2653 Ant.
411 2615 504 2656 Non
533 2615 823 2658 confundetur
851 2629 950 2659 cum
978 2617 1038 2658 lo-

219 2674 374 2724 quetur
395 2672 580 2713 inimicis
602 2672 691 2713 suis
711 2673 754 2713 in
774 2678 914 2726 porta.

273 2739 370 2777 Ant.
403 2737 534 2778 Beelti.

1352 314 1548 354 Psalmus
1569 314 1650 353 127.

1090 367 1255 471 Beati
1288 383 1458 420 omnes,
1486 369 1562 422 qui
1595 369 1752 410 timent
1782 368 1908 418 Dfim,

1196 427 1219 453 *
1246 427 1320 479 qui
1342 425 1567 468 ambulant
1590 425 1634 466 in
1657 424 1741 467 viis
1769 425 1870 477 ejus.

1136 483 1332 525 Labores
1364 485 1570 524 manuum
1602 483 1776 523 tuarum
1808 480 1911 532 quia

1085 539 1386 582 manducabis:
1407 540 1430 565 *
1449 539 1606 580 beatus
1635 550 1698 587 eS,
1727 541 1771 578 et
1797 536 1910 578 bene

1085 596 1166 639 tibi
1187 597 1279 638 erit.

1137 654 1258 695 Uxor
1277 658 1352 695 tua
1372 652 1486 693 sicut
1504 651 1607 693 vitis
1626 648 1866 699 abundans,
1885 649 1909 675 *

1085 710 1129 751 in
1148 709 1359 751 lateribus
1381 708 1537 750 domus
1556 712 1656 749 tuae.

1136 766 1236 806 Filii
1256 766 1320 807 tui
1344 765 1458 806 sicut
1476 763 1661 806 novellae
1686 762 1911 812 olivarum,

1085 823 1109 848 *
1129 823 1172 863 in
1192 822 1376 864 circuitu
1395 833 1559 862 mensae
1578 825 1678 861 tuae.

1137 879 1253 920 Ecce
1287 878 1350 920 sic
1381 877 1666 919 benedicetur
1698 876 1853 926 homo,
1886 875 1911 902 *

1087 935 1161 987 qui
1182 935 1308 976 timet
1326 934 1575 975 Dominum.

1138 990 1379 1032 Benedicat
1394 990 1475 1032 tibi
1490 990 1705 1031 Dominus
1723 1002 1776 1031 ex
1789 989 1912 1030 Sion:

1086 1049 1109 1073 ²⁸¹
1132 1052 1175 1089 et
1199 1047 1351 1089 videas
1374 1047 1492 1088 bona
1511 1046 1753 1088 Jerusalem
1777 1045 1911 1087 omni-

1086 1103 1168 1146 bus
1191 1103 1345 1145 diebus
1364 1103 1467 1145 vitae
1486 1108 1586 1144 tuae.

1138 1160 1195 1201 Et
1210 1159 1362 1201 videas
1381 1159 1497 1201 filios
1515 1159 1706 1200 filiorum
1724 1160 1912 1208 tuorum,

1086 1217 1110 1243 *
1131 1229 1285 1269 pacem
1305 1229 1437 1269 super
1455 1215 1604 1257 Israel.

1144 1276 1241 1317 Ant.
1279 1273 1404 1315 Beati
1441 1285 1610 1322 omnes,
1646 1271 1719 1324 qui
1756 1271 1913 1312 timent

1086 1330 1334 1371 Dominum.

1143 1387 1240 1426 Ant.
1269 1386 1406 1438 Saepe·

1138 1490 1143 1494 ἱ
1349 1441 1546 1481 Psalmus
1574 1442 1656 1481 128.

1156 1511 1253 1551 aepe
1271 1499 1630 1550 expugnaverunt
1644 1510 1715 1539 me
1730 1510 1755 1538 a
1770 1498 1913 1549 juven-

1185 1558 1279 1596 tute
1298 1567 1406 1604 mea,
1426 1555 1450 1580 *
1470 1553 1589 1595 dicat
1607 1566 1723 1595 nunc
1741 1553 1888 1595 Israel.

1139 1612 1268 1664 Saepe
1301 1612 1661 1664 expugnaverunt
1693 1623 1764 1652 me
1796 1623 1822 1651 a
1855 1611 1914 1663 ju-

1087 1671 1267 1710 ventute
1285 1680 1398 1709 mea:
1417 1668 1440 1693 *
1460 1667 1623 1708 etenim
1650 1679 1739 1708 non
1762 1668 1914 1719 potue-

1088 1730 1190 1766 runt
1209 1723 1327 1765 mihi.

1139 1780 1280 1833 Supra
1306 1779 1487 1822 dorsum
1509 1792 1655 1821 meum
1677 1778 1914 1821 fabricave-

1089 1842 1189 1879 runt
1210 1838 1484 1890 peccatores:
1499 1837 1523 1862 *
1542 1836 1916 1889 prolongaverunt

1090 1894 1365 1946 iniquitatem
1385 1906 1520 1934 suam.

1142 1950 1356 1991 Dominus
1388 1951 1526 2002 justus
1559 1947 1750 1990 concidit
1781 1950 1916 1990 cervi-

1091 2020 1164 2048 ces
1196 2008 1499 2060 peccatorum:
1531 2005 1555 2031 *
1593 2003 1916 2047 confundantur

1091 2069 1134 2105 et
1158 2065 1471 2105 convertentur
1489 2063 1731 2104 retrorsum
1751 2073 1915 2111 omnes,

1092 2120 1166 2172 qui
1186 2119 1374 2161 oderunt
1392 2119 1507 2160 Sion.

1142 2176 1270 2217 Fiant
1298 2176 1412 2218 sicut
1438 2175 1604 2217 foenum
1631 2175 1865 2216 tectorum:
1893 2173 1916 2199 *

1092 2232 1213 2285 quod
1226 2233 1483 2286 priusquam
1495 2231 1717 2280 evellatur,
1733 2230 1918 2272 exaruit:

1143 2289 1211 2330 De
1253 2301 1340 2342 quo
1382 2301 1471 2330 non
1507 2287 1705 2341 implevit
1740 2299 1917 2328 manum

1092 2358 1214 2386 suam
1242 2346 1316 2398 qui
1340 2346 1476 2396 metit,
1502 2346 1526 2371 *
1551 2350 1595 2387 et
1621 2344 1764 2385 sinum
1789 2356 1916 2385 suum

1094 2402 1166 2454 qui
1186 2402 1433 2455 manipulos
1453 2401 1630 2453 colligit.

1143 2459 1200 2500 Et
1213 2471 1299 2499 non
1314 2458 1519 2500 dixerunt
1532 2457 1607 2510 qui
1616 2455 1917 2510 praeteribant:

1092 2514 1350 2556 Benedictio
1382 2514 1560 2556 Domini
1598 2525 1729 2566 super
1762 2524 1862 2553 vos:
1891 2512 1916 2537 *

1091 2570 1395 2613 benediximus
1419 2571 1546 2612 vobis
1570 2571 1614 2611 in
1633 2568 1808 2610 nomine
1828 2568 1915 2609 Do-

1091 2641 1207 2668 mim.

1147 2682 1244 2721 Ant.
1272 2682 1400 2735 Saepe
1426 2683 1783 2736 expugnaverunt
1802 2694 1872 2723 me
1891 2693 1917 2722 a
1978 2710 1982 2715 -

1092 2741 1316 2791 juventute
1334 2751 1441 2781 mea.
