2040 2944
556 182 627 215 Die
651 182 680 214 4.
707 180 809 221 Sept.
856 178 891 212 S.
916 177 1087 211 Rosaliae
1111 176 1216 218 Virg.
1242 175 1537 210 Panormitanae.

188 275 237 326 Υ
261 278 450 329 Propter
469 274 714 323 veritatem,
743 279 786 315 et
813 285 1012 314 mansue-

183 333 390 382 tudinem,
410 336 453 373 et
471 330 688 383 justitiam.
715 330 969 383 Propterea.

488 407 638 447 Lectio
660 407 711 446 vi.

187 469 425 574 Tandem
461 471 711 513 Viterbium
753 483 923 511 summa
960 473 1014 512 ci-

301 529 416 569 vium
442 527 735 579 gratulatione
760 528 947 577 reversa,
971 527 1016 568 in

185 586 454 627 consortium
488 584 883 627 sanctimonialium
920 597 1014 625 san-

185 648 267 684 ctae
282 642 434 683 Mariae
454 641 510 683 de
526 642 660 683 Rosis
683 640 855 682 admitti
874 641 1016 693 petiit,

185 700 264 741 sed
292 699 377 740 illis
404 699 651 750 ingressum
681 698 738 740 ob
766 697 928 751 puellae
956 698 1015 738 iu-

185 757 333 810 opiam
360 755 693 806 denegantibus,
722 767 770 796 se
797 757 1017 796 mortuam

184 814 227 854 in
253 826 307 855 eo
332 811 538 854 coenobio
563 815 888 854 comoraturam
906 824 1017 865 prae-

186 869 307 911 dixit.
352 869 459 910 Mox
495 868 552 910 ad
587 869 822 921 pristinum
859 868 1017 910 domus

186 939 277 968 suae
297 928 519 968 carcerem
545 928 755 977 regressa,
780 939 879 967 cum
902 926 947 966 in
967 938 1018 967 ea

187 983 360 1025 duobus
375 983 498 1024 annis
514 985 839 1036 permansisset,
859 982 1017 1024 morbo

187 1042 409 1093 correpta,
447 1043 490 1081 et
527 1038 584 1081 ad
615 1039 792 1081 beatam
828 1039 1019 1092 patriam

187 1099 429 1150 suspirans,
460 1096 626 1138 meritis
657 1096 789 1149 plena
816 1096 1020 1147 migravit

187 1153 245 1196 ad
273 1166 501 1207 sponsum,
535 1153 707 1195 decimo
737 1155 897 1195 octavo
927 1166 1019 1194 suae

187 1211 290 1252 vitae
307 1223 422 1252 anno
438 1210 634 1252 nondum
650 1212 819 1252 exacto.
846 1210 1019 1263 Corpus

189 1269 279 1319 ejus
319 1268 432 1309 miro
469 1266 705 1320 splendore
742 1266 1019 1316 illustratum,

189 1326 399 1376 suavique
424 1323 563 1365 odore
587 1323 824 1376 perfusum,
850 1323 894 1363 in
913 1327 1019 1364 tem-

187 1380 262 1433 plo
283 1385 447 1422 sanetae
467 1381 619 1421 Mariae
640 1379 696 1422 de
715 1379 869 1429 Podjo,
894 1379 1019 1421 effos-

189 1450 237 1478 sa
261 1436 414 1487 humo,
443 1450 494 1478 ac
523 1435 716 1490 desuper
739 1437 928 1487 ingesta,
955 1441 1019 1478 tu-

187 1494 400 1536 mulatum
424 1494 519 1544 fuit;
547 1493 690 1535 donec
714 1498 817 1546 post
843 1493 1021 1544 triginta

189 1550 361 1592 circiter
371 1563 546 1592 menses
562 1550 617 1592 ab
629 1548 885 1592 Alexandro
903 1563 1022 1602 quar-

187 1612 246 1658 to,
270 1612 374 1649 tunc
391 1607 581 1649 Viterbii
604 1607 796 1657 sedente,
821 1611 865 1648 et
889 1606 932 1647 in
953 1619 1020 1648 so-

188 1664 299 1705 mnis
318 1669 385 1706 ter
405 1664 460 1706 ab
481 1677 533 1706 ea
552 1664 780 1706 admonito
802 1663 1021 1705 refossum
1082 1651 1144 1706 f>
1129 1665 1132 1668 ⁴

189 1726 232 1762 et
264 1721 570 1774 incorruptum
602 1722 845 1774 repertum,
877 1719 1020 1772 pridie
1078 1722 1198 1770 XL

187 1777 340 1819 Nonas
376 1777 648 1830 Septembris
695 1777 750 1819 ad
785 1777 1021 1830 praefatum

189 1834 513 1884 monasterium,
538 1833 660 1887 quod
679 1837 837 1887 postea
856 1839 1021 1876 sanctae

190 1891 323 1932 Rosae
342 1893 642 1943 nuncupatum
663 1896 741 1941 est,
766 1890 1020 1932 solemniter

189 1946 448 1989 translatum
474 1947 569 1989 fuit:
595 1947 669 1990 ubi
695 1960 836 2000 usque
863 1946 920 1989 ad
944 1946 1020 1988 ho-

190 2003 385 2044 diernam
404 2003 520 2045 diem
536 2007 755 2056 integrum
771 2009 814 2046 et
830 2003 1020 2045 flexibile

191 2073 358 2101 summa
390 2062 526 2102 totius
564 2060 684 2103 orbis
721 2060 1021 2109 admiratione,

192 2119 452 2166 asservatur,
479 2122 522 2159 et
544 2118 672 2159 novis
699 2130 873 2170 semper
894 2117 1021 2157 mira-

193 2172 300 2213 culis
320 2176 534 2216 coruscat.

248 2234 298 2285 R*-
314 2234 565 2276 Afferentur
583 2235 706 2286 Regi.
731 2235 809 2287 [91]

248 2303 289 2336 ln
312 2303 377 2336 ΙΙΙ.
399 2303 597 2337 Nocturno
622 2302 794 2337 Homilia
820 2303 857 2336 in
875 2303 1022 2346 Evang.

196 2349 327 2385 Simile
352 2352 423 2386 erit
442 2362 612 2395 regnum.
636 2351 681 2385 de
704 2351 839 2385 eodem
858 2351 1023 2386 Comuni

198 2399 225 2432 l.
249 2399 346 2432 loco.
369 2399 439 2442 [93]

469 2477 638 2518 Eadem
655 2477 750 2519 Die.

196 2545 238 2585 S.
253 2543 468 2586 Rosaliae
484 2543 674 2590 Virginis
690 2544 1022 2585 Panormitanae.

482 2605 740 2650 Semiduplex.

250 2666 387 2701 Omnia
414 2666 460 2699 dc
486 2666 629 2700 Comm.
654 2667 758 2709 Virg.
787 2668 859 2711 [83]
882 2670 1024 2710 praeter

198 2714 408 2757 sequentia.

1406 272 1571 312 Oratio.

1072 333 1285 438 Exaudi
1315 348 1397 378 nos
1429 336 1551 376 Deus
1588 334 1793 377 salutaris
1825 347 1894 377 no-

1182 398 1288 435 ster:
1314 398 1362 434 ut
1386 392 1499 433 sicut
1522 391 1578 433 de
1596 391 1741 434 beatae
1759 392 1899 434 Rosa-

1068 451 1138 492 liae
1157 450 1351 501 Virginis
1370 454 1459 491 tuae
1484 448 1723 490 festivitate
1742 447 1901 500 gaude-

1069 521 1182 558 mus,
1201 508 1262 549 ita
1281 507 1368 559 piae
1384 505 1633 548 devotionis
1649 505 1902 547 erudiamur

1070 564 1247 614 affectu3
1285 568 1330 605 et
1366 564 1458 616 ejus
1495 562 1811 604 intercessione
1846 561 1902 603 ab

1069 620 1309 663 iracundiae
1334 625 1424 662 tuae
1449 619 1634 671 flagellis
1659 619 1902 660 misericor-

1070 677 1184 720 diter
1201 677 1447 719 liberemur.
1475 677 1560 718 Per
1577 675 1826 718 Dominum.

1286 751 1361 785 Pro
1386 759 1506 793 regno
1531 748 1686 784 Siciliae.

1347 811 1445 852 Alia
1467 811 1631 851 Oratio.

1071 869 1248 996 Deus,
1272 873 1347 926 qui
1366 872 1543 914 beatam
1561 871 1789 913 Rosaliam
1805 871 1902 912 Vir-

1177 931 1322 982 ginem
1341 943 1365 972 e
1386 928 1609 980 regalibus
1629 927 1782 970 mundi
1800 927 1903 970 deli-

1072 988 1150 1030 ciis
1169 988 1214 1028 in
1231 987 1448 1029 montium
1467 985 1750 1028 solitudinem
1767 989 1904 1026 trans-

1071 1044 1224 1087 tulisti·
1254 1043 1449 1086 concede
1474 1042 1710 1108 propitius,
1738 1046 1787 1083 ut
1811 1041 1904 1094 ejus

1072 1101 1238 1143 meritis
1264 1106 1307 1143 et
1329 1100 1577 1156 patrocinio
1605 1112 1631 1141 a
1656 1097 1808 1140 saeculi
1829 1110 1904 1139 vo-

1072 1158 1316 1212 luptatibus
1353 1158 1397 1198 in
1434 1152 1681 1199 coelestium
1710 1157 1906 1198 amorem

1072 1215 1397 1265 transferamur,
1419 1219 1463 1256 et
1483 1213 1538 1255 ab
1557 1213 1798 1255 iracundiae
1815 1217 1905 1254 tuae

1073 1272 1257 1324 flagellis
1285 1270 1631 1313 misericorditer
1657 1269 1906 1312 liberemur.

1072 1329 1158 1371 Per
1185 1329 1436 1371 Dominum.

1131 1393 1175 1427 In
1204 1392 1230 1426 Ι.
1259 1392 1460 1425 Nocturno
1495 1390 1699 1425 Lectiones
1732 1390 1779 1424 de
1809 1388 1907 1424 Scri-

1075 1446 1188 1484 ptura
1214 1444 1447 1474 oecurrente.

1309 1506 1358 1544 In
1377 1506 1427 1544 II.
1447 1505 1672 1544 Nocturno.

1380 1571 1533 1612 Lectio
1555 1571 1608 1611 iv.

1162 1633 1342 1680 -osalia
1378 1633 1522 1684 virgo,
1559 1638 1658 1674 orta
1689 1632 1905 1681 Panormi,

1221 1703 1276 1732 ex
1295 1690 1433 1732 nobili
1452 1692 1613 1741 genere
1633 1702 1758 1731 suam
1777 1689 1904 1741 origi-

1184 1766 1190 1773 τ
1219 1759 1320 1788 nem
1351 1746 1530 1788 trahens
1565 1759 1591 1787 a
1624 1745 1785 1788 Carolo
1815 1745 1904 1787 Ma-

1073 1817 1177 1854 gno,
1209 1804 1253 1845 in
1286 1804 1543 1856 Quisquinae
1574 1808 1770 1845 montem
1802 1814 1904 1854 qua-

1074 1861 1276 1913 draginta
1321 1861 1493 1903 circiter
1537 1860 1657 1902 mille
1699 1859 1904 1913 passibus

1074 1917 1313 1959 distantem
1337 1917 1431 1959 sola
1455 1916 1682 1967 secedens,
1707 1917 1905 1970 paternae

1075 1973 1233 2016 domus
1253 1987 1374 2026 opes,
1394 1974 1584 2024 delicias,
1605 1986 1656 2015 ac
1675 1986 1800 2026 spem
1818 1985 1905 2014 ma-

1075 2031 1177 2082 joris
1197 2029 1498 2083 amplitudinis
1525 2030 1583 2072 ob
1602 2029 1905 2082 propinquita-

1074 2093 1164 2129 tem
1189 2092 1233 2129 et
1253 2086 1607 2129 benevolentiam
1632 2099 1786 2138 regum
1804 2086 1906 2127 Sici-

1075 2144 1156 2194 liae,
1173 2147 1470 2194 contemnens,
1486 2156 1585 2185 cum
1599 2142 1769 2185 tetricae
1784 2142 1907 2194 rupis

1075 2201 1258 2243 horrore
1284 2206 1327 2242 et
1347 2200 1587 2254 asperitate
1607 2198 1908 2241 commutavit:

1074 2257 1206 2309 inque
1235 2263 1424 2307 antrum,
1453 2257 1523 2298 cui
1549 2262 1654 2298 tunc
1681 2256 1836 2296 unicus
1865 2259 1909 2296 et

1077 2314 1256 2366 quidem
1289 2317 1501 2365 angustus
1538 2312 1684 2354 aditus
1722 2324 1746 2354 e
1781 2323 1907 2364 supe-

1075 2370 1180 2412 riori
1214 2370 1315 2412 loco
1347 2369 1546 2423 patebat,
1584 2367 1802 2421 intrepide
1835 2366 1908 2409 de-

1076 2426 1246 2468 scendit
1266 2440 1317 2468 ea
1335 2432 1482 2468 mente
1503 2438 1635 2478 quam
1648 2424 1907 2466 characteri-

1075 2483 1158 2524 bus
1178 2496 1286 2525 saxo
1309 2482 1540 2535 insculptis
1560 2481 1704 2523 adhuc
1723 2480 1908 2534 patenti-

1076 2539 1158 2580 bus
1192 2540 1427 2593 expressit.
1457 2539 1552 2590 Ego
1585 2538 1768 2579 Rosalia
1799 2537 1906 2579 Sini-

1076 2595 1197 2638 baldi
1223 2596 1479 2648 Quisquinae
1513 2599 1556 2636 et
1583 2594 1805 2635 Rosarum
1833 2591 1907 2634 do-

1076 2652 1182 2693 mini
1203 2653 1304 2702 filia,
1328 2653 1477 2693 amore
1497 2650 1677 2692 Domini
1699 2650 1786 2692 mei
1802 2650 1827 2690 J
1830 2661 1908 2691 esu

1078 2708 1238 2750 Christi
1266 2709 1311 2750 in
1340 2708 1426 2750 hoc
1453 2712 1579 2749 antro
1608 2706 1808 2749 habitare
1836 2705 1908 2747 de-
