2040 2944
716 151 871 194 Septem
895 151 1040 185 Psalmi
1064 151 1367 186 Poenitentiales.

178 243 202 270 *
244 255 377 294 super
416 243 562 294 ipsum
602 247 750 285 autem
790 243 1010 286 efflorebit

179 298 470 339 sanctificatio
488 311 597 340 mea.

231 353 384 394 Gloria
401 354 534 395 Patri.

450 411 648 451 Psalmus
669 412 751 451 132.

182 461 346 565 Ecce
365 478 497 517 quam
523 465 705 515 bonum,
734 471 777 508 et
799 479 931 518 quam
952 468 1011 518 ju-

281 521 473 563 cundum
501 523 524 549 *
553 521 754 564 habitare
781 523 939 564 fratres
965 523 1010 563 in

176 591 327 619 unum:

224 634 345 675 Sicut
354 635 623 684 unguentum
633 634 677 674 in
688 634 844 686 capite,
854 636 878 662 *
890 634 1011 687 quod

178 689 406 731 descendit
430 690 475 730 in
496 689 697 739 barbam,
722 690 906 732 barbam
924 691 1009 732 Aa·

176 758 268 794 ron,

229 800 361 851 Quod
394 800 621 843 descendit
652 802 696 841 in
729 814 853 843 oram
880 803 1008 844 vesti-

177 857 313 898 menti
329 858 434 908 ejus:
450 858 474 884 *
490 857 603 899 sicut
618 870 692 898 ros
707 858 916 908 Hermon,
936 859 1010 910 qui

178 911 405 954 descendit
424 913 469 953 in
486 918 682 954 montem
700 914 816 955 Sion.

229 968 446 1018 Quoniam
479 967 568 1009 illic
601 969 826 1011 mandavit
859 969 1008 1010 Domi-

176 1037 258 1064 nus
281 1023 650 1075 benedictionem,
669 1025 693 1051 *
713 1030 757 1067 et
782 1025 918 1067 vitam
940 1038 1008 1066 us-

179 1091 264 1131 que
282 1080 326 1120 in
346 1080 567 1121 saeculum.

231 1135 385 1177 Gloria
402 1136 532 1178 Patri.

448 1194 646 1235 Psalmus
666 1195 752 1235 133.

182 1244 342 1348 Ecce
361 1260 477 1289 nunc
493 1247 742 1290 benedicite
761 1249 1009 1299 Dominum,

272 1303 296 1328 *
317 1316 469 1344 omnes
489 1304 604 1346 servi
622 1305 815 1345 Domini:

230 1358 315 1408 Qui
338 1359 462 1400 statis
485 1359 530 1399 in
554 1359 688 1400 domo
707 1360 904 1410 Domini,
924 1360 1010 1400 *in

178 1414 299 1455 atriis
319 1413 478 1455 domus
497 1415 582 1456 Dei
599 1415 750 1465 nostri,

229 1470 280 1509 In
307 1469 511 1511 noctibus
538 1470 734 1512 extollite
757 1484 912 1512 manus
937 1483 1007 1512 ve-

178 1529 291 1565 stras
310 1525 354 1564 in
374 1530 535 1576 sancta,
553 1527 577 1553 *
597 1531 641 1568 et
657 1525 904 1568 benedicite
920 1527 1008 1567 Do-

177 1593 353 1621 minum.

1116 242 1357 284 Benedicat
1383 248 1428 285 te
1453 244 1668 286 Dominus
1697 257 1752 286 ex
1777 244 1892 295 Sion,

1063 301 1087 327 *
1107 299 1483 402 ᾋᾞόῗῗῗέἓῗέω
1502 305 1546 342 et
1564 305 1737 342 tem·

1119 430 1268 464 Deinde
1294 431 1435 465 dicitur
1459 430 1570 464 flexis
1595 430 1759 473 genibus

1117 483 1250 535 Kyrie
1282 483 1458 525 eleison.
1508 483 1683 526 Christe
1716 484 1893 526 eleison.

1067 540 1198 592 Kytie
1218 540 1395 581 eleison.

1118 603 1244 641 Pater
1262 604 1423 641 noster.
1446 608 1629 645 secreto.

1117 654 1169 706 V.
1183 660 1241 701 Et
1259 672 1314 701 ne
1333 672 1415 701 nos
1434 659 1618 701 inducas
1634 660 1679 701 in
1691 660 1892 702 tentatio-

1062 728 1173 757 nem.
1204 718 1256 769 Rz.
1271 714 1359 756 Sed
1377 715 1516 757 libera
1533 728 1615 756 nos
1634 728 1660 757 a
1677 716 1806 758 malo.

1118 771 1169 823 V.
1182 775 1338 816 Salvos
1356 775 1426 816 fac
1445 787 1599 816 servos
1612 780 1725 817 tuos
1748 775 1892 832 R.De-

1062 844 1114 872 us
1133 844 1256 872 meus
1275 833 1504 883 sperantes
1522 831 1567 871 in
1585 836 1640 873 te.

1118 884 1168 935 V.
1214 891 1404 932 Domine
1446 890 1606 933 exaudi
1650 892 1894 934 orationem

1062 959 1215 987 meam.
1258 948 1308 999 R.
1333 946 1392 988 Et
1420 946 1586 988 clamor
1612 960 1736 989 meus
1765 947 1823 990 ad
1848 953 1894 990 te

1062 1002 1219 1043 veniat.

1117 1057 1167 1110 V.
1199 1061 1416 1102 Dominus
1452 1061 1692 1104 vobiscum.
1753 1067 1805 1118 Rz.
1836 1063 1894 1106 Et

1063 1129 1163 1158 cum
1182 1117 1338 1169 spiritu
1355 1122 1445 1159 tuo.

1170 1187 1367 1228 Oramus.
1628 1191 1792 1232 Oratio.

1151 1245 1347 1287 raetende
1365 1246 1555 1287 Domine
1576 1246 1748 1288 famulis
1773 1252 1817 1289 et
1835 1248 1895 1290 fa-

1155 1297 1359 1343 mulabus
1390 1301 1477 1343 tuis
1509 1300 1737 1344 dexteram
1765 1303 1894 1345 coele-

1063 1357 1141 1398 stis
1169 1356 1331 1398 auxilii:
1365 1363 1413 1399 ut
1439 1363 1484 1399 te
1510 1362 1607 1399 toto
1636 1358 1770 1400 corde
1797 1372 1893 1412 per-

1064 1415 1254 1464 quirant,
1287 1418 1330 1454 et
1364 1426 1463 1465 quae
1497 1413 1627 1464 digne
1657 1415 1894 1466 postulant,

1063 1468 1274 1520 consequi
1288 1471 1550 1510 mereantur.
1572 1470 1657 1511 Per
1673 1470 1895 1513 Christum

1062 1523 1299 1564 Dominum
1318 1529 1527 1566 nostrum.

853 1790 961 1827 CUM
983 1791 1218 1828 LITANIIS.

235 1859 426 1891 Dicuntur
450 1858 561 1891 flexis
587 1858 751 1899 genibus
771 1858 811 1890 in
833 1858 1012 1892 omnibus

181 1906 244 1939 VI.
270 1905 394 1938 Feriis
420 1905 627 1947 Quadrag.,
653 1905 809 1947 quando
835 1905 1013 1939 Officium

181 1953 222 1986 fit
248 1952 294 1986 de
322 1952 445 1986 Feria.

234 2003 399 2036 Litaniae
416 2007 553 2045 autem,
573 2003 729 2037 omissis
747 2008 895 2046 septem
906 2003 1012 2036 Psal-

183 2051 271 2092 mis,
297 2050 476 2084 dicuntur
499 2051 537 2083 in
554 2051 718 2084 Litaniis
742 2051 954 2093 majoribus
973 2051 1012 2084 in

182 2097 298 2131 Festo
318 2098 441 2131 sancti
459 2098 594 2140 Marci,
621 2102 657 2132 et
675 2099 712 2131 in
731 2099 854 2132 tribus
873 2099 1011 2132 diebus

182 2145 452 2187 Rogationum.

235 2195 424 2229 Dicuntur
463 2200 590 2229 autem
625 2196 664 2229 in
700 2196 937 2238 Quadrages.
973 2196 1011 2229 in

184 2240 313 2275 Choro
336 2246 425 2284 post
442 2242 671 2276 Matutinum
695 2248 731 2277 et
747 2243 901 2276 Laudes
923 2243 1011 2285 diei,

184 2287 286 2321 dicto
302 2288 581 2324 Benedicamus
590 2290 774 2333 Domino;
792 2294 899 2324 extra
914 2290 1012 2324 Cho-

183 2345 266 2367 rum
284 2345 354 2377 pro
378 2336 666 2378 opportunitate
685 2337 881 2380 temporis.

235 2385 335 2426 Ant.
362 2386 428 2428 Ne
447 2387 748 2430 reminiscaris.

472 2454 670 2496 Psalmus
691 2458 727 2496 6.

216 2519 466 2575 ,5>33·⁴„('›11u11e,
498 2532 552 2560 ne
584 2521 627 2560 in
659 2521 807 2563 furore
836 2527 913 2563 tuo
942 2524 1006 2562 ar-

217 2575 305 2634 ²1:23⁸)
328 2586 436 2623 guas
458 2587 543 2624 me,
566 2577 590 2602 *
613 2589 755 2627 neque
778 2577 822 2617 in
845 2577 910 2618 ira
931 2582 1007 2618 tua

217 2637 227 2652 ²
260 2633 299 2652 ³
329 2630 539 2681 corripias
557 2644 638 2672 me.

1113 1857 1322 1899 Miserere
1355 1858 1442 1899 mei
1468 1859 1657 1900 Domine
1687 1860 1894 1910 quoniam

1060 1913 1259 1954 infirmus
1287 1926 1400 1954 sum:
1424 1915 1448 1947 *ἒ
1473 1927 1579 1956 sana
1604 1927 1676 1956 me
1702 1915 1892 1957 Domine

1062 1969 1270 2020 quoniam
1281 1969 1543 2012 conturbata
1553 1974 1654 2012 sunt
1669 1983 1772 2012 ossa
1783 1984 1893 2013 mea.

1111 2024 1169 2066 Et
1188 2025 1332 2066 anima
1349 2038 1448 2066 mea
1465 2025 1642 2067 turbata
1662 2030 1731 2067 est
1749 2026 1893 2068 valde:

1060 2080 1083 2105 *
1103 2079 1183 2121 sed
1201 2085 1250 2121 tu
1268 2080 1457 2122 Domine
1475 2081 1731 2134 usquequo?

1114 2135 1381 2177 Convertere
1426 2137 1632 2187 Domine,
1685 2141 1729 2178 et
1771 2137 1892 2189 eripe

1061 2190 1251 2231 animam
1281 2203 1439 2232 meam:
1466 2193 1491 2219 *
1519 2192 1688 2233 salvum
1719 2205 1790 2233 me
1822 2193 1892 2234 fac

1059 2251 1244 2298 propter
1262 2247 1608 2288 misericordiam
1625 2252 1756 2288 tuam.

1113 2301 1329 2351 Quoniam
1360 2315 1449 2343 non
1482 2308 1550 2344 est
1575 2303 1620 2342 in
1647 2308 1789 2344 morte
1818 2303 1892 2355 qui

1060 2370 1230 2398 memor
1255 2357 1311 2399 sit
1334 2358 1414 2399 tui:
1436 2359 1460 2385 *
1482 2359 1527 2398 in
1549 2358 1719 2400 inferno
1745 2363 1891 2400 autem

1062 2413 1159 2463 quis
1179 2413 1461 2454 confitebitur
1478 2413 1580 2455 tibi?

1111 2468 1333 2509 Laboravi
1350 2469 1394 2508 in
1412 2468 1575 2519 gemitu
1593 2482 1710 2519 meo,
1729 2470 1889 2512 lavabo

1060 2536 1140 2574 per
1161 2524 1352 2574 singulas
1374 2528 1527 2564 noctes
1546 2523 1708 2565 lectum
1730 2538 1890 2567 meum:

1059 2579 1083 2604 *
1108 2579 1297 2619 lacrimis
1322 2578 1431 2620 meis
1457 2583 1641 2620 stratum
1666 2593 1811 2622 meum
1836 2581 1888 2621 ri-

1059 2634 1187 2683 gabo.
