2040 2944
182 156 286 201 [308]

181 265 267 302 mo,
285 252 347 294 ita
365 250 549 293 exaltari
565 253 746 304 oportet
759 251 920 293 Filium
938 251 1014 294 ho-

181 309 327 358 minis;
348 313 396 349 ut
415 307 568 357 omnis,
590 307 664 360 qui
684 307 824 350 credit
841 308 886 349 in
905 321 1016 358 eum,

182 378 270 406 non
296 367 465 417 pereat,
497 363 577 406 sed
604 364 767 406 habeat
795 365 932 406 vitam
960 378 1015 406 ae-

181 423 360 463 ternam.
402 419 654 471 Quomodo,
684 421 759 473 qui
787 421 1014 463 intueban-

182 483 252 519 tur
271 477 394 518 illum
417 478 679 530 serpentem,
703 490 792 519 non
812 477 1016 530 peribant

181 534 402 576 morsibus
423 535 690 586 serpentum:
716 535 789 584 sic,
810 534 885 586 qui
905 534 1015 576 intu-

182 593 308 632 entur
333 590 421 632 fide
448 596 638 632 mortem
659 590 836 641 Christi,
862 593 1015 632 sanan-

180 652 252 688 tur
279 660 305 688 a
330 647 552 688 morsibus
580 650 879 700 peccatorum.
929 647 1017 689 Sed

180 703 243 744 illi
275 703 542 745 sanabantur
572 716 598 745 a
624 709 768 746 morte
797 703 854 745 ad
882 703 1018 745 vitam

180 759 488 812 temporalem:
511 759 583 801 hic
607 765 755 802 autem
779 761 850 810 ait,
875 764 924 802 ut
942 759 1016 800 ha-

179 816 313 858 beant
340 816 477 857 vitam
509 818 730 858 aeternam.
773 817 874 858 Hoc
903 816 1017 858 enim

180 875 364 915 interest
387 873 501 914 inter
519 872 753 923 figuratam
771 873 1016 924 imaginem,

181 934 225 971 et
242 943 336 971 rem
355 930 512 982 ipsam:
531 929 673 980 figara
692 929 937 983 praestabat
955 929 1014 970 vi-

179 991 269 1027 tam
303 986 611 1038 temporalem3
644 999 715 1028 res
747 987 861 1040 ipsa,
895 986 1017 1038 cujus

179 1042 255 1083 illa
283 1042 424 1093 figura
451 1047 562 1093 erat,
590 1048 774 1095 praestat
799 1043 937 1085 vitam
962 1055 1016 1083 ae-

181 1100 362 1140 ternam.

240 1162 303 1202 Te
318 1160 463 1216 Deum
483 1159 726 1202 laudamus.
747 1161 807 1202 14.

449 1253 528 1294 Ad.
554 1254 753 1296 Laudes

392 1319 443 1348 et
482 1326 580 1358 per
615 1317 811 1351 Horas.

236 1375 336 1415 Ant.
357 1376 385 1414 1.
416 1374 602 1414 Cantate
627 1372 836 1423 Domino,
861 1373 885 1399 *
911 1375 1016 1425 quo-

182 1430 300 1470 niam
335 1429 568 1479 magnifice
606 1429 727 1470 fecit:
764 1430 1018 1472 annuntiate

182 1486 268 1528 hoc
296 1486 341 1526 in
369 1485 573 1527 universa
602 1490 732 1526 terra.

237 1551 305 1590 Ps.
334 1550 549 1591 D6minus
568 1550 779 1601 regnavit.
798 1551 858 1591 15.

236 1617 272 1655 2.
306 1616 424 1657 Ecce
452 1615 574 1657 Deus
601 1616 624 1642 *
653 1615 857 1657 Salvator
883 1629 1018 1666 meus,

184 1671 448 1714 fiducialiter
475 1685 619 1723 agam:
653 1673 755 1725 quia
782 1673 923 1715 factus
952 1678 1020 1714 est

184 1728 289 1769 mihi
315 1729 359 1769 in
387 1728 585 1778 salutem,
613 1729 797 1781 allehija.

237 1796 275 1835 3.
308 1793 530 1835 Haurietis
563 1806 701 1845 aquas
733 1794 756 1820 *
783 1793 1019 1844 ingatidio

187 1849 242 1891 de
267 1849 461 1892 fontibus
487 1850 746 1900 Salvatoris,
775 1855 819 1892 et
848 1850 1019 1892 dicetis:

188 1906 469 1948 Confitemini
495 1907 705 1957 Demino,
737 1913 782 1949 et
814 1908 1020 1949 invocate

187 1975 348 2004 nomen
377 1975 479 2014 ejus.

239 2027 277 2066 4.
300 2025 437 2065 Facta
456 2029 524 2065 est
543 2023 671 2073 salus,
695 2024 718 2050 *
739 2029 783 2066 et
801 2025 952 2075 virtus,
977 2028 1021 2065 et

187 2092 368 2130 regnum
403 2080 487 2121 Dei
527 2081 687 2131 nostri,
732 2085 776 2122 et
818 2083 1020 2134 potestas

189 2135 350 2177 Christi
379 2137 481 2188 ejus.

239 2201 276 2240 5.
308 2201 493 2242 Exsulta
522 2206 566 2242 et
592 2201 724 2244 lauda
752 2204 775 2230 *
803 2201 1019 2244 habitatio

188 2256 308 2305 Sion,
347 2258 448 2309 quia
484 2271 669 2309 magnus
701 2259 744 2299 in
775 2259 923 2300 medio
955 2258 1020 2299 tui

191 2317 368 2353 sanctus
396 2314 545 2355 Israel.

257 2385 515 2437 Capitulum.
724 2390 834 2430 Tob.
854 2392 890 2430 3.
911 2390 951 2431 b.

190 2444 520 2550 Benedictum
552 2465 711 2494 nomen
747 2459 870 2494 tuum
899 2454 1020 2496 Deus

297 2511 471 2557 patrum
507 2511 778 2550 nostrorum:
815 2510 889 2561 qui
921 2524 1020 2552 cum

189 2562 326 2603 iratus
346 2561 490 2612 fueris,
508 2564 855 2607 misericordiam
874 2567 1021 2617 facies,

192 2623 235 2659 et
260 2618 304 2659 in
322 2619 524 2671 tempore
549 2620 842 2663 tribulationis
865 2626 1019 2675 pecca-

192 2679 237 2716 ta
255 2674 438 2716 dimittis
456 2674 535 2725 his,
556 2676 629 2727 qui
648 2679 854 2720 invocant
872 2684 927 2720 te.

715 153 787 186 Die
811 153 863 187 23.
890 153 969 187 Oct.
1017 153 1074 187 Ss.
1099 154 1383 197 Redemptoris.

1388 255 1599 307 Hymnus.

1101 313 1298 421 Salutis
1316 317 1520 359 humanae
1540 323 1672 367 sator,

1200 374 1225 415 J
1229 386 1307 415 esu
1326 373 1532 427 voluptas
1560 373 1770 425 cordium,

1149 430 1281 472 Orbis
1300 429 1521 484 redempti
1539 430 1755 481 conditor,

1146 487 1204 529 Et
1224 493 1346 529 casta
1363 487 1439 529 lux
1458 487 1710 529 amantium.

1100 560 1193 609 Qua
1211 557 1354 599 victus
1375 570 1421 598 es
1442 556 1683 607 clementia,

1148 614 1207 656 Ut
1226 619 1378 656 nostra
1397 614 1535 655 ferres
1555 611 1761 655 crimina?

1147 670 1339 712 Mortem
1358 670 1528 712 subires
1548 672 1770 719 innocens,

1148 727 1190 767 A
1208 732 1352 769 morte
1370 740 1452 768 nos
1471 731 1520 768 ut
1537 724 1740 768 tolleres?

1106 797 1165 839 Te
1185 801 1316 847 cogat
1334 795 1617 847 indulgentia,

1148 853 1207 895 Ut
1227 852 1388 895 damna
1406 857 1558 895 nostra
1578 852 1755 902 sarcias,

1147 910 1321 961 Tuique
1339 909 1487 951 vultus
1507 911 1740 962 cempotes

1150 967 1277 1008 Dites
1295 965 1430 1008 beato
1449 966 1623 1008 lumine.

1100 1038 1123 1077 J
1123 1049 1211 1086 esu,
1231 1035 1313 1078 tibi
1331 1035 1387 1077 sit
1404 1035 1556 1086 gloria,

1149 1093 1234 1144 Qui
1251 1097 1381 1134 natus
1401 1104 1448 1133 es
1468 1091 1524 1134 de
1542 1092 1737 1143 Virgine,

1150 1149 1260 1191 Cum
1277 1149 1421 1198 Patre,
1441 1153 1486 1190 et
1505 1149 1621 1190 almo
1641 1149 1818 1202 Spiritu,

1150 1207 1203 1247 In
1223 1205 1492 1258 sempiterna
1511 1204 1685 1246 saecula.

1386 1262 1541 1303 Amen.

1126 1324 1177 1375 V.
1210 1327 1400 1369 Domine
1432 1327 1649 1378 refugium
1682 1326 1824 1368 factus
1858 1338 1906 1368 es

1071 1383 1212 1426 nobis.
1257 1386 1308 1436 R».
1335 1385 1375 1424 A
1402 1384 1706 1434 generatione,
1734 1387 1780 1425 et
1805 1394 1905 1436 pro-

1071 1453 1209 1491 geme.

1127 1503 1198 1543 Ad
1220 1501 1384 1543 Bened.
1416 1502 1516 1542 Ant.
1545 1500 1661 1543 Ecce
1685 1501 1808 1542 Deus
1831 1512 1905 1541 no-

1073 1563 1163 1600 ster
1194 1558 1293 1608 iste,
1327 1558 1683 1611 exspectavimus
1713 1570 1829 1608 eum,
1863 1562 1908 1599 et

1073 1614 1260 1656 salvabit
1280 1627 1378 1656 nos:
1399 1615 1684 1657 sustinuimus
1701 1627 1816 1665 eum;
1836 1626 1906 1655 ex-

1072 1671 1349 1721 sultabimuS,
1379 1677 1423 1713 et
1449 1671 1700 1713 laetabimur
1725 1670 1770 1711 in
1796 1670 1907 1711 salu-

1072 1728 1157 1770 tari
1185 1729 1287 1780 ejus,
1316 1728 1500 1780 alleluja.

1413 1800 1577 1840 Oratio.

1163 1870 1253 1906 eus,
1271 1858 1345 1911 qui
1355 1858 1637 1910 Unigenitum
1651 1863 1776 1900 tuum
1784 1870 1906 1899 mun-

1190 1913 1235 1956 di
1254 1914 1605 1968 Redempt6rem
1629 1914 1908 1964 constituisti,

1073 1976 1117 2013 et
1147 1984 1229 2024 per
1261 1984 1377 2022 eum,
1415 1971 1590 2014 devicta
1625 1976 1787 2021 morte,
1825 1983 1908 2012 nos

1072 2028 1418 2070 misericorditer
1442 2028 1500 2070 ad
1519 2029 1655 2071 vitam
1677 2027 1909 2080 reparasti:

1073 2083 1282 2134 concede3
1304 2090 1352 2126 ut
1366 2084 1463 2126 haec
1481 2084 1698 2127 beneficia
1713 2083 1907 2126 recolen-

1073 2146 1157 2189 tes,
1189 2140 1268 2182 tibi
1300 2143 1517 2193 perpetua
1550 2141 1734 2183 caritate
1762 2139 1907 2181 adhae-

1072 2199 1180 2247 rere,
1205 2202 1249 2239 et
1268 2197 1465 2249 ejusdem
1484 2197 1805 2250 redemptionis
1824 2196 1908 2238 fru-

1074 2259 1194 2296 ctum
1237 2256 1470 2306 percipere
1512 2257 1769 2296 mereamur.
1823 2253 1908 2294 Per

1074 2309 1278 2352 eumdem
1304 2310 1554 2351 Deminum.

1347 2383 1415 2420 Ad
1438 2384 1641 2421 Primam.

1129 2445 1180 2484 In
1199 2445 1250 2496 Ην.
1270 2444 1331 2485 br.
1357 2444 1515 2486 dicitur
1540 2438 1591 2491 V.
1616 2440 1700 2491 Qui
1723 2439 1906 2482 redemi-

1074 2497 1129 2539 sti
1149 2496 1371 2538 mundum.

1343 2567 1411 2603 Ad
1434 2565 1638 2602 Tertiam.

1129 2619 1229 2658 Ant.
1258 2619 1376 2660 Ecce
1394 2619 1528 2660 Deus.

1126 2679 1263 2730 Capit.
1283 2678 1582 2720 Benedictum.
1604 2683 1651 2719 ut
1672 2691 1815 2730 supra.
