2040 2944
207 220 253 255 58
764 211 875 244 Feria
900 209 1011 244 tertia
1036 209 1085 243 ad
1111 208 1348 242 Matutinum.

258 312 482 354 Fundatur
505 309 792 353 exsultatione
811 308 1027 349 universae

206 376 334 411 terrae
369 381 494 410 mons
525 367 645 415 Sion,
672 366 695 391 *
722 365 861 406 latera
894 363 1027 416 Aqui-

206 426 330 475 lonis,
358 425 510 466 civitas
528 423 642 473 regis
660 421 816 472 magni.

258 483 378 524 Deus
396 481 438 522 in
463 478 664 521 domibus
684 479 774 530 ejus
794 478 1027 528 cognosce-

206 544 286 587 tur,
305 540 328 565 *
348 550 447 579 cum
466 535 675 588 suscipiet
694 547 800 576 eam.

260 594 472 645 Quoniam
501 605 603 634 ecce
631 604 758 642 reges
778 596 906 632 terrae
928 603 1027 632 con·

205 650 370 703 gregati
416 654 530 691 sunt:
576 650 599 675 *
644 649 940 690 convenerunt
984 646 1027 686 in

204 720 346 749 unum.

254 764 345 816 Ipsi
372 762 570 803 videntes
598 761 661 802 sic
689 760 890 802 admirati
917 764 1027 808 sunt,

205 819 454 861 conturbati
481 822 597 867 sunt,
628 817 835 859 commoti
863 820 976 857 sunt:
1004 817 1027 841 *

204 882 368 918 tremor
386 873 675 928 apprehendit
695 886 782 915 eos.

255 932 322 974 Ibi
350 932 525 974 dolores
553 936 600 973 ut
627 929 922 983 parturientis:
941 930 965 956 *
984 929 1026 969 in

204 989 359 1042 spiritu
387 988 632 1030 vehementi
666 989 866 1028 conteres
894 998 1027 1027 naves

204 1046 395 1087 Tharsis.

255 1102 374 1144 Sicut
400 1101 659 1150 audivimus,
687 1100 751 1141 sic
772 1099 959 1141 vidimus
984 1099 1027 1140 in

205 1159 381 1200 civitate
405 1158 582 1199 Demini
607 1157 833 1206 virtutum,
860 1157 904 1197 in
928 1156 1026 1197 civi-

203 1217 294 1257 tate
326 1215 407 1256 Dei
440 1214 596 1256 nostri:
624 1214 647 1239 *
675 1214 795 1256 Deus
830 1212 1028 1254 fundavit

205 1284 300 1313 eam
319 1271 361 1312 in
381 1273 602 1312 aeternum.

256 1328 534 1380 Suscepimus
550 1328 669 1369 Deus
683 1327 1028 1369 misericordiam

205 1390 333 1434 tuam,
352 1387 375 1410 *
394 1385 437 1424 in
455 1383 600 1425 medio
620 1384 772 1436 templi
792 1385 865 1425 tui.

255 1440 503 1482 Secundum
540 1453 697 1482 nomen
739 1446 861 1482 tuum
895 1441 1028 1489 Deus,

206 1497 269 1538 sic
306 1502 349 1538 et
384 1497 478 1538 laus
515 1502 589 1539 tua
621 1498 664 1538 in
696 1497 805 1539 fines
832 1503 976 1539 terrae:
1005 1499 1028 1524 *

206 1554 365 1605 justitia
383 1554 512 1606 plena
532 1559 598 1596 est
617 1554 797 1596 dextera
815 1559 900 1596 tua.

257 1610 450 1651 Laetetur
485 1623 611 1651 mons
646 1611 770 1660 Sion,
806 1616 850 1652 et
889 1610 1027 1652 exsul-

205 1671 297 1708 tent
324 1667 426 1707 filiae
452 1666 593 1716 Judae,
616 1668 640 1694 *
662 1672 844 1719 propter
871 1667 1028 1719 judicia

206 1727 279 1764 tua
299 1723 497 1765 Domine.

257 1779 535 1821 Circumdate
559 1780 678 1829 Sion,
711 1785 754 1822 et
778 1780 1028 1833 complecti-

205 1836 307 1876 mini
318 1848 428 1877 eam:
444 1837 468 1862 *
482 1838 655 1878 narrate
666 1837 710 1877 in
723 1837 916 1879 turribus
927 1838 1029 1890 ejus.

258 1892 411 1934 Ponite
446 1892 579 1934 corda
613 1901 761 1935 vestra
791 1896 835 1934 in
867 1894 1029 1936 virtute

208 1949 311 1999 ejus:
338 1950 362 1975 *
390 1953 433 1990 et
461 1948 707 1991 distribuite
740 1949 895 1991 domos
924 1951 1028 2002 ejus,

207 2010 255 2046 ut
274 2005 483 2046 enarretis
503 2005 545 2045 in
565 2006 775 2058 progenie
795 2006 944 2048 altera.

259 2061 474 2111 Quoniam
509 2061 580 2103 hic
620 2067 687 2104 est
722 2063 863 2113 Deus,
908 2064 1029 2105 Deus

207 2123 355 2159 noster
373 2118 415 2158 in
436 2120 663 2169 aeternum,
688 2125 732 2161 et
754 2120 798 2160 in
822 2120 1030 2161 saeculum

208 2174 369 2215 saeculi:
388 2175 411 2199 *
430 2174 523 2226 ipse
547 2181 670 2226 reget
693 2189 773 2217 nos
796 2176 839 2217 in
859 2177 1030 2218 saecula.

481 2231 680 2272 Psalmus
699 2233 764 2271 48.

211 2281 402 2387 Aidite
447 2287 542 2330 haec
586 2301 738 2331 omnes
776 2289 962 2331 Gentes:
1006 2290 1029 2316 *

318 2344 494 2386 auribus
522 2346 736 2398 percipite
764 2359 927 2396 omnes,
956 2347 1030 2398 qui

208 2400 411 2442 habitatis
430 2401 599 2443 orbem:

257 2457 427 2509 Quique
450 2460 698 2509 terrigenae,
721 2464 764 2500 et
787 2459 865 2499 filii
893 2458 1028 2500 homi-

207 2526 324 2553 nurn:
358 2514 381 2538 *
416 2513 543 2555 simul
579 2514 622 2554 in
657 2528 791 2556 unum
826 2514 950 2557 dives
987 2521 1030 2557 et

206 2581 385 2621 pauper.

261 2625 322 2666 Os
349 2638 495 2666 meum
523 2625 728 2678 loquetur
755 2627 1030 2679 sapientiam:

207 2683 230 2707 *
249 2687 294 2723 et
317 2680 545 2723 meditatio
570 2682 716 2724 cordis
738 2684 823 2725 mei
842 2683 1028 2736 pruden-

207 2738 324 2780 tiam.

1130 303 1357 346 Inclinabo
1389 303 1433 343 in
1464 300 1725 355 parabolam
1757 312 1909 342 aurem

1079 373 1238 402 meam:
1257 361 1281 385 *
1301 359 1494 412 aperiam
1517 358 1561 399 in
1579 356 1790 410 psalterio
1809 369 1908 409 pro-

1079 417 1347 470 positionem
1365 427 1518 457 meam.

1133 474 1220 515 Cur
1234 472 1400 515 timebo
1415 472 1459 512 in
1475 471 1546 513 die
1561 469 1697 512 mala?
1716 471 1740 497 *
1754 469 1908 522 iniqui-

1078 537 1147 573 tas
1167 530 1362 572 calcanei
1380 528 1466 570 mei
1487 526 1778 569 circumdabit
1795 539 1883 568 me:

1131 587 1215 638 Qui
1230 585 1458 628 confidunt
1475 585 1519 625 in
1534 585 1697 626 virtute
1714 595 1809 625 sua:
1823 583 1847 609 *
1865 587 1910 625 et

1079 645 1123 685 in
1150 642 1430 685 multitudine
1452 641 1703 683 divitiarum
1730 641 1910 682 suarum

1079 699 1331 752 gloriantur.

1131 758 1285 798 Frater
1310 768 1398 797 non
1420 754 1612 804 redimit,
1629 752 1816 796 redimet
1833 753 1910 795 ho-

1078 827 1166 856 mo:
1190 815 1213 839 *
1238 826 1326 855 non
1350 811 1473 854 dabit
1491 812 1590 853 Deo
1614 810 1911 864 placationem

1079 883 1213 912 suam.

1129 927 1186 968 Et
1205 926 1395 979 pretium
1415 924 1732 978 redempti6nis
1752 924 1908 965 animae

1079 996 1185 1024 suae:
1208 984 1232 1010 *
1258 988 1301 1024 et
1319 981 1540 1024 laborabit
1558 981 1602 1022 in
1621 982 1845 1032 aeternum,
1865 985 1910 1022 et

1080 1040 1197 1081 vivet
1215 1039 1362 1081 adhuc
1379 1039 1424 1079 in
1441 1038 1584 1080 finem.

1129 1097 1232 1139 Non
1260 1096 1427 1138 videbit
1453 1095 1693 1146 interitum,
1722 1107 1822 1137 cum
1848 1095 1908 1136 vi-

1080 1153 1193 1195 derit
1212 1153 1434 1206 sapientes
1452 1152 1708 1194 morientes:
1732 1151 1756 1177 *
1782 1149 1911 1192 simul

1079 1210 1300 1263 insipiens,
1321 1215 1364 1252 et
1383 1209 1544 1251 stultus
1562 1207 1782 1261 peribunt.

1131 1267 1188 1308 Et
1206 1266 1455 1319 relinquent
1474 1265 1626 1307 alienis
1646 1264 1823 1307 divitias
1841 1276 1910 1305 su-

1080 1337 1142 1365 as:
1170 1325 1194 1351 *
1227 1328 1270 1365 et
1297 1322 1532 1376 sepulchra
1566 1323 1720 1363 eorum
1752 1320 1911 1363 domus

1079 1380 1254 1422 illorum
1272 1380 1316 1421 in
1335 1381 1559 1421 aeternum.

1131 1435 1439 1479 Tabernacula
1462 1438 1616 1478 eorum
1634 1436 1681 1476 in
1698 1435 1911 1488 progenie

1081 1499 1125 1535 et
1142 1493 1370 1546 progenie:
1394 1493 1418 1519 *
1442 1494 1714 1535 vocaverunt
1731 1491 1912 1534 nomina

1082 1563 1160 1592 sua
1178 1551 1223 1591 in
1241 1550 1369 1592 terris
1389 1549 1490 1591 suis.

1080 1615 1083 1619 '
1131 1607 1189 1649 Et
1215 1606 1360 1657 homo,
1388 1619 1488 1648 cum
1516 1606 1560 1647 in
1586 1605 1755 1647 honore
1783 1609 1912 1655 esset,

1080 1676 1168 1706 non
1202 1663 1432 1706 intellexit:
1466 1663 1490 1689 *
1525 1664 1810 1716 comparatus
1845 1667 1912 1703 est

1080 1720 1283 1772 jumentis
1314 1719 1638 1773 insipientibus,
1675 1723 1719 1761 et
1757 1717 1912 1760 similis

1081 1779 1221 1820 factus
1242 1781 1309 1819 est
1330 1776 1426 1817 illis.

1133 1835 1244 1876 Haec
1266 1833 1337 1875 via
1362 1832 1538 1875 illorum
1565 1832 1822 1874 scandalum
1849 1831 1912 1885 ip·

1082 1892 1155 1932 sis:
1175 1893 1199 1919 *
1219 1896 1262 1933 et
1280 1892 1440 1943 postea
1461 1890 1506 1931 in
1525 1902 1602 1932 ore
1621 1902 1703 1931 suo
1721 1888 1912 1942 compla-

1082 1947 1254 1990 cebunt.

1132 2004 1254 2046 Sicut
1268 2017 1376 2046 oves
1389 2004 1434 2045 in
1452 2003 1622 2045 inferno
1642 2002 1779 2055 positi
1797 2007 1913 2044 sunt:

1081 2062 1104 2088 *
1123 2074 1244 2103 mors
1264 2060 1477 2114 depascet
1497 2073 1585 2102 eos.

1131 2118 1188 2160 Et
1210 2117 1552 2160 dominabuntur
1571 2118 1725 2158 eerum
1748 2115 1850 2168 justi
1867 2115 1913 2156 in

1082 2176 1313 2216 matutino:
1335 2175 1359 2200 *
1379 2179 1423 2216 et
1442 2172 1652 2216 auxilium
1672 2174 1825 2214 eorum
1843 2184 1914 2213 ve-

1082 2233 1274 2273 terascet
1293 2231 1337 2272 in
1359 2231 1527 2272 inferno
1547 2243 1573 2271 a
1591 2229 1732 2281 gloria
1749 2231 1914 2271 eorum.

1134 2288 1453 2335 Verumtamen
1472 2288 1594 2329 Deus
1619 2285 1807 2328 redimet
1825 2284 1912 2326 ani-

1083 2357 1198 2386 mam
1217 2357 1361 2386 meam
1380 2344 1436 2387 de
1454 2357 1586 2386 manu
1609 2343 1750 2393 inferi,
1769 2343 1793 2369 *
1813 2355 1913 2384 cum

1083 2402 1303 2454 acceperit
1322 2414 1404 2444 me.

1107 2469 1111 2471 ·
1134 2458 1203 2500 Ne
1239 2458 1437 2500 timueris
1473 2471 1574 2500 cum
1610 2457 1734 2499 dives
1770 2455 1912 2498 factus

1083 2516 1213 2557 fuerit
1231 2514 1380 2556 homo:
1399 2516 1423 2541 *
1443 2520 1487 2557 et
1504 2527 1604 2556 cum
1622 2512 1914 2565 multiplicata

1083 2572 1214 2614 fuerit
1231 2571 1372 2623 gloria
1391 2571 1550 2613 domus
1571 2571 1673 2623 ejus.

1136 2628 1354 2679 Quoniam
1399 2641 1499 2669 cum
1542 2625 1775 2675 interierit,
1823 2637 1911 2666 non

1083 2689 1226 2726 sumet
1259 2684 1419 2725 omnia:
1447 2685 1470 2710 *
1498 2696 1642 2736 neque
1673 2680 1914 2724 descendet

1083 2753 1183 2782 cum
1201 2752 1255 2782 eo
1273 2739 1415 2791 gloria
1433 2741 1536 2792 ejus.
