2040 2944
580 206 679 239 [nfra
705 206 889 240 Octavam.
916 206 1180 239 Dedicationis
1209 207 1399 242 Ecclesiae.
1755 205 1846 250 [123]

198 305 269 346 Ad
296 305 468 356 Magnis.
512 306 610 345 Ant.
652 305 688 346 Ο
724 313 854 353 quam
883 313 969 342 me·
1022 300 1467 344 lustundamentum
1482 302 1600 344 aliud
1614 315 1743 344 nemo
1754 307 1849 355 pot-

145 357 330 399 tuendus
351 362 418 399 est
436 358 459 383 *
479 357 600 399 locus
626 358 724 399 iste:
752 370 854 399 vere
882 369 970 398 non
1024 363 1090 399 est
1113 362 1278 411 ponere
1302 364 1464 412 praeter
1491 358 1553 409 id,
1588 360 1707 411 quod
1734 360 1849 411 posi-

145 418 212 455 est
237 413 309 455 hic
337 413 471 464 aliud,
499 414 582 455 nisi
610 413 765 456 domus
792 414 893 463 Dei,
927 418 970 455 et
1023 419 1116 456 tum
1136 421 1211 465 est,
1234 416 1352 468 quod
1370 421 1437 458 est
1456 415 1653 457 Christus
1672 417 1696 457 J
1700 429 1810 458 esus.

143 475 273 523 porta
292 470 403 512 coeli.
1077 477 1126 528 Rl.
1156 472 1193 513 Ο
1215 486 1345 525 quam
1362 472 1635 514 metuendus.
1663 473 1760 525 [118]

400 540 672 566 WWW
1324 541 1475 582 Lectio
1497 542 1549 582 vi.

1025 597 1415 702 Fundamentum
1457 600 1632 653 quando
1671 600 1848 652 ponitur

1116 658 1159 698 in
1179 658 1321 707 terra,
1354 656 1542 709 desuper
1576 656 1848 698 aedificantur

1021 717 1230 767 parietes,
1263 718 1306 755 et
1338 713 1511 766 pondus
1545 715 1762 766 parietum
1792 712 1848 754 ad

1021 771 1108 812 ima
1126 771 1276 821 tendit,
1297 771 1397 823 quia
1411 770 1455 810 in
1471 771 1559 811 imo
1573 770 1767 822 positum
1782 774 1848 811 est

1020 827 1360 869 fundamentum.
1379 827 1424 867 Si
1438 832 1584 868 autem
1594 826 1846 867 fundamen-

1020 888 1113 925 tum
1138 889 1337 926 nostrum
1362 884 1405 924 in
1431 883 1544 924 coelo
1569 887 1650 933 est,
1680 882 1736 924 ad
1762 895 1845 924 coe·
1868 902 1877 907 ·

1021 941 1110 982 lum
1130 941 1407 983 aedificemur.
1442 940 1640 993 Corpora
1660 938 1847 980 aedifica-

1021 1000 1175 1039 verunt
1193 999 1321 1039 istam
1340 1000 1617 1046 structuram,
1640 1009 1770 1048 quam
1789 996 1847 1037 vi-

1021 1054 1132 1096 detis
1153 1055 1343 1108 amplam
1369 1055 1612 1095 surrexisse
1631 1052 1756 1104 hujus
1776 1052 1847 1093 ba-

1022 1111 1169 1152 silicae:
1196 1116 1239 1153 et
1265 1112 1367 1164 quia
1392 1113 1581 1163 corpora
1606 1108 1846 1150 aedificave-

1021 1172 1136 1217 runt,
1167 1167 1495 1209 fundamentum
1527 1167 1570 1206 in
1601 1166 1688 1206 imo
1717 1178 1846 1218 posu-

1021 1226 1156 1265 erunt.
1190 1225 1301 1274 Quia
1318 1237 1423 1266 vero
1445 1222 1695 1276 spiritaliter
1716 1221 1848 1263 aedifi-

1021 1282 1189 1330 camur,
1222 1280 1553 1322 fundamentum
1579 1283 1778 1320 nostrum
1804 1278 1847 1318 in

1022 1350 1191 1387 summo
1227 1338 1421 1390 positum
1460 1341 1536 1380 θεῖ,
1594 1335 1704 1376 Illuc
1741 1347 1846 1385 ergo

1021 1395 1262 1444 curramus,
1285 1394 1345 1436 ibi
1364 1393 1647 1441 aedificemur,
1672 1391 1773 1443 quia
1793 1391 1847 1432 de

1020 1451 1115 1503 ipsa
1129 1451 1372 1492 Jerusalem
1392 1450 1557 1491 dictum
1574 1453 1653 1489 est:
1672 1448 1847 1489 Stantes

1021 1511 1144 1548 erant
1162 1507 1299 1559 pedes
1318 1507 1457 1548 nostri
1473 1506 1518 1546 in
1538 1504 1658 1546 atriis
1676 1504 1762 1545 tuis
1781 1504 1805 1544 J
1808 1517 1847 1545 e-

1020 1563 1220 1604 rusalem.
1273 1567 1322 1618 R.
1347 1563 1475 1604 Mane
1496 1574 1689 1611 surgens.
1708 1560 1804 1612 [118]

1161 1684 1163 1686 .
1238 1645 1287 1683 In
1314 1645 1384 1683 111.
1413 1645 1635 1683 Noeturno.

1022 1702 1173 1745 Lectio
1200 1700 1582 1799 sanctiIlivangelii
1607 1699 1846 1741 secundum

1379 1771 1516 1799 ucam.

308 609 339 649 S
359 618 385 648 e
406 619 431 649 θ
446 619 483 649 u
499 620 535 649 n
553 609 586 649 d
604 620 635 650 a
679 609 721 649 D
740 609 758 649 i
778 619 804 649 e

385 668 494 708 infra
515 668 736 708 Octavam.

198 737 240 770 In
272 737 299 771 I.
332 737 531 772 Nocturno
562 738 765 772 Lectiones
796 738 842 771 de
871 737 968 772 Scri-

145 789 257 828 ptura
282 790 512 820 occurrente.

366 848 415 886 In
443 848 493 887 11.
521 848 743 888 Nocturno.

144 909 211 948 Ex
226 906 436 947 Tractatu
454 907 493 948 S.
510 907 740 958 Augustini
758 906 968 959 Episcopi

203 975 334 1015 super
353 963 562 1004 Psalmos.
617 971 660 1005 In
677 971 816 1004 Psalm.
836 970 906 1004 121.

444 1033 596 1074 Lectio
616 1033 669 1072 iv.

153 1095 183 1141 μιῇ
217 1085 488 1138 erusalem,
522 1098 620 1138 quae
649 1085 892 1126 aedificatur
920 1090 968 1126 ut

146 1147 181 1215 j
212 1134 249 1211 ἐξ
272 1142 454 1239 ci'xssitas..
475 1142 678 1239 Frages,
703 1141 876 1194 quando
906 1141 966 1183 di-

143 1259 235 1296 erat
252 1211 327 1296 iffi
346 1203 527 1305 ἒίξνίῖξείῗ
544 1198 967 1297 ηοῐῗνέθιέἰῖὶξὲἰξῗῖῗὲ

141 1311 302 1353 Nescio
329 1325 458 1364 quam
482 1325 585 1364 ergo
611 1312 831 1354 civitatem
852 1312 967 1362 dicit,

143 1380 241 1420 quae
276 1368 410 1410 modo
437 1369 706 1419 aedificatur,
744 1369 800 1410 ad
838 1382 968 1422 quam

142 1429 321 1466 currunt
355 1425 399 1466 in
435 1425 522 1467 fide
558 1425 728 1478 lapides
766 1426 869 1476 vivi3
913 1426 967 1467 de

143 1480 299 1533 quibus
326 1480 432 1523 dicit
458 1482 630 1524 Petrus:
670 1483 726 1523 Et
753 1495 833 1524 vos
861 1488 966 1524 tam-

143 1549 273 1590 quam
308 1537 479 1591 lapides
516 1539 603 1581 vivi
636 1539 967 1580 coaedificamini

140 1594 184 1634 in
204 1594 383 1636 domum
402 1595 658 1648 spiritalem,
685 1594 731 1636 id
751 1600 833 1645 est,
861 1601 966 1637 tem-

140 1650 262 1703 plum
279 1651 363 1692 Dei
387 1656 596 1693 sanctum.
642 1651 757 1702 Quid
780 1656 862 1701 est,
887 1652 966 1693 La-

140 1706 266 1759 pides
285 1707 373 1749 vivi
392 1706 742 1750 coaedificamini?
771 1708 911 1758 Vivis,
931 1709 967 1750 si

142 1763 298 1805 credis:
330 1764 367 1804 si
398 1769 542 1806 autem
575 1764 732 1814 credis,
765 1764 966 1806 efficieris

140 1819 352 1872 templum
382 1821 481 1871 Dei,
514 1821 614 1873 quia
646 1820 750 1862 dicit
777 1821 966 1874 Aposto-

139 1875 207 1917 lus
244 1877 420 1918 Paulus:
461 1877 695 1930 Templum
733 1878 847 1919 enim
883 1878 967 1919 Dei

141 1937 339 1974 sanctum
358 1939 435 1984 est,
456 1934 576 1987 quod
595 1934 701 1975 estis
720 1947 810 1975 vos.

198 1992 247 2044 RI-
270 1989 507 2032 Orantibus
527 1991 570 2031 in
589 1990 700 2032 loco.
719 1991 816 2043 [118]
876 1987 882 1991 ⁴

1127 1825 1277 1865 Lectio
1299 1824 1367 1863 vii.
1570 1822 1672 1871 Cap.
1688 1821 1744 1859 19.

1017 1870 1094 1977 In
1119 1875 1193 1916 illo
1221 1877 1434 1928 tempore:
1466 1875 1694 1926 Ingressus
1718 1874 1741 1914 J
1745 1887 1844 1915 esus

1084 1931 1417 1984 perambulabat
1440 1931 1464 1972 J
1467 1931 1625 1972 ericho.
1660 1930 1717 1971 Et
1741 1943 1844 1972 ecee

1019 1989 1084 2028 vir
1109 1989 1283 2030 nomine
1309 1988 1535 2029 Zachaeus:
1568 1992 1612 2028 et
1637 1986 1707 2028 hic
1730 1987 1843 2039 prin-

1020 2057 1124 2098 ceps
1155 2049 1248 2086 erat
1279 2045 1629 2097 publicanorum,
1672 2047 1714 2084 et
1748 2043 1843 2095 ipse

1019 2100 1153 2142 dives.
1194 2102 1251 2142 Et
1274 2101 1452 2154 reliqua.

1082 2175 1149 2214 De
1177 2171 1368 2211 Homilia
1396 2170 1536 2212 sancti
1562 2168 1784 2210 Ambrosii

452 2058 602 2098 Lectio
622 2071 659 2097 v.

191 2125 272 2164 psa
300 2125 403 2163 ergo
431 2112 564 2154 modo
595 2113 748 2155 civitas
777 2113 963 2155 aedifica-

152 2183 154 2185 *
204 2172 284 2209 tur.
327 2168 631 2210 Praecidt'mtur
663 2169 718 2211 de
744 2170 965 2212 montibus

141 2223 310 2276 lapides
342 2238 422 2278 per
452 2239 605 2266 manus
633 2226 966 2278 praedicantium

141 2281 390 2331 veritatem,
423 2281 793 2334 conquadrantur,
827 2288 875 2325 ut
905 2284 965 2324 in-

141 2341 256 2378 trent
282 2338 326 2378 in
354 2341 617 2379 structuram
647 2339 965 2391 sempiternam.
1023 2346 1118 2395 ῖῇ-’ᾗ

142 2392 299 2435 Adhuc
329 2394 454 2435 multi
490 2395 658 2447 lapides
691 2395 735 2435 in
766 2396 965 2437 manibus
1023 2401 1036 2455 g]
1059 2391 1129 2450 ‘'2332':
1155 2395 1421 2448 sequebatur
1466 2395 1605 2445 illum,
1650 2395 1842 2446 magnifi-

143 2449 317 2491 artificis
338 2456 450 2492 sunt:
474 2464 561 2492 non
583 2451 740 2492 cadant
759 2451 813 2492 de
832 2453 964 2492 mani·
1022 2456 1046 2479 «ἓ
1059 2440 1129 2479 ''⁷''-'
1154 2465 1257 2493 cans
1276 2452 1522 2492 Dominum.
1562 2452 1702 2492 Aliter
1729 2452 1842 2492 enim

141 2504 223 2546 bus
243 2507 428 2557 artificis,
447 2512 495 2549 ut
513 2508 683 2560 possint
697 2508 879 2560 perfecti
896 2521 964 2549 co·
1017 2521 1104 2550 non
1128 2508 1311 2558 videret,
1340 2508 1424 2548 nisi
1449 2509 1705 2560 sequeretur
1723 2507 1840 2548 Chri-

143 2561 351 2603 aedificari
368 2563 411 2603 in
427 2567 691 2605 structuram
705 2564 866 2616 templi.
887 2565 966 2605 Est
1017 2570 1147 2614 stum,
1183 2565 1266 2605 nisi
1296 2564 1533 2605 Dominum
1568 2563 1839 2617 praedicaret,

143 2630 246 2668 ergo
271 2618 354 2659 ista
371 2619 630 2670 Jerusalem,
657 2633 754 2672 quae
779 2620 964 2661 aedifica-
1017 2621 1099 2661 nisi
1123 2621 1331 2661 saeculum
1354 2622 1609 2672 praeteriret.
1648 2620 1755 2661 Cum
1779 2618 1838 2658 di-

143 2678 212 2715 tur
232 2679 279 2715 ut
299 2675 464 2716 civitas:
482 2676 809 2717 fundamentum
828 2677 964 2728 ipsius
1017 2677 1178 2719 vitibus
1199 2689 1372 2728 quoque
1391 2677 1434 2716 in
1453 2677 1637 2727 gratiam
1652 2675 1837 2717 reverta-

143 2729 338 2771 Christus
359 2736 435 2772 est.
461 2732 579 2774 Dicit
593 2733 837 2785 Apostolus
856 2733 963 2774 Pau·
982 2779 985 2782 ,
1016 2747 1121 2774 mur.
1157 2733 1373 2774 Nolumus
1397 2733 1511 2774 enim
1535 2731 1754 2773 offendere
1778 2729 1837 2770 di-

1323 2226 1544 2279 Episcopi.

1169 2291 1229 2325 Ex
1244 2291 1325 2325 Lib.
1342 2290 1375 2324 8.
1393 2290 1433 2323 in
1450 2290 1549 2331 Luc„
1568 2290 1606 2323 in
1622 2290 1706 2323 fine.

1128 2345 1154 2381 t
1178 2339 1421 2388 confestim,
1454 2339 1611 2391 inquit,
1644 2337 1767 2387 vidit,
1800 2344 1844 2380 et
