2040 2944
803 763 886 804 Die
914 764 972 803 18.
1001 763 1219 805 Octobris.

672 845 842 887 Sancti
869 845 1016 887 Lueae
1047 845 1351 895 Evangelistae.

820 917 973 960 Duplex
998 918 1027 951 2.
1053 918 1201 952 classis.

209 987 346 1022 Omnia
383 988 429 1022 de
466 987 668 1023 Communi
707 990 884 1032 Apostol.
920 994 984 1037 [2],
1008 986 1012 1020 Ψ
1038 994 1096 1037 ad.
1122 994 1345 1037 biennium
1371 995 1528 1038 Romae
1555 997 1869 1039 commorantis

156 1040 297 1078 praeter
321 1037 532 1079 sequentia.

242 1138 245 1140 Α
491 1089 656 1130 Oratio.

164 1146 224 1199 ,ζ
258 1152 583 1197 Μηῒθῐνόηἱειῒ
601 1163 685 1205 pro
703 1150 846 1201 nobis,
870 1153 984 1204 quae-

165 1217 227 1260 ζ)
258 1191 324 1290 μή
357 1221 506 1250 sumus
550 1207 757 1258 Domine,
807 1213 984 1250 sanctus

165 1260 330 1301 '2¹⁶‘
355 1271 457 1307 tuus
501 1265 645 1307 Lucas
689 1264 986 1316 Evangeh'sta:

158 1322 232 1374 qui
255 1322 396 1365 crucis
419 1321 804 1364 mortificationem
830 1321 987 1373 jugiter

155 1378 200 1419 in
233 1391 313 1421 suo
345 1380 551 1431 corpore,
587 1390 670 1431 pro
702 1378 766 1420 tui
797 1378 986 1420 nominis

155 1434 325 1478 honore
342 1435 550 1489 portavit.
575 1435 661 1477 Per
678 1434 928 1476 Dominum.

209 1506 254 1540 In
269 1506 296 1540 Ι.
313 1507 523 1541 Nocturno.
548 1506 755 1540 Lectiones
777 1506 826 1540 Et
843 1505 987 1542 factum

157 1557 226 1590 est.
249 1555 295 1589 de
318 1555 521 1589 Communi
541 1555 887 1598 Evangelistarum.
913 1555 986 1598 [18]

381 1625 430 1664 In
457 1625 507 1663 ΙΙ.
536 1625 759 1665 Nocturno.

158 1689 226 1730 Ex
244 1688 357 1731 libro
378 1688 517 1730 sancti
530 1689 789 1741 Hieronymi
802 1689 986 1742 Presby-

218 1746 302 1787 teri
321 1744 376 1787 de
395 1745 694 1798 Scriptoribus
714 1745 928 1788 Ecclesia-

508 1802 640 1844 sticis.

460 1862 611 1903 Lectio
633 1863 686 1901 iv,

199 1930 378 1974 t,.:·ucas
423 1923 620 1966 medicus
658 1924 988 1976 Antiochensis,

205 1971 268 2034 ε’
290 1986 338 2022 ut
357 1982 448 2033 ejus
468 1981 633 2034 scripta
651 1980 860 2032 indicant,
879 1994 988 2032 grae-

217 2038 231 2042 '⁴
291 2038 331 2079 ci
351 2038 564 2080 sermonis
583 2050 672 2079 non
690 2038 885 2090 ignarus,
908 2038 989 2081 fuit

160 2095 354 2136 sectator
377 2094 583 2147 Apostoli
607 2094 746 2145 Pauli,
776 2099 820 2137 et
844 2095 988 2137 omnis

158 2151 523 2203 peregrinationis
553 2151 642 2203 ejus
672 2164 832 2193 comes.
877 2152 987 2194 Scri-

159 2207 248 2259 psit
261 2207 558 2259 Evangelium,
575 2207 630 2250 de
648 2221 735 2261 quo
750 2207 869 2250 idem
878 2209 986 2250 Pau-

159 2263 242 2304 lus:
266 2263 477 2314 Misimus,
501 2265 654 2316 inquit,
683 2277 782 2307 cum
805 2265 880 2307 illo
908 2265 986 2307 fra-

159 2325 289 2370 trem,
315 2321 435 2373 cujus
462 2321 558 2362 laus
587 2325 654 2363 est
678 2321 722 2362 in
746 2321 986 2373 Evangelio

160 2389 240 2429 per
260 2389 413 2419 omnes
434 2377 654 2419 ecclesias.
682 2378 739 2419 Et
757 2377 815 2419 ad
835 2378 986 2420 Colos-

161 2434 326 2473 senses:
357 2433 526 2476 Salutat
556 2446 637 2475 vos
660 2432 821 2483 Lucas,
854 2434 987 2476 medi-

161 2500 238 2529 cus
257 2489 518 2531 carissimus.
546 2490 603 2532 Et
618 2489 675 2532 ad
690 2490 987 2532 Timotheum:

160 2543 303 2585 Lucas
344 2550 411 2587 est
450 2559 622 2588 mecum
660 2546 791 2588 solus.
852 2545 988 2588 Aliud

1009 1021 1161 1108 !Pauli
1193 1053 1410 1105 pervenit,
1443 1053 1488 1095 id
1522 1058 1605 1104 est,
1638 1066 1779 1106 usque
1813 1054 1871 1096 ad

1040 1114 1244 1160 quartum
1266 1109 1456 1151 Neronis
1483 1123 1654 1152 annum.
1690 1111 1758 1152 Ex
1782 1123 1870 1163 quo

1037 1165 1321 1217 intelligimus
1344 1167 1388 1207 in
1408 1166 1564 1209 eadem
1583 1167 1692 1210 urbe
1711 1167 1871 1209 librum

1039 1234 1137 1264 esse
1157 1223 1465 1275 compositum.

1091 1294 1141 1345 R.
1161 1293 1266 1334 Vidi
1282 1295 1540 1345 conjunctos
1559 1293 1691 1343 viros,
1709 1293 1870 1335 haben-

1038 1353 1105 1390 tes
1132 1348 1388 1402 splendidas
1414 1355 1576 1400 vestes,
1603 1355 1647 1392 et
1673 1350 1870 1401 Angelus

1038 1405 1217 1448 Domini
1235 1406 1410 1448 locutus
1431 1412 1498 1449 est
1517 1407 1574 1449 ad
1592 1419 1679 1457 me,
1706 1407 1870 1449 dicens:

1039 1466 1060 1487 *
1091 1463 1171 1504 Isti
1200 1468 1301 1505 sunt
1331 1464 1414 1505 viri
1441 1464 1581 1506 sancti
1610 1464 1713 1506 facti
1744 1464 1872 1505 amici

1038 1519 1134 1561 Dei.
1157 1515 1206 1566 Y.
1240 1519 1346 1562 Vidi
1360 1521 1579 1572 Angelum
1598 1521 1682 1562 Dei
1700 1520 1871 1570 fortem,

1039 1576 1263 1619 volantem
1277 1590 1358 1630 per
1368 1577 1562 1619 medium
1573 1577 1744 1627 coelum,
1760 1590 1871 1619 voce

1038 1647 1197 1684 magna
1239 1634 1502 1676 clamantem
1548 1640 1592 1676 et
1642 1634 1871 1676 dicentem.

1040 1690 1119 1732 Isti
1139 1696 1250 1732 sunt.

1351 1748 1504 1787 Lectio
1524 1761 1560 1787 V.

1089 1812 1205 1863 gitur
1232 1812 1443 1865 periodos
1467 1813 1593 1854 Pauli
1619 1817 1663 1855 et
1681 1812 1871 1863 Theclae,

1103 1874 1148 1911 et
1172 1875 1313 1912 totam
1336 1869 1550 1922 baptizati
1567 1869 1731 1911 Leonis
1750 1869 1871 1911 fabu-

1041 1926 1143 1976 lam,
1175 1927 1288 1968 inter
1321 1925 1601 1979 apocryphas
1630 1926 1872 1979 scripturas
1918 1940 1923 1963 ε

1042 1985 1361 2035 computamus.
1400 1983 1538 2034 Quale
1567 1982 1683 2024 enim
1711 1987 1795 2033 est,
1824 1987 1873 2023 ut

1040 2037 1292 2080 individuus
1324 2052 1474 2081 comes
1501 2038 1726 2092 Apostoli,
1760 2039 1872 2080 inter

1042 2097 1210 2137 ceteras
1238 2097 1329 2147 ejus
1357 2109 1445 2146 res,
1474 2096 1560 2138 hoc
1584 2095 1726 2137 solum
1751 2095 1871 2146 igno-

1041 2150 1226 2193 raverit?
1253 2153 1340 2194 Sed
1365 2158 1409 2195 et
1431 2152 1745 2202 Tertullianus,
1770 2151 1871 2193 vici-

1041 2222 1123 2250 nus
1144 2211 1295 2250 eorum
1314 2211 1574 2262 temporum,
1598 2209 1733 2250 refert
1751 2220 1870 2260 pres-

1040 2265 1244 2317 b5⁷terum
1265 2265 1501 2318 quemdam
1521 2265 1564 2306 in
1580 2265 1688 2306 Asia
1707 2266 1870 2306 amato-

1040 2334 1134 2362 rem
1158 2321 1365 2374 Apostoli
1392 2322 1534 2372 Pauli,
1567 2324 1818 2364 convictum
1846 2333 1871 2362 a

1040 2378 1065 2418 J
1068 2380 1221 2427 oanne‚
1242 2378 1362 2430 quod
1381 2383 1535 2420 auctor
1555 2383 1673 2420 esset
1690 2377 1802 2427 libri,
1827 2382 1870 2419 et

1041 2433 1290 2475 confessum
1315 2447 1362 2475 se
1385 2434 1471 2476 hoc
1490 2434 1615 2476 Pauli
1638 2436 1788 2476 amore
1812 2434 1870 2475 fe-

1041 2492 1165 2540 cisse,
1187 2495 1231 2532 et
1250 2490 1307 2532 ob
1327 2490 1373 2532 id
1391 2490 1492 2533 loco
1514 2490 1741 2532 excidisse.
1770 2489 1870 2540 Qui-

1042 2546 1143 2588 dam
1175 2547 1469 2600 suspicantur,
1507 2547 1869 2599 quotiescumque

162 2612 338 2652 quoque
362 2600 500 2644 edidit
522 2599 728 2644 'volumen
753 2603 987 2654 egregium,
1040 2603 1084 2643 in
1104 2603 1303 2656 epistolis
1318 2603 1407 2644 suis
1422 2603 1584 2645 Paulus
1602 2603 1717 2654 dicit,
1737 2602 1869 2643 Juxta

162 2655 284 2708 quod
317 2657 462 2708 titulo,
503 2659 618 2700 Acta
654 2658 985 2712 Apostolorum,
1039 2659 1326 2710 Evangelium
1343 2671 1501 2707 meum,
1521 2659 1576 2702 de
1590 2659 1724 2701 Lucae
1742 2657 1868 2708 signi-

161 2715 448 2764 praenotatur:
479 2715 600 2766 cujus
630 2714 814 2756 historia
845 2727 986 2767 usque
1013 2714 1017 2756 Ι
1039 2715 1174 2758 ficare
1193 2715 1425 2757 volumine.

316 2851 380 2877 Pars
396 2854 565 2878 Autumnalis.

1616 2843 1660 2877 25

1915 1023 1921 1246 ἰ

1916 1247 1922 1491 ἓ

1917 1492 1923 1583 Ι
