2040 2944
711 197 819 232 Furia
845 198 976 241 quinta
1002 200 1049 233 ud
1069 200 1269 243 vesperas.

195 290 294 329 Ant.
323 290 392 329 De
409 288 650 340 profundis.

402 347 599 387 Psalmus
626 350 709 388 129.

231 413 254 441 e
277 400 508 453 profundis
533 401 716 444 clamavi
739 403 795 444 ad
813 408 858 445 te
875 404 964 445 Do-

238 457 371 499 mine:
386 458 410 483 *
424 458 612 499 Domine
632 458 791 500 exaudi
810 472 964 501 vocem

139 525 295 554 meam:

190 569 318 610 Fiant
345 582 472 611 aures
504 574 593 612 tuae
620 571 911 622 intendentes,
939 573 963 598 *

139 624 183 665 in
202 633 358 667 vocem
381 626 706 679 deprecationis
726 641 848 670 meae.

188 681 234 723 Si
261 682 516 734 iniquitates
545 682 850 726 observaveris
874 686 961 727 Do-

136 738 267 780 mine:
287 738 311 764 *
328 739 517 781 Domine
537 740 634 791 quis
654 740 908 783 sustinebit?

189 794 302 845 Quia
329 795 449 848 apud
475 801 520 837 te
546 797 805 849 propitiatio
835 803 915 840 est:
937 799 960 824 *

137 855 180 892 et
197 857 381 904 propter
400 852 542 904 legem
567 857 688 894 tuam
711 855 897 895 sustinui
915 860 960 896 te

135 907 333 949 Domine.

187 963 402 1006 Sustinuit
435 965 578 1006 anima
613 979 710 1007 mea
744 966 787 1007 in
822 966 958 1008 verbo

136 1019 242 1072 ejus:
261 1020 284 1046 *
304 1022 498 1073 speravit
523 1022 665 1063 anima
689 1035 786 1064 mea
808 1023 851 1063 in
871 1023 957 1064 Do-

133 1076 263 1118 mino.

155 1155 158 1159 ·
186 1133 226 1174 A
260 1133 462 1175 custodia
493 1136 707 1176 matutina
734 1147 874 1186 usque
901 1135 958 1176 ad

134 1194 325 1231 noctem:
339 1190 362 1215 *
378 1196 526 1242 speret
545 1190 681 1232 Israel
698 1191 741 1231 in
757 1191 957 1232 Domino.

186 1246 299 1296 Quia
320 1245 436 1298 apud
458 1246 694 1288 Dominum
715 1248 956 1296 misericor-

135 1301 222 1343 dia:
250 1302 274 1327 *
304 1309 348 1344 et
373 1302 554 1355 copiosa
585 1303 703 1356 apud
735 1316 835 1345 eum
862 1304 956 1346 red-

133 1358 308 1411 emptio.

156 1457 159 1461 ,
185 1414 242 1456 Et
269 1415 366 1468 ipse
393 1415 580 1457 redimet
607 1416 759 1466 Israel,
784 1417 807 1442 *
832 1429 886 1458 ex
914 1419 956 1458 o-

132 1470 307 1513 mnibus
327 1471 629 1524 iniquitatibus
653 1474 754 1525 ejus.

189 1529 288 1569 Ant.
308 1529 373 1569 De
391 1528 622 1581 profundis
639 1529 823 1571 clamavi
842 1529 897 1571 ad
912 1534 956 1580 te

131 1583 331 1626 Domine.

187 1642 286 1681 Ant.
315 1641 479 1694 Speret.

394 1699 589 1739 Psahnus
611 1701 701 1740 130.

219 1752 363 1794 omine
393 1765 481 1794 non
512 1758 579 1794 est
612 1753 850 1795 exaltatum
878 1766 954 1795 cor

224 1821 386 1850 meum:
399 1809 423 1835 *
438 1822 580 1862 neque
600 1809 702 1851 elati
722 1815 823 1851 sunt
839 1810 954 1851 oculi

129 1864 227 1906 mei.

179 1921 336 1973 Neque
353 1921 572 1963 ambulavi
588 1922 632 1963 in
645 1923 830 1974 magnis:
844 1922 868 1949 *
882 1936 953 1965 ne·

132 1989 216 2029 que
234 1977 279 2018 in
297 1977 570 2020 mirabilibus
591 1991 722 2031 super
743 1992 824 2021 me.

180 2034 226 2075 Si
257 2046 345 2075 non
382 2033 602 2076 humiliter
639 2035 898 2077 sentiebam:
929 2035 952 2061 *

129 2089 209 2131 sed
229 2090 418 2131 exaltavi
437 2090 623 2132 animam
642 2104 799 2132 meam:

180 2146 302 2188 Sicut
323 2145 567 2188 ablactatus
583 2152 650 2188 est
665 2160 798 2200 super
813 2152 953 2189 matre

129 2215 218 2252 sua,
236 2203 260 2228 *
279 2203 341 2244 ita
359 2202 591 2244 retributio
616 2203 660 2243 in
683 2204 826 2245 anima
845 2216 952 2245 mea.
1056 2208 1101 2258 ἐς».

183 2259 339 2311 Speret
371 2258 508 2299 Israel
538 2258 582 2299 in
608 2259 819 2309 Domino,
846 2260 870 2285 *
899 2272 952 2301 ex

129 2313 215 2356 hoc
232 2327 348 2356 nunc
369 2320 412 2356 et
430 2327 570 2367 usque
590 2315 635 2355 in
654 2315 874 2357 saeculum.

183 2370 283 2410 Ant.
311 2371 468 2424 Speret
485 2371 622 2412 Israel
639 2371 683 2412 in
699 2371 902 2413 Domino.

184 2426 441 2478 Capitulum.
684 2426 737 2466 ΙΙ..
758 2426 854 2466 Cor.
873 2427 902 2466 1.

212 2483 437 2525 enedictus
464 2485 601 2534 Deus,
637 2487 680 2525 et
706 2483 838 2524 Pater
863 2483 951 2524 Do-

227 2540 334 2581 mini
351 2541 490 2581 nostri
507 2541 531 2581 J
534 2553 611 2581 esu
629 2539 802 2589 Christi,
821 2539 951 2580 Pater

129 2594 549 2646 misericordiarum,
586 2601 629 2638 et
661 2596 781 2637 Deus
813 2597 950 2636 totius

131 2651 460 2701 consolationis,
490 2652 563 2704 qui
592 2652 843 2694 consolatur
870 2663 951 2692 nos

129 2706 174 2746 in
195 2708 313 2748 omni
329 2708 612 2750 tribulatione
631 2713 791 2749 nostra.

1776 203 1839 238 115

1332 298 1538 348 Hymnus.

1142 350 1215 391 oeli
1233 352 1354 394 Deus
1374 355 1657 405 sanctissime,

1158 407 1242 456 Qui
1259 408 1426 451 lucidas
1444 411 1595 452 mundi
1614 412 1767 464 plagas

1121 463 1320 506 Candore
1338 466 1479 518 pingis
1497 469 1635 518 igneo,

1119 518 1300 570 Augens
1319 521 1481 563 decoro
1500 523 1676 565 lumine:

1072 584 1235 632 Quarto
1256 584 1325 626 die
1347 587 1419 638 qui
1442 587 1683 630 flammeam

1118 641 1234 681 Dum
1254 641 1360 683 solis
1380 644 1581 685 accendis
1600 650 1752 695 rotam,

1118 696 1253 738 Lunae
1274 698 1494 740 ministras
1515 700 1721 751 ordinem,

1117 753 1354 806 Vagosque
1373 767 1526 797 cursus
1547 757 1750 798 siderum:

1070 816 1126 858 tt
1144 818 1357 869 noctibus,
1376 820 1445 861 vel
1465 820 1615 862 lumini

1114 874 1431 928 Diremptionis
1451 878 1692 928 terminum,

1113 930 1370 973 Primordiis
1391 938 1434 973 et
1453 934 1665 974 mensium

1114 986 1293 1038 Signum
1312 988 1439 1030 dares
1459 990 1746 1041 notissimum3

1068 1052 1249 1104 Expelle
1269 1059 1443 1094 noctem
1465 1054 1679 1096 cordium:

1113 1107 1331 1160 Absterge
1351 1109 1505 1151 sordes
1524 1112 1748 1153 mentium:

1113 1165 1304 1206 Resolve
1324 1166 1464 1218 culpae
1484 1167 1716 1208 vinculum:

1112 1220 1274 1262 Everte
1294 1222 1432 1263 moles
1455 1223 1690 1265 criminum.

1067 1286 1240 1336 Praesta,
1259 1287 1389 1328 Pater
1410 1288 1613 1340 piissime,

1111 1343 1317 1395 Patrique
1340 1356 1519 1396 compar
1537 1345 1684 1395 Unice,

1113 1399 1220 1440 Cum
1239 1400 1400 1452 Spiritu
1419 1400 1635 1443 Paraclito

1112 1455 1316 1507 Regnans
1336 1469 1415 1509 per
1435 1469 1562 1498 omne
1581 1458 1798 1500 saeculum.

1316 1512 1468 1554 Amen.

1068 1564 1353 1618 Y.Dirigatur
1367 1569 1552 1610 Domine
1568 1571 1707 1611 oratio
1722 1583 1828 1612 mea.

1016 1623 1191 1677 RSicut
1205 1625 1427 1666 incensum
1440 1625 1482 1666 in
1494 1628 1731 1678 conspectu
1741 1631 1827 1668 tuo.

1068 1682 1137 1722 Ad
1158 1682 1329 1732 Magnis.
1359 1685 1456 1724 Ant.
1487 1683 1725 1734 Respexit*
1739 1683 1826 1724 Do-

1006 1735 1149 1776 minus
1167 1735 1453 1778 humilitatem
1473 1750 1630 1787 meam‚
1660 1743 1702 1780 et
1725 1738 1827 1779 fecit

1006 1791 1048 1831 in
1067 1805 1137 1833 me
1155 1805 1321 1844 magna,
1343 1793 1415 1845 qui
1434 1798 1591 1846 potens
1611 1798 1687 1836 est.

1065 1852 1218 1896 Preces,
1251 1854 1284 1887 si
1309 1854 1482 1888 dicendae
1516 1855 1607 1893 sint,
1644 1855 1831 1889 habentur

1013 1910 1129 1943 supra
1154 1901 1192 1934 in
1217 1901 1331 1944 Yesp.
1357 1902 1437 1935 Fer.
1464 1902 1597 1937 11.111.

1210 1966 1521 1993 μ--ο-Φ-ο-Ϋγ
1560 1981 1576 1982 ἡ

1063 2030 1212 2071 Feria
1231 2030 1408 2080 quinta
1427 2030 1491 2071 ad
1511 2030 1777 2081 vesperas.-

1061 2094 1158 2133 Ant.
1186 2093 1242 2132 Et
1261 2092 1411 2133 omnis.

1273 2149 1469 2190 psalmus
1491 2152 1566 2190 131.

1110 2219 1125 2260 Γ·
1150 2205 1336 2245 emento
1354 2203 1541 2244 Domine
1561 2201 1719 2251 David,
1738 2203 1761 2227 *
1781 2207 1824 2243 et

1074 2255 1121 2312 ’ἵζ’
1180 2260 1319 2300 omnis
1350 2258 1692 2300 mansuetudinis
1720 2259 1823 2309 ejus:

1027 2326 1039 2333 Ἴ
1212 2315 1332 2356 Sicut
1367 2315 1522 2366 juravit
1555 2315 1759 2363 Domino,
1799 2314 1823 2339 *

1003 2376 1153 2412 votum
1171 2371 1292 2412 vovit
1311 2371 1406 2412 Deo
1427 2370 1580 2412 Jacob:

1054 2428 1099 2469 Si
1117 2428 1324 2468 introiero
1343 2427 1386 2467 in
1405 2426 1731 2468 tabernaculum
1749 2425 1821 2466 do-

1002 2497 1099 2524 mus
1118 2496 1239 2532 meae,
1255 2483 1278 2508 *
1293 2483 1330 2523 si
1347 2482 1585 2524 ascendero
1604 2483 1648 2523 in
1663 2482 1821 2523 lectum

1003 2539 1129 2581 strati
1145 2539 1248 2580 mei:

1054 2596 1098 2636 Si
1124 2595 1288 2637 dedero
1314 2607 1513 2636 somnum
1543 2593 1679 2635 oculis
1702 2592 1819 2640 meis,

1002 2652 1026 2677 *
1043 2657 1087 2693 et
1099 2650 1319 2704 palpebris
1333 2651 1441 2692 meis
1457 2650 1818 2691 dormitationem:

1053 2708 1109 2748 Et
1152 2707 1346 2759 requiem
1387 2705 1655 2758 temporibus
1695 2703 1818 2744 meis:

1590 2768 1597 2785 N
