2040 2944
764 184 805 217 In
832 183 1084 216 Dedicationc
1110 182 1303 215 Ecclesiae.

466 278 660 317 Psalmus
680 278 745 316 (38.

285 341 455 382 ominus
470 338 677 390 regnavit,
687 338 930 378 irascantur
942 338 1018 389 po-

304 396 450 449 pulit*
471 396 544 448 qui
564 394 688 436 sedet
707 407 839 447 super
859 393 1018 435 Cheru-

193 454 292 503 bim,
320 454 549 494 moveatur
568 457 696 493 terra.

244 510 459 551 Dominus
489 509 532 549 in
560 508 664 550 Sion
691 519 889 558 magnus:
921 506 944 532 *
976 511 1019 547 et

194 566 390 608 excelsus
411 578 542 618 super
562 577 713 606 omnes
732 563 935 616 populos.

246 623 546 664 Confiteantur
566 621 729 662 nomini
748 626 825 662 tuo
845 631 1018 670 magno:

194 680 399 732 quoniam
417 678 626 727 terribile,
656 683 699 719 et
719 682 917 718 sanctum
937 680 1016 717 est:

191 738 214 762 *
235 742 278 778 et
295 736 437 777 honor
458 736 571 786 regis
592 734 797 786 judicium
817 733 967 784 diligit.

243 793 312 834 Tu
344 792 509 845 parasti
545 791 825 833 directiones:
856 790 879 815 *
912 788 1016 841 judi-

192 851 306 892 cium
322 855 365 891 et
379 850 584 901 justitiam
598 849 641 889 in
652 847 789 889 Jacob
805 852 852 888 tu
868 846 1017 888 fecisti.

243 906 444 947 Exaltate
484 905 720 946 Dominum
759 904 902 945 Deum
943 916 1017 944 no-

191 969 339 1012 strum,
351 967 394 1004 et
406 962 586 1004 adorate
602 961 840 1003 scabellum
854 959 1017 1013 pedum

193 1021 296 1072 ejus:
314 1020 337 1045 *
359 1019 564 1071 quoniam
585 1023 785 1060 sanctum
805 1022 882 1059 est.

241 1076 418 1128 Moyses
433 1081 476 1117 et
489 1076 640 1116 Aaron
654 1075 698 1116 in
714 1073 1017 1116 sacerdotibus

192 1135 295 1186 ejus:
314 1134 337 1159 *
358 1138 401 1174 et
420 1132 593 1174 Samuel
612 1132 723 1173 inter
743 1144 835 1180 eos,
866 1130 939 1183 qui
957 1132 1016 1170 in—

191 1195 351 1231 vocant
370 1202 529 1230 nomen
548 1190 654 1240 ejus:

241 1245 511 1288 Invocabant
547 1245 803 1294 Dominum,
846 1249 889 1285 et
923 1244 1017 1296 ipse

192 1302 452 1344 exaudiebat
468 1315 557 1343 eos:
574 1302 597 1327 *
615 1301 657 1342 in
674 1301 876 1342 columna
890 1299 1017 1341 nubis

191 1359 452 1412 loquebatur
472 1358 528 1400 ad
550 1371 638 1400 eos.

245 1415 560 1458 Custodiebant
585 1414 835 1456 testimonia
863 1415 968 1465 ejus,
994 1413 1017 1438 *

193 1478 236 1514 et
254 1475 526 1526 praeceptum
546 1471 666 1524 quod
687 1470 808 1512 dedit
827 1470 921 1511 illis.

244 1530 430 1571 Domine
445 1530 565 1570 Deus
583 1533 731 1569 noster
750 1533 797 1568 tu
818 1526 1017 1568 exaudie-

191 1586 271 1628 bas
297 1599 387 1628 eos:
406 1587 429 1611 *
449 1586 568 1627 Deus
587 1590 635 1626 tu
657 1584 874 1637 propitius
900 1583 1017 1624 fuisti

193 1644 264 1692 eis,
283 1647 327 1685 et
346 1642 559 1684 ulciscens
579 1642 623 1682 in
643 1654 794 1683 omnes
814 1640 1017 1682 adinven-

191 1700 334 1741 tiones
354 1702 517 1741 eorum.

243 1756 446 1798 Exaltate
487 1756 725 1797 Dominum
761 1755 904 1796 Deum
943 1766 1017 1795 no-

194 1818 342 1861 strum,
370 1818 413 1854 et
433 1812 615 1855 adorate
634 1813 677 1853 in
696 1817 845 1853 monte
866 1814 1017 1851 sancto

194 1871 300 1921 ejus:
327 1870 351 1895 *
381 1869 587 1922 quoniam
607 1874 784 1910 sanctus
803 1867 1018 1909 Dominus

194 1926 315 1967 Deus
335 1930 495 1968 noster.

247 1986 342 2025 Ant.
382 1982 623 2024 'Benedicta
653 1982 794 2033 gloria
824 1981 1018 2030 Domini,

195 2038 250 2080 de
269 2039 368 2081 loco
389 2043 541 2080 sancto
561 2051 652 2089 suo,
672 2038 853 2091 alleh'ija.
926 2072 928 2075 ,

244 2094 293 2141 Y.
327 2096 436 2137 Haec
466 2100 532 2137 est
560 2095 716 2138 domus
744 2094 922 2136 Domini
950 2094 1018 2134 fir-

194 2152 321 2194 miter
344 2152 572 2194 aedificata.
613 2154 658 2206 Rg.
690 2153 809 2193 Bene
837 2150 1019 2192 fundata

195 2214 261 2251 est
282 2222 413 2262 supra
432 2209 601 2250 firmam
620 2214 800 2262 petram.

245 2264 370 2307 Pater
397 2270 556 2307 noster.

248 2318 492 2360 Absolutio.
522 2322 561 2360 A
582 2322 775 2363 vinculis.

244 2371 294 2422 Y·
324 2378 435 2420 Jube
459 2379 629 2421 domne.

247 2432 406 2474 Bencd.
436 2435 699 2486 Evangelica
717 2435 859 2476 lectio.

195 2494 348 2536 Lectio
373 2497 510 2538 sancti
529 2497 755 2548 Evangelii
779 2493 1019 2538 secundum

522 2548 696 2590 Lucam.

295 2603 446 2644 Lectio
469 2604 533 2644 vii.
733 2606 835 2658 Cap.
856 2607 913 2646 19.

195 2656 271 2763 In
299 2660 374 2702 illo
402 2663 614 2713 tempore:
642 2663 869 2712 Ingressus
893 2663 917 2703 J
921 2676 1020 2704 esus

261 2717 593 2770 perambulabat
617 2718 800 2760 Jericho.
836 2720 892 2761 Et
917 2732 1019 2762 ecce

1072 278 1138 319 vir
1163 277 1338 319 nomine
1362 277 1591 320 Zachaeus:
1619 283 1662 321 et
1689 278 1760 320 hic
1783 279 1897 332 prin-

1073 347 1176 387 ceps
1214 339 1307 376 erat
1338 334 1687 387 publicanorum,
1726 340 1769 377 et
1801 336 1896 389 ipse

1073 390 1206 432 dives.
1242 391 1300 433 Et
1318 391 1496 444 reliqua.

1180 452 1373 495 Homiha
1401 452 1540 494 sancti
1567 452 1790 494 Ambrosii

1376 509 1596 562 Episcopi.

1195 569 1222 602 l
1227 569 1273 603 ib.
1292 569 1324 631 8
1344 569 1380 602 in
1398 569 1496 604 Luc.
1515 579 1637 612 prope
1654 570 1776 603 finem

1074 622 1079 636 ”
1102 619 1373 673 ,Ξτὲήειοὴεειιε
1397 623 1564 661 statura
1587 619 1786 672 pusillus,
1812 621 1898 664 hoc

1074 661 1185 737 [ᾗ
1213 681 1290 725 est,
1307 676 1423 717 nulla
1438 676 1897 728 nobilitatisingenitae

1073 741 1080 756 '—
1100 737 1106 743 ¹
1102 731 1191 756 “2
1213 731 1424 783 dignitate
1463 733 1677 786 sublimis,
1717 737 1897 786 exiguus

1069 790 1236 831 meritis
1280 790 1391 831 sicut
1431 789 1621 842 populus
1657 791 1898 842 nationum,

1070 846 1220 888 audito
1241 846 1419 888 Domini
1438 846 1676 888 Salvatoris
1696 847 1897 898 adventu,

1072 916 1201 956 quem
1229 904 1295 945 sui
1321 916 1409 944 non
1437 905 1710 956 receperant,
1748 904 1897 947 videre

1071 959 1286 1012 cupiebat.
1327 959 1414 1002 Sed
1442 972 1572 1003 nemo
1598 959 1724 1002 facile
1748 961 1773 1001 J
1775 973 1897 1003 esum

1070 1016 1206 1058 videt:
1237 1029 1366 1058 nemo
1394 1021 1543 1069 potest
1569 1017 1594 1058 J
1597 1029 1720 1059 esum
1747 1017 1897 1060 videre

1070 1074 1333 1115 constitutus
1361 1073 1405 1114 in
1432 1079 1560 1115 terra.
1600 1074 1656 1115 Et
1685 1074 1785 1126 quia
1809 1087 1897 1116 non

1069 1130 1327 1183 prophetas,
1378 1142 1466 1171 non
1509 1130 1651 1181 legem
1695 1130 1897 1182 habebat,

1070 1192 1294 1239 tamquam
1325 1187 1478 1228 formae
1510 1187 1695 1238 gratiam
1726 1190 1896 1229 natura-

1069 1243 1133 1292 lis,
1154 1243 1350 1285 ascendit
1366 1244 1411 1284 in
1425 1245 1715 1296 sycomorum,
1735 1245 1897 1286 vanita—

1069 1306 1158 1342 tem
1175 1300 1342 1342 scilicet
1351 1300 1375 1341 J
1377 1299 1605 1342 udaeorum
1616 1301 1800 1352 vestigio
1817 1313 1897 1342 suo

1070 1359 1310 1410 proterens,
1327 1359 1471 1398 errata
1485 1369 1661 1409 quoque
1673 1357 1897 1408 corrigens

1071 1414 1308 1466 superioris
1329 1413 1486 1455 aetatis:
1510 1418 1553 1455 et
1571 1413 1671 1455 ideo
1690 1414 1714 1454 J
1717 1426 1838 1455 esum
1854 1414 1897 1455 in

1071 1470 1288 1512 interioris
1317 1470 1474 1512 domus
1502 1470 1669 1523 recepit
1694 1470 1897 1523 hospitio.

1123 1530 1173 1582 R.
1194 1527 1363 1568 Domus
1381 1539 1489 1576 mea,
1510 1526 1666 1568 domus
1687 1528 1897 1568 orationis

1070 1583 1316 1633 vocabitur,
1341 1583 1446 1625 dicit
1465 1583 1693 1625 Dominus:
1720 1583 1765 1624 in
1783 1596 1835 1626 ea
1854 1596 1897 1626 o-

1070 1641 1182 1681 mnis
1199 1641 1273 1692 qui
1287 1640 1410 1693 petit,
1430 1640 1606 1693 accipit3
1627 1645 1669 1682 et
1690 1640 1763 1693 qui
1783 1653 1898 1693 quae—

1071 1698 1136 1747 rit,
1155 1697 1333 1739 invenit:
1346 1699 1369 1722 *
1384 1698 1440 1738 Et
1460 1697 1650 1750 pulsanti
1666 1697 1896 1750 aperietur.

1075 1751 1123 1803 V.
1141 1754 1294 1804 Petite,
1315 1759 1358 1796 et
1377 1754 1615 1807 accipietis:
1636 1753 1829 1806 quaerite,
1854 1758 1897 1796 et

1071 1811 1310 1853 invenietis
1364 1811 1420 1852 Et
1438 1810 1641 1864 pulsanti.

1124 1868 1284 1911 Bencd.
1316 1867 1521 1909 Divinum
1539 1866 1760 1908 auxilium.

1357 1925 1509 1966 Lectio
1530 1924 1614 1964 viii.

1154 1987 1172 2024 t
1190 1982 1301 2024 bene
1325 1981 1522 2023 ascendit
1544 1981 1587 2023 in
1606 1981 1824 2032 arborem,
1851 1986 1899 2023 ut

1158 2038 1289 2080 arbor
1307 2037 1424 2080 bona
1440 2037 1582 2080 bonos
1602 2038 1768 2080 fructus
1787 2037 1898 2080 face-

1073 2101 1153 2138 ret:
1172 2109 1223 2137 ac
1241 2094 1428 2136 naturali
1445 2097 1616 2136 excisus
1634 2094 1836 2144 oleastro,
1856 2100 1900 2137 et

1073 2158 1225 2194 contra
1245 2155 1445 2194 naturam
1464 2152 1652 2193 insertus
1671 2151 1713 2192 in
1736 2151 1898 2193 bonam

1074 2210 1244 2259 olivam,
1254 2209 1441 2250 fructum
1451 2213 1604 2262 posset
1614 2208 1722 2259 legis
1732 2207 1899 2249 afferre.

1073 2265 1218 2307 Radix
1238 2266 1351 2307 enim
1369 2270 1530 2314 sancta,
1551 2265 1632 2306 etsi
1651 2264 1759 2306 rami
1773 2265 1898 2306 inuti-

1072 2323 1150 2365 les:
1174 2335 1359 2375 quorum
1383 2322 1696 2364 infructuosam
1714 2321 1899 2372 gloriam

1073 2379 1198 2433 plebs
1219 2379 1426 2421 Gentium
1449 2378 1536 2420 fide
1555 2378 1899 2428 resurrectionis,

1074 2437 1198 2488 quasi
1223 2435 1412 2489 quadam
1435 2434 1634 2488 corporis
1657 2433 1899 2476 elevatione

1073 2492 1351 2534 transcendit.
1387 2491 1600 2533 Zachaeus
1630 2504 1733 2542 ergo
1763 2492 1805 2532 in
1834 2504 1899 2544 sy-

1073 2552 1272 2599 comoro,
1300 2561 1443 2591 caecus
1462 2548 1505 2588 in
1525 2548 1608 2588 viai
1637 2561 1822 2600 quorum
1842 2547 1899 2588 al-

1073 2611 1215 2648 terum
1227 2605 1440 2646 Dominus
1451 2604 1735 2647 miseraturus
1749 2606 1899 2657 exspe-

1074 2668 1179 2712 ctat,
1203 2661 1386 2703 alterum
1410 2661 1646 2701 mansionis
1667 2674 1758 2702 suae
1778 2660 1898 2702 clari-

1073 2721 1163 2761 tate
1193 2717 1407 2760 nobilitat:
1449 2717 1634 2760 alterum
1667 2720 1898 2759 sanaturus
