2040 2944
559 162 629 195 Dic
659 162 708 195 18.
732 161 833 204 Sept.
882 160 915 194 S.
941 159 1106 203 Josephi
1133 171 1151 192 u
1179 159 1389 201 Cupcrtino
1415 158 1524 191 Conf.

189 264 377 329 gloriari,
405 277 493 306 non
514 276 588 305 ero
608 263 832 316 insipiens:
859 262 1016 304 verita-

188 326 278 364 tem
298 321 412 363 enim
437 320 593 363 dicam:
617 333 752 375 parco
777 324 938 368 autem,
962 330 1017 359 ne

191 379 288 430 quis
313 390 383 419 me
409 379 628 420 existimet
653 389 788 430 supra
806 375 868 426 id,
897 373 1018 427 quod

189 433 377 477 videtin
401 447 487 485 me,
517 440 591 477 aut
618 432 785 487 aliquid
813 431 935 474 audit
963 444 1018 473 ex

190 504 271 533 me.
324 491 381 533 Et
413 505 467 533 ne
499 489 755 543 magnitudo
788 488 1016 531 revelatie-

190 561 294 589 num
322 547 505 590 extellat
531 560 617 598 me,
658 547 785 589 datus
819 551 887 588 est
913 545 1019 586 mihi

191 604 390 646 stimulus
419 605 560 646 carnis
590 617 717 654 meae,
746 602 926 654 angelus
952 604 1017 643 sa-

190 667 321 712 tanae,
348 661 422 714 qui
441 674 511 703 me
535 660 792 714 colaphizet.
828 659 1019 711 Propter

192 718 314 772 quod
337 723 405 761 ter
422 718 660 760 Deminum
678 717 848 768 rogavi,
866 721 915 757 ut
934 714 1018 757 dis—

192 775 370 818 cederet
389 788 414 816 a
433 787 518 816 me:
545 780 588 816 et
611 774 722 816 dixit
745 772 866 815 mihi:
894 772 1018 815 Saffi-

193 832 252 874 cit
273 831 353 874 tibi
381 832 522 883 gratia
546 844 658 873 mea:
685 844 787 872 nam
810 831 949 872 virtus
976 829 1021 869 in

191 889 443 930 infirmitate
458 888 696 941 perficitur.
720 887 958 929 Libenter
944 886 1020 937 igi-

190 950 262 987 tur
270 945 520 997 gloriabor'
509 959 552 986 1n
563 944 889 986 infirmitatibus
899 944 1019 993 meis,

190 1007 239 1044 ut
257 1002 500 1044 inhabitet
489 1016 533 1043 1n
552 1015 622 1043 me
641 1002 780 1043 virtus
802 1000 974 1042 Christi.

243 1068 294 1120 R.
321 1068 412 1110 Iste
433 1068 652 1120 cognovit.
671 1068 710 1120 [7
713 1067 759 1119 O]

415 1152 464 1191 In
491 1152 541 1191 ΙΙ.
569 1151 791 1191 Nocturno.

219 1267 226 1275 ἱ
493 1218 645 1259 Lectio
665 1217 718 1257 iv.

202 1284 498 1343 ,t
524 1298 549 1326 a
570 1285 824 1336 Cupertino,
853 1283 1021 1336 eppido

209 1345 232 1398 >J'
269 1335 297 1398 ἶ)
321 1343 365 1383 111
397 1341 628 1384 Salentinis
662 1339 866 1383 dioecesis
898 1340 1020 1382 Neri-

196 1410 197 1417 *
275 1419 280 1420 ⁷
320 1399 533 1448 tonensis‚
568 1410 680 1440 anno
709 1400 928 1450 reparatae
956 1411 1020 1439 sa-

191 1456 294 1498 lutis
328 1455 560 1497 millesimo
590 1454 910 1496 sexcentesimo
939 1456 1021 1496 ter-

191 1514 272 1564 tio,
299 1513 384 1566 piis
411 1512 575 1554 ibidem
602 1511 859 1564 parentibus
888 1516 1022 1561 ortus,

191 1571 364 1622 Deique
397 1571 546 1611 amere
578 1570 846 1622 praeventus,
878 1570 1021 1621 pueri-

192 1628 300 1670 tiam
324 1632 457 1679 atque
482 1626 828 1667 adolescentiam
853 1638 1022 1666 summa

194 1697 294 1726 cum
317 1683 597 1736 simplicitate
619 1685 879 1734 morumque
903 1682 1023 1723 inno-

195 1740 338 1782 centia
365 1739 589 1791 transegit.
625 1738 667 1779 A
695 1737 903 1780 diuturno
932 1751 1022 1779 mo-

195 1797 399 1848 lesteque
426 1795 583 1837 morbo
614 1795 933 1848 patientissime
958 1799 1023 1836 to-

195 1853 351 1904 lerato,
374 1854 582 1906 Deiparae
601 1851 796 1903 Virginis
816 1865 901 1904 ope
920 1850 1024 1893 libe-

195 1912 334 1961 ratus,
366 1923 414 1952 se
441 1914 585 1952 totum
611 1908 789 1962 pietatis
815 1907 1025 1961 operibus

196 1980 248 2009 ac
266 1966 520 2009 excolendis
539 1965 775 2008 virtutibus
799 1965 935 2007 dedit:
961 1969 1025 2006 ut-

197 2037 282 2077 que
300 2024 398 2066 Deo
426 2023 483 2065 ad
506 2024 671 2076 majora
689 2021 867 2064 vocanti
893 2034 940 2063 se
965 2021 1025 2062 in-

195 2080 342 2122 timius
385 2080 682 2132 conjungeret,
728 2077 871 2119 erdini
913 2079 1026 2119 sera-

194 2136 327 2190 phico
346 2149 507 2178 nomen
528 2135 633 2177 dare
654 2135 890 2177 constituit.
917 2134 1028 2175 Post

195 2194 342 2235 varios
372 2195 554 2235 eventus
582 2191 677 2234 voti
703 2190 883 2233 tandem
911 2203 1026 2233 com-

195 2263 279 2303 pos
298 2250 455 2301 factus,
481 2249 601 2303 apud
618 2249 811 2290 Mineres
831 2248 1026 2290 Conven-

195 2306 338 2348 tuales
356 2306 401 2347 in
421 2305 625 2348 coenebio
647 2304 887 2358 Cryptulae,
915 2305 1028 2345 inter

196 2361 333 2404 laicos
364 2363 555 2416 primum
589 2361 646 2403 ob
678 2361 924 2402 litterarum
951 2360 1027 2400 im-

197 2419 417 2471 peritiam,
444 2417 603 2461 deinde
627 2418 738 2460 inter
763 2417 947 2459 clericos
968 2416 1029 2457 di-

197 2476 298 2516 vina
347 2475 636 2529 dispositiene
688 2476 1029 2516 connumeratus

199 2535 276 2573 est.
309 2531 565 2574 Sacerdetio
590 2536 694 2584 post
719 2530 931 2571 solemnia
954 2542 1029 2571 vo-

149 2602 153 2605 <
198 2591 244 2628 ta
275 2587 487 2638 initiatus,
527 2587 769 2640 perfectius
809 2586 893 2627 sibi
924 2585 1028 2626 vitae

198 2643 444 2684 institutum
460 2643 704 2697 propesuit.
733 2642 1029 2693 Quamebrem

197 2698 428 2740 mundanis
474 2700 824 2752 quibuscumque
866 2697 1026 2739 affecti-

354 2839 419 2864 Pars
434 2839 608 2864 Autumnnlis.

1834 161 1900 196 313

1069 259 1168 309 bus,
1187 261 1462 311 terrenisque
1481 258 1613 300 rebus
1631 270 1744 311 pene
1764 257 1822 299 ad
1840 257 1899 298 vi-

1068 321 1159 358 tam
1184 316 1443 357 necessariis
1468 315 1585 357 illico
1610 329 1635 356 a
1659 328 1706 356 se
1726 314 1899 356 abdica-

1068 373 1136 422 tis,
1167 372 1328 422 ciliciis,
1356 372 1552 423 flagellis,
1579 371 1756 421 catenis,
1783 371 1902 412 omni

1071 428 1246 471 demum
1274 429 1561 481 asperitatum
1589 441 1641 470 ac
1669 430 1902 481 poenarum

1069 488 1230 537 genere
1273 498 1436 538 corpus
1482 485 1654 526 afflixit:
1700 485 1902 538 spiritum

1070 556 1176 585 vero
1214 547 1378 584 sanctae
1417 542 1627 583 oratienis
1661 542 1901 583 altissimae-

1072 613 1157 652 que
1210 598 1593 651 contemplationis
1644 598 1903 640 assiduitate

1072 657 1259 698 dulciter
1280 655 1497 698 enutrivit.
1516 655 1631 696 Hinc
1646 655 1810 696 factum
1826 659 1903 704 est,

1070 720 1119 756 ut
1151 714 1312 755 caritas
1343 713 1444 762 Dei,
1483 710 1582 764 quae
1614 712 1699 762 jam
1735 717 1829 753 erat
1860 712 1904 752 in

1073 772 1164 823 ejus
1191 770 1325 812 corde
1351 782 1377 810 a
1403 769 1545 821 prima
1577 771 1709 810 aetate
1735 768 1904 818 diffusa,

1072 828 1182 869 miro
1211 828 1430 880 planeque
1458 825 1668 876 singulari
1697 825 1832 867 modo
1861 825 1905 866 in

1074 884 1168 926 dies
1190 883 1498 926 coruscaverit.

1125 943 1176 995 Rv.
1202 942 1452 983 Honestum
1481 940 1585 981 fecit
1612 939 1735 980 illum
1754 939 1903 980 Demi-

1073 1011 1165 1049 nuS,
1191 1003 1235 1040 et
1254 998 1494 1040 custodivit
1514 1010 1614 1039 eum
1634 996 1689 1037 ab
1709 996 1905 1046 inimicis,

1075 1061 1118 1097 et
1145 1069 1171 1097 a
1198 1055 1506 1097 seducteribus
1534 1054 1695 1096 tutavit
1720 1053 1859 1094 illum:
1880 1053 1902 1077 *

1073 1113 1130 1154 Et
1159 1112 1282 1154 dedit
1312 1112 1374 1153 illi
1404 1112 1653 1153 claritatem
1685 1112 1907 1151 aeternam.

1072 1164 1123 1216 V.
1155 1170 1329 1211 Justum
1362 1169 1547 1211 deduxit
1578 1167 1794 1209 Dominus
1827 1180 1907 1220 per

1074 1227 1167 1268 vias
1189 1232 1348 1276 rectas,
1369 1231 1412 1268 et
1432 1225 1626 1268 ostendit
1645 1224 1707 1265 illi
1726 1237 1908 1275 regnum

1074 1283 1168 1325 Dei.
1197 1284 1253 1325 Et
1273 1282 1408 1325 dedit.

1384 1337 1535 1378 Lectio
1557 1350 1593 1375 v.

1156 1394 1268 1439 luxit
1320 1398 1547 1449 praecipue
1602 1394 1909 1437 ardentissima

1181 1454 1271 1506 ejus
1309 1453 1469 1495 caritas
1508 1453 1552 1493 in
1591 1451 1814 1494 extasibus
1853 1451 1909 1493 ad

1075 1511 1219 1552 Deum
1257 1510 1543 1559 suavissimis,
1588 1507 1908 1561 stupendisque

1075 1568 1293 1621 raptibus,
1334 1567 1493 1619 quibus
1529 1567 1781 1618 frequenter
1818 1565 1907 1606 affi-

1078 1624 1286 1666 ciebatur.
1314 1624 1472 1664 Mirum
1492 1628 1648 1672 autem,
1670 1622 1790 1674 quod
1809 1622 1908 1663 alie-

1075 1684 1180 1722 nato
1215 1694 1240 1722 a
1274 1680 1474 1722 sensibus
1503 1680 1648 1720 animo
1679 1679 1824 1720 statim
1853 1678 1909 1720 ab

1077 1738 1218 1780 extasi
1259 1750 1358 1779 eum
1399 1736 1639 1778 revocabat
1675 1736 1771 1777 sola
1808 1735 1908 1777 obe-

1077 1795 1249 1836 dientia.
1277 1795 1404 1835 Hanc
1427 1794 1592 1846 quippe
1611 1793 1818 1834 virtutem
1839 1805 1908 1833 ex-

1075 1852 1180 1892 imio
1201 1850 1348 1892 studio
1368 1849 1734 1902 prosequebatur,
1762 1848 1910 1890 dicere

1077 1908 1248 1957 sentus,
1275 1920 1322 1948 se
1342 1906 1397 1949 ab
1418 1920 1470 1949 ea
1487 1906 1625 1948 veluti
1645 1918 1811 1947 caecum
1831 1905 1909 1946 cir-

1077 1964 1295 2014 cumduci,
1342 1968 1385 2005 et
1429 1963 1543 2005 mori
1590 1962 1740 2015 petius
1786 1961 1910 2011 velle,

1078 2034 1210 2073 quam
1240 2033 1329 2062 non
1359 2019 1552 2062 obedire.
1593 2019 1910 2071 Paupertatem

1076 2091 1182 2120 vero
1216 2077 1435 2130 seraphici
1467 2075 1732 2129 patriarchae
1764 2075 1825 2115 ita
1855 2087 1909 2115 ae-

1075 2134 1266 2176 mulatus
1305 2139 1388 2184 est,
1429 2138 1478 2175 ut
1513 2132 1646 2174 morti
1681 2131 1910 2184 preximus

1075 2191 1262 2245 praelato
1298 2203 1378 2232 suo
1414 2192 1613 2231 asserere
1645 2201 1749 2230 vere
1780 2190 1909 2240 potu-

1077 2247 1175 2297 erit,
1208 2259 1256 2288 se
1288 2246 1396 2287 nihil
1426 2245 1606 2294 habere,
1640 2243 1760 2297 quod
1786 2256 1910 2285 more

1077 2303 1384 2353 religiosorum
1433 2302 1685 2353 resignaret.
1752 2301 1909 2352 Itaque

1076 2359 1241 2401 mundo
1263 2359 1435 2411 sibique
1453 2361 1665 2407 mortuus,
1684 2356 1822 2399 vitam
1841 2357 1866 2397 J
1869 2369 1909 2398 e-

1078 2429 1131 2457 su
1148 2415 1459 2457 manifestabat
1476 2415 1520 2455 in
1540 2426 1670 2456 carne
1691 2426 1784 2463 sua,
1811 2425 1909 2465 quae

1078 2471 1183 2514 dum
1219 2472 1264 2512 in
1300 2471 1519 2523 aliquibus
1552 2483 1607 2512 ex
1638 2468 1910 2522 turpitudine

1079 2529 1339 2571 obscoenum
1354 2527 1567 2578 flagitium
1578 2526 1805 2576 sentiebat,
1820 2537 1911 2578 pro·

1079 2585 1299 2636 digi6sum
1330 2583 1386 2625 de
1419 2596 1466 2625 se
1501 2582 1681 2625 efflabat
1714 2581 1909 2630 odorem,

1077 2641 1288 2683 indicium
1311 2639 1584 2682 nitidissimae
1604 2639 1720 2680 illius
1744 2637 1908 2690 purita-

1077 2698 1150 2748 tis,
1178 2710 1324 2750 quam,
1350 2696 1576 2738 immundo
1601 2695 1757 2748 spiritu
1779 2692 1907 2734 vehe-

1661 2823 1702 2856 21
