2040 2944
498 212 672 247 Officium
700 211 872 245 votivum
898 210 943 243 dc
970 210 1004 243 S.
1030 208 1177 251 dost—ph
1204 209 1357 250 Sponso
1383 207 1423 240 B.
1447 206 1494 240 M.
1517 206 1560 240 V.

230 311 261 350 A
270 317 325 350 nt.
338 307 535 349 Audiens
542 307 566 347 J
569 305 709 359 oseph
721 303 1004 357 quodArche-

176 367 271 408 laus
286 367 487 417 regnaret
500 364 544 404 in
557 364 582 404 J
584 363 713 405 udaea
726 374 808 415 pro
822 360 1002 402 Herode

176 429 299 476 patre
319 433 411 470 suo,
429 421 572 462 timuit
590 420 665 462 illo
685 420 759 460 ire.

226 499 322 538 Ant.
356 493 618 537 Admonitus
636 494 680 534 in
699 491 873 535 somnis.

443 580 642 620 Psalmus
661 578 731 618 20.

172 642 408 747 Domine
431 647 475 688 in
498 647 658 688 virtute
683 650 759 687 tua
782 643 1003 686 laetabitur

296 718 387 747 rex:
411 705 434 730 *
459 709 502 746 et
521 716 653 756 super
672 702 862 743 salutare
880 706 1004 742 tuum

177 761 412 804 exsultabit
430 760 721 802 vehementer.

227 818 505 860 Desiderium
530 816 676 858 cordis
701 816 791 868 ejus
814 814 1005 857 tribuisti

178 876 231 917 ei:
245 876 268 901 *
284 880 328 917 et
341 875 565 917 voluntate
580 873 796 915 labiorum
811 873 901 924 ejus
915 884 1004 913 non

178 931 389 974 fraudasti
407 944 517 974 eum.

230 989 444 1040 Quoniam
467 987 719 1041 praevenisti
744 999 843 1028 eum
866 985 910 1026 in
932 984 1004 1026 be-

176 1045 496 1088 nedictionibus
510 1043 766 1086 dulcedinis:
780 1043 803 1068 *
818 1041 1005 1095 posuisti

176 1103 220 1144 in
249 1103 392 1156 capite
420 1103 510 1154 ejus
539 1103 748 1143 coronam
775 1099 830 1141 de
857 1097 1004 1152 lapide

177 1160 384 1213 pretioso.

228 1217 377 1258 Vitam
396 1215 521 1269 petiit
540 1227 566 1256 a
584 1220 642 1256 te:
660 1215 684 1240 *
704 1219 748 1256 et
761 1212 952 1255 tribuisti
967 1211 1006 1253 ei

176 1273 492 1324 longitudinem
517 1271 685 1314 dierum
711 1271 756 1312 in
784 1269 1005 1319 saeculum,

178 1335 221 1372 et
238 1330 282 1371 in
302 1329 511 1372 saeculum
535 1328 695 1370 saeculi.

228 1387 387 1438 Magna
412 1392 479 1428 est
496 1386 636 1438 gloria
654 1386 745 1437 ejus
763 1385 807 1425 in
827 1382 1006 1424 salutari

177 1449 269 1485 tuo:
283 1444 307 1469 *
321 1443 505 1495 gloriam
521 1448 564 1484 et
578 1455 784 1493 magnum
799 1440 1006 1482 decorem

178 1500 378 1553 impones
398 1512 530 1553 super
549 1512 660 1541 eum.

231 1557 446 1608 Quoniam
478 1556 603 1598 dabis
634 1568 734 1597 eum
760 1555 804 1595 in
830 1552 1005 1595 benedi-

179 1614 369 1656 ctionem
388 1614 432 1655 in
453 1613 663 1655 saeculum
685 1611 848 1653 saeculi:
862 1611 885 1636 *
899 1610 1005 1652 laeti-

179 1671 331 1713 ficabis
359 1684 458 1713 eum
489 1671 534 1712 in
564 1669 726 1722 gaudio
755 1682 856 1711 cum
882 1666 1006 1709 vultu

178 1733 267 1769 tuo.

231 1785 446 1836 Quoniam
470 1797 548 1826 rex
572 1787 720 1836 sperat
737 1783 781 1823 in
800 1782 1007 1823 Domino:

179 1842 202 1867 *
227 1846 270 1883 et
293 1842 337 1882 in
358 1840 659 1883 misericordia
680 1839 896 1881 Altissimi
918 1851 1004 1880 non

180 1898 537 1940 commovebitur.

230 1955 482 1997 Inveniatur
513 1967 666 1996 manus
698 1958 774 1995 tua
805 1952 1007 1994 omnibus

179 2012 363 2054 inimicis
377 2012 477 2054 tuis:
491 2012 515 2037 ¹⁸¹
531 2011 713 2053 dextera
726 2015 803 2052 tua
815 2010 1008 2051 inveniat

181 2081 342 2119 omnes,
364 2069 437 2121 qui
455 2073 499 2110 te
519 2068 716 2110 oderunt.

230 2125 374 2167 Pones
403 2138 480 2167 eos
507 2130 555 2166 ut
582 2124 802 2166 clibanum
828 2123 940 2175 ignis
963 2123 1006 2163 in

181 2183 378 2234 tempore
402 2182 548 2223 vultus
571 2181 648 2223 tui:
671 2182 695 2206 *
719 2181 935 2222 Dominus
964 2180 1008 2220 in

181 2238 245 2278 ira
265 2251 342 2279 sua
361 2237 640 2280 conturbabit
659 2250 747 2287 eos
767 2242 811 2279 et
826 2236 1006 2279 devora-

181 2292 246 2335 bit
265 2307 341 2336 eos
359 2295 481 2346 ignis.

234 2350 442 2392 Fructum
462 2353 614 2393 eorum
633 2351 688 2392 de
703 2356 820 2392 terra
833 2349 1008 2403 perdes:

183 2407 206 2432 *
223 2412 266 2448 et
285 2419 431 2449 semen
451 2410 603 2450 eorum
618 2421 643 2449 a
657 2407 757 2448 filiis
771 2407 1008 2449 hominum.

235 2464 450 2514 Quoniam
501 2464 829 2506 declinaverunt
873 2464 918 2504 in
964 2469 1008 2505 te

183 2519 312 2561 mala:
330 2521 353 2546 *
374 2521 674 2571 cogitaverunt
694 2521 885 2570 consilia,
910 2533 1008 2573 quae

184 2590 271 2618 non
290 2579 527 2630 potuerunt
547 2578 750 2619 stabilire.

237 2633 451 2684 Quoniam
486 2646 624 2685 pones
660 2647 737 2676 eos
770 2634 963 2675 dorsum:
986 2633 1010 2659 *

184 2691 227 2731 in
246 2689 439 2742 reliquiis
458 2690 544 2731 tuis
558 2690 829 2743 praeparabis
843 2690 1010 2732 vultum

186 2759 348 2789 eorum.

1107 302 1314 343 Exaltare
1324 301 1422 342 Dfie
1435 300 1479 341 in
1491 300 1652 342 virtute
1662 304 1752 342 tua:
1761 300 1785 325 *
1797 313 1888 341 can-

1056 359 1247 401 tabimus
1265 363 1308 400 et
1326 357 1563 411 psallemus
1578 356 1763 398 virtutes
1778 361 1887 398 tuas.

1107 428 1207 468 Ant.
1243 422 1509 465 Admonitus
1537 422 1581 463 in
1609 420 1788 472 somnis,
1815 421 1887 463 Jo-

1056 480 1167 534 seph
1187 481 1368 521 secessit
1385 479 1429 520 in
1447 484 1597 533 partes
1617 477 1824 528 Galilaeae,
1843 482 1888 520 et

1057 537 1235 578 veniens
1263 536 1479 578 habitavit
1509 536 1554 577 in
1582 535 1760 577 civitate
1789 547 1888 587 quae

1056 596 1240 635 vocatur
1253 593 1491 644 Nazareth3
1511 597 1560 635 ut
1575 590 1888 644 adimpleretur

1058 650 1178 703 quod
1212 649 1377 692 dictum
1412 655 1479 692 est
1512 662 1592 702 per
1623 647 1888 701 Prophetas:

1058 707 1273 758 Quoniam
1292 708 1532 749 Nazaraeus
1551 704 1792 748 vocabitur.

1107 777 1205 818 Ant.
1234 776 1344 815 Erat
1362 778 1489 827 pater
1508 773 1533 814 J
1535 785 1623 814 esu.

1324 855 1522 896 Psalmus
1550 855 1615 895 23.

1149 917 1282 959 omini
1314 922 1381 959 est
1409 922 1546 967 terra,
1584 921 1628 958 et
1658 915 1888 970 plenitudo

1162 976 1269 1027 eius:
1288 976 1312 1002 *
1337 973 1457 1016 orbis
1476 975 1708 1024 terrarum,
1737 978 1781 1015 et
1798 973 1888 1014 uni-

1058 1031 1174 1073 versi
1194 1031 1268 1083 qui
1286 1030 1488 1073 habitant
1506 1031 1550 1072 in
1571 1043 1636 1072 eo.

1111 1089 1222 1139 Quia
1244 1088 1341 1141 ipse
1369 1101 1502 1141 super
1525 1088 1665 1129 maria
1690 1087 1889 1130 fundavit

1058 1159 1172 1188 eum:
1197 1146 1221 1171 *
1247 1150 1290 1187 et
1315 1158 1449 1198 super
1469 1144 1648 1186 flumina
1667 1146 1888 1198 praepara-

1058 1203 1122 1244 vit
1142 1215 1252 1244 eum.

1111 1259 1219 1309 Quis
1239 1258 1449 1300 ascendet
1466 1259 1511 1299 in
1528 1264 1725 1300 montem
1739 1256 1849 1300 Dfii?
1864 1258 1887 1284 *

1059 1321 1134 1357 aut
1150 1316 1247 1368 quis
1267 1315 1400 1358 stabit
1418 1315 1462 1356 in
1481 1315 1582 1357 loco
1599 1320 1754 1358 sancto
1774 1314 1888 1368 ejus?

1112 1373 1330 1414 Innocens
1379 1371 1581 1413 manibus
1630 1377 1675 1414 et
1724 1371 1888 1414 mundo

1060 1429 1209 1479 corde,
1233 1430 1257 1455 *
1287 1429 1362 1482 qui
1388 1441 1476 1470 non
1505 1429 1676 1482 accepit
1702 1429 1746 1470 in
1774 1441 1888 1470 vano

1061 1487 1249 1528 animam
1272 1499 1410 1535 suam,
1437 1497 1520 1527 nec
1543 1485 1701 1538 juravit
1719 1485 1765 1526 in
1783 1484 1888 1527 dolo

1058 1544 1261 1597 proximo
1283 1555 1375 1585 suo.

1109 1601 1195 1642 Hic
1238 1599 1425 1652 accipiet
1466 1599 1821 1641 benedictionem
1864 1611 1890 1640 a

1058 1658 1265 1699 Domino:
1279 1658 1303 1684 *
1318 1661 1362 1698 et
1380 1655 1729 1698 misericordiam
1747 1668 1773 1697 a
1790 1655 1889 1697 Deo

1059 1714 1240 1756 salutari
1260 1726 1352 1755 suo.

1110 1772 1222 1813 Haec
1250 1775 1317 1812 est
1345 1770 1571 1822 generatio
1602 1769 1890 1822 quaerentium
1967 1801 1969 1803 .

1060 1841 1179 1878 eum,
1215 1828 1238 1853 *
1282 1827 1572 1880 quaerentium
1614 1826 1771 1868 faciem
1805 1826 1891 1868 Dei

1059 1884 1208 1927 Jacob.

1111 1941 1315 1984 Attollite
1360 1945 1515 1994 portas
1554 1940 1779 1994 principes
1819 1951 1890 1980 ve-

1060 2003 1188 2049 stras,
1221 2003 1265 2040 et
1290 1998 1522 2040 elevamini
1544 2002 1687 2050 portae
1709 1997 1890 2038 aeterna.-

1060 2055 1141 2097 les:
1160 2056 1183 2081 *
1204 2060 1248 2097 et
1266 2053 1463 2096 introibit
1481 2055 1580 2096 Rex
1599 2053 1762 2105 gloriae.

1113 2112 1220 2162 Quis
1248 2116 1315 2153 est
1334 2112 1418 2153 iste
1438 2112 1536 2153 Rex
1559 2108 1734 2162 gloriae?
1755 2111 1780 2137 *
1802 2109 1890 2150 Do-

1059 2169 1202 2210 minus
1230 2168 1356 2210 fortis
1387 2173 1430 2210 et
1464 2173 1640 2221 potens:
1675 2166 1891 2208 Dominus

1060 2231 1221 2279 potens
1239 2226 1284 2266 in
1300 2224 1466 2278 praelio.

1112 2282 1316 2324 Attollite
1357 2287 1510 2335 portas
1553 2280 1775 2334 principes
1819 2292 1890 2320 ve-

1061 2344 1194 2389 stras,
1236 2344 1280 2381 et
1317 2338 1548 2380 elevamini
1587 2342 1730 2390 portae
1767 2340 1890 2377 aeter-

1060 2396 1200 2438 nales:
1227 2397 1250 2422 *
1279 2401 1323 2438 et
1350 2394 1548 2437 introibit
1574 2394 1672 2435 Rex
1699 2393 1861 2444 gloriae.

1114 2453 1220 2503 Quis
1266 2458 1333 2494 est
1380 2452 1463 2493 iste
1504 2451 1602 2492 Rex
1642 2449 1821 2501 gloriae?
1866 2449 1890 2474 *

1060 2510 1277 2551 Dominus
1309 2509 1522 2551 virtutum
1556 2508 1653 2560 ipse
1690 2512 1758 2548 est
1793 2507 1890 2547 Rex

1061 2567 1225 2618 gloriae.

1114 2635 1214 2674 Ant.
1248 2634 1360 2674 Erat
1389 2635 1516 2683 pater
1542 2629 1647 2670 Jesu
1679 2633 1723 2670 et
1752 2632 1892 2669 mater

1062 2689 1269 2730 mirantes
1288 2699 1422 2740 super
1435 2686 1502 2727 his
1519 2699 1617 2739 quae
1634 2685 1892 2728 dicebantur

1064 2745 1119 2787 de
1138 2745 1228 2795 illo;
1251 2750 1294 2787 et
1311 2743 1535 2786 benedixit
1552 2743 1637 2784 illis
1655 2742 1842 2784 Simeon.
