2040 2944
177 225 224 259 84
745 218 851 250 Furia
880 224 986 249 sextu
1014 216 1059 248 ad
1090 214 1324 247 Matutiuum,

230 318 281 358 In
301 315 584 358 tribulatiOne
610 311 826 352 invocasti
850 323 932 360 me,
961 315 1005 351 et

117 402 122 407 -
180 373 361 415 liberavi
391 378 449 412 te:
476 373 499 397 *
528 368 730 410 exaudivi
759 373 803 409 te
836 368 880 408 in
909 366 1005 408 abs-

180 429 359 471 cendito
404 425 694 478 tempestatis:
735 423 922 476 probavi
961 427 1006 463 te

180 485 297 538 apud
325 496 482 535 aquam
507 480 883 522 contradictiOnis.

232 540 347 582 Audi
382 538 573 591 populus
609 550 749 585 meus,
785 541 828 577 et
861 540 1007 576 conte-

181 597 332 639 stabor
357 601 415 636 te:
441 597 464 621 *
490 593 627 634 Israel
652 593 688 634 si
712 592 904 634 audieris
926 605 1007 640 me,

180 667 266 693 non
293 652 375 693 erit
400 651 444 691 in
470 656 515 692 te
543 650 651 691 deus
676 662 840 698 recens,
864 660 1008 699 neque

180 708 387 750 adorabis
417 707 547 748 deum
575 706 775 747 alienum.

231 765 325 814 Ego
356 764 471 805 enim
500 776 596 804 sum
625 763 718 802 Dfis
747 762 868 801 Deus
896 765 1009 808 tuus,

182 821 255 873 qui
285 820 417 862 eduxi
450 825 494 861 te
529 819 583 860 de
612 823 729 859 terra
757 816 957 868 AEgypti:
985 817 1009 842 *

181 877 316 918 dilata
335 890 385 917 os
405 881 539 924 tuum,
559 880 603 916 et
622 873 815 926 implebo
837 871 957 913 illud.

233 934 289 974 Et
325 945 413 973 non
454 931 622 972 audivit
658 930 849 982 pepulus
886 941 1009 969 meus

181 1002 335 1031 vocem
363 1001 521 1030 meam:
549 989 571 1014 *
596 992 640 1028 et
668 985 806 1027 Israel
834 998 921 1026 non
950 985 1009 1025 in-

182 1045 324 1087 tendit
352 1044 467 1085 mihi.

234 1102 290 1142 Et
327 1101 471 1142 dimisi
509 1113 585 1141 eos
623 1098 864 1139 secundum
899 1097 1010 1138 desi-

183 1158 305 1199 deria
325 1157 472 1198 cordis
492 1158 656 1204 eorum,
679 1156 702 1181 *
722 1154 848 1195 ibunt
869 1155 913 1194 in
938 1153 1010 1194 ad-

182 1213 509 1255 inventionibus
538 1212 638 1253 suis.

230 1270 275 1310 Si
297 1269 488 1322 pepulus
514 1281 638 1309 meus
663 1266 858 1308 audisset
883 1278 968 1307 me:
988 1268 1011 1292 *

180 1326 317 1367 Israel
339 1326 376 1366 si
404 1326 449 1366 in
476 1325 559 1365 viis
586 1324 696 1365 meis
726 1322 1011 1364 ambulasset:

232 1383 318 1423 Pro
344 1381 480 1423 nihilo
505 1381 689 1422 forsitan
715 1379 915 1422 inimicos
942 1381 1011 1420 eo-

182 1452 277 1479 rum
293 1438 607 1479 humiliassem:
627 1438 649 1463 *
667 1441 711 1477 et
729 1448 861 1488 super
875 1435 1010 1476 tribu-

180 1495 322 1536 lantes
339 1507 415 1536 eos
430 1495 649 1534 misissem
664 1505 842 1533 manum
856 1504 1011 1532 meam.

233 1551 404 1592 Inimici
428 1550 605 1591 Domini
632 1549 805 1590 mentiti
833 1553 934 1589 sunt
958 1548 1013 1589 ei:

180 1609 204 1633 *
233 1612 275 1648 et
301 1607 383 1648 erit
402 1612 578 1658 tempus
603 1608 756 1647 eorum
775 1605 819 1645 in
840 1604 1012 1645 saecula.

233 1664 289 1704 Et
306 1663 469 1704 cibavit
486 1675 562 1703 eos
579 1675 633 1703 ex
649 1661 780 1714 adipe
791 1661 1013 1702 frumenti:

182 1721 206 1746 *
226 1725 269 1761 et
293 1719 347 1761 de
373 1724 517 1772 petra,
541 1718 670 1759 melle
691 1717 906 1759 saturavit
927 1729 1014 1758 eos.

459 1779 654 1817 l'salmus
684 1779 741 1817 81.

186 1830 348 1933 Deus
368 1832 492 1873 stetit
511 1832 554 1872 in
574 1833 799 1883 synagoga
820 1830 1014 1872 deorum:

307 1891 330 1915 *
355 1889 398 1928 in
426 1887 572 1929 medio
600 1892 747 1928 autem
774 1886 883 1928 deos
910 1886 1015 1938 diju-

187 1944 315 1986 dicat.

239 2002 480 2052 Usquequo
503 1999 705 2052 judicatis
725 1999 1016 2050 iniquitatem:

188 2059 211 2084 *
240 2063 283 2099 et
312 2057 445 2098 facies
472 2058 758 2109 peccaterum
786 2053 980 2097 sumitis?

239 2114 263 2153 J
266 2113 440 2154 udicate
461 2114 611 2164 egeno,
631 2118 675 2154 et
693 2112 879 2164 pupillo:
898 2114 922 2138 *
941 2111 1016 2152 hu-

188 2170 345 2219 milem,
374 2175 418 2210 et
447 2172 687 2221 pauperem
715 2168 958 2219 justificate.

240 2226 409 2278 Eripite
428 2229 685 2277 pauperem:
710 2226 733 2251 *
759 2229 803 2265 et
831 2226 1017 2275 egenum

192 2282 246 2323 de
274 2295 405 2323 manu
433 2281 683 2334 peccatoris
710 2280 907 2322 liberate.

241 2338 514 2387 Nescierunt‚
533 2350 676 2390 neque
697 2337 1017 2385 intellexerunt,

190 2394 234 2435 in
257 2393 450 2435 tenebris
475 2393 714 2434 ambulant:
737 2395 761 2420 *
780 2392 1017 2434 movebun-

191 2455 263 2491 tur
292 2451 437 2491 omnia
466 2450 747 2491 fundamenta
774 2454 916 2490 terrae.

243 2506 338 2558 Ego
360 2506 465 2547 dixi:
500 2506 571 2546 Dii
592 2506 708 2555 estis,
728 2508 751 2533 *
774 2510 817 2547 et
839 2505 917 2546 filii
935 2506 1018 2546 Ex-

191 2562 297 2604 celsi
326 2574 488 2603 omnes.

243 2619 339 2659 Vos
359 2623 505 2659 autem
525 2618 638 2660 sicut
662 2618 862 2660 homines
889 2619 1018 2659 mori—

191 2675 337 2716 emini:
371 2676 394 2701 *
423 2679 466 2715 et
494 2675 607 2716 sicut
636 2689 746 2716 unus
780 2675 835 2717 de
862 2676 1019 2728 princi-

192 2731 322 2783 pibus
351 2730 531 2772 cadetis.

1109 308 1247 358 Surge
1259 307 1390 355 Deus,
1407 304 1552 357 judica
1567 308 1748 345 terram:
1758 304 1782 329 *
1793 303 1892 354 quo·

1059 365 1176 405 niam
1213 368 1260 404 tu
1293 360 1580 403 haereditabis
1613 359 1658 400 in
1687 357 1892 401 omnibus

1060 419 1288 462 Gentibus.

1117 479 1213 518 Ant.
1244 474 1474 516 Exsultate
1494 473 1592 514 Deo
1612 471 1804 524 adjuteri
1818 483 1893 512 no-

1061 539 1167 575 stro.

1121 592 1215 629 Ant.
1254 591 1318 629 'l'u
1347 587 1477 628 solus.

1337 646 1533 685 psalmus
1563 644 1626 683 82.

1153 715 1241 751 eus,
1261 700 1360 752 quis
1380 698 1534 740 similis
1555 698 1638 741 erit
1657 697 1760 739 tibi?
1785 699 1809 724 *
1826 697 1896 739 Ne

1190 759 1360 806 taceas,
1405 768 1548 807 neque
1595 754 1896 807 compescaris

1063 815 1200 856 Deus:

1115 870 1334 921 Queniam
1360 869 1464 910 ecce
1490 868 1656 909 inimici
1682 867 1748 909 tui
1768 880 1897 908 sonu·

1063 930 1206 970 erunt:
1230 930 1254 956 *
1278 933 1322 969 et
1347 927 1422 979 qui
1443 926 1634 968 oderunt
1652 929 1708 974 te,
1734 923 1898 965 extule-

1063 990 1165 1026 runt
1193 989 1337 1037 caput.

1115 1041 1257 1094 Super
1289 1039 1504 1093 populum
1537 1043 1663 1080 tuum
1690 1036 1898 1087 maligna-

1064 1099 1222 1138 verunt
1238 1096 1485 1138 consilium:
1495 1095 1519 1120 *
1532 1099 1577 1135 et
1592 1093 1900 1145 cogitaverunt

1065 1154 1278 1196 adversus
1307 1157 1486 1193 sanctos
1514 1156 1629 1192 tuos.

1116 1211 1349 1251 Dixerunt:
1385 1208 1565 1257 Venite,
1600 1211 1644 1248 et
1673 1204 1899 1258 disperda-

1064 1280 1162 1308 mus
1192 1279 1269 1308 eos
1298 1265 1354 1307 de
1382 1269 1528 1316 gente:
1563 1265 1587 1291 *
1620 1268 1664 1304 et
1694 1274 1783 1303 non
1811 1274 1899 1303 me-

1065 1324 1264 1364 moretur
1291 1333 1453 1376 nomen
1480 1319 1621 1361 Israel
1650 1318 1776 1360 ultra.

1118 1379 1337 1429 Queniam
1362 1377 1671 1429 cogitaverunt
1690 1374 1900 1416 unanimi-

1064 1441 1148 1477 ter:
1163 1438 1187 1462 *
1203 1434 1333 1476 simul
1348 1433 1585 1475 adversum
1602 1437 1647 1473 te
1666 1432 1900 1472 testamen·
1937 1439 1939 1441 ·

1065 1497 1159 1533 tum
1171 1491 1498 1544 disposuerunt,
1509 1487 1797 1530 tabernacula
1807 1486 1902 1528 Idu-

1065 1550 1280 1589 maeorum
1308 1552 1353 1589 et
1380 1545 1668 1588 Ismahelitae:

1118 1604 1262 1654 Moab,
1283 1609 1327 1645 et
1345 1602 1550 1654 Agareni‚
1565 1600 1719 1650 Gebal,
1735 1604 1779 1641 et
1800 1599 1901 1641 Am-

1066 1674 1182 1710 mon,
1203 1666 1247 1702 et
1267 1660 1465 1701 Amalec:
1483 1660 1508 1685 ¹⁸¹
1527 1657 1785 1708 alienigenae
1801 1669 1903 1697 cum

1066 1716 1370 1759 habitantibus
1397 1716 1576 1768 Tyrum.

1119 1775 1297 1815 Etenim
1315 1773 1457 1814 Assur
1481 1771 1602 1812 venit
1627 1783 1729 1812 cum
1752 1768 1855 1810 illis:
1879 1769 1903 1795 *

1068 1830 1173 1872 faeti
1197 1834 1300 1871 sunt
1324 1830 1369 1870 in
1393 1827 1661 1880 adiutorium
1685 1825 1789 1866 filiis
1807 1825 1904 1866 Lot.

1120 1887 1210 1928 Fac
1244 1885 1330 1927 illis
1359 1885 1474 1926 sicut
1501 1882 1691 1932 Madian,
1721 1886 1766 1923 et
1790 1881 1904 1922 Sisa-

1069 1956 1146 1984 rae:
1161 1945 1185 1970 *
1196 1943 1310 1984 sicut
1322 1942 1346 1982 J
1349 1941 1452 1983 abin
1467 1941 1511 1981 in
1524 1940 1724 1982 torrente
1735 1937 1904 1979 Cisson.

1121 1999 1432 2052 Disperierunt
1466 1998 1511 2038 in
1546 1995 1717 2037 Endor:
1747 1996 1771 2022 *
1799 1993 1904 2036 facti

1070 2060 1171 2097 sunt
1198 2060 1247 2097 ut
1276 2060 1447 2097 stercus
1475 2058 1619 2095 terrae.

1122 2112 1244 2153 Pone
1252 2112 1476 2164 principes
1486 2111 1641 2151 eorum
1647 2108 1765 2162 *sicut
1772 2105 1904 2156 Oreb,

1073 2174 1116 2210 et
1144 2168 1249 2218 Zeb,
1277 2170 1301 2195 *
1330 2173 1373 2210 et
1401 2166 1550 2208 Zebee
1578 2170 1623 2207 et
1649 2163 1870 2206 Salmana:

1094 2236 1101 2240 “
1124 2225 1288 2266 Omnes
1321 2224 1545 2277 principes
1579 2223 1748 2264 cerum:
1775 2222 1800 2247 *
1829 2219 1904 2271 qui

1071 2281 1290 2323 dixerunt:
1306 2279 1582 2322 Haereditate
1596 2276 1904 2331 possideamus

1070 2338 1377 2379 Sanctuarium
1406 2337 1501 2378 Dei.

1122 2395 1243 2435 Deus
1258 2399 1382 2435 m‘eus
1400 2406 1517 2446 pone
1532 2391 1632 2433 illos
1645 2395 1696 2432 ut
1710 2394 1870 2431 rotam:
1881 2389 1904 2415 *

1072 2455 1115 2491 et
1130 2450 1245 2491 sicut
1262 2449 1469 2502 stipulam
1485 2453 1586 2490 ante
1600 2447 1759 2488 faciem
1773 2445 1905 2487 venti.

1122 2507 1245 2548 Sicut
1282 2506 1432 2559 ignis,¹
1459 2506 1534 2557 qui
1575 2503 1798 2546 comburit
1835 2501 1904 2543 sil-

1072 2576 1185 2619 vam:
1205 2565 1229 2590 *
1247 2568 1290 2604 et
1308 2563 1423 2604 sicut
1443 2562 1620 2603 flamma
1640 2559 1905 2602 comburens

1071 2624 1259 2660 montes:

1124 2676 1192 2716 Ita
1204 2675 1487 2727 persequeris
1498 2673 1599 2714 illos
1612 2673 1657 2713 in
1667 2673 1903 2725 tempesta-

1071 2736 1116 2772 te
1135 2737 1227 2772 tua:
1242 2733 1265 2758 *
1281 2735 1325 2772 et
1344 2731 1389 2771 in
1409 2731 1474 2772 ira
1494 2734 1571 2771 tua
1592 2727 1794 2770 turbabis
1815 2739 1904 2769 eos.
