2040 2944
495 178 605 212 Dom.
629 178 694 212 ΠΙ.
719 178 822 222 Sept.
868 178 1023 222 Septem
1047 178 1235 214 Dolorum
1259 179 1300 214 B.
1324 180 1372 214 M.
1397 180 1440 213 V.

122 274 447 317 absconderunt
473 274 593 315 mihi:
617 276 640 302 *
667 275 874 327 quoniam
901 280 949 317 tu

123 344 169 373 es
187 333 414 384 protector
433 344 567 373 meus.

172 388 224 429 In
246 401 400 429 manus
423 392 523 430 tuas
543 388 804 429 commendo
825 388 949 441 spiri-

121 450 214 487 tum
227 457 388 486 meum:
403 446 426 471 *
442 443 668 486 redemisti
680 457 752 486 me
762 445 950 486 Domine

122 501 243 542 Deus
263 501 472 543 veritatis.

175 557 321 599 Odisti
349 557 637 599 observantes
666 557 899 606 vanitateS‚
927 558 950 583 *

123 616 408 667 supervacue.

175 672 270 723 Ego
293 675 439 713 autem
456 670 500 711 in
515 670 706 712 Domino
727 672 951 723 speraviz*

123 727 367 777 exsultabo,
388 732 431 769 et
449 726 637 768 laetabor
651 727 695 767 in
707 727 951 770 misericor-

124 783 196 827 dia
214 789 300 826 tua.

177 840 392 891 Quoniam
410 840 645 892 respexisti
663 839 953 883 humilitatem

123 909 276 947 meam,
295 899 319 922 ’⁸‘
338 896 518 949 salvasti
538 895 593 938 de
616 897 953 939 necessitatibus

124 953 312 994 animam
330 966 484 995 meam.

175 1010 270 1051 Nec
299 1009 552 1051 conclusisti
579 1021 649 1051 me
678 1010 723 1050 in
750 1011 953 1053 manibus

123 1066 301 1107 inimici:
316 1067 339 1091 *
356 1066 548 1108 statuisti
569 1066 613 1106 in
633 1066 734 1108 loco
754 1067 953 1118 spatioso

124 1121 263 1176 pedes
282 1135 417 1164 meos.

176 1179 386 1220 Miserere
416 1179 502 1220 mei
529 1179 718 1220 Domine
747 1180 954 1231 quoniam

59 1261 62 1265 -
125 1234 326 1277 tribulor:
353 1236 376 1261 *
405 1235 692 1278 conturbatus
725 1241 792 1277 est
819 1236 863 1277 in
891 1237 954 1278 ira

126 1292 279 1333 oculus
306 1292 617 1342 meussanima
644 1305 757 1342 mea,
788 1297 831 1334 et
854 1306 953 1335 ven-

124 1353 192 1390 ter
210 1361 349 1389 meus:

177 1404 394 1455 Quoniam
422 1403 582 1447 defecit
608 1406 652 1446 in
681 1405 836 1448 dolore
865 1406 954 1448 vita

124 1474 235 1503 mea:
254 1461 278 1487 *
298 1466 342 1503 et
361 1462 461 1502 anni
478 1462 562 1504 mei
583 1462 628 1503 in
646 1462 889 1514 gemitibus.

176 1518 402 1559 Infirmata
430 1523 498 1560 est
524 1519 568 1559 in
590 1521 852 1572 paupertate
871 1520 953 1561 vir-

124 1579 195 1616 tus
212 1587 325 1616 mea:
344 1575 368 1599 *
388 1580 432 1617 et
456 1588 558 1617 ossa
577 1589 675 1618 mea
694 1576 953 1618 conturbata

126 1636 236 1672 sunt.

177 1687 317 1739 Super
346 1699 497 1729 omnes
525 1688 725 1730 inimicos
750 1701 872 1730 meos
896 1689 953 1730 fa-

126 1748 223 1784 ctus
257 1755 355 1784 sum
395 1744 685 1796 opprobrium
723 1750 766 1787 et
802 1745 954 1787 vicinis

125 1799 234 1840 meis
253 1799 397 1840 valde:
417 1800 440 1826 *
461 1805 504 1842 et
531 1801 661 1843 timor
689 1801 806 1842 notis
834 1801 954 1843 meis.

178 1855 262 1905 Qui
281 1855 489 1898 videbant
507 1869 595 1906 me,
615 1857 732 1898 foras
751 1857 956 1908 fugerunt

127 1924 153 1952 a
171 1924 256 1953 me:
275 1911 299 1938 *
321 1911 531 1954 oblivioni
553 1912 682 1955 datus
707 1926 820 1963 sum,
848 1919 953 1955 tam-

127 1980 259 2020 quam
277 1969 475 2010 mortuus
496 1981 522 2009 a
541 1969 686 2011 corde.

178 2024 339 2066 Factus
359 2037 456 2066 sum
474 2030 699 2077 tamquam
718 2039 796 2067 vas
813 2026 954 2079 perdi-

126 2086 234 2123 tum:
248 2082 271 2107 *
288 2081 495 2133 quoniam
510 2081 658 2124 audivi
672 2082 954 2136 vituperatio-

125 2149 226 2178 nem
252 2137 492 2178 multorum
519 2139 886 2180 commorantium
912 2139 954 2180 in

130 2193 323 2236 circuitu.

178 2250 230 2290 In
271 2262 324 2291 eo
364 2249 468 2292 dum
506 2254 791 2293 convenirent
825 2252 955 2298 ‚simul

128 2305 361 2348 adversum
389 2319 474 2355 me,
493 2306 516 2331 *
535 2310 736 2360 accipere
769 2309 955 2350 animam

127 2374 270 2404 meam
289 2363 507 2406 consiliati
526 2368 637 2405 sunt.

179 2418 275 2469 Ego
290 2424 435 2461 autem
450 2419 493 2460 in
505 2425 550 2462 te
565 2421 955 2472 speraviDomine:

128 2473 152 2499 *
171 2473 277 2515 dixi:
304 2475 426 2517 Deus
450 2489 574 2518 meus
598 2489 645 2518 es
669 2482 731 2519 tu:
761 2477 804 2517 in
823 2477 955 2518 mani-

129 2528 211 2571 bus
229 2530 315 2572 tuis
336 2536 479 2574 sortes
497 2545 619 2575 meae.

181 2586 314 2638 Eripe
341 2601 411 2630 me
440 2588 495 2630 de
523 2602 654 2630 manu
683 2589 956 2631 inimicorum
1038 2594 1112 2604 “”

130 2644 338 2693 meorum,
353 2644 376 2668 *
392 2649 436 2686 et
450 2657 475 2685 a
490 2645 858 2697 persequentibus
875 2658 955 2686 me.
1017 2667 1023 2673 »

183 2697 359 2741 mustra
386 2700 542 2742 faciem
566 2706 687 2743 tuam
715 2714 848 2754 super
869 2714 955 2743 ser·
1018 2700 1020 2703 ’

285 2839 349 2863 Pars
364 2840 535 2865 Autumnalis.

1001 288 1104 316 vum
1122 281 1260 326 tuum,
1280 275 1449 317 salvum
1465 288 1536 317 me
1556 275 1624 316 fac
1642 276 1686 316 in
1704 275 1830 317 mise-

1002 331 1193 373 ricordia
1225 337 1316 374 tua:
1344 333 1368 358 *
1397 332 1585 373 Domine
1613 344 1701 373 non
1730 344 1830 373 con-

1002 388 1171 438 fimdar,
1193 388 1399 441 quoniam
1418 388 1620 430 invocavi
1638 393 1693 430 te.

1054 444 1328 486 Erubescant
1361 445 1500 497 impii,
1537 451 1579 487 et
1614 444 1832 487 deducan-

1002 506 1074 543 tur
1097 501 1141 542 in
1159 501 1388 543 infernum:
1406 502 1430 527 *
1449 507 1571 543 muta
1590 502 1697 544 fiant
1717 501 1834 543 labia

1005 557 1170 599 dolosa.

1058 615 1166 664 Quae
1185 614 1426 667 loquuntur
1445 614 1656 656 adversus
1675 616 1834 666 justum

1004 671 1294 722 iniquitatem,
1322 672 1346 697 *
1373 671 1416 711 in
1451 671 1676 724 superbia,
1714 676 1757 713 et
1791 672 1834 712 in

1005 727 1227 769 abusione.

1058 785 1198 834 Quam
1230 797 1390 835 magna
1422 785 1660 826 multitudo
1690 785 1834 827 dulce-

1006 839 1120 882 dinis
1139 846 1228 882 tuae
1247 841 1447 890 Domine,
1462 842 1485 867 *
1503 854 1633 893 quam
1653 841 1834 883 abscon-

1007 896 1109 939 disti
1127 896 1381 939 timentibus
1400 902 1454 939 te.

1057 954 1287 995 Perfecisti
1318 954 1395 1004 eis,
1425 954 1498 1006 qui
1521 959 1701 1007 sperant
1719 955 1763 995 in
1781 961 1836 1005 te,

1007 1012 1029 1037 *
1049 1010 1093 1050 in
1120 1013 1362 1063 conspectu
1386 1011 1576 1052 filiorum
1602 1011 1836 1053 hominum.

1058 1067 1321 1110 Abscondes
1342 1080 1420 1109 eos
1439 1068 1482 1108 in
1501 1068 1762 1110 abscondito
1778 1069 1835 1110 fa-

1007 1124 1089 1165 ciei
1097 1129 1186 1165 tuae
1193 1125 1216 1150 *
1225 1138 1249 1166 a
1258 1124 1592 1166 conturbatione
1601 1124 1836 1166 hominum.

1058 1181 1271 1232 Proteges
1291 1194 1369 1222 eos
1388 1181 1431 1221 in
1453 1181 1739 1223 tabernaculo
1759 1187 1836 1224 tuo

1006 1239 1029 1264 *
1049 1249 1074 1278 a
1094 1237 1443 1279 contradictione
1462 1238 1719 1288 linguarum.

1058 1294 1327 1336 Benedictus
1342 1295 1573 1336 Dominus:
1588 1296 1611 1322 *
1627 1296 1838 1348 quoniam

1006 1351 1254 1393 mirificavit
1312 1352 1659 1394 misericordiam
1713 1366 1838 1394 suam

1006 1407 1111 1449 mihi
1131 1408 1174 1448 in
1194 1409 1371 1450 civitate
1390 1411 1568 1450 munita.

1058 1464 1153 1515 Ego
1175 1470 1321 1506 autem
1341 1465 1430 1507 dixi
1454 1465 1498 1506 in
1518 1468 1702 1507 excessu
1720 1479 1836 1508 men-

1005 1521 1061 1563 tis
1088 1534 1215 1563 meae:
1243 1522 1267 1548 *
1286 1523 1520 1574 ’Proiectus
1548 1536 1644 1564 sum
1675 1536 1699 1564 a
1727 1523 1838 1566 facie

1007 1578 1235 1619 oculorum
1253 1581 1440 1620 tuorum.

1058 1634 1168 1676 Ideo
1200 1634 1417 1677 exaudisti
1442 1648 1597 1677 vocem
1626 1636 1837 1677 orationis

1006 1703 1127 1741 meae,
1146 1691 1170 1717 *
1191 1691 1295 1732 dum
1315 1691 1550 1733 clamarem
1571 1692 1627 1733 ad
1645 1698 1700 1734 te.

1058 1747 1238 1799 Diligite
1258 1748 1494 1789 Dominum
1523 1761 1674 1790 omnes
1699 1750 1837 1791 sancti

1008 1805 1113 1855 ejus:
1128 1805 1151 1830 *
1169 1804 1374 1856 quoniam
1393 1805 1625 1847 veritatem
1645 1808 1838 1856 requiret

1007 1860 1239 1911 Dominus,
1270 1865 1313 1902 et
1332 1861 1544 1903 retribuet
1564 1861 1836 1903 abundanter

1007 1916 1267 1958 facientibus
1289 1917 1551 1970 superbiam.

1057 1972 1254 2014 Viriliter
1270 1973 1395 2024 agite,
1412 1979 1457 2016 et
1473 1974 1746 2016 confortetur
1760 1987 1836 2016 cor

1007 2034 1218 2079 vestrum,
1247 2031 1271 2056 *
1300 2042 1452 2071 01111188
1479 2031 1553 2082 qui
1581 2031 1769 2083 speratis
1794 2032 1836 2072 in

1007 2085 1209 2127 Domino.

1058 2149 1157 2192 Ant.
1184 2150 1358 2192 Defecit
1381 2151 1424 2191 in
1447 2150 1600 2193 dolore
1620 2152 1709 2193 vita
1727 2165 1836 2202 mea,

1009 2212 1051 2249 et
1071 2208 1171 2248 anni
1190 2207 1276 2249 mei
1293 2207 1337 2248 in
1356 2208 1602 2258 gemitibus.

1057 2263 1109 2315 W.
1152 2272 1322 2322 Regina
1361 2271 1603 2324 Martyrum
1641 2285 1718 2315 ora
1752 2285 1834 2324 pro

1007 2327 1145 2368 nobis.
1179 2327 1231 2378 R.
1259 2328 1367 2377 Quae
1392 2328 1512 2378 juxta
1538 2342 1712 2372 crucem
1732 2329 1836 2370 Jesu

1008 2384 1254 2425 constitisti.

1151 2459 1221 2501 De
1244 2460 1269 2500 J
1271 2463 1432 2502 eremia
1454 2461 1686 2515 Propheta.

1110 2522 1261 2563 Lectio
1281 2523 1306 2563 i.
1523 2522 1681 2564 Thren.
1701 2523 1730 2561 1.

1124 2590 1272 2632 lorans
1308 2591 1500 2643 ploravit
1530 2593 1574 2633 in
1605 2599 1751 2643 nocte,
1791 2599 1835 2636 et

1142 2647 1333 2688 lacrimae
1354 2649 1444 2700 ejus
1464 2649 1507 2688 in
1526 2650 1712 2690 maxillis
1729 2651 1834 2701 eius:

1141 2715 1228 2744 non
1260 2708 1327 2744 est
1358 2705 1432 2756 qui
1459 2705 1710 2747 consoletur
1738 2718 1834 2747 eam

1564 2836 1607 2867 20
