2040 2944
188 183 260 227 [86]

192 280 222 318 Ι
228 278 313 320 nde
332 291 413 320 nec
431 282 628 326 mortem,
647 289 729 318 nec
749 278 887 317 amica
902 288 1014 316 mor—

393 335 450 375 tis

239 391 358 432 Mille
384 393 615 444 poenarum
643 391 803 441 genera
830 390 1014 442 expave-

395 460 533 496 scens,

239 504 458 554 Sanguine
478 503 617 545 effuso
637 503 795 544 meruit
814 504 1016 544 serenum

342 559 562 601 Scandere
582 559 752 601 coelum.

194 634 327 685 llujus
347 635 474 675 oratu
493 634 614 674 Deus
635 633 748 674 alme
767 633 895 674 nobis

239 690 423 731 Debitas
432 703 593 742 poenas
605 690 818 731 scelerum
829 691 1016 739 remitte;

239 747 299 788 Ut
317 746 397 788 tibi
413 759 525 799 puro
546 748 801 788 resonemus
821 745 982 787 almum

342 803 527 845 Pectore
547 816 733 845 carmen.

191 877 255 918 Sit
275 876 408 918 decus
428 877 558 927 Patri,
577 877 822 929 genitaeque
841 875 969 925 Proli,

239 933 297 974 Et
321 933 401 974 tibi
425 946 606 986 compar
628 933 855 985 utriusque
880 933 1016 974 virtus

192 1049 197 1054 ι
240 990 427 1042 Spiritus
456 1003 647 1043 semper,
683 990 805 1031 Deus
834 1003 944 1031 unus
973 1003 1016 1031 0-

343 1047 575 1156 ΤΞῙΠἘο115
599 1115 706 1144 aevo.
748 1103 900 1144 Amen.

245 1168 513 1202 5151111101111111
513 1169 674 1204 111111
668 1175 725 1199 ‹›
722 1174 873 1201 ’1.11111111
892 1173 1016 1199 0111011

195 1217 224 1249 M
234 1225 346 1251 ·11·11’1·.
366 1217 505 1250 dicitur
524 1216 697 1249 111111111
717 1226 881 1258 sequens

196 1270 449 1375 Virginis
459 1272 627 1323 Proles,
656 1243 903 1325 Opifexque
930 1273 1017 1313 Ma·
1042 1117 1094 1436 ι*

242 1387 379 1438 Virgo
396 1330 548 1438 tle-ligem
576 1387 727 1438 gessit,
759 1388 1018 1439 peperitque

244 1444 622 1551 Virgmgiliggtiim
645 1499 840 1541 canimus
865 1498 1019 1549 beatae,

350 1556 517 1609 Accipe
536 1561 698 1598 votum.

197 1630 330 1682 Hujus
351 1632 478 1672 oratu
495 1631 616 1671 Deus
637 1629 749 1671 alme
768 1629 897 1672 nobis

244 1686 427 1728 Debitas
442 1700 597 1740 poenas
609 1686 824 1728 scelerum
834 1689 1020 1738 remitte3

245 1743 303 1784 Ut
322 1743 401 1785 tibi
420 1756 531 1796 puro
552 1745 807 1785 resonemus
827 1743 988 1785 almum

349 1800 534 1842 Pectore
554 1813 740 1842 carmen.

196 1873 262 1914 Sit
279 1873 414 1915 decus
434 1874 563 1923 Patri,
582 1874 828 1926 genitaeque
849 1874 979 1924 Proli,

246 1930 303 1970 Et
325 1929 404 1971 tibi
427 1942 607 1983 compar
635 1931 862 1983 utriusque
885 1931 1022 1972 virtus

246 1986 433 2038 Spiritus
462 2000 653 2040 semper,
686 1987 807 2028 Deus
840 2001 951 2028 unus
980 2000 1023 2028 o-

402 2044 490 2084 mni

351 2100 584 2152 Temporis
603 2114 711 2142 aevo.
747 2101 900 2142 Amen.

436 2179 484 2217 In
508 2179 536 2217 1.
561 2179 782 2217 Nocturno.

251 2249 348 2288 Ant.
382 2248 418 2287 O
448 2262 578 2302 quam
606 2248 790 2302 pulchra
812 2250 836 2275 *
861 2255 928 2292 est
957 2263 1023 2292 03-

200 2310 267 2347 513
285 2306 508 2357 generatio
528 2319 627 2347 cum
647 2306 861 2348 claritate!

482 2366 680 2405 Psalnius
704 2370 738 2404 b

235 2444 321 2469 1
333 2428 476 2468 omme
526 2428 740 2470 Dominus
791 2435 957 2480 noster,
1002 2430 1026 2456 *

242 2484 282 2526 ·,»”ζ
321 2507 325 2521 1
351 2496 480 2535 quam
503 2484 758 2526 admirabile
779 2491 845 2527 est
868 2499 1026 2528 nomen

280 2526 321 2562 ὅ
349 2540 500 2580 tuum
490 2554 531 2580 m
552 2541 754 2583 universa
773 2542 904 2584 terra!

254 2596 469 2646 Quoniam
486 2596 654 2638 elevata
672 2603 738 2639 est
751 2599 1026 2650 magnificen-

202 2653 261 2694 tia
279 2658 365 2702 tua,
384 2653 407 2677 *
429 2665 559 2704 super
578 2653 726 2695 coelos.

256 2709 323 2750 Ex
350 2722 426 2750 ore
454 2709 681 2750 infantium
710 2716 752 2752 et
776 2711 1029 2753 lactentium

818 182 845 211 t
840 190 1026 213 omniunt:
1054 179 1145 215 1111.
1138 179 1263 212 inum

1067 275 1289 327 perfecisti
187 239 1892 315 laudem
1540 278 1722 327 propter
1759 273 1894 314 inimi-

1068 344 1145 372 cos
1172 331 1340 380 tuos,*
1367 335 1416 372 ut
1442 330 1642 372 destruas
1673 330 1895 371 inimicum

1068 393 1111 429 et
1130 388 1329 429 ultorem.

1119 445 1335 495 Quoniam
1379 443 1540 486 videbo
1591 443 1729 485 coelos
1774 447 1895 492 11105,

1068 504 1204 554 opera
1228 501 1466 553 digitorum
1489 502 1680 542 tuorum·
1698 500 1722 526 *
1748 499 1895 540 lunam

1068 563 1112 600 et
1132 558 1292 608 stellas,
1313 571 1411 610 quae
1430 563 1478 599 tu
1497 556 1700 598 fundasti.

1121 614 1237 665 Quid
1263 619 1329 656 est
1347 614 1496 663 homo,
1522 612 1642 666 quod
1660 625 1829 654 memor
1848 625 1895 654 es

1069 671 1180 724 ejus?
1199 672 1222 697 *
1242 676 1316 713 aut
1334 671 1450 712 filius
1471 670 1671 719 hominis,
1689 669 1896 722 quoniam

1068 729 1220 770 visitas
1243 726 1364 770 eum?

1119 785 1315 827 Minuisti
1353 798 1453 826 eum
1492 783 1625 837 paulo
1661 783 1805 824 minus
1841 781 1896 823 ab

1069 842 1265 894 Angelis,
1293 842 1431 893 gloria
1457 845 1500 883 et
1523 840 1692 882 honore
1718 840 1898 881 corona—

1071 899 1126 940 sti
1151 911 1267 940 eum:
1291 899 1315 924 *
1346 903 1389 940 et
1414 897 1681 939 constituisti
1706 909 1806 938 eum
1831 908 1898 936 su-

1069 968 1148 1008 per
1167 958 1303 1008 opera
1321 957 1528 996 manuum
1546 955 1732 995 tuarum.

1123 1012 1280 1054 Omnia
1321 1011 1543 1064 subjecisti
1583 1009 1664 1052 sub
1709 1008 1898 1078 pedibus

1071 1070 1178 1137 ejus,
1206 1069 1229 1094 *
1264 1081 1370 1110 oves
1406 1073 1449 1110 et
1482 1067 1622 1110 boves
1655 1066 1899 1108 universas:

1070 1129 1248 1179 insuper
1269 1131 1312 1167 et
1331 1127 1495 1178 pecora
1514 1124 1668 1189 campi

1122 1183 1339 1224 Volucres
1366 1181 1482 1231 coeli,
1517 1186 1559 1223 et
1585 1181 1732 1234 pisces
1756 1179 1899 1228 maris,

1121 1239 1195 1292 qui
1222 1239 1530 1292 perambulant
1556 1237 1734 1279 semitas
1756 1236 1900 1277 maris.

1123 1297 1313 1338 Domine
1327 1296 1543 1337 Dominus
1558 1293 1754 1344 noster,*
1771 1305 1902 1357 quam

1072 1353 1327 1395 admirabile
1348 1357 1414 1393 est
1432 1364 1592 1393 nomen
1610 1355 1734 1392 tuum
1749 1350 1793 1390 in
1807 1349 1900 1391 uni-

1071 1412 1199 1451 versa
1217 1409 1349 1451 terra!

1126 1469 1224 1508 Ant
1256 1468 1292 1507 O
1319 1479 1450 1519 quam
1473 1464 1658 1518 pulchra
1685 1468 1752 1505 est
1781 1467 1902 1505 casta

1072 1523 1296 1574 generatio
1317 1536 1416 1564 cum
1435 1520 1648 1564 claritate!

1126 1580 1223 1620 Ant.
1254 1581 1369 1621 Ante
1393 1585 1538 1621 torum
1559 1578 1583 1604 *
1606 1578 1732 1630 hujus
1756 1576 1898 1645 Virgi-

1073 1637 1139 1678 nis
1167 1637 1441 1688 frequentate
1469 1635 1599 1677 nobis
1629 1633 1775 1676 (1111013
1803 1635 1901 1675 0311-

1073 1694 1161 1735 1103
1181 1693 1401 1735 dramatis.

1345 1749 1544 1789 Psalmus
1574 1749 1630 1787 18.

1151 1807 1225 1848 oeli
1254 1808 1457 1848 enarrant
1479 1805 1663 1857 gloriam
1687 1804 1782 1854 Dei,
1807 1804 1831 1830 *
1860 1807 1903 1845 et

1163 1866 1298 1916 opera
1324 1865 1531 1904 manuum
1560 1862 1650 1914 ejus
1677 1860 1903 1902 annuntiat

1075 1921 1406 1962 firmamentum.

1126 1977 1233 2019 Dies
1266 1976 1353 2018 diei
1387 1979 1556 2018 eructat
1583 1974 1832 2024 verbum,*

1076 2047 1165 2076 nox
1190 2034 1310 2076 nocti
1338 2033 1501 2075 indicat
1528 2031 1765 2074 scientiam.

1126 2090 1228 2132 Non
1263 2095 1363 2132 sunt
1395 2089 1603 2142 loquelae,
1639 2100 1782 2141 neque
1816 2100 1902 2129 ser-

1077 2149 1245 2197 mones,
1277 2148 1300 2172 *
1336 2159 1522 2199 quorum
1552 2159 1641 2187 non
1673 2143 1905 2186 audiantur

1078 2217 1211 2246 voces
1240 2205 1401 2245 eorum.

1129 2261 1180 2301 In
1215 2273 1388 2302 omnem
1420 2264 1583 2302 terram
1612 2258 1744 2300 exivit
1772 2270 1904 2299 sonus

1080 2319 1244 2359 eorum:
1271 2317 1294 2342 *
1325 2322 1369 2358 et
1399 2317 1443 2357 in
1477 2316 1585 2358 fines
1621 2314 1740 2356 orbis
1774 2318 1904 2355 terrae

1078 2373 1213 2415 verba
1241 2375 1402 2415 eorum.

1130 2431 1181 2471 In
1209 2430 1302 2472 sole
1323 2430 1470 2495 posuit
1489 2426 1819 2470 tabernaculum
1839 2440 1904 2468 su-

1080 2501 1166 2529 um:
1201 2488 1224 2512 *
1257 2492 1301 2528 et
1333 2487 1428 2539 ipse
1461 2491 1683 2536 tamquam
1717 2496 1905 2535 sponsus

1080 2543 1326 2596 procedens
1347 2543 1402 2584 de
1421 2541 1614 2583 thalamo
1635 2553 1729 2581 suo:

1133 2599 1379 2641 Exsultavit
1414 2603 1462 2639 ut
1495 2597 1618 2648 gigas
1651 2596 1707 2638 ad
1735 2598 1905 2638 curren-

1082 2656 1182 2698 dam
1201 2657 1332 2704 viam,
1351 2655 1374 2681 *
1394 2668 1419 2695 a
1438 2667 1607 2695 summo
1629 2654 1742 2695 coelo
1764 2655 1905 2704 egres-

1083 2713 1147 2754 sio
1167 2713 1270 2764 ejus:

1860 1978 1903 2015 et
