2040 2944
646 187 848 221 Purissimi
874 187 1014 220 Cordis
1038 186 1080 220 B.
1106 186 1237 219 Mariae
1263 186 1305 218 V.

124 293 213 323 non
238 281 499 333 peccabunt.
538 276 588 327 W.
620 281 704 331 Qui
732 280 953 323 elucidant

123 350 205 387 me,
227 337 363 380 vitam
386 339 596 379 aeternam
619 337 854 380 habebunt.
884 338 952 379 Et.

125 393 277 435 Gloria
293 394 425 436 Patri.
451 394 519 436 Et.

173 450 306 484 Lectio
322 449 372 484 ix.
398 450 444 484 de
462 450 603 485 Homil.
620 451 773 485 Domin.
791 461 950 490 occurr.;

124 498 194 534 sed
216 498 250 532 si
275 502 382 532 extra
405 498 556 532 Domin.
579 500 642 542 agi
665 499 711 533 de
736 499 811 533 hoc
834 499 949 534 Festo

124 546 333 589 contingat,
348 550 439 580 tunc
452 546 502 580 ix.
516 547 618 581 Lect.
636 547 795 591 incipiet
813 548 860 582 ab
877 548 951 581 hoc

124 605 236 638 ⁸¹gn⁰
254 594 288 638 ᾗ
387 644 467 685 Ad
492 644 689 685 Laudes

329 704 380 735 et
417 711 516 744 per
555 701 751 735 Horas.

176 751 274 792 Ant.
293 753 324 791 1.
357 749 499 792 Trahe
517 762 605 805 me,
623 751 648 777 *
670 754 774 803 post
795 754 839 792 te
859 763 951 791 cur-

122 807 269 848 remus
311 806 356 847 in
401 805 586 848 odorem
630 809 953 859 unguentorum

123 864 310 905 tuorum.

175 922 243 962 Ps.
270 919 481 962 Dominus
498 919 709 971 regnavit.
727 919 787 960 15.

175 979 212 1018 2.
231 976 430 1019 Dilectus
445 989 569 1018 meus
583 978 607 1002 *
626 976 821 1028 loquitur
835 974 953 1016 mihi:

124 1032 274 1084 Surge,
291 1035 494 1086 prepera,
514 1034 654 1074 amica
671 1045 781 1074 mea.

175 1096 212 1136 3.
242 1093 406 1135 Fulcite
428 1094 452 1120 *
475 1106 546 1135 me
568 1093 766 1144 floribus,
791 1092 953 1146 stipate

125 1162 195 1192 me
212 1149 349 1200 malis,
370 1150 472 1203 quia
491 1152 640 1191 amore
659 1149 859 1200 langueo.

177 1209 214 1248 4.
244 1206 410 1258 Adiuro
436 1219 517 1248 vos
535 1207 558 1233 *
578 1206 680 1247 filiae
699 1205 953 1256 Jerusalem,

123 1274 178 1304 ne
193 1262 412 1304 suscitetis
428 1262 644 1313 dilectam,
664 1261 953 1315 quoadusque

123 1318 221 1371 ipsa
239 1318 355 1361 velit.

175 1374 212 1414 5.
240 1374 336 1427 Ego
366 1374 556 1427 dormio,
582 1375 608 1402 *
633 1380 677 1417 et
703 1388 782 1417 cor
806 1388 953 1417 meum

124 1431 286 1484 vigilat.

177 1494 438 1547 Capitulum.
663 1495 784 1536 Cant.
805 1496 840 1535 8.
862 1495 899 1536 b.

124 1550 291 1659 Pone
322 1570 393 1599 me
428 1562 476 1600 ut
512 1558 785 1610 signaculum
821 1571 954 1611 super

224 1626 302 1655 cor
319 1618 454 1665 tuum,
471 1619 520 1657 ut
535 1615 807 1666 signaculum
822 1628 954 1668 super

125 1668 354 1712 brachium
376 1675 516 1713 tuum:
542 1672 644 1724 quia
669 1672 796 1714 fortis
821 1677 888 1713 est
906 1676 955 1713 ut

123 1737 243 1767 mors
268 1725 464 1778 dilectio,
492 1727 603 1770 dura
625 1728 737 1770 sieut
760 1728 954 1769 infernus

125 1782 359 1825 aemulatio.
391 1784 642 1837 Lampades
665 1786 767 1837 ejus,
790 1784 952 1837 lampa-

128 1838 207 1880 des
224 1839 338 1891 ignis
356 1846 490 1894 atque
509 1841 794 1883 flammarum.

432 1901 642 1951 Hymnus.

255 1956 449 2008 gloriosa
466 1959 694 2011 virginum,

256 2013 463 2056 Sublimis
481 2016 595 2058 inter
615 2015 772 2065 sidera,

205 2069 290 2118 Qui
306 2074 351 2111 te
372 2072 548 2122 creavit,
566 2071 800 2124 parvulum

203 2125 416 2169 Lactente
434 2128 572 2169 nutris
591 2128 739 2170 ubere.

155 2189 285 2239 Quod
302 2191 430 2233 Heva
446 2193 583 2235 tristis
603 2193 794 2243 abstulit,

204 2246 275 2288 Tu
292 2247 442 2289 reddis
462 2249 578 2291 almo
597 2250 807 2301 germine:

203 2303 372 2345 Intrent
388 2309 437 2346 ut
457 2311 575 2348 astra
594 2306 774 2356 flebiles,
812 2326 815 2329 >

207 2359 318 2401 Coeli
336 2361 528 2403 recludis
548 2362 759 2405 cardines.

158 2423 226 2464 Tu
243 2425 379 2476 Regis
398 2426 474 2468 alti
492 2427 628 2478 janua,

204 2479 261 2522 Et
280 2482 378 2523 aula
396 2482 505 2524 lucis
524 2482 705 2534 fulgida:

204 2535 354 2578 Vitam
373 2537 521 2580 datam
538 2552 619 2592 per
637 2540 865 2591 Virginem

207 2592 372 2635 Gentes
391 2594 632 2648 redemptae
652 2596 859 2648 plaudite.

157 2648 271 2698 Jesu,
290 2649 371 2692 tibi
389 2651 446 2693 sit
464 2652 613 2702 gloria,

207 2705 294 2755 Qui
311 2710 439 2748 natus
458 2720 505 2749 es
525 2707 580 2750 de
599 2708 791 2759 Virgine,

1084 281 1194 323 Cum
1211 282 1353 331 Patre,
1373 286 1416 323 et
1436 281 1551 322 almo
1570 281 1736 334 Spiritu

1081 339 1132 379 In
1151 337 1417 390 sempiterna
1436 337 1608 379 saecula.
1636 338 1789 380 Amen.

1060 394 1110 445 V.
1125 399 1209 450 Qui
1226 411 1297 440 me
1315 398 1539 448 invenerit,
1563 399 1754 441 inveniet
1772 400 1831 441 vi-

1003 461 1105 498 tam.
1136 456 1187 506 R.
1204 455 1262 497 Et
1279 454 1451 496 hauriet
1470 454 1657 496 salutem
1676 468 1701 496 a
1719 455 1832 497 Dfio.

1061 515 1130 555 Ad
1142 515 1303 556 Bened.
1319 517 1418 556 Ant.
1437 515 1662 557 ExtoHens
1676 528 1832 558 vocem

1005 570 1210 624 quaedam
1227 571 1383 613 mulier
1401 572 1457 613 de
1471 571 1611 621 turba,
1631 572 1742 614 dixit
1755 572 1832 613 illi:

1004 629 1170 670 Beatus
1197 633 1350 670 venter
1379 628 1454 680 qui
1480 633 1524 670 te
1548 629 1760 681 portavit,
1787 634 1832 671 et

1004 685 1143 727 ubera
1163 698 1262 738 quae
1282 684 1449 726 suxisti.
1515 731 1518 734 ‚

1342 744 1506 784 Oratio.

1090 804 1341 854 mnipotens
1389 801 1654 854 sempiterne
1700 802 1831 853 Deus,

1110 858 1242 910 quiin
1258 857 1402 899 Corde
1416 857 1559 899 beatae
1574 858 1725 899 Mariae
1735 859 1831 900 Vir-

1006 914 1117 966 ginis
1142 914 1320 966 dignum
1338 915 1527 967 Spiritus
1550 915 1689 956 sancti
1714 915 1831 957 habi-

1005 971 1199 1012 taculum
1216 971 1494 1024 praeparasti:
1519 971 1714 1013 concede
1733 985 1832 1025 pro-

1006 1028 1154 1081 pitius,
1170 1033 1217 1070 ut
1232 1027 1427 1080 ejusdem
1440 1028 1660 1080 purissimi
1676 1028 1833 1070 Cordis

1005 1084 1289 1140 festivitatem
1305 1083 1467 1126 devota
1480 1089 1626 1126 mente
1640 1085 1832 1126 recolen-

1005 1146 1091 1190 tes,
1127 1139 1368 1182 secundum
1404 1140 1492 1182 Cor
1527 1146 1650 1182 tuum
1685 1143 1832 1183 vivere

1006 1198 1240 1239 valeamus.
1275 1198 1360 1238 Per
1387 1197 1626 1238 Dominum
1649 1229 1657 1238 .
1684 1229 1692 1238 .
1718 1229 1726 1237 .
1754 1229 1762 1237 .
1790 1197 1834 1238 in

1006 1254 1173 1296 unitate
1201 1253 1397 1306 ejusdem
1424 1253 1622 1306 Spiritus.

1058 1316 1105 1350 Et
1128 1316 1169 1350 fit
1193 1325 1388 1349 commem.
1413 1315 1564 1349 Domin.
1590 1325 1733 1349 occurr.

1274 1374 1342 1411 Ad
1365 1374 1568 1411 Primam.

1064 1430 1108 1468 In
1132 1430 1182 1481 Rr.
1202 1428 1263 1469 br.
1284 1423 1334 1475 N
1351 1428 1437 1478 Qui
1455 1432 1583 1469 natus
1603 1440 1650 1469 es
1671 1427 1726 1470 de
1745 1428 1833 1469 Ma-

1006 1487 1071 1526 ria
1087 1484 1280 1536 Virgine.

1275 1544 1343 1581 Ad
1366 1544 1568 1583 Tertiam.

1062 1601 1159 1640 Ant.
1181 1596 1377 1638 Dilectus
1395 1610 1530 1639 meus.

1060 1660 1196 1711 Capit.
1227 1660 1342 1699 Pone
1361 1671 1442 1699 me.
1471 1662 1517 1696 ut
1538 1670 1680 1708 supra.

1060 1721 1110 1771 R.
1131 1719 1191 1759 br.
1218 1718 1379 1759 Anima
1402 1731 1501 1760 mea
1529 1717 1550 1740 *
1575 1717 1836 1769 Liquefacta

1007 1779 1084 1816 est.
1112 1774 1282 1815 Anima.
1310 1772 1362 1822 V.
1379 1774 1437 1816 Ut
1456 1774 1630 1815 locutus
1650 1778 1717 1815 est
1731 1773 1835 1814 dile-

1007 1836 1116 1873 ctus.
1142 1830 1411 1882 Liquefacta.
1442 1830 1603 1872 Gloria.
1632 1830 1800 1871 Anima.

1060 1890 1111 1942 V.
1139 1892 1287 1933 Fortis
1319 1896 1387 1933 est
1413 1896 1462 1933 ut
1493 1904 1612 1933 mors
1646 1890 1836 1933 dilectio.

1008 1953 1059 2003 R.
1075 1950 1198 1990 Dura
1217 1948 1329 1989 sicut
1347 1948 1540 1990 infernus
1560 1947 1793 1989 aemulatio.

1284 2015 1353 2052 Ad
1375 2016 1562 2053 Sextam.

1063 2071 1162 2111 Ant.
1181 2068 1362 2110 Fulcite.

1089 2135 1348 2186 Capitulum.
1546 2133 1675 2174 Eccli.
1690 2133 1755 2172 24.

1086 2206 1143 2244 go
1159 2206 1214 2234 ex
1229 2205 1306 2234 ore
1319 2193 1536 2234 Altissimi
1549 2192 1736 2245 prodivi,
1750 2193 1834 2246 pri-

1104 2249 1323 2300 mogenita
1348 2255 1448 2291 ante
1470 2261 1644 2290 omnem
1668 2252 1834 2291 creatu—

1007 2319 1116 2347 ram:
1141 2318 1224 2357 ego
1248 2306 1333 2347 feci
1354 2305 1398 2346 in
1417 2305 1550 2355 coelis,
1574 2310 1623 2346 ut
1648 2305 1836 2346 oriretur

1008 2362 1154 2403 lumen
1178 2360 1444 2411 indeficiens,
1469 2366 1513 2403 et
1539 2361 1652 2402 sicut
1676 2361 1836 2403 nebula

1008 2419 1099 2460 texi
1126 2430 1300 2460 omnem
1326 2423 1500 2459 terram.

1064 2483 1113 2533 Rv.
1132 2482 1194 2522 br.
1214 2479 1362 2520 Fortis
1387 2484 1454 2520 est
1476 2481 1498 2503 *
1516 2479 1576 2521 Ut
1593 2491 1712 2519 mors
1732 2477 1834 2519 dile-

1002 2535 1108 2576 ctio.
1129 2535 1288 2576 Fortis.
1323 2530 1503 2581 X'.Dura
1518 2535 1630 2576 sicut
1643 2534 1834 2575 infernus

1009 2590 1241 2632 aemulatio.
1264 2591 1334 2632 Ut.
1360 2590 1512 2632 (ileria
1525 2591 1656 2632 Patri.
1678 2588 1833 2630 Fortis.

1067 2650 1113 2701 V.
1128 2651 1224 2718 Ego
1240 2650 1402 2716 dilecto
1418 2663 1529 2692 meo.
1562 2654 1610 2704 K.
1622 2650 1678 2691 Et
1693 2649 1749 2689 ad
1762 2660 1833 2688 me

1008 2719 1236 2748 conversio
1257 2719 1358 2759 ejus.
