2040 2944
191 172 289 216 [210]

482 269 680 310 Psalmus
701 269 730 309 1.

196 332 205 367 ζ
292 329 427 368 eatus
443 326 518 375 vir,
539 327 614 378 qui
631 338 720 367 non
738 325 845 367 abiit
864 326 908 366 in
923 338 1022 366 con-

202 378 206 431 }
227 374 295 436 ²:15³*
319 383 416 423 silio
437 382 683 435 impiorum,
708 387 753 423 et
771 382 816 422 in
834 382 906 422 via
923 394 1023 434 pec-

196 424 296 464 ssl
319 441 519 480 catorum
551 451 640 480 non
673 439 811 487 stetit,
843 439 867 463 *
899 443 943 480 et
979 438 1023 478 in

191 495 398 537 cathedra
417 495 682 547 pestilentiae
702 508 790 536 non
811 494 939 536 sedit:

241 551 328 593 Sed
344 552 387 592 in
401 551 499 603 lege
509 551 687 592 Domini
698 551 904 592 voluntas
921 551 1022 603 ejus,

189 610 212 635 *
241 614 284 649 et
316 608 360 648 in
388 607 486 659 lege
517 609 608 658 ejus
636 607 922 649 meditabitur
951 606 1022 648 die

188 677 240 705 ac
258 669 400 706 nocte.

240 721 296 762 Et
324 721 406 762 erit
433 724 659 771 tamquam
686 720 871 771 lignum,
902 719 1022 772 quod

189 777 435 830 plantatum
447 781 514 817 est
525 789 653 817 secus
664 776 878 818 decursus
890 778 1021 828 aqua-

188 834 329 883 rum,*
342 832 461 885 quod
481 833 671 874 fructum
690 846 816 874 suum
837 832 959 874 dabit
978 833 1022 873 in

187 891 389 942 tempore
411 902 505 930 suo:

239 946 296 987 Et
323 946 474 986 folium
500 945 591 997 ejus
616 958 705 986 non
732 945 913 987 defluet:
933 947 957 973 *
977 950 1022 987 et

188 1002 333 1042 omnia
354 1004 644 1054 quaecumque
663 1001 812 1051 faciet,
836 1014 1020 1054 prospe-

187 1058 410 1099 rabuntur.

237 1114 339 1156 Non
358 1115 421 1156 sic
440 1114 572 1167 impii,
592 1127 681 1156 non
697 1114 773 1155 sic:
784 1115 808 1142 *
819 1114 900 1156 sed
913 1119 1019 1156 tam-

188 1184 318 1223 quam
337 1171 497 1224 pulvis‚
519 1183 650 1224 quem
667 1171 842 1223 projicit
862 1175 1020 1212 ventus

186 1240 211 1268 a
231 1227 340 1268 facie
359 1232 501 1269 terrae.

237 1283 346 1325 Ideo
372 1297 460 1326 non
488 1287 720 1334 resurgent
745 1284 868 1336 impii
891 1284 937 1324 in
962 1285 1019 1335 ju-

187 1339 317 1381 dicio:
342 1342 366 1367 *
391 1353 535 1392 neque
562 1341 821 1393 peccatores
847 1340 892 1380 in
918 1352 1018 1381 con-

186 1396 286 1437 cilio
306 1397 531 1448 justorum.

238 1453 455 1502 Quoniam
491 1453 615 1494 novit
651 1452 868 1494 Dominus
903 1453 1020 1494 viam

185 1509 415 1559 justorum:
439 1511 463 1536 *
490 1514 533 1551 61
557 1510 639 1551 iter
663 1509 899 1562 impiorum
922 1522 1019 1562 per-

188 1564 277 1606 ibit.

236 1629 335 1671 Ant.
363 1630 579 1672 Ascendit
596 1631 621 1672 J
624 1630 765 1683 oseph
787 1644 813 1672 a
833 1630 1019 1672 Galilaea

186 1684 241 1725 de
273 1685 451 1728 civitate
479 1687 703 1729 Nazareth
738 1687 782 1728 in
808 1687 1019 1737 Judaeam‚

185 1740 227 1780 in
257 1742 480 1784 civitatem
508 1743 670 1793 David,
705 1756 805 1795 quae
833 1746 1019 1785 vocatur

183 1797 462 1893 1letethlehem,
508 1804 557 1841 ut
598 1800 884 1852 profiteretur
920 1813 1019 1842 cum

231 1866 332 1895 aria.

235 1921 333 1962 Ant.
368 1922 591 1975 Venerunt
609 1924 824 1974 pastores.

473 2005 673 2046 Psalmus
692 2007 729 2047 2.

185 2048 374 2173 Quare
413 2071 683 2113 fremuerunt
713 2072 898 2123 Gentes,
926 2075 950 2101 *
974 2078 1018 2115 et

287 2127 443 2179 populi
461 2127 661 2169 meditati
679 2134 781 2170 sunt
799 2129 966 2170 inania?

235 2183 480 2225 Astiterunt
504 2196 630 2234 reges
654 2189 801 2234 terrae,
831 2190 875 2226 et
902 2187 1017 2238 prin-

185 2237 305 2290 cipes
339 2242 637 2282 convenerunt
666 2241 710 2281 in
735 2255 870 2282 unum
894 2244 918 2269 *
944 2241 1016 2284 ad-

184 2295 336 2335 versus
346 2295 593 2345 Dominum,
614 2302 658 2338 et
673 2297 885 2339 adversus
898 2298 1016 2339 Chri-

185 2354 299 2390 stum
319 2352 420 2402 ejus.

235 2405 547 2459 Dirumpamus
562 2410 736 2450 vincula
751 2412 919 2451 eorum:
934 2412 957 2437 *
973 2415 1018 2452 et

184 2462 465 2513 projiciamus
476 2477 501 2504 a
509 2465 636 2506 nobis
649 2467 795 2517 jugum
806 2467 1016 2519 ipsorum.

237 2517 322 2567 Qui
358 2517 527 2560 habitat
562 2520 605 2560 in
647 2522 772 2562 coelis
814 2522 1016 2563 irridebit

185 2586 276 2614 eos:
291 2575 314 2600 *
331 2579 375 2615 et
390 2574 606 2616 Dominus
623 2577 910 2619 subsannabit
927 2591 1015 2620 eos.

236 2630 362 2671 Tunc
382 2630 586 2681 loquetur
607 2633 664 2673 ad
685 2646 762 2674 eos
782 2635 826 2674 in
846 2635 911 2675 ira
926 2647 1015 2684 sua,

184 2686 207 2711 *
228 2691 272 2727 et
292 2686 335 2726 in
356 2686 504 2728 furore
524 2699 603 2728 suo
626 2690 908 2733 conturbabit
929 2703 1015 2732 eos.

514 176 691 209 Officium
716 175 890 209 votivum
915 175 962 209 de
988 175 1022 209 S
1048 175 1199 217 Joscph
1225 176 1379 217 Sponso
1405 174 1446 208 B.
1471 174 1519 208 M.
1543 174 1587 208 V.

1130 266 1239 317 Ego?
1252 269 1400 306 autem
1423 264 1692 306 constitutus
1715 277 1814 306 sum
1832 276 1912 306 rex

1078 321 1133 363 ab
1171 334 1224 363 6ο
1268 333 1402 373 super
1432 321 1540 362 Sion
1581 325 1778 363 montem
1815 334 1910 362 san·

1078 384 1198 420 ctum
1214 378 1317 429 ejus,
1333 378 1356 403 *
1371 377 1620 430 praefficans
1635 378 1910 430 praeceptum

1078 447 1180 486 ejus.

1128 491 1346 532 Dominus
1379 489 1491 531 dixit
1519 489 1578 531 ad
1604 502 1694 531 me:
1721 490 1745 516 *
1771 489 1910 531 Fffius

1076 560 1201 589 meus
1221 560 1268 588 es
1285 552 1348 596 tu,
1373 558 1456 598 ego
1474 545 1608 587 hodie
1627 546 1759 598 genui
1777 550 1833 588 te.

1126 603 1312 645 Postula
1332 616 1358 644 a
1375 616 1463 653 me,
1490 608 1535 644 et
1554 602 1672 644 dabo
1693 602 1777 644 tibi
1797 602 1910 644 Gen-

1075 665 1144 702 tes
1177 660 1486 702 haereditatem
1520 664 1660 709 tuam,
1686 659 1711 685 *
1739 663 1783 701 61
1810 671 1910 712 pos-

1077 717 1322 758 sessionem
1340 721 1463 758 tuam
1481 716 1695 757 terminos
1713 720 1858 757 terrae.

1129 774 1277 825 Reges
1306 786 1383 815 eos
1412 773 1457 814 in
1484 773 1609 824 virga
1634 772 1792 822 ferrea,
1815 772 1840 798 *
1866 777 1911 814 61

1075 835 1303 882 tamquam
1317 842 1396 871 vas
1411 829 1534 880 figuli
1551 828 1802 880 confringes
1820 841 1909 870 eos.

1126 887 1183 927 Et
1208 899 1323 927 nunc
1348 898 1476 938 reges
1503 885 1751 937 intelligite:
1770 885 1795 910 ¹⁸¹
1815 897 1908 927 eru-

1075 942 1229 984 dimini
1249 943 1324 995 qui
1342 942 1547 995 judicatis
1566 946 1740 983 terram.

1126 999 1298 1040 Servite
1322 998 1516 1040 Domino
1543 998 1588 1038 in
1614 998 1789 1040 timore:
1815 999 1840 1024 *
1865 1002 1909 1040 et

1075 1056 1295 1097 exsultate
1316 1056 1357 1097 ei
1374 1068 1475 1097 cum
1491 1056 1696 1097 tremore.

1127 1111 1464 1165 Apprehendite
1501 1111 1796 1164 disciplinam,
1837 1123 1908 1152 ne-

1075 1169 1252 1221 quando
1290 1169 1506 1210 irascatur
1540 1167 1778 1217 Dominus,
1807 1167 1831 1192 *
1865 1171 1909 1208 et

1073 1226 1267 1278 pereatis
1287 1225 1343 1267 de
1362 1226 1434 1268 via
1453 1226 1576 1277 justa.

1125 1282 1235 1323 Cum
1251 1282 1466 1324 exarserit
1485 1282 1531 1322 in
1545 1281 1671 1324 brevi
1688 1281 1754 1322 ira
1769 1281 1872 1332 ejus,
1884 1279 1908 1305 *

1073 1338 1193 1380 beati
1213 1351 1379 1388 omnes,
1400 1339 1475 1390 qui
1494 1337 1725 1380 confidunt
1741 1337 1786 1377 in
1806 1349 1872 1378 eo.

1126 1402 1227 1444 Ant.
1288 1403 1510 1445 Venerunt
1544 1404 1749 1456 pastores
1790 1401 1908 1443 festi-

1072 1462 1241 1501 nantes:
1279 1464 1323 1501 et
1358 1459 1617 1502 invenerunt
1647 1458 1832 1499 Mariam
1864 1462 1909 1500 et

1071 1516 1254 1569 Joseph,
1298 1521 1342 1558 et
1381 1515 1592 1557 infantem
1631 1515 1828 1568 positum
1863 1514 1908 1554 in

1072 1573 1304 1626 praesepio.

1126 1639 1226 1680 Ant.
1250 1639 1368 1679 Ecce
1388 1637 1584 1688 Angelus
1603 1637 1793 1678 Domini.

1360 1726 1562 1768 Psalmus
1585 1728 1622 1768 3.

1162 1789 1307 1831 omine
1345 1789 1452 1841 quid
1490 1789 1771 1842 multiplicati
1806 1794 1908 1832 sunt

1177 1846 1252 1897 qui
1275 1845 1489 1887 tribulant
1517 1845 1611 1887 me?
1639 1846 1664 1872 ¹⁸¹
1690 1845 1819 1887 multi
1845 1846 1906 1887 in-
1966 1863 1972 1868 ·

1072 1905 1256 1954 surgunt
1276 1901 1512 1943 adversum
1532 1915 1614 1943 me.

1123 1958 1251 2000 Multi
1271 1958 1424 2000 dicunt
1443 1958 1601 1999 animae
1615 1971 1744 2000 meae:
1762 1959 1786 1986 *
1802 1958 1905 2000 Non

1071 2019 1139 2056 est
1159 2014 1278 2055 salus
1295 2015 1382 2067 ipsi
1400 2015 1445 2055 in
1463 2015 1562 2056 Deo
1582 2015 1684 2067 ejus.

1122 2071 1192 2112 Tu
1241 2075 1390 2112 autem
1434 2071 1626 2112 Domine
1672 2073 1906 2124 susceptor

1070 2140 1196 2168 meus
1217 2140 1278 2177 es,
1299 2128 1323 2152 *
1342 2127 1482 2178 gloria
1501 2139 1617 2177 mea,
1641 2132 1685 2169 et
1705 2127 1904 2169 exaltans

1072 2189 1207 2236 caput
1225 2197 1383 2227 meum.

1122 2240 1248 2282 Voce
1273 2253 1372 2281 mea
1397 2240 1455 2282 ad
1479 2240 1719 2281 Dominum
1747 2239 1903 2281 elama-

1070 2297 1134 2337 vi:
1165 2297 1188 2322 *
1223 2302 1266 2338 et
1298 2296 1524 2338 exaudivit
1559 2309 1630 2338 me
1661 2296 1716 2337 de
1753 2301 1904 2337 monte

1069 2358 1222 2394 sancto
1252 2365 1342 2394 suo.

1120 2409 1216 2461 Ego
1239 2409 1442 2459 dormivi,
1470 2414 1514 2451 et
1537 2410 1774 2461 soporatus
1793 2422 1904 2450 sum:

1069 2467 1092 2492 *
1113 2471 1157 2507 ct
1182 2466 1426 2516 exsurrexi,
1453 2465 1556 2518 quia
1577 2465 1794 2506 Dominus
1812 2478 1903 2506 sus-

1069 2522 1187 2574 cepit
1206 2536 1286 2564 me.

1120 2578 1223 2620 Non
1262 2578 1428 2620 timebo
1461 2577 1597 2619 millia
1634 2578 1791 2631 populi
1825 2578 1904 2620 cir-

1069 2634 1318 2677 cumdantis
1343 2647 1427 2676 me:
1447 2637 1471 2662 *
1491 2638 1678 2686 exsurge
1702 2635 1904 2684 Domine,

1069 2691 1240 2733 salvum
1260 2704 1331 2733 me
1351 2691 1421 2732 fae
1441 2691 1564 2733 Deus
1583 2705 1718 2733 meus.
