2040 2944
611 210 712 244 Infra
738 211 1029 246 Hebdomadam
1057 215 1092 248 ii.
1118 215 1358 250 Novembris⁴

140 309 247 361 ejus,
272 306 553 360 gladiumque
578 308 857 361 interpretari
881 322 963 362 pro

138 363 351 407 incendio.
396 365 547 406 Tertio
576 363 746 416 jubetur
772 365 963 418 Prophe-

137 426 210 470 tae‚
232 426 280 462 ut
298 420 544 463 tacentibus
562 420 662 470 illis,
685 433 766 462 nec
785 422 964 463 interro-

138 477 340 529 gantibus
373 490 449 519 cur
479 477 563 519 ista
598 477 857 519 vaticinatus
889 479 964 528 sit,

138 534 268 576 faciat
287 547 366 586 per
387 547 485 586 quae
503 534 811 584 interrogetur,
837 539 880 575 et
900 547 962 576 re-

138 589 354 643 spondeat
397 603 495 642 quae
535 589 749 630 Dominus
789 589 963 632 locutus

139 652 216 688 est.

188 716 238 766 R.
263 712 391 754 Muro
424 715 501 753 tuo
530 710 857 763 inexpugnabili
884 711 961 752 cir-

138 771 363 819 cumcinge
396 780 478 809 nos
510 767 715 817 Domine,
744 772 798 809 -et
831 768 962 810 armis

136 830 225 867 tuae
243 824 455 878 potentiae
471 826 655 880 protege
674 837 755 866 nos
777 837 962 877 semper:

134 886 157 909 *
180 881 340 923 Libera
362 881 550 922 Domine
573 881 695 922 Deus
718 881 854 922 Israel
878 881 960 922 cla—

136 941 304 980 mantes
329 936 386 979 ad
404 943 459 980 te.
492 934 541 986 V.
571 937 687 979 Erue
713 950 794 979 nos
818 938 862 978 in
885 939 959 979 mi-

135 995 346 1037 rabilibus
360 995 456 1044 tuis,
472 999 516 1036 et
531 994 588 1035 da
601 994 785 1045 gloriam
798 995 962 1036 nomini

134 1057 223 1094 tuo.
250 1051 409 1093 Libera
427 1051 626 1092 Domine.

435 1135 585 1177 Lectio
605 1136 657 1176 vi.

132 1201 414 1307 Ingemisce‚
429 1203 579 1256 inquit,
597 1203 757 1255 ejulare
772 1216 859 1245 non
873 1204 959 1246 levi

193 1272 320 1310 voce,
338 1272 420 1302 nec
438 1259 591 1302 dolore
610 1260 858 1311 moderato,
879 1261 958 1303 sed

131 1316 175 1357 in
194 1316 454 1359 contritione
473 1316 735 1358 lumborum:
759 1321 807 1358 ut
825 1318 955 1368 gemi-

131 1378 202 1414 tus
222 1378 324 1415 tuus
344 1385 398 1414 ex
417 1373 514 1414 imis
530 1373 770 1415 visceribus
787 1379 830 1415 et
845 1387 956 1415 ama-

132 1428 322 1471 ritudine
346 1429 477 1471 animi
501 1430 760 1482 proferatur.
794 1431 850 1472 Et
872 1430 957 1473 hoc

130 1485 265 1527 facies
286 1498 435 1528 eoram
454 1487 534 1535 eis,
562 1491 610 1528 ut
635 1499 734 1528 cum
758 1491 802 1528 te
827 1487 956 1528 inter-

130 1542 396 1593 rogaverint,
424 1555 501 1584 cur
525 1548 648 1585 tanto
671 1543 834 1594 gemitu
858 1556 955 1585 con-

130 1599 302 1649 teraris,
328 1603 372 1640 et
393 1599 497 1651 quid
515 1599 595 1641 tibi
613 1600 716 1640 mali
735 1600 956 1650 acciderit,

125 1659 178 1696 .2ut
196 1655 259 1696 sic
278 1655 554 1707 ingemiscas3
581 1661 630 1698 tu
655 1656 717 1697 eis
742 1669 841 1698 meo
869 1669 954 1698 ser—

129 1713 259 1752 mone
281 1712 566 1765 respondeas:
591 1712 764 1755 Idcirco
782 1713 954 1765 plango,

130 1772 174 1809 et
193 1766 392 1810 dolorem
411 1769 557 1811 cordis
576 1770 661 1811 mei
681 1769 955 1811 dissimulare

120 1836 218 1865 *non
237 1825 381 1875 valeo,
408 1826 509 1878 quia
533 1826 724 1876 auditus,
752 1826 826 1878 qui
846 1839 953 1868 sem-

127 1892 207 1932 per
221 1881 329 1922 meis
344 1881 522 1924 atiribus
536 1883 800 1932 insonuerat,
820 1885 953 1935 opere

130 1937 392 1990 completur,
420 1944 464 1980 et
487 1939 622 1989 venit,
648 1939 876 1980 imminens
895 1939 953 1979 vi-

129 1992 287 2035 delicet
315 1994 548 2047 Babylonii
580 1995 761 2036 furentis
793 1996 953 2037 exerci-

130 2054 215 2091 tus:
240 2051 314 2102 qui
337 2064 435 2092 cum
455 2052 638 2101 venerit,
666 2057 708 2093 et
726 2051 953 2093 vallaverit

127 2105 379 2158 Jerusalem,
393 2113 497 2150 tunc
511 2107 708 2151 tabescet
724 2121 851 2149 omne
866 2121 952 2158 cor,

129 2166 172 2204 et
211 2162 504 2206 dissolventur
536 2165 751 2206 universae
783 2176 953 2206 manus:

127 2223 175 2260 ut
206 2222 450 2272 occupante
481 2223 646 2274 pavore
679 2226 849 2262 mentes
877 2221 951 2263 ho-

126 2275 300 2326 minum,
318 2276 462 2318 nullus
482 2277 643 2319 audeat
662 2279 916 2330 repugnare.

177 2343 227 2394 R.
259 2342 549 2383 Sustinuimus
582 2354 754 2394 pacem,
791 2347 834 2383 et
861 2354 948 2383 non

127 2398 259 2439 venit:
294 2399 574 2450 quaesivimus
606 2397 737 2447 bona,
774 2402 818 2438 et
846 2410 947 2438 eece

125 2453 331 2496 turbatio:
351 2455 634 2505 eognovimus
650 2454 835 2495 Domine
850 2466 948 2505 pec-

127 2512 225 2552 cata
251 2516 417 2553 nostra:
437 2512 459 2536 *
488 2511 588 2552 Non
615 2511 659 2551 in
687 2511 948 2563 perpetuum

126 2565 398 2608 obliviscaris
426 2580 518 2609 nos.
572 2564 619 2616 V.
650 2565 947 2614 Peccavimus,

124 2622 257 2675 impie
285 2624 513 2674 gessimus,
544 2623 819 2675 iniquitatem
848 2621 947 2662 feei·

125 2691 221 2719 mus
247 2679 434 2721 Domine
466 2680 509 2720 in
542 2692 715 2721 omnem
741 2677 947 2729 justitiam

124 2738 254 2776 tuam.
281 2735 394 2777 Non.
422 2736 575 2777 Gloria
592 2735 720 2777 Patri.
748 2735 855 2775 Non.

1070 314 1119 363 Rg.
1162 314 1228 353 vii.
1277 311 1528 354 Laudabilis
1569 314 1774 367 populus,
1815 322 1837 345 *

1018 367 1157 416 Quem
1179 367 1393 409 Dominus
1418 372 1687 411 exercituum
1710 371 1838 413 bene-

1017 421 1143 472 dixit,
1168 422 1334 465 dicens:
1361 425 1483 477 Opus
1501 428 1706 467 manuum
1725 431 1837 470 mea-

1017 492 1113 519 rum
1139 484 1187 520 tu
1215 492 1277 529 es,
1305 480 1539 523 haereditas
1567 496 1663 524 mea
1691 484 1838 525 Israel.

1015 529 1065 581 V.
1085 535 1224 576 Beata
1248 548 1372 587 gens,
1397 538 1515 588 cujus
1540 544 1606 580 est
1624 539 1837 582 Dominus

1015 591 1151 641 Deus,
1180 592 1369 644 populus
1397 595 1560 635 electus
1588 596 1631 636 in
1656 595 1836 638 haeredi-

1014 650 1159 688 tatem.
1189 648 1338 698 Quem.

1068 708 1116 758 Ην.
1147 708 1230 747 viii.
1277 705 1383 747 Duo
1419 707 1644 759 Seraphim
1682 709 1834 751 clama-

1014 759 1119 801 bant
1147 760 1255 802 alter
1282 760 1338 803 ad
1369 763 1567 804 alterum:
1590 768 1611 790 *
1643 765 1836 815 Sanctus,

1015 822 1206 867 sanctus,
1254 824 1429 860 sanctus
1466 820 1679 862 Dominus
1716 822 1835 863 Deus

1013 872 1222 914 Sabaoth:
1247 878 1269 901 *
1295 874 1429 917 Plena
1458 881 1524 917 est
1552 878 1691 918 omnis
1719 883 1836 919 terra

1013 929 1152 979 gloria
1171 931 1272 982 ejus.
1300 928 1350 979 V.
1376 932 1486 973 Tres
1506 938 1605 974 sunt
1626 935 1699 985 qui
1718 935 1834 975 testi-

1013 986 1206 1027 monium
1226 987 1331 1029 dant
1349 988 1392 1028 in
1413 988 1540 1038 coelo,
1564 990 1708 1039 Pater,
1728 991 1834 1032 Ver-

1012 1041 1126 1092 bum,
1147 1048 1189 1084 et
1208 1044 1392 1096 Spiritus
1413 1050 1600 1087 sanctus:
1621 1052 1663 1088 et
1682 1046 1725 1087 hi
1744 1052 1833 1088 tres

1010 1111 1145 1195 {Illum
1164 1105 1273 1141 sunt.
1305 1101 1498 1143 Sanctus.
1547 1102 1685 1143 *iloria
1703 1103 1833 1144 Patri.

1064 1167 1155 1196 ena.

1164 1260 1346 1297 Feria
1385 1261 1679 1298 Secunda.

1124 1316 1192 1356 De
1227 1314 1457 1356 Ezechiele
1493 1314 1723 1367 Propheta.

1088 1377 1239 1419 Lectio
1260 1378 1283 1418 i.
1568 1379 1669 1430 Cap.
1690 1380 1752 1419 33.

1035 1439 1114 1482 (st
1149 1435 1311 1477 factum
1348 1441 1413 1477 est
1445 1436 1628 1477 verbum
1657 1436 1832 1477 Domini

1039 1491 1083 1534 Ξ
1121 1492 1178 1534 ad
1209 1505 1294 1542 me,
1331 1492 1495 1534 dicens:
1532 1492 1613 1534 Fili
1645 1492 1831 1533 hominis

1008 1548 1190 1600 loquere
1231 1549 1287 1591 ad
1327 1549 1442 1591 filios
1480 1550 1632 1602 populi
1668 1549 1747 1599 tui,
1789 1555 1832 1591 et

1009 1604 1128 1646 dices
1166 1605 1223 1647 ad
1257 1618 1350 1647 eos:
1392 1606 1529 1647 Terra
1570 1619 1669 1647 cum
1708 1605 1830 1647 indu-

1008 1673 1114 1703 xero
1143 1675 1275 1714 super
1304 1675 1398 1703 eam
1424 1662 1633 1713 gladium,
1662 1667 1704 1703 et
1723 1662 1829 1703 tule-

1008 1717 1063 1759 rit
1091 1718 1281 1770 populus
1309 1724 1438 1759 terrae
1458 1719 1598 1759 virum
1621 1731 1754 1759 unum
1774 1718 1828 1759 de

1007 1775 1254 1816 novissimis
1266 1775 1365 1825 suis,
1386 1781 1428 1816 et
1443 1775 1716 1816 constituerit
1731 1787 1829 1815 eum

1006 1843 1138 1883 super
1164 1844 1211 1873 se
1235 1831 1570 1884 speculatorem:
1605 1836 1647 1872 et
1674 1830 1744 1872 ille
1769 1833 1828 1871 vi-

1006 1885 1120 1928 derit
1133 1887 1325 1938 gladium
1339 1888 1582 1929 venientem
1598 1900 1730 1939 super
1746 1892 1827 1928 ter·

1005 1956 1116 1993 ram,
1150 1950 1194 1985 et
1222 1944 1426 1986 cecinerit
1454 1943 1654 1993 buccina,
1686 1948 1729 1984 et
1757 1956 1826 1984 an-

1005 2000 1268 2042 nuntiaverit
1280 2001 1461 2053 populo:
1476 1999 1656 2041 andiens
1671 2004 1826 2050 autem,

1007 2057 1203 2108 quisquis
1222 2057 1294 2099 ille
1315 2062 1390 2106 est,
1411 2057 1599 2097 sonitum
1617 2056 1825 2105 buccinae,

1006 2117 1048 2154 et
1067 2125 1154 2153 non
1173 2126 1220 2154 se
1240 2112 1552 2162 observaverit,
1572 2114 1825 2163 veneritque

1004 2169 1192 2219 gladius,
1230 2174 1272 2211 et
1307 2169 1455 2211 tulerit
1492 2181 1606 2210 eum:
1651 2168 1823 2218 sanguis

1004 2226 1139 2277 ipsius
1168 2238 1299 2278 super
1328 2230 1459 2278 caput
1488 2225 1577 2276 ejus
1606 2224 1696 2265 erit.
1749 2223 1822 2264 So-

1003 2295 1107 2322 num
1138 2281 1333 2323 buccinae
1367 2281 1548 2328 audivit,
1581 2284 1624 2321 et
1655 2292 1743 2321 non
1775 2292 1822 2321 se

1005 2337 1269 2387 observavit,
1316 2337 1491 2387 sanguis
1528 2337 1617 2388 ejus
1649 2336 1692 2376 in
1723 2336 1821 2388 ipso

1005 2393 1102 2434 erit:
1128 2393 1164 2433 si
1190 2398 1334 2434 autem
1363 2405 1409 2434 se
1437 2392 1706 2441 custodierit,
1736 2392 1820 2432 ani-

1001 2461 1116 2489 mam
1134 2462 1256 2490 suam
1275 2448 1470 2490 salvabit.
1550 2475 1551 2479 =

1052 2508 1102 2558 R.
1128 2504 1330 2546 Redemit
1348 2505 1560 2558 populum
1579 2518 1713 2546 suum.
1732 2505 1818 2545 197.

1308 2566 1457 2607 Lectio
1477 2567 1514 2606 ii.

1082 2621 1171 2663 uod
1203 2621 1239 2662 si
1267 2621 1518 2673 speculator
1546 2621 1700 2662 viderit
1727 2620 1813 2671 gla-

1097 2677 1215 2718 dium
1237 2677 1499 2727 venientem,
1528 2682 1571 2718 et
1594 2690 1680 2718 non
1702 2676 1812 2716 inso-

997 2734 1139 2775 nuerit
1161 2733 1359 2774 buccina:
1385 2738 1428 2775 et
1449 2733 1638 2785 populus
1657 2744 1703 2772 se
1726 2743 1813 2772 non
