2040 2944
667 165 737 199 Die
765 166 815 199 19.
841 166 938 200 Nov.
986 166 1021 200 S.
1046 165 1247 200 Elisabeth
1272 165 1422 200 Viduae.

191 261 292 313 quia
311 260 609 301 infirmitatem
630 258 833 299 humanae
853 258 1022 308 mentis,

190 330 244 360 ne
268 318 412 359 lucem
435 315 634 358 veritatis
659 314 871 365 intendat,
901 317 1022 357 cura-

190 388 286 415 rum
311 373 587 415 saecularium
611 371 824 414 tumultus
850 372 1023 424 premit.

189 429 277 472 Sed
302 429 544 483 prudenter
569 431 851 482 sycomorum
875 430 1022 470 aseen-

189 486 343 537 dimus,
367 487 404 528 si
426 484 613 539 previde
633 498 730 528 eam
751 498 850 538 quae
869 484 1021 527 divini-

188 549 258 586 tus
296 543 570 596 praecipitur,
608 542 840 584 stultitiam
876 547 1023 584 mente

187 602 400 643 tenemus.
432 600 548 651 Quid
567 600 683 642 enim
698 599 742 640 in
755 598 842 641 hoc
856 598 1021 640 mundo

189 657 365 700 stultius
386 670 517 710 quam
532 659 692 698 amissa
707 669 796 698 non
812 658 1022 708 quaerere,

188 716 397 768 possessa
411 713 685 767 rapientibus
702 713 913 762 relaxare,
931 712 1022 753 nul-

188 771 275 814 lam
301 784 383 824 pro
410 771 604 824 acceptis
631 770 796 822 injuriis
823 769 1023 821 injuriam

188 827 388 878 reddere,
407 827 496 869 imo
515 826 730 878 adjunctis
747 826 842 868 aliis
857 825 1021 878 patien-

187 885 294 927 tiam
310 883 534 938 praebere?

243 964 290 1016 Rg.
308 962 503 1016 Lapides
527 962 715 1015 pretiesi
740 973 891 1003 omnes
909 960 1024 1002 muri

187 1021 265 1064 tui:
281 1019 303 1044 *
327 1019 385 1062 Et
407 1025 552 1062 turres
570 1018 817 1061 Jerusalem
839 1017 1023 1070 gemmis

189 1077 536 1120 aedificabuntur.
585 1071 633 1122 X.
667 1076 817 1118 Portae
849 1076 1022 1117 Jerusa-

187 1135 275 1177 lem
295 1148 350 1177 ex
369 1133 580 1188 sapphiro
601 1138 645 1176 et
664 1132 901 1184 smaragdo
922 1132 1023 1174 aedi-

188 1191 453 1241 ficabuntur,
487 1196 531 1233 et
563 1204 617 1232 ex
644 1190 792 1244 lapide
824 1189 1022 1243 pretieso

190 1249 331 1291 omnis
357 1248 566 1290 circuitus
584 1248 698 1289 muri
722 1249 824 1299 ejus.
859 1246 915 1288 Et
937 1251 1023 1288 tur-

187 1319 269 1349 res.
300 1305 453 1348 Gleria
471 1304 603 1347 Patri.
630 1305 687 1346 Et
705 1310 860 1347 turres.

491 1387 645 1427 Lectio
666 1387 717 1427 ix.

190 1437 367 1562 Quasi
404 1454 520 1497 enim
553 1455 833 1506 sycomorum
866 1465 947 1494 nos
978 1465 1018 1493 a-

310 1511 522 1553 scendere
555 1511 771 1552 Deminus
807 1509 1023 1562 praecipit,

190 1582 290 1611 cum
305 1568 427 1611 dicit:
448 1569 533 1619 Qui
548 1567 691 1610 aufert
707 1579 806 1620 quae
822 1571 897 1608 tua
912 1571 1023 1616 sunt,

188 1639 243 1668 ne
263 1628 451 1679 repetas.
488 1626 545 1667 Et
569 1638 759 1667 rursum:
785 1623 830 1666 Si
857 1624 953 1676 quis
979 1628 1023 1665 te

188 1683 457 1736 percusserit
480 1682 524 1723 in
544 1681 772 1724 dexteram
790 1680 1024 1730 maxillam,

189 1739 341 1792 praebe
360 1739 422 1780 illi
441 1744 484 1782 et
500 1739 695 1781 alteram.
723 1738 809 1780 Per
824 1739 1023 1790 sycomo-

188 1809 286 1837 rum
318 1797 535 1838 Deminus
567 1795 786 1838 transiens
818 1794 1024 1836 cernitur:

191 1852 293 1905 quia
306 1866 388 1906 per
402 1852 515 1895 hanc
526 1853 771 1906 sapientem
782 1850 1023 1901 stultitiam,

191 1909 274 1950 etsi
293 1908 493 1959 necdum,
517 1914 566 1951 ut
586 1914 663 1959 est,
683 1906 836 1957 selide,
857 1908 943 1960 Jam
962 1911 1024 1948 ta-

155 1987 158 1991 ·
189 1978 290 2007 men
334 1979 414 2019 per
453 1965 841 2019 contemplatienis
877 1963 1025 2005 lumen

188 2023 273 2064 Dei
299 2024 514 2076 sapientia
535 2023 661 2076 quasi
682 2023 726 2063 in
749 2021 937 2064 transitu
963 2021 1023 2062 vi-

190 2079 333 2130 detur,
363 2093 495 2133 quam
522 2080 673 2122 videre
701 2081 926 2131 nequeunt
950 2077 1025 2130 qui

190 2136 273 2178 sibi
299 2137 521 2190 sapientes
548 2149 646 2179 esse
674 2135 893 2177 videntur:
922 2134 1025 2186 quia

190 2192 250 2234 ad
286 2193 647 2246 conspiciendum
683 2191 942 2241 Deminum,
980 2190 1024 2231 in

191 2249 307 2291 elata
335 2251 654 2301 cogitatienum
687 2251 866 2290 suarum
893 2247 1024 2289 turba

190 2305 466 2358 deprehensi,
488 2306 632 2349 adhuc
655 2305 878 2359 sycomori
896 2303 1022 2346 erbo-

189 2374 283 2404 rem
301 2375 390 2404 non
409 2364 680 2406 invenerunt.

248 2428 308 2469 Te
327 2427 471 2470 Deum
491 2429 734 2472 laudamus.
755 2430 814 2470 14.

238 2511 355 2555 Vesp.
375 2523 395 2546 a
417 2512 541 2556 Capit.
560 2514 606 2548 de
622 2525 740 2558 sequ„
758 2525 844 2549 curn
861 2517 1019 2550 comem.

187 2560 352 2604 praeced.
371 2564 407 2596 et
424 2562 459 2596 S.
478 2562 658 2598 Pontiani
676 2564 795 2607 Papae
814 2568 850 2599 et
866 2563 974 2598 Mart.

552 2652 717 2680 *ww*

1262 259 1345 302 Die
1365 261 1424 301 19.
1443 260 1722 304 Novembris,

1227 327 1271 368 S.
1300 327 1561 371 Elisabeth
1587 326 1758 369 Viduae.

1408 388 1573 433 Duplex.

1130 442 1266 478 Omnia
1297 443 1343 479 de
1374 444 1579 482 Communi
1606 456 1678 481 nec
1701 446 1806 490 Virg.
1834 456 1905 481 nec

1074 492 1180 525 Mart.
1210 494 1284 538 [99]
1308 499 1449 535 preter
1473 505 1580 539 sequ.

1411 562 1575 605 Oratio.

1073 613 1312 720 Tuorum
1331 617 1467 659 corda
1485 617 1681 660 fidelium
1694 618 1817 660 Deus
1831 619 1907 660 mi-

1187 677 1359 716 serator
1383 674 1570 716 illustra:
1595 679 1639 716 et
1657 674 1802 717 beatae
1821 675 1907 716 Eli-

1076 731 1232 773 sabeth
1263 730 1469 784 precibus
1497 730 1703 781 gloriesis
1730 731 1799 773 fac
1826 744 1909 773 nos

1075 789 1292 841 prespera
1315 787 1468 829 mundi
1490 787 1735 841 despicere3
1759 793 1803 831 et
1822 801 1908 830 coe-

1076 844 1175 887 lesti
1194 858 1370 898 semper
1385 844 1688 887 consolatiene
1706 845 1910 897 gaudere.

1077 903 1161 944 Per
1179 902 1427 944 Dominum.

1126 971 1277 1006 Deinde
1299 971 1340 1006 fit
1364 981 1560 1006 commem.
1584 971 1759 1006 Dedicat.

1128 1026 1228 1066 Ant.
1255 1024 1292 1065 O
1321 1031 1454 1072 quam
1474 1019 1735 1062 metuendus
1760 1025 1827 1062 est
1848 1020 1909 1062 lo-

1078 1090 1155 1119 cus
1187 1077 1286 1119 iste:
1318 1089 1422 1119 vere
1453 1089 1542 1118 non
1575 1081 1643 1119 est
1675 1076 1748 1118 hic
1779 1077 1910 1127 aliud,

1077 1134 1160 1175 nisi
1189 1133 1347 1176 domus
1374 1134 1469 1184 Dei,
1497 1139 1541 1176 et
1567 1138 1700 1187 porta
1727 1133 1839 1176 coeli.

1127 1199 1178 1250 V.
1202 1201 1397 1242 Domum
1419 1205 1541 1242 tuam
1564 1199 1756 1242 Demine
1783 1199 1912 1242 decet

1078 1255 1340 1299 sanctitudo.
1396 1260 1447 1311 R.
1495 1257 1547 1298 In
1591 1255 1911 1308 longitudinem

1079 1313 1260 1356 dierum.

1414 1368 1579 1409 Oratio.

1077 1422 1255 1529 Deus,
1281 1426 1355 1479 qui
1373 1426 1502 1469 nobis
1524 1439 1605 1480 per
1623 1426 1820 1478 singulos
1839 1439 1911 1468 an-

1182 1496 1264 1525 nos
1278 1483 1405 1536 huius
1416 1483 1558 1526 sancti
1567 1483 1722 1537 templi
1731 1483 1795 1526 tui
1809 1495 1910 1525 con-

1077 1540 1337 1583 secratienis
1360 1542 1540 1593 reparas
1560 1540 1688 1591 diem,
1712 1545 1757 1582 et
1773 1540 1910 1582 sacris

1077 1609 1252 1651 semper
1276 1597 1498 1650 mysteriis
1526 1598 1821 1651 repraesentas
1849 1596 1911 1638 in-

1078 1654 1289 1697 celumes:
1309 1653 1469 1696 exaudi
1487 1667 1643 1708 preces
1663 1653 1819 1708 pepuli
1836 1653 1911 1703 tui,

1078 1717 1122 1754 et
1153 1716 1335 1765 praesta3
1372 1716 1422 1753 ut
1455 1711 1654 1764 quisquis
1685 1710 1772 1753 hoc
1803 1716 1909 1754 tem-

1076 1769 1200 1822 plum
1231 1768 1447 1811 beneficia
1473 1769 1692 1822 petiturus
1723 1767 1910 1820 ingredi-

1077 1831 1159 1876 tur,
1185 1830 1342 1868 cuncta
1363 1838 1411 1868 se
1434 1826 1699 1879 impetrasse
1723 1825 1910 1867 laetetur.

1126 1891 1269 1926 Postea
1293 1891 1327 1926 S.
1352 1891 1535 1926 Pontiani
1556 1890 1677 1935 Papae
1702 1895 1739 1926 et
1763 1891 1871 1926 Mart.

1128 1944 1228 1985 Ant.
1248 1944 1340 1986 Iste
1356 1949 1532 1986 sanctus
1542 1956 1625 1997 pro
1635 1943 1734 1995 lege
1743 1943 1830 1986 Dei
1843 1944 1910 1986 sui

1078 2001 1262 2043 certavit
1276 2013 1416 2053 usque
1431 2000 1488 2042 ad
1503 2006 1702 2052 mortem,
1716 2006 1760 2043 et
1775 2013 1801 2042 a
1815 2013 1909 2042 ver-

1077 2058 1146 2100 bis
1164 2058 1401 2111 impierum
1419 2070 1509 2099 non
1523 2057 1682 2100 timuit:
1700 2056 1909 2100 fundatus

1078 2115 1194 2156 enim
1213 2120 1308 2157 erat
1327 2127 1461 2168 supra
1478 2114 1651 2157 firmam
1668 2110 1852 2168 petr'am.

1127 2171 1179 2224 V.
1222 2176 1375 2218 Gloria
1406 2182 1451 2219 et
1482 2177 1651 2220 honere
1683 2176 1909 2218 coronasti

1077 2246 1177 2275 eum
1212 2234 1413 2276 Domine.
1465 2232 1517 2286 R.
1553 2234 1611 2276 Et
1642 2233 1909 2276 constituisti

1077 2303 1178 2332 eum
1197 2303 1330 2344 super
1350 2293 1487 2344 Opera
1501 2293 1709 2332 manuum
1721 2293 1908 2333 tuarum.

1411 2353 1575 2396 Oratio.

1076 2415 1408 2522 Infirmitatem
1439 2422 1638 2460 nostram
1665 2418 1837 2471 respice
1865 2431 1907 2460 o-

1146 2477 1399 2528 mnipotens
1426 2475 1565 2516 Deus:
1596 2479 1641 2516 et
1670 2475 1773 2527 quia
1798 2488 1906 2529 pon-

1077 2531 1159 2574 dus
1178 2532 1374 2584 propriae
1397 2531 1582 2573 acti6nis
1601 2537 1767 2582 gravat,
1789 2532 1909 2574 beuti

1076 2589 1280 2630 Pontiani
1298 2588 1504 2641 Mattyris
1524 2589 1588 2630 tui
1607 2594 1741 2641 atque
1759 2589 1907 2631 Ponti-

1075 2645 1171 2687 ficis
1197 2645 1454 2686 intercessio
1480 2645 1676 2697 gloriesa
1700 2658 1782 2688 nos
1806 2647 1906 2698 pro-

1075 2706 1208 2753 tegat.
1234 2702 1320 2743 Per
1338 2702 1588 2744 Deminum.
