2040 2944
190 164 288 209 [288]

673 162 782 196 Dom.
807 162 871 196 111.
898 162 978 196 Oct.
1026 162 1212 197 Puritatis
1236 164 1277 197 Β.
1304 164 1350 197 M.
1372 164 1416 198 V.

267 260 417 300 Lectio
438 260 476 298 ii.
777 260 881 310 Cap.
903 260 939 298 4.

188 312 369 434 Quam
415 325 601 379 pulchra
643 337 690 367 es
731 327 871 366 amica
907 337 1022 374 mea,

294 396 424 436 quam
463 380 648 434 pulchra
684 381 747 423 es!
794 381 923 423 Oculi
959 381 1023 423 tui

190 439 510 487 columbarum,
535 437 705 489 absque
725 450 794 488 eo,
821 438 943 490 quod
962 438 1022 478 in-

189 499 405 538 trinsecus
442 494 561 536 latet.
617 494 775 547 Capilli
810 495 874 536 tui
911 494 1024 535 sicut

189 565 345 603 greges
384 553 638 604 caprarum,
678 564 777 603 quae
815 550 1023 592 ascende-

190 614 289 650 runt
309 607 364 649 de
384 612 533 649 monte
554 606 736 649 Galaad.
771 608 938 649 Dentes
961 607 1025 648 tui

189 666 301 706 sicut
319 677 475 716 greges
495 666 735 714 tonsarum,
757 677 856 716 quae
876 676 1024 704 ascen—

190 721 348 763 derunt
368 721 424 762 de
443 721 633 770 lavacro,
654 733 807 762 omnes
826 720 1024 771 gemellis

190 777 387 826 fo'etibus,
421 782 465 818 et
497 777 658 818 sterilis
690 790 778 818 non
811 781 880 818 est
910 777 1026 818 inter

190 847 277 876 eas.
305 834 426 875 Sicut
443 833 554 875 vitta
573 835 781 875 coccinea
798 833 916 874 labia
935 838 1025 874 tua:

191 896 234 932 et
277 890 502 942 eloquium
539 895 665 931 tuum
702 889 842 931 dulce.
905 889 1026 930 Sicut

189 948 387 997 fragmen
405 945 509 986 mali
527 946 688 998 punici,
708 947 769 988 ita
783 959 909 998 genae
923 951 1025 995 tuae,

190 1003 358 1055 absque
383 1015 455 1052 eo,
486 1003 608 1055 quod
626 1003 888 1044 intrinsecus
907 1002 1025 1044 latet.

190 1061 311 1101 Sicut
342 1060 476 1101 turris
509 1059 656 1100 David
689 1059 852 1101 collum
883 1064 1025 1109 tuum,

191 1129 290 1168 quae
317 1116 536 1157 aedificata
563 1121 630 1157 est
656 1129 755 1157 cum
773 1118 1025 1169 propugna-

192 1173 315 1214 culis:
342 1172 461 1213 mille
487 1172 632 1225 clypei
655 1172 852 1225 pendent
878 1185 933 1213 ex
958 1185 1025 1222 ea,

191 1230 333 1271 omnis
351 1232 573 1270 armatura
587 1229 778 1270 fortium.
803 1230 905 1270 Duo
923 1228 1026 1270 ube-

191 1299 239 1326 ra
276 1291 352 1327 tua
385 1285 498 1327 sicut
531 1284 619 1327 duo
651 1285 816 1326 hinnuli
851 1287 1026 1338 capreae

191 1341 377 1392 gemelli,
399 1341 473 1393 qui
491 1345 734 1393 pascuntur
752 1342 796 1382 in
816 1341 929 1391 liliis,
950 1341 1026 1383 do-

191 1411 273 1439 nec
293 1400 460 1450 aspiret
475 1397 581 1447 dies,
601 1403 645 1439 et
658 1398 923 1439 inclinentur
936 1411 1026 1439 um-

192 1454 305 1503 brae,
338 1452 499 1495 vadam
527 1453 584 1494 ad
611 1460 808 1496 montem
835 1453 1027 1507 myrrhae

193 1515 238 1551 et
261 1510 318 1551 ad
342 1509 502 1551 collem
521 1509 672 1552 thuris.
708 1511 824 1553 Tota
842 1511 1027 1564 pulchra

193 1579 241 1608 es
265 1569 405 1608 amica
429 1579 542 1617 mea,
575 1572 620 1609 et
644 1568 819 1610 macula
844 1581 932 1609 non
959 1573 1028 1609 est

191 1623 235 1664 in
254 1628 309 1665 te.

246 1694 293 1744 R·.
339 1692 488 1744 Surge,
521 1695 714 1746 propera
746 1696 887 1736 amica
918 1707 1027 1745 mea,

193 1748 399 1790 columba
434 1762 549 1800 mea,
593 1751 788 1792 formosa
825 1764 940 1801 mea,
984 1757 1028 1793 et

192 1806 309 1847 veni:
327 1809 349 1833 *
377 1806 402 1846 J
405 1819 475 1847 am
501 1805 642 1847 hiems
669 1807 858 1858 transiit,
886 1807 1028 1850 imber

192 1861 300 1903 abiit
335 1867 379 1904 et
412 1862 613 1903 recessit:
650 1863 784 1904 flores
813 1866 1026 1916 apparue-

191 1923 292 1959 runt
320 1918 364 1959 in
391 1923 510 1960 terra
538 1924 702 1960 nostra.
748 1918 797 1967 V.
830 1920 1027 1971 Surgam,

193 1980 236 2016 et
274 1974 470 2016 circuibo
508 1975 746 2017 civitatem:
787 1989 868 2028 per
904 1977 1027 2018 vicos

192 2036 236 2072 et
254 2030 444 2083 plateas
482 2043 678 2083 quaeram
716 2045 848 2085 quem
885 2033 1028 2084 diligit

193 2087 337 2128 anima
362 2100 470 2129 mea.
507 2088 605 2128 Jam
629 2087 781 2130 hiems.

494 2170 646 2211 Lectio
669 2171 724 2210 iii.

192 2226 342 2331 Veni
404 2234 459 2276 de
496 2234 666 2276 Libano
708 2248 873 2288 sponsa
913 2250 1026 2286 mea,

296 2290 395 2330 veni
415 2290 471 2332 de
490 2291 676 2342 Libano,
704 2293 819 2334 veni:
845 2296 1026 2334 corona-

192 2343 310 2385 beris
330 2344 385 2386 de
406 2348 551 2399 capite
571 2349 759 2398 Amana,
785 2348 841 2390 de
861 2350 1027 2391 vertice

192 2400 318 2441 Sanir
338 2406 382 2442 et
395 2402 605 2453 Hermon,
626 2403 682 2446 de
702 2404 918 2446 cubilibus
938 2405 1026 2446 leo-

192 2469 309 2505 num,
328 2457 383 2498 de
402 2460 626 2501 mantibus
645 2460 899 2512 pardorum.
921 2462 1026 2503 Vul-

192 2513 357 2554 nerasti
377 2526 454 2554 cor
473 2528 618 2556 meum
638 2529 764 2558 soror
783 2531 882 2559 mea
896 2531 1026 2570 spon-

194 2581 259 2618 sa,
297 2569 539 2611 vulnerasti
577 2584 654 2612 cor
684 2585 831 2614 meum
863 2574 907 2614 in
939 2586 1027 2615 uno

194 2624 422 2666 oculorum
451 2628 628 2667 tuorum
657 2634 700 2669 et
724 2629 767 2668 in
792 2643 880 2671 uno
908 2630 1027 2670 crine

194 2680 296 2722 colli
313 2681 387 2721 tui.
412 2681 554 2730 Quam
568 2682 765 2733 pulchrae
776 2691 878 2726 sunt
893 2699 1027 2726 mam-

1075 273 1160 302 mae
1187 266 1278 303 tuae
1307 274 1435 304 soror
1461 275 1562 304 mea
1589 263 1771 316 sponsa!
1812 263 1910 305 Pul-

1076 318 1251 359 chriora
1289 323 1392 360 sunt
1426 319 1565 361 ubera
1596 325 1673 362 tua
1705 321 1826 371 vino,
1867 325 1912 363 et

1077 374 1191 416 odor
1218 378 1542 426 unguentorum
1571 379 1750 419 tuorum
1777 390 1912 430 super

1077 432 1223 473 Omnia
1256 434 1465 475 aramata.
1519 433 1665 475 Favus
1694 433 1911 481 distillans

1076 487 1193 529 labia
1221 493 1297 529 tua
1326 502 1510 541 sponsa,
1541 489 1630 531 mel
1659 495 1703 532 et
1731 490 1801 531 lac
1829 489 1911 532 sub

1076 543 1223 596 lingua
1241 550 1330 587 tua:
1351 550 1395 587 et
1415 546 1529 588 odor
1545 547 1913 588 vestimentorum

1076 603 1253 642 tuorum
1279 602 1393 644 sicut
1418 602 1531 644 odor
1549 602 1702 645 thuris.
1740 603 1912 644 Hortus

1078 657 1313 699 conclusus
1338 671 1466 701 soror
1490 672 1589 701 mea
1607 672 1788 712 sponsa,
1815 659 1911 700 hor-

1077 719 1148 754 tus
1169 715 1416 765 conclusus,
1433 715 1532 757 fons
1552 716 1762 767 signatus.

1130 776 1179 827 R.
1214 775 1385 828 Adjuro
1415 789 1495 818 vos
1522 777 1626 818 filiae
1650 777 1912 828 Jerusalem,

1079 832 1116 872 si
1143 832 1398 875 inveneritis
1426 833 1637 876 dilectum
1666 847 1830 884 meum,
1863 839 1913 877 ut

1078 888 1289 931 nuntietis
1315 889 1355 931 ei
1381 890 1483 942 quia
1501 893 1651 932 amare
1670 890 1870 942 langueo.
1887 892 1909 917 *

1079 945 1230 996 Qualis
1250 951 1318 988 est
1334 946 1521 988 dilectus
1536 952 1649 998 tuus,
1669 960 1696 989 ο
1711 947 1912 1001 pulcher-

1079 1003 1189 1043 rima
1209 1001 1463 1044 mulierum?
1496 998 1545 1050 V.
1570 1003 1770 1046 Dilectus
1788 1017 1913 1046 meus

1079 1059 1294 1101 candidus
1314 1066 1358 1101 et
1378 1059 1660 1111 rubicundus,
1680 1061 1846 1103 electus
1859 1074 1914 1103 ex

1078 1115 1281 1158 millibus.
1319 1116 1441 1158 Talis
1469 1122 1537 1158 est
1563 1117 1750 1160 dilectus
1774 1131 1915 1160 meus:

1079 1173 1176 1225 ipse
1210 1178 1277 1214 est
1309 1175 1476 1215 amicus
1509 1187 1634 1216 meus
1661 1174 1766 1221 fssiae
1793 1174 1914 1217 16ῑὺ-

1081 1229 1230 1270 salem.
1251 1229 1413 1280 Qualis.
1431 1230 1588 1272 Gloria
1601 1231 1732 1272 Patri.
1753 1230 1916 1282 Qualis.

1310 1304 1360 1343 In
1378 1306 1429 1344 11.
1449 1305 1676 1345 Nocturno.

1132 1357 1181 1409 V.
1212 1365 1321 1407 Post
1343 1371 1520 1418 partum
1539 1366 1679 1418 Virgo
1702 1366 1917 1408 inviolata

1081 1422 1372 1472 permansisti.
1423 1422 1475 1472 Rz.
1509 1422 1594 1464 Dei
1623 1422 1825 1476 Genitrix
1852 1423 1914 1464 in-

1080 1476 1259 1519 tercede
1278 1491 1360 1530 pro
1380 1478 1520 1521 nobis.

1080 1550 1148 1591 Ex
1167 1550 1281 1592 libro
1303 1552 1444 1594 sancti
1458 1552 1686 1595 Ambrosii
1703 1553 1918 1607 Episcopi

1328 1607 1383 1650 de
1403 1608 1671 1660 Virginibus.

1307 1668 1409 1702 Libr.
1430 1670 1471 1711 2.,
1495 1674 1588 1712 post
1610 1669 1690 1703 init.
1728 1699 1730 1701 .

1384 1726 1538 1767 Lectio
1559 1726 1612 1766 iv.

1088 1787 1219 1842 ῑζῗῑιῒ
1246 1782 1374 1824 vobis
1402 1787 1630 1835 tamquam
1657 1783 1702 1824 in
1726 1783 1917 1834 imagine

1086 1836 1173 1893 ᾖ,
1205 1838 1430 1892 descripta
1470 1840 1696 1890 virginitas
1737 1841 1916 1892 vitaque

1086 1872 1174 1921 42²2
1203 1895 1348 1938 beatae
1377 1896 1547 1946 Mariae,
1576 1896 1632 1938 de
1663 1908 1767 1949 qua,
1795 1896 1918 1937 velut

1080 1952 1124 1992 in
1151 1952 1349 2004 speculo,
1379 1952 1568 2004 refulget
1592 1951 1765 2005 species
1790 1951 1916 1994 casti-

1079 2008 1184 2050 tatis
1214 2013 1258 2050 et
1286 2008 1428 2050 forma
1455 2009 1643 2050 virtutis.
1698 2008 1815 2050 Hinc
1848 2021 1916 2049 su—

1080 2064 1209 2106 matis
1241 2064 1345 2107 licet
1379 2065 1583 2118 exempla
1614 2064 1808 2115 vivendi,
1841 2064 1917 2106 ubi

1080 2125 1306 2172 tamquam
1329 2121 1373 2161 in
1396 2121 1639 2173 exemplari
1662 2120 1917 2172 magisteria

1081 2178 1293 2229 expressa
1304 2177 1552 2230 probitatis,
1569 2177 1675 2229 quid
1685 2179 1916 2231 corrigere,

1082 2233 1188 2284 quid
1204 2232 1409 2284 effugere,
1426 2232 1532 2286 quid
1542 2235 1693 2276 tenere
1704 2232 1916 2283 debeatis,
1932 2250 1936 2252 “

1081 2289 1331 2331 ostendunt.
1363 2291 1539 2342 Primus
1563 2288 1763 2332 discendi
1783 2288 1917 2330 ardor

1079 2344 1286 2387 nobilitas
1312 2351 1380 2387 est
1405 2347 1615 2398 magistri.
1653 2344 1770 2396 Quid
1793 2344 1914 2386 nobi-

1079 2401 1163 2442 lius
1187 2402 1271 2443 Dei
1295 2402 1460 2444 Matre?
1499 2402 1616 2453 Quid
1640 2400 1916 2454 splendidius

1082 2470 1149 2507 ea,
1185 2470 1316 2509 quam
1349 2459 1561 2511 splendor
1593 2457 1747 2508 elegit?
1800 2456 1916 2507 Quid

1081 2514 1246 2555 castius
1267 2527 1319 2556 ea
1339 2528 1438 2567 quae
1463 2527 1625 2567 corpus
1645 2514 1738 2554 sine
1759 2515 1915 2566 corpo-

1080 2569 1139 2610 ris
1159 2571 1423 2622 contagione
1442 2568 1693 2621 generavit?

1134 2631 1182 2681 R.
1204 2631 1466 2672 Beatissima
1484 2631 1624 2682 Virgo
1643 2630 1797 2680 Maria,
1815 2629 1914 2671 hor-

1080 2691 1151 2727 tus
1180 2687 1431 2737 conclusus,
1461 2687 1560 2728 fons
1588 2687 1802 2738 signatus,
1831 2686 1915 2727 Re-
