2040 2944
750 207 959 241 Commune
985 216 1062 241 non
1085 205 1297 248 Virginum.

172 296 299 341 mini?
332 298 357 326 *
391 301 467 338 aut
505 296 602 349 quis
639 295 773 337 stabit
814 296 858 337 in
893 295 992 338 loco

173 358 326 397 sancto
347 351 460 406 ejus?

222 412 437 452 Innocens
451 408 652 451 munibus
668 413 712 451 et
724 408 887 450 mundo
903 421 993 450 cor-

173 467 244 518 de,
263 468 287 495 *
307 466 382 519 qui
405 479 494 507 non
518 465 690 518 accepit
712 465 756 505 in
774 477 887 506 vano
907 465 993 505 ani-

171 537 287 565 mam
324 535 463 572 suam,
500 534 582 563 nec
617 521 774 574 juravit
806 521 851 561 in
888 520 993 562 dolo

171 580 374 633 proximo
394 591 486 620 suo.

223 636 309 677 Hic
347 635 534 687 accipiet
574 632 924 675 benedictienem
969 646 994 674 a

172 693 379 734 Demino:
395 693 419 719 *
435 695 479 733 et
497 689 841 732 misericerdiam
857 702 882 730 a
897 690 993 731 Deo

173 748 353 790 salutari
371 760 463 789 suo.
501 766 503 768 >

223 806 333 846 Haec
361 808 429 846 est
455 802 679 854 generatio
708 803 994 854 quaerentium

173 874 287 911 eum,
326 862 351 889 *
392 859 678 912 quaerentium
716 858 873 900 faciem
911 859 994 900 Dei

171 917 322 959 Jacob.

225 972 428 1015 Attollite
470 975 623 1025 portas
663 971 883 1024 principes
924 985 993 1014 ve-

173 1034 301 1080 stras,
330 1033 373 1071 et
397 1028 626 1071 elevamini
647 1032 789 1080 portae
813 1030 993 1070 aeterna-

171 1086 251 1128 les:
271 1087 295 1114 *
314 1090 357 1128 et
376 1083 575 1127 introibit
592 1084 690 1125 Rex
708 1083 870 1135 gleriae.

224 1142 330 1193 Quis
357 1146 423 1183 est
446 1141 529 1182 iste
547 1141 646 1182 Rex
671 1138 846 1191 gloriae?
864 1141 888 1168 *
906 1141 993 1182 De-

171 1199 314 1240 minus
341 1197 468 1240 fortis
498 1201 541 1238 et
567 1200 743 1249 potens:
779 1196 993 1238 Deminus

170 1260 330 1308 potens
348 1255 394 1295 in
412 1253 577 1307 praelio.

223 1310 427 1354 Attellite
470 1314 624 1362 portas
662 1309 882 1362 principes
923 1322 993 1351 ve-

173 1372 302 1418 stras,
329 1372 374 1410 et
395 1366 625 1409 elevemini
646 1371 788 1419 portae
812 1368 992 1408 aeternu-

171 1425 252 1467 les:
271 1426 295 1452 *
313 1428 357 1466 et
376 1422 574 1465 introibit
591 1422 690 1464 Rex
707 1422 869 1474 gleriae.

223 1481 330 1532 Quis
354 1484 422 1522 est
448 1480 531 1521 iste
548 1479 647 1521 Rex
671 1478 845 1530 gloriae?
864 1479 888 1507 *
906 1479 993 1519 De-

171 1538 315 1579 minus
339 1537 550 1578 virtutum
573 1535 669 1588 ipse
695 1540 762 1577 est
781 1535 879 1576 Rex
903 1535 992 1586 glo-

172 1606 260 1635 nae.

227 1649 328 1690 Ant.
354 1649 607 1698 Revertere,
624 1649 843 1689 revertere
860 1647 992 1688 Suna-

172 1705 306 1747 mitis:
332 1706 568 1753 revertere,
595 1705 832 1753 revertere,
859 1707 908 1744 ut
933 1703 992 1743 in-

173 1764 374 1804 tueamur
391 1765 448 1802 te.

224 1811 275 1864 V.
309 1816 465 1870 Specie
497 1820 574 1857 tua
601 1819 645 1857 et
670 1815 994 1868 pulchritudine

171 1878 259 1916 tua.
287 1873 337 1924 Rz.
350 1871 545 1922 Intende,
563 1873 777 1924 prespere
790 1871 994 1924 procede,

173 1935 217 1972 et
234 1942 380 1981 regna.

224 1986 354 2028 Pater
373 1989 534 2027 noster.

227 2041 473 2083 Absolutio.
498 2040 670 2083 Exaudi
692 2040 892 2082 Demine.

224 2098 276 2147 V.
301 2098 414 2141 Jube
439 2098 610 2140 domne.

226 2154 388 2198 Bened.
415 2153 728 2196 Benedictiene
746 2155 970 2206 perpetua.

226 2222 428 2258 Lectiones
452 2221 479 2255 Ι.
498 2221 608 2255 Noct.
631 2231 702 2264 pro
726 2220 892 2264 Martyre
916 2223 995 2254 tan-

175 2275 255 2307 tum
275 2271 454 2314 leguntur
470 2274 510 2304 ut
530 2279 655 2312 supra.
677 2269 904 2306 Confitebor.
924 2269 994 2314 [96]

261 2334 336 2370 Pro
360 2344 431 2368 nec
453 2333 612 2377 Virgine
636 2343 706 2367 nec
729 2333 909 2376 Martyre,

446 2387 487 2417 ut
511 2385 730 2426 sequuntur.

288 2436 355 2478 De
377 2435 604 2478 Parabolis
631 2434 887 2476 Salomenis.

280 2495 431 2537 Lectio
451 2496 477 2536 i.
667 2494 769 2545 Cap.
783 2493 840 2533 31.
855 2493 893 2534 b.

186 2578 188 2601 3
234 2570 271 2594 ‹.
321 2552 512 2594 ulierem
553 2552 710 2593 fortem
749 2550 845 2602 quis
881 2550 996 2591 inve-

187 2626 294 2668 „
348 2606 460 2650 niet?
487 2608 659 2661 procul,
685 2612 729 2649 et
753 2606 807 2648 de
833 2605 996 2647 ultimis

203 2677 213 2688 ³
230 2666 236 2670 ”
322 2666 329 2678 ”
350 2663 511 2706 finibus
532 2664 724 2718 pretium
746 2664 846 2715 ejus
887 2662 996 2703 Con-

178 2720 276 2763 fidit
302 2721 345 2762 in
373 2733 424 2763 ea
451 2734 526 2763 cor
554 2721 635 2763 viri
661 2721 745 2770 sui,
774 2724 816 2761 et
844 2718 998 2771 spoliis

1769 199 1866 243 [103]

1045 309 1134 337 non
1161 296 1383 347 indigebit.
1423 295 1599 337 Reddet
1626 295 1666 337 ei
1692 294 1867 345 bonum,

1046 357 1090 394 et
1107 365 1195 394 non
1213 352 1392 402 malum,
1413 351 1614 393 Omnibus
1634 351 1789 393 diebus
1807 351 1867 392 vi-

1045 413 1103 450 tae
1123 422 1226 450 suae.
1261 409 1472 459 Quaesivit
1495 408 1639 449 lanam
1660 412 1703 450 et
1722 407 1867 458 linum,

1046 470 1091 507 et
1125 467 1306 517 operata
1343 470 1409 507 est
1446 464 1629 506 consilio
1661 466 1867 505 manuum

1046 524 1233 563 suarum.
1269 522 1405 563 Facta
1428 526 1495 562 est
1519 521 1644 573 quasi
1666 520 1787 561 navis
1807 520 1866 560 in-

1046 578 1229 627 stiteris,
1260 577 1316 620 de
1340 577 1471 628 longe
1500 582 1681 630 portans
1710 589 1867 629 panem

1047 647 1183 675 suum.
1208 635 1267 676 Et
1286 634 1341 676 de
1358 638 1488 675 nocte
1507 634 1710 683 surrexit,
1730 632 1866 674 dedit-

1047 703 1132 742 que
1150 690 1347 743 praedam
1367 690 1616 732 domesticis
1631 690 1730 739 suis,
1750 694 1793 730 et
1812 690 1866 731 ci—

1045 747 1167 788 baria
1202 746 1368 788 ancillis
1411 746 1511 787 suis.
1565 745 1868 788 Consideravit

1047 816 1208 854 agrum,
1228 808 1272 845 et
1291 803 1394 844 emit
1413 815 1527 844 eum:
1547 802 1602 843 de
1620 802 1763 843 fructu
1780 804 1866 843 ma-

1046 873 1179 900 nuum
1218 862 1394 900 suarum
1433 858 1649 911 plantavit
1686 860 1867 899 vineam.

1046 915 1250 957 Accinxit
1274 915 1527 957 fortitudine
1554 914 1727 956 lumbos
1753 927 1867 964 suos,

1047 977 1094 1014 et
1107 971 1332 1014 roboravit
1349 971 1575 1013 brachium
1596 984 1733 1012 suum.

1097 1033 1147 1084 R».
1181 1029 1296 1070 Veni
1324 1028 1463 1069 electa
1489 1041 1603 1077 mea,
1637 1032 1681 1069 et
1707 1039 1868 1079 ponam

1046 1085 1089 1125 in
1113 1089 1157 1126 te
1184 1085 1389 1126 thronum
1413 1096 1572 1126 meum:
1594 1086 1617 1110 *
1636 1084 1746 1133 Quia
1768 1095 1866 1124 con-

1047 1141 1210 1194 cupivit
1230 1142 1327 1183 Rex
1345 1140 1535 1193 speciem
1554 1145 1683 1182 tuam.
1703 1137 1750 1188 V.
1763 1139 1865 1192 Spe-

1046 1197 1112 1239 cie
1133 1202 1208 1239 tua
1232 1202 1275 1239 et
1293 1196 1616 1250 pulchritudine
1637 1201 1714 1237 tua
1731 1196 1866 1237 inten-

1046 1253 1120 1360 ὅθ,
1158 1255 1372 1306 prespere
1400 1252 1608 1307 procede,
1648 1257 1692 1294 et
1723 1265 1867 1304 regna.

1086 1323 1167 1352 ula.

1099 1368 1261 1411 Bened.
1289 1365 1544 1417 Unigenitus
1563 1365 1656 1406 Dei.

1354 1427 1505 1467 Lectio
1525 1426 1565 1466 ii.

1049 1477 1309 1585 Gustavit,
1337 1483 1381 1520 et
1407 1477 1516 1519 vidit
1540 1478 1643 1530 quia
1667 1478 1782 1519 bona
1802 1483 1869 1520 est

1140 1535 1379 1586 negotiatio
1396 1536 1502 1587 ejus:
1521 1547 1608 1576 non
1625 1535 1866 1585 exstingue-

1045 1597 1117 1634 tur
1138 1592 1182 1632 in
1203 1596 1333 1633 nocte
1353 1591 1530 1632 lucerna
1552 1591 1654 1642 ejus.
1690 1591 1867 1631 Manum

1045 1661 1169 1690 suam
1186 1648 1304 1688 misit
1323 1647 1379 1688 ad
1401 1647 1545 1696 fortia,
1572 1651 1615 1688 et
1634 1646 1758 1698 digiti
1778 1648 1867 1699 ejus

1045 1703 1429 1758 apprehenderunt
1474 1703 1629 1744 fusum.
1691 1702 1867 1744 Manum

1047 1774 1170 1802 suam
1189 1760 1359 1813 aperuit
1378 1759 1509 1811 inopi,
1526 1763 1570 1800 et
1581 1758 1750 1811 palmas
1765 1772 1866 1800 suas

1047 1816 1241 1859 extendit
1267 1815 1322 1857 ad
1344 1818 1594 1868 pauperem.
1628 1815 1728 1856 Non
1746 1815 1866 1856 time-

1045 1873 1110 1915 bit
1137 1873 1286 1915 demui
1313 1885 1405 1913 suae
1432 1884 1457 1912 a
1481 1871 1715 1922 frigeribus
1738 1872 1867 1912 nivis:

1047 1943 1197 1972 omnes
1224 1929 1338 1971 enim
1362 1928 1592 1970 domestici
1611 1928 1702 1980 ejus
1721 1929 1868 1970 vestiti

1047 1990 1147 2027 sunt
1172 1984 1432 2038 duplicibus.
1472 1984 1765 2035 Straguleitam
1796 1997 1866 2026 ve-

1048 2047 1160 2084 stem
1180 2042 1283 2084 fecit
1301 2041 1398 2083 sibi:
1425 2040 1583 2093 byssus
1608 2045 1652 2082 et
1673 2043 1867 2093 purpura

1046 2098 1345 2140 indumentum
1360 2098 1460 2149 ejus.
1483 2096 1655 2138 Nebilis
1669 2097 1714 2137 in
1726 2097 1866 2149 portis

1045 2155 1111 2197 vir
1131 2155 1231 2207 ejus,
1253 2153 1428 2206 quando
1449 2152 1611 2194 sederit
1630 2165 1728 2194 cum
1748 2165 1866 2194 sena-

1045 2210 1215 2252 toribus
1238 2215 1380 2252 terrae.
1415 2208 1652 2251 Sindonem
1675 2208 1795 2258 fecit,
1824 2213 1868 2250 et

1047 2266 1252 2316 vendidit,
1269 2271 1313 2308 et
1330 2265 1550 2316 cingulum
1565 2264 1746 2307 tradidit
1760 2264 1867 2306 Cha-

1045 2335 1209 2365 nanaeo.

1102 2382 1152 2434 R.
1185 2379 1356 2420 Diffusa
1393 2381 1459 2419 est
1495 2377 1635 2428 gretia
1665 2377 1710 2418 in
1743 2376 1868 2418 labiis

1046 2435 1152 2477 tuis:
1196 2439 1219 2462 *
1261 2435 1502 2486 Propterea
1549 2432 1773 2475 benedixit
1824 2437 1868 2474 te

1046 2493 1167 2533 Deus
1194 2491 1238 2532 in
1265 2492 1487 2532 aeternum.
1538 2488 1588 2540 V.
1613 2490 1768 2542 Specie
1794 2494 1869 2530 tua

1049 2554 1092 2591 et
1111 2546 1434 2601 pulchritudine
1454 2551 1531 2588 tua
1548 2545 1742 2596 intende,
1769 2546 1867 2597 pro-

1048 2617 1176 2657 spere
1219 2602 1431 2657 procede,
1482 2607 1525 2644 et
1563 2615 1705 2654 regna.
1765 2601 1867 2641 Pro-

1048 2663 1211 2714 pterea.

1102 2715 1263 2757 Bened.
1291 2715 1475 2768 Spiritus
1494 2715 1631 2756 sancti
1648 2712 1797 2765 gratia.
