2040 2944
776 214 984 246 Commune
1011 213 1220 255 Viri-pinum.

378 311 426 349 In
446 311 495 350 II.
521 311 741 350 Nocturno.

202 379 299 420 Ant.
332 379 487 432 Specie
515 383 590 421 tua
617 380 640 405 *
669 383 712 421 et
738 378 974 431 pulchritu-

151 433 250 476 dine
274 439 349 476 tua
371 436 563 486 intende,
591 438 803 489 prospere
823 437 974 488 proce-

150 490 216 540 de,
236 496 280 532 et
298 505 441 543 regna.
681 491 683 494 ⁴

414 575 610 615 Psalmus
631 576 696 615 44.

160 652 255 714 (3⁷3
266 647 451 688 ructavit
491 659 568 688 cor
606 659 752 687 meum
791 645 973 687 verbum

154 713 166 758 ,ς
189 702 255 761 {23³²
280 703 462 745 bonum:
501 704 524 728 *
566 702 664 744 dico
711 715 793 754 ego
839 705 973 755 opera

163 767 166 776 ·
280 772 378 801 mea
405 760 526 811 Regi.

198 816 365 867 Lingua
395 829 493 857 mea
526 815 717 857 calamus
751 814 921 865 scribae,
949 816 972 840 *

147 872 357 914 velociter
381 872 621 914 scribentis.

197 929 433 982 Speciosus
452 929 592 970 forma
606 941 699 981 prae
717 928 816 969 filiis
835 928 972 968 homi-

145 998 260 1035 num,
274 985 431 1027 diffusa
448 990 515 1027 est
529 985 668 1036 gratia
682 985 725 1025 in
736 984 862 1026 labiis
873 985 972 1025 tuis:

145 1042 168 1068 *
196 1044 431 1094 propterea
455 1041 679 1083 benedixit
711 1046 755 1082 te
782 1041 903 1082 Deus
929 1041 971 1081 in

149 1100 370 1140 aeternum.

199 1155 442 1205 Accingere
469 1154 616 1206 gladio
648 1159 725 1195 tuo
755 1167 887 1206 super
914 1154 970 1196 fe-

146 1224 242 1252 mur
259 1215 393 1260 tuum,
413 1212 436 1237 *
457 1211 773 1264 potentissime,

195 1268 350 1320 Specie
377 1273 453 1309 tua
481 1272 524 1309 et
548 1267 872 1321 pulchritudine
896 1272 971 1309 tua

143 1324 167 1350 *
203 1324 395 1375 intende,
431 1327 645 1377 prospere
681 1323 888 1377 procede,
928 1329 971 1366 et

144 1393 288 1432 regna.
390 1412 392 1414 .

193 1437 382 1490 Propter
399 1437 641 1487 veritatem,
661 1441 705 1478 et
722 1440 969 1479 mansuetu-

143 1492 305 1544 dinem,
340 1498 383 1535 et
409 1494 630 1546 justitiam:
657 1495 681 1519 *
709 1499 753 1535 et
781 1493 970 1535 deducet

144 1554 189 1591 te
207 1549 461 1592 mirabiliter
480 1550 660 1592 dextera
679 1555 764 1592 tua.

194 1606 372 1657 Sagittae
394 1612 488 1651 stuae
517 1609 673 1656 acutae,
706 1606 860 1659 populi
888 1606 968 1648 sub

142 1666 186 1703 te
214 1662 381 1712 cadent,
409 1663 433 1688 *
463 1663 507 1703 in
535 1662 670 1704 corda
697 1663 969 1704 inimicorum

146 1718 291 1769 Regis.

195 1774 332 1816 Sedes
354 1778 430 1815 tua
447 1775 569 1816 De'us
591 1775 635 1815 in
660 1775 868 1816 saeculum
891 1777 968 1816 sae-

143 1830 241 1884 culi:
264 1831 288 1856 *
315 1830 437 1882 virga
470 1831 719 1873 directionis
749 1832 871 1882 virga
905 1845 967 1873 re-

141 1887 214 1938 gni
236 1888 310 1928 tui.

193 1943 398 1986 Dilexisti
420 1945 641 1996 justitiam,
670 1949 713 1986 et
738 1944 869 1986 odisti
893 1945 967 1985 ini-

143 2000 372 2052 quitatem:
409 2001 432 2027 *
477 2003 714 2054 propterea
757 2001 881 2042 unxit
924 2005 968 2042 te

141 2056 277 2106 Deus,
305 2057 426 2098 Deus
450 2062 550 2098 tuus
570 2057 668 2099 oleo
693 2057 967 2111 laetitiaeprae

142 2113 419 2155 consortibus
439 2114 536 2155 tuis.

192 2169 385 2221 Myrrha,
414 2175 457 2212 et
476 2174 615 2222 gutta,
644 2174 687 2211 et
712 2171 830 2211 casia
853 2184 878 2212 a
897 2184 967 2212 ve—

142 2225 354 2268 stimentis
369 2227 466 2276 tuis,
486 2240 511 2267 a
530 2226 734 2268 domibus
750 2227 967 2269 eburneis:

141 2281 164 2307 *
184 2294 239 2323 ex
264 2282 422 2335 quibus
447 2283 775 2324 delectaverunt
797 2288 840 2325 te
865 2284 966 2326 filiae

142 2350 292 2389 regum
308 2340 352 2380 in
371 2339 538 2381 honore
557 2345 645 2381 tuo.

192 2394 344 2437 Astitit
377 2399 525 2446 regina
559 2409 583 2436 a
617 2395 782 2437 dextris
809 2396 896 2437 tuis
923 2397 966 2436 in

141 2453 301 2492 vestitu
319 2451 546 2494 deaurato:
565 2453 588 2478 *
609 2452 878 2494 circumdata
896 2465 966 2494 va-

142 2506 306 2549 rietate.

192 2562 309 2604 Audi
327 2564 431 2614 filia,
455 2569 498 2606 et
517 2564 631 2614 vide,
656 2569 699 2606 et
718 2564 876 2605 inclina
895 2577 965 2606 au-

142 2631 234 2659 rem
261 2623 395 2660 tuam:
418 2621 442 2646 *
469 2626 513 2662 et
540 2620 798 2662 obliviscere
827 2623 964 2673 popu-

140 2674 230 2715 lum
249 2680 382 2725 tuum,
399 2681 443 2718 et
461 2676 640 2718 domum
658 2678 795 2730 patris
815 2678 889 2718 tui.

191 2731 248 2772 Et
269 2735 551 2785 concupiscet
566 2734 663 2775 Rex
677 2733 883 2775 decorem
901 2738 977 2780 tu·-

1028 320 1117 348 um:
1139 307 1163 332 *
1190 307 1395 359 quoniam
1422 308 1517 360 ipse
1547 312 1613 349 est
1639 308 1854 355 Dominus

1027 364 1148 406 Deus
1167 368 1278 412 tuus,
1299 369 1342 405 et
1361 363 1607 405 adorabunt
1625 377 1734 405 eum.

1079 421 1135 461 Et
1154 420 1256 461 filiae
1272 421 1379 473 Tyri
1396 421 1440 460 in
1459 420 1710 462 muneribus
1725 421 1748 446 *
1764 421 1852 462 vul-

1026 481 1120 517 tum
1150 481 1272 518 tuum
1304 476 1669 529 deprecabuntur:
1702 490 1853 519 omnes

1028 532 1184 574 divites
1205 533 1358 586 plebis.

1080 590 1231 631 Omnis
1253 589 1391 641 gloria
1411 590 1501 640 eius
1519 589 1622 630 ffliae
1641 591 1776 642 Regis
1797 590 1851 632 ab

1026 647 1159 695 intus,
1179 647 1264 686 *in
1292 645 1474 687 fimbriis
1503 647 1645 688 aureis
1674 647 1851 688 circum-

1027 705 1184 744 amicta
1203 702 1497 744 varietatibus.

1079 759 1366 808 Adducentur
1394 760 1506 810 Regi
1533 760 1722 810 virgines
1750 765 1853 812 post

1027 829 1141 857 eam:
1177 817 1200 842 *
1237 816 1450 868 proximae
1491 817 1582 867 ejus
1619 816 1852 858 afferentur

1025 873 1114 914 tibi.

1077 929 1327 971 Afferentur
1350 929 1393 969 in
1417 929 1570 970 laetitia
1595 934 1638 971 et
1667 929 1850 970 exsulta-

1024 987 1158 1028 tione:
1189 987 1212 1012 *
1249 985 1520 1027 adducentur
1558 986 1601 1026 in
1639 986 1851 1038 templum

1025 1044 1169 1094 Regis.

1076 1100 1161 1140 Pro
1189 1098 1387 1152 patribus
1415 1098 1502 1139 tuis
1528 1098 1619 1139 nati
1645 1103 1745 1139 sunt
1772 1098 1849 1140 tibi

1024 1156 1114 1196 filii:
1134 1157 1157 1181 *
1178 1157 1417 1196 constitues
1442 1167 1519 1196 eos
1542 1155 1762 1207 principes
1782 1169 1848 1196 su-

1024 1226 1103 1265 per
1124 1225 1297 1254 omnem
1316 1217 1488 1253 terram.

1075 1269 1292 1310 Memores
1313 1273 1438 1310 erunt
1456 1268 1643 1308 nominis
1667 1268 1745 1309 tui:
1765 1268 1787 1293 *
1807 1268 1850 1308 in

1024 1326 1142 1367 omni
1156 1325 1437 1377 generatione
1455 1329 1497 1366 et
1514 1325 1850 1375 generationem.

1074 1383 1316 1435 Propterea
1342 1381 1495 1434 populi
1527 1380 1850 1423 confitebuntur

1022 1438 1101 1480 tibi
1129 1439 1172 1479 in
1199 1440 1425 1480 aeternum:
1449 1438 1472 1463 *
1499 1442 1542 1479 et
1568 1438 1612 1478 in
1641 1438 1850 1479 saeculum

1023 1495 1182 1537 saeculi.

1070 1553 1167 1593 Ant.
1195 1553 1349 1604 Specie
1369 1557 1443 1593 tua
1463 1555 1506 1592 et
1525 1550 1849 1603 pulchritudine

1021 1612 1096 1649 tua
1114 1608 1306 1658 intende,
1335 1611 1548 1661 prospere
1570 1607 1778 1659 procede,
1807 1612 1850 1648 et

1022 1677 1166 1715 regna.

1068 1721 1166 1761 Ant.
1197 1721 1430 1772 Adjuvabit
1447 1721 1708 1762 eam*Deus
1724 1720 1846 1761 vultu

1021 1790 1116 1819 suo:
1135 1778 1256 1819 Deus
1275 1778 1316 1818 in
1335 1777 1481 1819 medio
1504 1778 1604 1829 ejus,
1623 1790 1711 1818 non
1731 1790 1845 1818 com-

1020 1834 1276 1876 movebitur.

1282 1889 1480 1929 Psalmus
1509 1891 1573 1930 45.
1714 1935 1719 1939 ,

1015 1939 1184 2045 Deus
1207 1951 1357 1989 noster
1376 1946 1603 1997 refugium,
1630 1951 1674 1988 et
1692 1946 1845 1987 virtus:

1127 2004 1150 2029 *
1187 2003 1359 2055 adjutor
1394 2003 1437 2043 in
1477 2002 1845 2052 tribulationibus,

1022 2073 1119 2112 quae
1139 2060 1397 2101 invenerunt
1414 2071 1497 2100 nos
1515 2056 1654 2100 nimis.

1070 2117 1310 2168 Propterea
1341 2129 1430 2157 non
1461 2115 1709 2157 timebimus
1742 2115 1845 2156 dum

1019 2172 1266 2216 turbabitur
1293 2177 1424 2214 terra:
1452 2172 1475 2198 *
1505 2177 1549 2213 et
1584 2172 1844 2213 transferen-

1018 2233 1089 2270 tur
1106 2233 1279 2270 montes
1299 2229 1342 2269 in
1363 2241 1439 2270 cor
1457 2228 1600 2269 maris.

1070 2286 1327 2334 Sonuerunt,
1343 2290 1386 2326 et
1400 2284 1588 2326 turbatae
1605 2289 1705 2325 sunt
1718 2297 1844 2336 aquae

1020 2343 1186 2397 eorum:
1215 2341 1239 2367 *
1267 2340 1515 2382 conturbati
1545 2345 1645 2382 sunt
1670 2346 1842 2382 montes

1018 2398 1061 2437 in
1081 2396 1335 2438 fortitudine
1356 2398 1456 2448 eius.

1069 2453 1278 2494 Fluminis
1306 2455 1495 2505 impetus
1523 2453 1717 2495 laetificat
1744 2453 1843 2494 civi-

1018 2512 1155 2550 tatem
1174 2509 1271 2550 Dei:
1291 2510 1314 2535 *
1335 2507 1842 2551 sanctificavit'taberna-

1018 2565 1163 2607 culum
1183 2579 1309 2606 suum
1328 2565 1587 2607 Altissimus.

1068 2622 1188 2663 Deus
1208 2622 1250 2662 in
1269 2621 1414 2662 medio
1431 2622 1532 2673 ejus,
1548 2635 1635 2663 non
1653 2633 1841 2663 commo-

1017 2677 1202 2719 vebitur:
1221 2678 1244 2703 *
1265 2677 1486 2729 adjuvabit
1505 2691 1601 2719 eam
1615 2679 1735 2719 Deus
1754 2689 1840 2717 ma-

1016 2747 1071 2776 ne
1091 2733 1292 2776 diluculo.
