2040 2944
204 180 298 224 [294]

203 277 320 317 niam
341 275 611 317 efformAbat.
645 275 718 316 Ad
739 274 1038 316 occidentales

204 333 340 374 Indos
356 332 635 383 evangelicus
652 330 923 384 praedicator
938 332 1037 372 mis-

205 402 296 439 sus,
330 388 529 440 quamvis
562 401 651 429 uno
679 392 850 430 tantum
877 388 1037 440 Hispa-

204 445 302 486 nico
317 446 514 486 uteretur
531 444 752 494 idiomate,
772 457 872 486 eum
891 449 1038 486 tamen

205 501 403 551 diversae,
423 506 556 553 atque
576 501 689 542 inter
709 513 757 542 se
778 499 946 542 dissitae
966 514 1037 542 na-

203 558 363 607 tiones,
396 570 475 598 sua
507 557 643 599 veluti
675 557 931 609 loquentem
961 556 1037 597 lin-

203 627 298 664 gua,
325 613 508 665 singulae
528 613 777 663 audiebant,
804 626 858 655 ex
878 613 1038 666 quibus

203 671 457 711 innumeros
490 668 547 711 ad
583 670 866 712 christianam
903 668 1038 711 fidem

205 726 405 767 adduxit:
430 725 581 778 ibique
606 727 835 776 venenum,
858 739 947 768 non
973 738 1037 768 se-

203 783 290 824 mel
331 782 414 824 sibi
455 796 480 824 a
516 782 718 824 barbaris
755 783 1038 836 propinatum

203 838 380 880 innoxie
424 838 580 880 hausit.
639 838 866 880 Publicam
912 839 1038 880 vitio-

203 908 300 936 rum
317 894 668 947 objurgationem
686 900 913 947 tamquam
931 895 976 936 in
990 908 1038 937 se

203 965 338 993 unum
362 951 574 994 directam
598 951 759 993 nobilis
779 951 958 1004 quidam
977 952 1038 993 ul-

203 1011 343 1058 turus,
369 1012 559 1049 mortem
582 1007 814 1049 Ludovico
841 1008 1038 1058 intentat,

205 1077 304 1106 cum
340 1064 521 1105 strictus
558 1064 602 1104 in
639 1077 738 1105 eum
776 1064 957 1117 sclopus
995 1065 1039 1105 in

205 1121 414 1162 Crucifixi
438 1120 626 1161 formam
652 1122 834 1173 repente
859 1123 1038 1162 conver-

203 1177 320 1218 titur.
367 1177 464 1227 Quo
496 1177 710 1218 miraculo
742 1177 935 1219 nefarius
967 1190 1038 1229 ag-

204 1235 382 1284 gressor
413 1235 659 1286 permotus,
696 1233 754 1275 ad
786 1234 928 1275 sancti
957 1234 1040 1275 viri

204 1288 344 1342 pedes
375 1289 657 1342 provolutuS,
688 1290 798 1331 tanti
831 1290 1039 1332 facinoris

205 1346 378 1388 veniam
406 1348 533 1388 enixe
562 1345 838 1399 deprecatur.

258 1405 308 1455 ΒΞ.
328 1403 507 1444 Amavit
531 1416 631 1445 eum
650 1403 879 1452 Dominus,
906 1408 950 1445 et
973 1415 1039 1444 or-

206 1459 326 1501 navit
359 1471 477 1500 eum:
515 1459 676 1500 stolam
711 1459 865 1510 gloriae
900 1459 1041 1502 induit

207 1528 318 1565 eum,
337 1517 358 1538 *
379 1515 436 1556 Et
455 1514 511 1556 ad
530 1520 685 1568 portas
699 1515 895 1568 paradisi
915 1529 1039 1557 coro-

207 1572 327 1613 navit
344 1585 454 1613 eum.
478 1570 525 1618 X'.
545 1572 694 1614 Induit
710 1585 809 1614 eum
824 1573 1040 1614 Dominus

207 1628 390 1670 loricam
410 1628 524 1679 fidei,
545 1633 589 1670 et
609 1629 781 1670 ornavit
800 1642 911 1671 eum.
939 1629 1008 1670 Et.

510 1686 661 1726 Lectio
683 1687 736 1725 vi.

207 1736 528 1841 Humilitate,
549 1754 601 1783 ac
615 1742 828 1795 patientia
846 1742 1039 1793 insignis,

344 1797 454 1840 illud
495 1797 738 1840 identidem
779 1799 1040 1851 usurpabat:

207 1855 398 1897 Domine
422 1855 493 1896 hic
512 1868 601 1905 ure,
624 1855 697 1896 hic
721 1868 834 1905 seca,
858 1855 929 1896 hic
952 1868 1041 1897 non

207 1924 378 1964 parcas,
391 1916 440 1953 ut
455 1911 499 1951 in
514 1913 728 1953 aeternum
742 1924 912 1964 parcas.
935 1912 1040 1953 Pro-

208 1967 386 2020 phetico
402 1968 577 2009 afflatus
597 1967 756 2020 spiritu
774 1968 912 2009 multa
930 1981 1041 2021 prae-

209 2023 328 2066 dixit.
373 2024 527 2075 Ignem
555 2024 679 2075 signo
709 2025 852 2066 crucis
881 2027 1041 2066 exstin-

208 2080 283 2130 xit,
308 2082 621 2133 tempestatem
646 2080 827 2130 sedavit,
851 2081 1042 2122 ferarum

208 2138 398 2188 impetus
428 2136 643 2185 cohibuit,
679 2137 865 2178 mortuis
895 2136 1041 2186 vitam,

210 2192 340 2233 caecis
360 2193 513 2241 visum,
534 2192 701 2234 claudis
719 2205 930 2243 gressum,
951 2205 1040 2233 sur·

211 2246 279 2288 dis
298 2248 490 2290 reddidit
509 2249 717 2290 auditum.
746 2249 946 2290 Tandem
966 2248 1042 2290 du·
1124 2254 1131 2263 ’
1151 2297 1153 2305 ς

211 2303 339 2344 rioris
383 2305 657 2356 poenitentiae
696 2305 923 2347 laboribus
960 2305 1041 2346 fra·

211 2363 318 2407 ctus,
344 2359 386 2398 in
411 2360 614 2401 morbum
638 2361 790 2403 incidit
816 2363 1042 2413 sacrisque

210 2415 430 2466 mysteriis
466 2416 548 2457 rite
581 2417 800 2469 expiatus,
837 2417 1042 2468 migravit

210 2469 255 2510 in
280 2469 451 2519 coelum,
478 2473 667 2523 septimo
692 2472 798 2514 Idus
823 2473 1042 2522 Octobris,

213 2539 296 2567 ano
312 2526 543 2568 millesimo
561 2529 910 2579 quingentesimo
923 2535 1042 2571 octo—

211 2581 379 2632 gesimo
417 2583 580 2634 primo,
626 2585 769 2625 aetatis
805 2598 912 2626 vero
950 2598 1042 2626 suae

213 2638 576 2690 quinquagesimo
595 2639 758 2690 quinto.
783 2641 922 2690 Quem
937 2641 1042 2682 mul-

211 2694 269 2736 tis
303 2694 437 2735 etiam
472 2699 577 2746 post
614 2695 783 2736 obitum
821 2697 1043 2738 miraculis

507 183 577 217 Die
605 183 652 216 17.
678 182 757 216 Oct.
805 183 846 216 B.
870 182 1089 226 Margaritae
1114 182 1247 216 Mariae
1271 158 1473 224 Alacoque
1497 180 1602 223 Virg.

1089 274 1255 316 clarum
1278 275 1443 317 Paulus
1472 275 1650 327 quintus
1675 275 1921 326 beatorum,

1089 331 1292 374 Clemens
1315 344 1423 373 vero
1450 331 1647 373 decimus
1669 334 1923 374 sanctorum

1088 391 1272 430 numero
1310 387 1557 441 adscripsit.
1602 388 1708 440 Ejus
1744 387 1923 430 demum

1089 445 1251 486 festum
1260 444 1515 487 Alexander
1526 446 1723 494 octavus,
1731 444 1923 487 instante

1089 514 1193 552 rege
1219 501 1459 552 catholico,
1485 502 1541 543 ab
1564 501 1771 543 universo
1796 499 1922 544 ditio·

1088 557 1155 599 nis
1178 558 1317 610 ipsius
1343 557 1463 600 clero
1489 557 1704 605 saeculari,
1728 557 1810 599 sub
1836 557 1924 600 ritu

1090 613 1257 666 duplici
1271 613 1585 656 celebrandum
1600 614 1807 664 decrevit,
1826 626 1923 655 san-

1090 673 1299 723 ctumque
1330 671 1641 713 Confessorem
1668 670 1774 712 novi
1800 670 1924 722 regni

1091 727 1376 770 Granatensis
1408 729 1646 780 patronum
1677 726 1925 780 apostolica

1090 783 1355 826 auctoritate
1384 783 1637 826 declaravit.

1146 846 1197 898 R.
1220 845 1311 887 Iste
1330 845 1476 887 homo.
1495 845 1575 897 [72]

1145 910 1188 943 In
1217 909 1281 943 ΠΙ.
1306 909 1507 945 Nocturno
1536 911 1678 946 Homil.
1710 912 1750 946 in
1778 912 1925 955 Evang.

1093 957 1178 993 Sint
1197 958 1321 993 lumbi
1339 958 1472 994 vestri.
1493 959 1540 994 de
1566 960 1703 995 eodem
1721 959 1925 995 Communi

1096 1006 1122 1039 1.
1147 1006 1245 1039 loco.
1269 1005 1337 1050 [74]

1306 1084 1390 1126 Die
1409 1085 1466 1125 17.
1486 1083 1706 1126 Octobris.

1089 1149 1141 1189 B.
1157 1148 1455 1199 Margaritae
1473 1149 1651 1192 Mariae
1666 1148 1923 1200 Alacoque
1986 1154 1989 1155 ’

1412 1201 1617 1252 Virginis.

1372 1266 1406 1300 D
1429 1278 1454 1300 u
1478 1277 1503 1310 p
1528 1266 1542 1300 1
1567 1277 1587 1301 e
1611 1277 1647 1301 x

1148 1323 1285 1358 Omnia
1311 1323 1358 1378 de
1376 1323 1582 1358 Communi
1598 1323 1704 1366 Virg.
1727 1322 1800 1367 [83]
1830 1331 1929 1366 prae-

1094 1377 1152 1406 ter
1174 1377 1387 1416 sequentia.

1434 1425 1597 1466 Oratio.

1182 1482 1329 1524 omine
1354 1482 1379 1523 J
1381 1495 1461 1524 esu
1488 1481 1678 1534 Christe,
1707 1482 1783 1535 qui
1808 1483 1926 1525 inve-

1213 1538 1440 1590 stigabiles
1475 1538 1651 1580 divitias
1683 1538 1832 1581 cordis
1861 1539 1927 1582 tui

1092 1594 1237 1637 beatae
1269 1596 1520 1647 Margaritae
1547 1596 1723 1647 Virgini
1753 1595 1926 1638 mirabi—

1092 1651 1191 1693 liter
1210 1651 1434 1694 revelasti:
1461 1652 1517 1694 da
1541 1652 1670 1694 nobis
1690 1653 1781 1704 ejus
1799 1652 1925 1694 meri-

1092 1709 1149 1751 tis
1169 1714 1213 1751 et
1231 1709 1492 1759 imitatione3
1518 1714 1567 1751 ut
1583 1714 1628 1751 te
1647 1709 1692 1750 in
1712 1709 1927 1759 omnibus,

1093 1771 1137 1807 et
1165 1778 1298 1818 super
1327 1766 1475 1807 omnia
1503 1765 1754 1816 diligentes,
1782 1766 1928 1817 jugem

1093 1821 1137 1861 in
1173 1821 1331 1863 eodem
1367 1821 1503 1864 corde
1539 1827 1617 1863 tuo
1653 1822 1928 1863 mansionem

1093 1878 1256 1920 habere
1284 1881 1546 1920 mereamur:
1575 1878 1660 1929 Qui
1686 1878 1810 1920 vivis.

1148 1942 1191 1975 In
1224 1941 1250 1975 Ι.
1280 1941 1480 1975 Nocturno
1512 1939 1718 1974 Lectiones
1751 1937 1798 1972 dc
1830 1936 1928 1972 Scri-

1095 1993 1209 2033 ptura
1234 1993 1467 2023 occurrente.

1321 2058 1370 2097 In
1397 2058 1448 2097 11.
1477 2057 1701 2096 Nocturno.

1399 2122 1552 2163 Lectio
1572 2122 1626 2161 iv.

1241 2192 1442 2241 argarita
1462 2190 1600 2231 Maria
1621 2189 1860 2241 Alacoque,
1883 2189 1927 2230 in

1166 2236 1213 2306 ᾗῇ,
1270 2259 1386 2299 pago
1414 2245 1620 2288 dioecesis
1644 2245 1926 2297 Augustodu-

1194 2311 1217 2321 ··
1241 2296 1250 2321 ‘l
1269 2303 1416 2344 nensis
1436 2303 1623 2344 honesto
1639 2304 1799 2354 genere
1815 2307 1927 2352 nata,

1095 2361 1206 2402 miro
1223 2359 1534 2412 praevenientis
1549 2359 1704 2410 gratiae
1719 2359 1928 2399 instinctu

1096 2430 1121 2458 a
1148 2416 1311 2458 teneris
1340 2416 1464 2457 annis
1497 2416 1612 2456 viam
1643 2414 1928 2467 perfectionis

1095 2473 1291 2524 arripuit,
1316 2485 1368 2513 ac
1390 2472 1558 2524 primos
1581 2470 1928 2512 innocentissimi

1096 2528 1243 2570 cordis
1277 2528 1460 2569 affectus
1488 2527 1545 2569 ad
1577 2539 1674 2568 eam
1706 2527 1928 2568 interioris

1095 2586 1198 2626 vitae
1226 2585 1430 2634 formam,
1463 2583 1520 2624 ad
1555 2595 1686 2634 quam
1718 2581 1928 2624 divinitus

1096 2641 1237 2682 electa
1269 2646 1380 2689 erat,
1414 2639 1676 2691 composuit.
1729 2638 1928 2680 Puellula

1095 2698 1169 2738 vix
1189 2696 1294 2738 dum
1312 2695 1494 2738 rationis
1515 2708 1699 2748 compos
1718 2694 1825 2736 nihil
1839 2708 1926 2736 ma-
