2040 2944
387 188 459 222 Die
486 190 512 223 1.
539 190 617 224 Oet.
665 191 698 225 S.
725 192 902 235 Gregorii
929 194 1054 236 Episc.
1081 197 1237 237 maioris
1262 199 1415 235 Armen.
1442 206 1477 235 et
1502 203 1607 237 Mart.

154 298 251 327 cam
271 286 480 339 apposuit
500 287 801 340 epigraphem,
828 289 873 329 in
893 302 980 341 qua

152 341 483 393 malignantium
501 343 755 394 calumnias,
780 344 979 386 exsilium

153 398 255 450 ejuS,
275 402 319 440 et
333 398 501 440 obitum
515 402 873 452 commemorans,
892 414 979 443 san-

152 458 271 496 ctum
303 456 564 508 episcopum
594 456 833 498 Eusebium
865 458 977 499 Mar-

150 514 293 564 tyrem
311 510 559 554 declaravit
587 512 978 557 Rexit‘Ecclesiam

151 579 290 609 annos
310 565 434 618 duos,
451 581 624 610 menses
641 574 753 620 octo,
774 569 867 612 dies
883 573 976 613 sex-

151 622 309 675 decim;
342 628 386 666 et
413 637 500 666 una
528 625 802 668 ordinatione
825 640 975 670 mense

149 679 387 722 Decembri
397 682 564 723 creavit
574 682 858 735 presbyteros
868 686 975 726 tres-

149 735 309 788 decim,
346 737 559 780 diaconos
594 743 701 789 treS,
738 743 975 794 episcopos

147 805 228 845 per
246 793 422 836 diversa
439 795 538 837 loca
558 796 903 848 quatuordecim.

201 861 253 913 Rz.
283 859 562 903 Desiderium
596 862 752 903 animae
785 863 875 915 ejus
903 863 975 905 tri-

146 914 279 958 buisti
315 916 355 958 ei
385 917 591 968 Domine,
616 923 638 947 *
661 919 718 961 Et
748 919 974 962 voluntate

145 971 362 1015 labiorum
389 975 481 1026 ejus
506 988 594 1017 non
621 974 834 1017 fraudasti
865 989 974 1018 eum.

148 1028 200 1078 V.
215 1029 431 1080 Quoniam
448 1032 703 1084 praevenisti
722 1045 821 1074 eum
839 1033 883 1073 in
902 1033 973 1075 be·

144 1084 466 1130 nedictionibus
496 1086 756 1130 dulcedinis:
787 1090 974 1142 posuisti

143 1141 188 1182 in
215 1143 359 1196 capite
387 1145 479 1196 ejus
508 1147 717 1187 coronam
744 1144 799 1187 de
825 1145 972 1199 lapide

144 1199 354 1251 pretioso.
381 1200 449 1242 Et.

275 1283 425 1325 Sermo
454 1284 594 1326 sancti
621 1284 845 1327 Ambrosii

446 1340 671 1394 Episcopi.

218 1403 276 1438 De
300 1404 335 1439 S.
359 1405 499 1441 Euseb.
522 1407 582 1443 70.
607 1409 649 1451 6.,
674 1409 761 1443 edit.
787 1409 895 1444 Rom.

445 1468 598 1510 Lectio
618 1470 670 1511 vi.

232 1525 525 1578 epositionem
543 1529 684 1570 sancti
697 1529 876 1572 Eusebii
893 1530 968 1573 ho-

243 1581 315 1623 die
339 1582 624 1626 celebramus.
661 1584 777 1636 Quid
803 1591 870 1628 est
895 1586 967 1629 de-

139 1636 328 1688 positio?
358 1639 461 1682 Non
484 1641 559 1682 illa
583 1642 736 1695 utique
760 1655 876 1695 quae,
902 1656 966 1685 se-

139 1692 355 1746 peliendis
406 1696 451 1738 in
499 1702 618 1740 terra
669 1699 966 1742 membrorum

139 1749 347 1803 reliquiis,
366 1753 627 1797 clericorum
646 1756 847 1798 manibus
866 1759 966 1809 pr‘o-

139 1809 331 1859 curatur3
356 1810 437 1852 sed
458 1810 533 1853 illa
558 1824 644 1864 qua
667 1812 801 1855 homo
820 1815 965 1854 vincu-

138 1861 191 1904 lis
211 1865 459 1908 carnalibus
484 1867 731 1919 absolutus,
755 1868 867 1911 liber
885 1869 965 1911 itu-

137 1931 211 1961 rus
244 1920 301 1963 ad
333 1923 510 1975 coelum,
547 1927 770 1967 terrenum
804 1939 964 1979 corpus

138 1977 330 2029 exponit.
362 1979 469 2032 Ipsa
491 1980 622 2034 plane
647 1987 713 2024 est
733 1981 963 2035 depositiO,

136 2031 180 2072 in
230 2045 317 2085 qua
365 2040 676 2090 concupiscere
721 2038 962 2091 abjicimuS,

137 2091 360 2132 cessamus
379 2091 652 2146 delinquere,
677 2097 863 2148 peccare
890 2095 961 2137 de-

136 2145 333 2196 sinimus,
361 2153 406 2190 et
428 2154 571 2191 totum
595 2151 808 2203 quidquid
831 2151 961 2193 saluti

135 2207 203 2244 est
233 2217 384 2255 grave,
425 2208 550 2259 quasi
589 2207 758 2259 abjecta
790 2208 961 2249 sarcina

135 2260 281 2301 oneris
305 2263 576 2314 exponimus.
611 2264 726 2305 Nam
743 2263 844 2306 ideo
863 2264 959 2305 haec

135 2314 229 2357 dies
254 2330 337 2369 pro
366 2318 621 2362 celebritate
646 2320 835 2361 maxima
859 2332 957 2372 pro-

134 2374 327 2424 curatur,
357 2376 459 2427 quia
484 2389 588 2418 vere
616 2382 682 2418 est
708 2389 876 2418 summa
900 2377 957 2417 fe-

134 2429 321 2480 stivitas,
348 2434 570 2474 mortuum
595 2445 690 2474 esse
715 2433 847 2482 vitiis,
874 2432 957 2473 soli

132 2484 279 2536 vigere
297 2487 483 2539 justitiae.

188 2553 239 2603 R.
260 2551 382 2594 Stola
398 2553 690 2605 jucunditatis.

186 2620 230 2654 In
250 2621 314 2656 ΙΙΙ.
334 2623 533 2659 Nocturno
560 2624 729 2658 Homilia
754 2624 793 2657 in
812 2624 957 2665 Evang.

1793 202 1856 238 15*

1084 298 1215 333 Lectio
1238 300 1285 334 ix.
1312 312 1359 335 ex
1380 302 1529 337 duabus
1555 315 1639 346 una,
1664 310 1701 340 et
1722 317 1853 342 comm.

1033 345 1089 380 Ss.
1123 347 1229 382 Mart.
1262 349 1448 393 Cypriani
1486 358 1522 388 et
1552 353 1717 388 ,Iustinae
1751 356 1852 397 virg.

1032 394 1071 427 in
1094 395 1302 431 Laudibus.

1268 463 1615 491 ψ

1136 541 1362 604 FESTA
1395 544 1755 609 OCTOBRIS.

1256 669 1340 711 Die
1359 671 1389 710 1.
1409 671 1624 714 Octobris.

1080 731 1122 772 S.
1143 732 1373 783 Gregorii
1395 735 1604 789 Episcopi
1624 740 1798 790 majoris

1231 790 1449 832 Armeniae
1470 798 1512 833 et
1532 794 1654 835 Mart.

1282 891 1283 894 Ἴ
1359 852 1522 895 Duplex.

1082 904 1217 941 Omnia
1256 908 1303 941 de
1343 908 1545 944 Communi
1582 912 1695 946 unius
1732 913 1850 955 Mart,

1028 959 1169 997 praeter
1192 958 1403 999 sequentia.
1471 973 1473 975 ·

1360 1014 1523 1055 Oratio.

1113 1079 1200 1116 eus,
1217 1067 1290 1119 qui
1304 1080 1383 1119 per
1396 1067 1574 1111 beatum
1589 1070 1849 1121 Gregorium

1115 1123 1383 1166 Pontificem
1409 1130 1453 1167 et
1470 1126 1708 1180 Martyrem
1726 1132 1848 1170 tuum

1025 1179 1244 1221 Armeniae
1272 1181 1412 1231 gentis
1440 1183 1653 1235 populum
1684 1186 1847 1235 regem-

1026 1248 1110 1287 que
1129 1249 1246 1278 verae
1269 1236 1373 1278 fidei
1395 1237 1537 1280 lucem
1559 1242 1755 1292 recipere
1774 1241 1846 1282 tri-

1023 1291 1171 1334 buisti:
1205 1292 1261 1334 da
1286 1293 1497 1336 Ecclesiae
1522 1300 1609 1337 tuae
1635 1296 1689 1337 de
1715 1297 1846 1339 tantis

1022 1348 1214 1399 gaudere
1234 1349 1476 1403 triumphis,
1500 1357 1543 1394 et
1562 1352 1679 1405 apud
1698 1357 1742 1394 te
1760 1355 1846 1394 me-

1022 1404 1118 1446 ritis
1137 1405 1332 1458 ejusdem
1351 1412 1396 1449 et
1417 1408 1620 1460 precibus
1640 1408 1846 1461 adjuvari.

1021 1461 1106 1503 Per
1123 1462 1372 1505 Dominum.

1075 1520 1120 1554 In
1152 1521 1178 1555 Ι.
1207 1522 1405 1558 Nocturno
1435 1524 1637 1560 Lectiones
1674 1526 1720 1560 de
1749 1526 1846 1560 Scri-

1023 1571 1135 1611 ptura
1159 1576 1391 1606 occurrente.

1249 1631 1298 1670 In
1320 1632 1371 1671 II.
1394 1632 1616 1673 Nocturno.

1318 1693 1469 1734 Lectio
1489 1694 1543 1734 iv.

1024 1757 1365 1818 J'Nregorius,
1406 1757 1625 1799 Armeniae
1666 1758 1840 1810 regibus

1025 1800 1143 1862 Ἃ
1169 1813 1838 1923 εῖεῑὲᾏῑξξείεᾚὲεὲἳςὲ·

1017 1925 1177 1967 stolum
1195 1926 1239 1967 in
1258 1926 1377 1967 illam
1390 1927 1662 1979 provinciam
1678 1926 1839 1968 Christi

1014 1980 1148 2024 fidem
1165 1982 1406 2033 invexerat,
1435 1982 1577 2024 dictus
1601 1984 1838 2035 propterea

1013 2039 1156 2091 patria
1201 2051 1310 2080 voce
1354 2039 1645 2088 Illuminator‚
1696 2039 1837 2080 infans

1013 2095 1125 2136 clam
1151 2097 1327 2148 ereptus
1351 2096 1407 2138 ad
1435 2094 1739 2138 declinandam
1760 2109 1832 2137 ne-

1012 2165 1123 2201 cem,
1158 2165 1243 2207 qua
1277 2153 1366 2204 ejus
1397 2152 1559 2193 familia
1589 2151 1831 2204 petebatur,

1013 2208 1226 2250 Caesareae
1242 2207 1534 2261 Cappadociae
1553 2208 1624 2260 pie
1645 2213 1713 2249 est
1728 2207 1830 2249 edu-

1012 2266 1151 2314 catus,
1192 2264 1420 2316 legemque
1454 2263 1614 2305 Christi
1646 2263 1829 2305 edoctus

1011 2320 1276 2372 baptismum
1316 2320 1519 2372 suscepit.
1579 2320 1830 2361 Secesserat

1008 2376 1110 2417 illuc
1125 2376 1353 2418 Teridates
1371 2376 1486 2417 filius
1502 2375 1735 2417 Cusaronis
1748 2375 1828 2416 Ar-

1009 2435 1235 2474 menorum
1248 2432 1373 2484 regis,
1389 2433 1444 2474 ab
1459 2432 1612 2474 Anach
1627 2431 1827 2482 Gregorii

1007 2493 1133 2540 patre
1159 2488 1314 2530 dolose
1341 2489 1606 2541 interempti,
1634 2501 1659 2529 a
1683 2487 1825 2529 Persis

1001 2546 1142 2595 ‘regno
1162 2544 1386 2597 spoliatus,
1406 2545 1475 2586 cui
1494 2544 1733 2595 Gregorius
1751 2554 1823 2606 pa-

1006 2601 1118 2641 terni
1143 2601 1320 2642 sceleris
1347 2600 1460 2642 bene
1486 2601 1685 2642 conscius
1712 2610 1758 2639 se
1780 2611 1824 2638 m

136 2665 175 2701 Si
212 2667 300 2711 quis
338 2669 455 2705 venit.
499 2672 546 2706 de
586 2672 721 2706 eodem
756 2671 958 2706 Communi
1006 2657 1260 2698 servitutem
1278 2656 1474 2706 tradidit,
1502 2661 1545 2698 et
1563 2668 1660 2698 cum
1679 2666 1730 2696 eo
1751 2653 1823 2704 qui

136 2715 163 2749 1.
188 2716 285 2752 loco.
331 2718 375 2762 R.
400 2720 480 2754 viii.
515 2716 675 2753 Domine
699 2717 932 2760 praevenisti.
1004 2713 1090 2763 jam
1113 2725 1138 2753 a
1161 2713 1372 2754 Romanis
1395 2725 1575 2764 regnum
1595 2712 1820 2762 recupera-
