2040 2944
418 185 489 219 Die
516 185 564 219 16.
590 185 691 228 Sept.
739 185 795 219 Ss.
821 186 992 220 Cornelii
1016 190 1052 219 et
1077 186 1263 229 Cypriani
1290 186 1397 220 l'ont.
1424 192 1459 220 et
1484 186 1569 219 Mm.

422 282 490 318 Ad
513 283 696 320 Nonam.

192 339 291 380 Ant.
328 335 492 378 Fulcite
513 349 584 378 me
603 336 797 378 floribus.

194 399 255 440 Ca
291 400 455 441 itulum.
664 401 823 442 Thren.
838 403 874 442 2.
890 402 914 442 f.

227 464 251 494 e
285 465 340 494 uc
360 453 487 505 quasi
506 454 748 495 torrentem
766 453 970 496 lacrimas

248 521 329 561 per
349 509 484 560 diem,
504 514 549 552 et
570 514 761 552 noctem:
779 522 868 552 non
891 510 970 552 des

139 565 336 617 requiem
354 566 450 616 tibi,
475 578 618 618 neque
637 568 783 609 taceat
801 567 971 620 pupilla

141 621 256 663 oculi
274 622 349 664 tui.

193 684 243 735 R.
264 683 327 724 br.
354 678 608 720 Fasciculus
631 680 824 732 myrrhae
845 686 867 710 *
895 681 969 721 Di·

139 735 279 776 lectus
290 747 413 776 meus
423 734 539 776 mihi.
554 735 820 778 Fasciculus
838 737 889 789 V.
902 738 968 778 In-

139 795 207 832 ter
225 791 363 833 ubera
386 804 485 833 mea
504 793 861 835 commorabitur.
894 794 967 835 Di-

138 847 288 889 lectus.
316 847 468 890 Gloria
486 849 616 891 Patri.
644 850 910 892 Fasciculus.

191 902 242 954 V.
281 904 440 946 Anima
468 919 577 948 ‚mea
615 906 852 958 liquefacta
890 913 968 949 est.

138 964 188 1015 R.
207 960 268 1002 Ut
287 960 472 1003 dilectus
490 961 667 1004 locutus
688 968 766 1005 est.

343 1038 404 1078 In
421 1039 482 1080 Π.
501 1041 751 1091 vesperis.

191 1105 327 1140 Omnia
354 1110 394 1139 ut
418 1105 455 1138 in
483 1105 507 1139 Ι.
531 1105 648 1148 Vesp.
672 1102 749 1138 294.

189 1157 241 1208 ys,
284 1156 455 1208 Regina
491 1158 734 1211 Martyrum
770 1173 848 1202 ora
883 1174 966 1214 pro

138 1211 277 1253 nobis.
309 1218 359 1269 R.
388 1214 497 1263 Quae
521 1215 640 1266 juxta
666 1228 840 1258 crucem
863 1217 887 1258 J
891 1230 968 1259 esu

140 1269 386 1311 constitisti.

189 1333 259 1374 Ad
286 1334 459 1384 Magnis.
494 1334 592 1374 Ant.
632 1331 870 1383 Oppr&SSit
896 1343 967 1372 me

139 1380 285 1433 dolor,
327 1388 370 1425 et
404 1384 537 1426 facies
572 1398 670 1428 mea
703 1387 909 1429 intumuit
943 1401 967 1428 a

139 1438 260 1490 fletu,
291 1444 335 1482 et
362 1441 590 1494 palpebrae
615 1456 726 1485 meae
754 1444 966 1495 caligave-

138 1500 249 1538 runt.

187 1566 233 1600 Et
257 1566 298 1600 fit
322 1576 517 1600 commem.
541 1567 691 1601 Domin.
718 1578 861 1602 occurr.

318 1639 401 1681 Die
421 1641 480 1681 16.
499 1642 781 1695 Septembris.

229 1702 297 1743 Ss.
323 1703 540 1746 Cornelii
567 1715 610 1750 et
638 1707 880 1758 cypriani

252 1764 577 1806 Pontificum'et
596 1766 847 1818 Martyrum.

422 1821 682 1865 Semiduplex.

188 1872 325 1908 Omnia
358 1874 405 1908 de
436 1870 638 1909 Communi
672 1877 822 1919 plurim.
855 1877 962 1912 Mart.

139 1914 208 1958 [35]
228 1926 371 1964 praeter
395 1932 501 1966 sequ.

187 1969 285 2010 Ant.
328 1970 518 2011 Istorum
546 1975 614 2013 est
642 1972 756 2014 enim
783 1987 965 2025 regnum

138 2024 367 2076 coelorum,
407 2027 483 2078 qui
514 2031 874 2082 contempserunt
905 2032 964 2073 vi-

136 2085 228 2123 tam
241 2081 402 2132 mundi,
418 2087 462 2124 et
475 2086 768 2135 pervenerunt
783 2087 841 2129 ad
854 2090 965 2140 prae-

137 2138 224 2179 mia
243 2139 381 2189 regni,
410 2144 455 2181 et
477 2139 678 2184 laverunt
702 2143 839 2185 stolas
863 2157 965 2186 suas
1021 2137 1023 2142 ¹

137 2194 181 2234 in
199 2195 409 2246 sanguine
426 2196 554 2248 Agni.

187 2249 236 2300 V.
263 2251 494 2294 Laetamini
518 2254 562 2295 in
585 2254 797 2306 Domino,
823 2261 866 2298 et
894 2269 964 2299 ex-

138 2307 297 2350 sultate
324 2309 436 2360 justi.
481 2313 531 2363 R.
561 2311 618 2352 Et
645 2311 892 2362 gloriamini
921 2326 964 2355 o-

137 2376 259 2405 mnes
278 2365 387 2406 recti
405 2366 551 2408 corde.

466 2429 632 2471 Oratio.

136 2477 419 2583 Beatorum
437 2484 691 2536 Martyrum,
710 2486 964 2539 pariterque

227 2537 490 2581 Pontificum
502 2540 692 2582 Cornelii
703 2547 746 2583 et
757 2542 965 2595 Cypriani

138 2606 219 2635 nos
246 2597 496 2646 quaesumus
519 2598 709 2640 Domine
737 2598 848 2640 festa
871 2605 962 2642 tue-

139 2652 280 2692 antur:
299 2657 343 2694 et
361 2655 512 2695 eorum
528 2654 807 2697 commendet
821 2657 963 2698 oratio

138 2708 398 2751 veneranda.
425 2710 511 2753 Per
529 2703 776 2754 Dominum.

1075 287 1122 321 Et
1144 288 1185 321 fit
1210 296 1406 322 commem.
1431 287 1488 321 Ss.
1514 287 1756 330 Euphemffie,
1783 287 1851 320 Lu-

1023 335 1093 369 ciae
1119 342 1155 369 et
1179 336 1397 370 Geminiani
1426 336 1644 379 Martyrum.

1074 392 1173 433 Ant.
1225 390 1430 433 Gaudent
1463 392 1509 432 in
1541 391 1665 433 coelis
1698 392 1854 434 animae

1023 448 1296 497 sanctorum,
1343 447 1418 499 qui
1462 447 1626 490 Christi
1670 449 1855 500 vestigia

1024 507 1125 545 sunt
1143 504 1298 545 secuti:
1317 508 1361 545 et
1381 505 1482 556 quia
1497 518 1580 558 pro
1597 507 1688 558 ejus
1703 508 1854 547 amore

1023 560 1281 611 sanguinem
1317 573 1444 602 suum
1485 560 1707 611 fuderunt,
1752 562 1854 604 ideo

1023 629 1122 658 cum
1143 615 1318 658 Christo
1340 617 1561 660 exsultant
1581 619 1673 660 sine
1692 619 1790 660 fine.

1075 678 1125 729 yl.
1149 677 1447 720 Exsultabunt
1472 680 1613 721 sancti
1636 680 1680 720 in
1703 680 1854 731 gloria.

1023 739 1073 790 R.
1092 734 1381 777 Laetabuntur
1400 735 1444 775 in
1463 735 1679 778 cubilibus
1700 737 1800 778 suis.

1357 806 1521 846 Oratio.

1021 855 1236 963 Praesta
1255 861 1443 903 Domine
1463 862 1669 914 precibus
1690 863 1853 903 nostris

1122 930 1222 958 cum
1251 917 1544 959 exsultatione
1573 920 1853 971 proventum:

1022 980 1069 1016 ut
1111 977 1364 1016 sanctorum
1400 975 1644 1028 Martyrum
1680 976 1852 1029 Euphe'-

1020 1032 1132 1081 miae,
1150 1031 1301 1072 Luciae
1321 1036 1365 1073 et
1385 1032 1642 1082 Geminiani,
1664 1045 1853 1085 quorum

1022 1086 1139 1129 diem
1174 1088 1395 1140 passionis
1433 1090 1578 1130 annua
1615 1089 1852 1131 devotione

1021 1144 1266 1193 recolimus
1287 1145 1418 1186 etiam
1436 1144 1541 1187 fidei
1560 1146 1852 1187 constantiam

1021 1201 1351 1253 subsequamur.
1379 1202 1465 1243 Per
1485 1203 1732 1244 Dominum.

1071 1267 1111 1301 Si
1138 1268 1293 1301 Festum
1318 1269 1374 1301 Ss.
1405 1267 1577 1301 Cornelii
1602 1274 1637 1302 et
1663 1269 1848 1311 Cypriani

1018 1316 1167 1350 venerit
1200 1316 1237 1349 in
1270 1316 1493 1358 Dominica.
1528 1316 1568 1350 fit
1594 1316 1771 1350 Officium
1804 1318 1850 1351 de

1018 1364 1223 1398 Dominica
1260 1375 1345 1398 cum
1387 1365 1753 1399 commemoratione
1791 1376 1851 1399 co-

1018 1412 1192 1446 rumdem
1218 1412 1256 1446 in
1281 1412 1455 1455 utrisque
1481 1413 1667 1456 Vesperis
1695 1420 1729 1448 et
1755 1414 1851 1448 Lau—

1019 1461 1134 1495 dibus
1160 1465 1196 1494 et
1218 1461 1267 1494 ix.
1291 1461 1471 1495 Lectione
1494 1461 1681 1496 historica
1707 1468 1765 1498 tex
1787 1464 1850 1497 tri-

1018 1510 1090 1543 bus
1120 1512 1208 1547 una)
1243 1515 1358 1552 atque
1394 1511 1760 1545 commemoratione
1794 1512 1849 1546 Ss.

1018 1558 1254 1600 Euphemiae‚
1278 1558 1419 1597 Luciae.
1444 1562 1480 1592 et
1501 1558 1721 1593 Geminiani
1742 1560 1849 1593 Mart.

1018 1606 1056 1639 in
1081 1606 1107 1639 Ι.
1126 1606 1242 1649 Vesp.
1268 1611 1304 1639 et
1328 1606 1459 1647 Laud„
1486 1607 1630 1640 omissa
1656 1608 1849 1642 Lectione.

1069 1663 1113 1696 In
1144 1662 1170 1696 I.
1203 1662 1403 1697 Nocturno
1436 1663 1641 1698 Lectiones
1675 1665 1721 1698 de
1752 1665 1849 1699 Scri-

1018 1716 1131 1754 ptura
1156 1716 1389 1744 occurrente.

1069 1767 1111 1801 In
1138 1766 1310 1807 Quatuor
1334 1768 1466 1810 Temp.
1491 1767 1661 1802 Fratres:
1690 1767 1848 1803 Debito-

1017 1824 1091 1849 res.
1121 1814 1207 1859 [37]‚
1241 1820 1277 1850 et
1308 1815 1358 1849 ix.
1388 1815 1489 1850 Lect.
1522 1816 1568 1849 de
1598 1816 1739 1850 Homil.
1766 1816 1846 1850 Fer.

1018 1874 1179 1905 occurr..
1205 1875 1290 1898 cum
1313 1864 1394 1905 cius
1412 1874 1608 1898 commem.
1628 1864 1678 1897 ad
1694 1864 1847 1899 Laudes

1017 1916 1175 1947 tantum.

1250 1966 1299 2004 In
1319 1966 1369 2004 ΙΙ.
1390 1965 1612 2004 Nocturno.

1319 2030 1472 2071 Lectio
1491 2030 1544 2070 iv.

1057 2097 1122 2149 ζῇς·
1135 2092 1327 2134 ornelius
1335 2092 1574 2142 Romanus,
1585 2092 1712 2134 Gallo
1722 2093 1849 2135 etVo-

1022 2184 1033 2202 „
1063 2192 1084 2206 4
1086 2141 1128 2206 311]
1151 2148 1322 2190 lusiano
1338 2148 1689 2202 imperatoribus,
1705 2150 1844 2202 ponti-

1024 2203 1120 2229 ‘s‘ffsss
1151 2205 1330 2247 ficatum
1357 2218 1530 2256 gerenS‚
1559 2219 1658 2247 cum
1682 2205 1847 2248 Lucina

1017 2262 1177 2303 femina
1202 2262 1492 2311 sanctissima,
1519 2264 1708 2315 corpora
1727 2262 1846 2315 Apo-

1018 2318 1234 2360 stolorum
1247 2317 1367 2360 Petri
1387 2323 1431 2359 et
1445 2318 1570 2359 Pauli
1588 2331 1612 2360 e
1629 2322 1845 2360 catacum-

1016 2373 1084 2416 bis
1104 2374 1148 2415 in
1167 2375 1530 2427 opportuniorem
1545 2374 1692 2416 locum
1706 2378 1845 2417 trans-

1017 2430 1129 2472 tulit:
1166 2443 1218 2472 ac
1247 2430 1372 2472 Pauli
1407 2443 1569 2483 corpus
1600 2431 1765 2473 Lucina
1801 2433 1845 2472 in

1017 2499 1097 2528 suo
1133 2487 1304 2540 praedio
1341 2487 1411 2528 via
1449 2487 1660 2538 Ostiensi,
1702 2501 1844 2541 prope

1017 2556 1117 2585 eum
1134 2543 1297 2594 locum,
1322 2543 1397 2585 ubi
1417 2544 1560 2586 fuerat
1577 2544 1727 2595 gladio
1747 2557 1841 2596 per-

1017 2603 1186 2650 cussus,
1207 2599 1457 2642 collocavit:
1477 2600 1704 2642 Cornelius
1722 2601 1842 2641 Prin-

1016 2656 1126 2709 cipis
1175 2656 1494 2708 Apostolorum
1542 2669 1705 2710 corpus
1754 2668 1842 2697 non

1014 2713 1145 2765 longe
1173 2711 1290 2763 inde,
1324 2712 1401 2755 ubi
1428 2713 1662 2755 crucifixus
1688 2713 1841 2762 fuerat,
