2040 2944
171 169 262 214 [162]

173 269 359 314 exutam,
377 265 421 305 in
438 265 614 305 aeternae
633 263 885 305 salvationis
900 275 995 315 par-

171 327 261 364 tem
278 323 470 363 restitue.
497 320 581 362 Per
599 320 847 361 Dominum.

222 379 272 430 V.
306 377 523 430 Requiem
554 378 763 418 aeternam
791 376 907 418 dona
934 377 996 418 eis

171 435 370 476 Domine.
413 439 462 489 R
499 433 556 475 Et
586 433 661 474 lux
691 435 905 487 perpetua
935 432 996 474 lu-

172 497 269 533 ceat
289 492 362 533 eis.

215 546 264 597 Y.
284 548 582 601 Requiescant
590 548 635 588 in
644 560 765 600 pace.
784 550 834 601 R.
845 548 997 588 Amen.

332 634 419 675 Ad
451 633 836 675 Matutinum.

224 703 348 743 Invit.
381 703 556 752 Regem,
581 699 650 741 cui
670 698 815 740 omnia
836 698 998 747 vivunt,

173 762 194 784 *
214 756 373 798 Venite
393 756 637 799 adoremus.

224 817 465 869 Repetitur.
517 815 701 864 Regem,
746 812 817 854 cui
855 810 999 853 omnia

174 868 333 920 vivunt,
352 872 496 911 venite
517 869 762 911 adoremus.

227 929 292 969 Ps.
314 929 481 976 Venite,
501 926 777 968 exsultemus.
796 926 833 966 2.

225 986 280 1027 Et
316 986 357 1026 in
395 986 497 1026 fine:
545 983 756 1036 Requiem
792 983 1000 1023 aeternam

175 1039 290 1081 dona
313 1039 375 1081 eis
394 1039 598 1081 Domine:
623 1044 667 1081 et
689 1039 764 1080 lux
786 1040 1000 1091 perpetua

173 1096 317 1138 luceat
337 1096 410 1138 eis.

226 1171 308 1204 Hoc
333 1169 601 1203 Invitatorium
626 1167 765 1201 dicitur
788 1170 935 1201 tantum
960 1166 998 1199 in

175 1218 235 1252 dic
268 1216 654 1251 Commemorationis
689 1214 857 1249 omnium
888 1214 999 1247 Fide-

175 1267 267 1300 lium
295 1266 585 1301 Defunctorurn,
619 1268 654 1297 ct
685 1263 723 1296 in
754 1263 815 1297 dic
847 1262 999 1305 deposi-

175 1314 291 1348 tionis
316 1313 509 1347 Dcfuncti:
540 1312 679 1355 quibus
708 1312 844 1345 diebus
871 1311 999 1344 dicun-

175 1367 234 1395 tur
259 1367 334 1395 tres
360 1360 595 1403 infrascripti
620 1359 822 1400 Nocturni,
854 1363 889 1392 et
911 1358 999 1391 Ant.

176 1410 430 1452 duplicantur.
472 1409 572 1442 Aliis
598 1408 835 1450 temporibus
862 1406 1002 1440 dicitur

175 1464 320 1492 tantum
345 1467 461 1491 unum
486 1457 724 1490 Nocturnum
754 1466 838 1489 cum
862 1454 1000 1488 Laudi-

174 1507 257 1547 bus,
282 1506 356 1539 hoc
382 1505 530 1539 ordine:
555 1504 666 1538 Fcria
691 1504 736 1537 H.
761 1508 796 1537 ct
815 1503 856 1537 V.
881 1502 907 1536 Ι.
925 1502 1001 1537 No-

176 1558 364 1590 cturnum:
390 1553 501 1586 Feria
525 1552 588 1586 HI.
616 1557 651 1586 ct
674 1552 747 1593 VI,
772 1551 817 1585 ΙΙ.
840 1550 1001 1584 Noctur-

176 1612 278 1639 num:
307 1601 417 1634 Feria
444 1601 503 1634 IV.
531 1604 566 1634 ct
591 1600 776 1639 Sabbato,
802 1599 866 1632 ΠΙ.
892 1598 1001 1633 Noct.

421 1669 469 1707 In
488 1669 517 1707 I.
537 1668 761 1708 Nocturno.

358 1737 442 1771 Pro
472 1736 601 1770 Feria
629 1735 678 1769 ΙΙ.
708 1739 749 1769 et
778 1733 820 1767 V.

229 1790 327 1830 Ant.
343 1787 493 1839 Dirige
508 1788 532 1814 *
546 1786 733 1828 Domine
743 1786 864 1828 Deus
879 1798 1003 1827 meus

176 1844 220 1885 in
240 1846 479 1897 conspectu
496 1849 573 1886 tuo
593 1843 708 1884 viam
726 1856 878 1885 meam.

461 1907 658 1947 Psalmus
687 1906 722 1945 5.

182 1976 276 2025 „22
306 1960 437 2002 rerba
472 1973 570 2002 mea
610 1959 786 2002 auribus
824 1959 1002 2012 percipe

263 1999 317 2085 Ἀ
348 2017 551 2067 Domine,
578 2017 601 2042 *
626 2016 817 2067 intellige
844 2015 1000 2057 clamo-

348 2086 441 2115 rem
467 2086 622 2115 meum.

228 2129 411 2172 Intende
447 2130 546 2172 voci
583 2129 791 2172 orationis
829 2141 951 2178 meae,
978 2128 1002 2154 *

179 2185 275 2226 Rex
302 2199 425 2228 meus
453 2192 497 2228 et
522 2186 642 2228 Deus
669 2199 802 2228 meus.

233 2242 446 2292 Quoniam
465 2242 521 2284 ad
539 2248 583 2284 te
604 2242 755 2285 orabo:
773 2243 796 2268 *
815 2241 1002 2283 Domine

179 2310 306 2339 mane
335 2299 541 2341 exaudies
568 2312 723 2341 vocem
749 2312 901 2340 meam.

232 2353 359 2396 Mane
395 2355 549 2397 astabo
583 2355 662 2397 tibi
696 2360 739 2397 et
771 2354 945 2396 videbo:
979 2355 1003 2380 *

183 2410 386 2462 quoniam
412 2424 499 2453 non
526 2412 646 2453 Deus
673 2411 825 2453 volens
852 2411 1003 2463 iniqui-

181 2468 318 2507 tatem
343 2471 391 2507 tu
419 2479 475 2507 es.

233 2522 389 2574 Neque
420 2522 632 2565 habitabit
663 2524 781 2575 juxta
811 2529 855 2566 te
886 2523 1003 2564 mali-

183 2591 307 2628 gnus:
326 2579 349 2603 *
367 2590 509 2630 neque
527 2580 842 2631 permanebunt
861 2580 1005 2631 injusti

184 2640 283 2676 ante
312 2634 463 2676 oculos
489 2640 599 2676 tuos.

237 2690 379 2732 Odisti
398 2703 558 2740 omnes,
585 2692 657 2743 qui
677 2695 912 2745 operantur
930 2692 1004 2733 ini-

779 164 955 199 Officium
978 163 1264 197 Defunctorum.

1051 262 1276 315 quitatem:
1295 262 1319 287 *
1337 260 1498 314 perdes
1522 272 1683 310 omnes,
1712 260 1786 312 qui
1811 259 1872 300 lo-

1051 322 1241 371 quuntur
1268 317 1554 360 mendacium.

1100 375 1256 417 Virum
1292 374 1550 426 sanguinum
1588 377 1632 415 et
1671 372 1874 414 dolosum

1050 431 1370 474 abominabitur
1387 430 1616 472 Dominus:
1642 429 1666 455 *
1694 441 1776 480 ego
1802 441 1873 470 au-

1048 494 1138 531 tem
1173 489 1218 530 in
1252 486 1529 530 multitudine
1562 484 1874 528 misericordiae

1048 551 1147 587 tuae.

1100 601 1298 644 Introibo
1326 601 1370 642 in
1398 599 1577 642 domum
1602 603 1735 641 tuam:
1759 598 1783 624 *
1802 597 1874 639 ad-

1051 658 1188 700 orabo
1217 657 1274 700 ad
1295 656 1507 710 templum
1531 660 1728 697 sanctum
1752 659 1876 696 tuum

1049 715 1094 756 in
1120 715 1278 757 timore
1305 719 1393 756 tuo.

1101 771 1288 813 Domine
1304 770 1446 812 deduc
1459 781 1530 810 me
1546 768 1590 809 in
1608 767 1770 820 justitia
1786 771 1876 809 tua:

1050 828 1073 853 *
1096 832 1279 881 propter
1301 827 1498 868 inimicos
1520 837 1643 866 meos
1668 823 1807 875 dirige
1831 823 1876 864 in

1051 886 1290 937 conspeetu
1315 888 1392 925 tuo
1420 883 1536 923 viam
1561 893 1714 923 meam.

1103 940 1318 991 Quoniam
1339 953 1427 981 non
1455 943 1521 980 est
1547 938 1592 979 in
1620 949 1697 979 ore
1725 938 1877 978 eorum

1051 998 1225 1039 veritas:
1252 997 1276 1023 *
1305 1009 1381 1038 cor
1409 997 1560 1037 eorum
1586 1006 1746 1036 vanum
1773 997 1850 1034 est.

1103 1053 1391 1107 Sepulchrum
1430 1056 1585 1105 patens
1627 1055 1694 1092 est
1728 1054 1877 1101 guttur

1053 1113 1214 1160 eorum,
1233 1110 1389 1161 linguis
1405 1109 1493 1150 suis
1509 1107 1662 1150 dolose
1679 1105 1877 1158 agebant,

1051 1168 1074 1194 *
1102 1167 1245 1219 judica
1271 1166 1370 1208 illos
1397 1165 1528 1207 Deus.

1103 1223 1320 1266 Decidant
1351 1236 1377 1264 a
1408 1219 1745 1273 cogitationibus
1777 1218 1877 1269 suis,

1052 1280 1292 1322 secundum
1327 1277 1649 1321 multitudinem
1681 1275 1877 1329 impieta-

1050 1342 1144 1379 tum
1164 1339 1315 1378 eorum
1334 1334 1505 1388 expelle
1525 1347 1612 1384 eos,
1629 1334 1652 1360 *
1673 1332 1879 1386 quoniam

1051 1393 1329 1435 irritaverunt
1355 1397 1400 1434 te
1426 1391 1625 1432 Domine.

1103 1450 1159 1491 Et
1186 1449 1386 1491 laetentur
1415 1459 1576 1496 omnes,
1606 1445 1680 1499 qui
1701 1449 1878 1498 sperant

1051 1506 1095 1547 in
1126 1511 1185 1556 te,
1213 1506 1236 1532 *
1264 1506 1308 1547 in
1340 1506 1551 1547 aeternum
1583 1501 1878 1544 exsultabunt:

1053 1567 1096 1605 et
1122 1562 1339 1604 habitabis
1367 1562 1411 1602 in
1439 1561 1512 1602 eis.

1103 1620 1160 1661 Et
1178 1618 1480 1670 gloriabuntur
1498 1617 1543 1658 in
1560 1620 1605 1658 te
1624 1627 1786 1664 omneS,
1804 1613 1879 1666 qui

1053 1675 1236 1727 diligunt
1267 1687 1427 1717 nomen
1456 1679 1594 1723 tuum,
1621 1673 1645 1698 *
1674 1671 1878 1724 quoniam

1052 1738 1100 1774 tu
1126 1731 1360 1774 benedices
1387 1732 1512 1783 justo.

1103 1789 1305 1838 Domine,
1337 1792 1385 1830 ut
1417 1791 1541 1829 scuto
1571 1785 1701 1827 bonae
1728 1783 1876 1826 volun-

1051 1845 1154 1887 tatis
1181 1850 1270 1887 tuae
1296 1845 1321 1870 *
1349 1843 1571 1886 coronasti
1596 1854 1688 1883 nos.

1104 1902 1320 1954 Requiem
1347 1902 1566 1943 aeternam.

1109 1961 1209 2002 Ant.
1229 1958 1380 2009 Dirige
1402 1956 1591 1998 Domine
1610 1955 1731 1996 Deus
1754 1965 1878 1994 meus

1052 2014 1096 2055 in
1115 2016 1356 2067 conspectu
1373 2019 1450 2056 tuo
1469 2013 1585 2055 viam
1603 2023 1756 2052 meam.

1109 2073 1209 2113 Ant.
1240 2072 1508 2112 Convertere
1542 2069 1566 2094 *
1597 2067 1804 2114 Domine,
1835 2068 1879 2106 et

1054 2127 1172 2179 eripe
1192 2127 1380 2168 animam
1395 2139 1552 2167 meam:
1573 2123 1777 2176 quoniam
1790 2133 1879 2162 non

1057 2189 1123 2225 est
1142 2184 1186 2224 in
1203 2188 1356 2232 morte,
1377 2183 1452 2236 qui
1469 2193 1637 2224 memor
1656 2180 1712 2222 sit
1729 2178 1803 2220 tui.

1346 2241 1544 2282 Psalmus
1563 2241 1600 2280 6.

1149 2297 1307 2345 omine,
1325 2309 1380 2337 ne
1399 2297 1443 2337 in
1461 2295 1607 2336 furore
1625 2299 1701 2334 tuo
1722 2293 1880 2343 arguas

1155 2366 1241 2403 me,
1265 2354 1288 2379 *
1312 2365 1454 2405 neque
1485 2352 1530 2392 in
1557 2351 1621 2391 ira
1647 2354 1723 2390 tua
1750 2349 1879 2389 corri-

1055 2411 1150 2463 pias
1168 2423 1249 2452 me.

1106 2467 1314 2508 Miserere
1344 2465 1431 2507 mei
1457 2463 1645 2504 Domine
1677 2460 1882 2513 quoniam

1056 2523 1252 2564 infirmus
1280 2535 1389 2563 sum:
1413 2522 1436 2548 *
1463 2532 1569 2562 sana
1595 2531 1665 2560 me
1692 2517 1880 2559 Domine

1059 2580 1263 2632 quoniam
1277 2577 1536 2619 conturbata
1550 2581 1651 2617 sunt
1662 2588 1763 2617 ossa
1773 2586 1887 2615 mea:

1108 2636 1165 2677 Et
1184 2636 1325 2676 anima
1343 2646 1441 2675 mea
1459 2632 1636 2675 turbata
1655 2636 1722 2674 est
1738 2630 1881 2672 valde:

1057 2694 1080 2720 *
1100 2691 1179 2734 sed
1197 2697 1245 2734 tu
1261 2691 1449 2732 Domine
1468 2687 1720 2741 usquequo?
