2040 2944
565 161 637 196 Die
663 162 715 196 18.
740 162 843 205 Sept.
889 162 923 197 S.
948 162 1114 205 Josephi
1140 173 1161 195 a
1185 162 1396 206 Cupcrtino
1423 162 1531 197 Conf.

196 259 300 313 quid
327 260 382 302 de
405 259 564 301 mentis
582 262 743 301 vestrae
767 257 920 299 habitu
943 269 1022 298 rex

193 317 441 368 ingrediens
458 314 764 369 reprehendat.
800 315 911 356 Cum
933 326 1020 355 ma-

193 386 279 425 gno
313 374 428 415 enim
465 372 612 414 cordis
644 372 802 413 timore
834 372 1019 422 pensan-

195 430 299 471 dum
326 435 395 471 est
424 428 545 481 quod
571 428 773 481 pretinus
801 426 1021 469 subditur:

192 486 379 528 Intravit
396 491 542 527 autem
566 498 660 533 rex,
678 489 727 525 ut
745 483 917 526 videret
936 483 1020 524 dis-

194 542 465 593 cumbentes;
499 546 542 584 et
569 541 678 583 vidit
706 539 767 582 ibi
798 540 1021 582 hominem

191 612 281 641 non
297 601 506 641 vestitum
524 602 647 640 veste
666 596 860 650 nuptiali.
894 596 1020 647 Quid,

191 656 349 698 fratres
374 655 603 705 carissimi,
633 653 818 707 exprimi
840 666 921 706 per
944 667 1018 695 nu-

190 712 372 766 ptialem
390 716 559 754 vestem
582 710 810 763 putamus?
839 711 885 752 Si
905 711 1020 752 enim

190 775 359 811 vestem
403 767 646 821 nuptialem
687 767 909 820 baptisma
950 767 1021 809 vel

191 826 324 867 fidem
343 825 538 875 dicimus,
558 825 656 876 quis
675 823 766 865 sine
784 823 1019 877 baptisma-

190 887 234 924 te
254 887 299 924 et
322 880 410 923 fide
430 881 510 922 has
529 881 711 934 nuptias·
725 879 924 923 intravit?
953 882 1019 923 Eo

191 939 306 981 enim
337 938 435 991 ipso
467 938 574 980 foris
607 943 692 989 est,
726 938 800 990 qui
832 938 1021 980 necdum

191 994 388 1037 credidit.
430 994 545 1046 Quid
579 1007 684 1046 ergo
717 994 928 1036 debemus
960 995 1019 1035 in-

189 1052 385 1103 telligere
431 1065 511 1105 per
555 1051 798 1104 nuptialem
840 1057 1020 1102 vestem,

189 1108 271 1149 nisi
291 1107 540 1151 caritatem?
565 1109 706 1151 Intrat
730 1109 844 1150 enim
868 1108 925 1150 ad
944 1112 1018 1150 nu-

189 1164 322 1217 ptias,
348 1164 428 1207 sed
454 1178 553 1207 cum
576 1164 762 1217 nuptiali
782 1170 906 1206 veste
931 1178 1020 1206 non

189 1221 340 1274 intrat,
367 1222 440 1274 qui
463 1222 507 1262 in
527 1226 678 1263 sancta
697 1221 897 1263 Ecclesia
915 1224 1019 1263 assi-

190 1283 326 1328 stens,
354 1277 489 1320 fidem
510 1278 660 1329 habet,
689 1277 768 1320 sed
792 1279 1019 1320 caritatem

189 1347 277 1376 non
295 1334 439 1376 habet.
471 1335 610 1377 Recte
631 1335 745 1376 enim
765 1335 926 1377 caritas
945 1349 1019 1377 nu-

188 1391 335 1444 ptialis
354 1392 488 1434 vestis
507 1394 701 1443 vocatur,
724 1392 825 1445 quia
843 1392 956 1434 hanc
974 1393 1018 1434 in

189 1460 236 1489 se
256 1447 460 1489 conditor
477 1453 627 1490 noster
645 1447 812 1499 habuit,
837 1448 941 1490 dum
960 1450 1017 1491 ad

189 1502 412 1546 sociandae
457 1503 539 1546 sibi
583 1504 795 1546 Ecclesiae
841 1506 1018 1558 nuptias

188 1561 318 1602 venit.

242 1620 292 1671 R.
325 1617 416 1659 Iste
441 1621 509 1658 est
535 1617 610 1669 qui
635 1622 736 1659 ante
760 1618 905 1659 Deum
930 1632 1017 1660 ma-

188 1686 296 1725 gnas
323 1675 509 1717 virtutes
539 1676 749 1727 operatus
778 1679 862 1725 est,
892 1680 937 1717 et
962 1675 1018 1717 de

189 1731 307 1771 omni
323 1730 457 1773 corde
469 1743 548 1772 suo
558 1730 756 1772 laudavit
765 1731 1018 1773 Dominum:

191 1790 214 1815 *
238 1787 341 1840 Ipse
368 1786 614 1830 intercedat
640 1800 722 1840 pro
749 1788 946 1840 peccatis
974 1791 1017 1830 ό-

186 1844 353 1884 mnium
371 1843 648 1897 populorum.
675 1842 726 1893 V.
746 1844 864 1886 Ecce
882 1844 1016 1887 homo

187 1900 280 1942 sine
299 1901 487 1953 querela,
505 1913 635 1942 verus
649 1901 734 1942 Dei
749 1901 900 1951 cultor,
920 1901 1016 1943 abs-

186 1956 328 1998 tinens
357 1969 404 1998 se
433 1956 488 1999 ab
516 1957 634 1998 omni
660 1959 795 2010 opere
812 1957 944 2008 malo,
974 1963 1017 2000 et

186 2014 447 2066 permanens
466 2013 510 2054 in
526 2013 774 2055 innocentia
789 2026 878 2055 sua.
902 2014 1017 2066 Ipse.

475 2070 628 2111 Lectio
648 2071 733 2111 viii.

191 2120 329 2229 Sola
345 2126 509 2179 quippe
525 2125 759 2167 dilecti6ne
772 2126 857 2167 Dei
871 2130 1017 2168 actum

273 2188 356 2234 est,
383 2188 432 2224 ut
456 2184 547 2235 ejus
565 2183 823 2234 Unigenitus
846 2188 1016 2225 mentes

188 2239 272 2281 sibi
315 2239 557 2282 electorum
596 2238 823 2281 heminum
862 2242 1016 2281 uniret,

187 2295 314 2338 Unde
347 2302 391 2338 et
422 2297 612 2338 Joannes
646 2296 766 2338 dicit:
798 2296 869 2337 Sic
901 2296 1016 2337 enim

188 2351 340 2394 dilexit
366 2353 488 2394 Deus
520 2351 731 2394 mundum
743 2376 753 2403 ‚·-
782 2357 831 2394 ut
857 2352 1016 2394 Filium

188 2422 314 2450 suum
337 2410 605 2462 unigenitum
629 2408 756 2451 daret
774 2422 855 2462 pro
875 2409 1015 2451 nobis.

116 2469 121 2475 ’
189 2466 272 2516 Qui
304 2478 408 2517 ergo
442 2480 523 2519 per
556 2467 784 2509 caritatem
811 2466 930 2507 venit
958 2465 1015 2507 ad

187 2521 400 2572 homines,
428 2523 630 2565 eamdem
649 2524 876 2565 caritatem
893 2522 1013 2564 inne-

186 2578 269 2620 tuit
287 2584 455 2621 vestem
474 2593 571 2622 esse
589 2580 841 2633 nuptialem.
862 2579 1014 2621 Omnis

188 2647 292 2685 ergo
315 2641 526 2687 vestrum,
556 2637 630 2690 qui
653 2637 697 2678 in
716 2636 915 2678 Ecclesia
936 2638 1013 2688 po-

187 2691 295 2733 situs
313 2692 411 2734 Deo
431 2692 630 2746 credidit,
655 2695 740 2746 jam
763 2693 820 2735 ad
837 2693 1014 2745 nuptias

1073 256 1266 298 intravit:
1309 255 1389 297 sed
1425 268 1525 297 cum
1559 255 1746 308 nuptiali
1783 261 1906 298 veste

1073 324 1163 353 non
1181 312 1315 361 venit,
1341 312 1378 353 si
1399 312 1594 354 caritatis
1612 312 1799 363 gratiam
1817 326 1906 354 non

1075 367 1279 410 custodit.
1312 368 1369 410 Et
1389 373 1525 418 certe,
1550 368 1726 420 fratres,
1753 369 1790 410 si
1810 370 1907 422 quis

1074 424 1131 467 ad
1163 424 1362 466 carnales
1396 425 1573 478 nuptias
1609 431 1727 468 esset
1754 426 1907 468 invita-

1073 486 1162 531 tus,
1193 486 1364 523 vestem
1390 483 1596 531 mutaret,
1629 482 1907 533 congaudere

1075 551 1123 579 se
1151 550 1317 590 sponso
1346 542 1391 580 et
1423 550 1601 590 sponsae
1630 551 1685 580 ex
1712 540 1811 592 ipso
1841 540 1908 581 sui

1074 594 1250 636 habitus
1284 593 1447 636 decere
1480 594 1752 646 ostenderet,
1793 596 1908 638 inter

1074 649 1318 701 gaudentes
1339 655 1383 692 et
1401 651 1514 692 festa
1538 651 1815 694 celebrantes
1835 652 1908 695 de-

1075 707 1239 761 spectis
1272 707 1469 750 vestibus
1507 710 1722 761 apparere
1756 709 1907 752 erube-

1075 769 1229 806 sceret.
1269 764 1364 806 Nos
1394 764 1451 806 ad
1477 765 1562 807 Dei
1589 766 1765 818 nuptias
1791 768 1907 808 veni·

1074 835 1187 872 mus,
1213 826 1256 863 et
1275 820 1424 864 cordis
1443 827 1614 863 vestem
1632 825 1803 864 mutare
1824 822 1908 865 dis-

1075 879 1342 920 simulamus.
1401 878 1691 930 Congaudent
1731 880 1907 930 Angeli,

1075 949 1174 977 cum
1200 935 1257 977 ad
1282 935 1443 977 coelum
1467 939 1749 977 assumuntur
1769 936 1908 979 electi.

1075 993 1171 1043 Qua
1208 1005 1313 1044 ergo
1351 997 1498 1034 mente
1534 992 1631 1034 haec
1662 993 1908 1046 spiritualia

1074 1049 1186 1091 festa
1214 1049 1526 1102 conspicimus,
1560 1050 1635 1102 qui
1667 1050 1907 1102 nuptialem

1073 1111 1253 1156 vestem,
1271 1105 1318 1148 id
1337 1110 1414 1156 est,
1434 1107 1673 1158 caritatem,
1694 1119 1793 1159 quae
1813 1107 1909 1148 sola

1073 1175 1155 1204 nos
1182 1163 1411 1215 speciosos
1441 1163 1633 1214 exhibet,
1661 1176 1750 1205 non
1777 1163 1907 1205 habe-

1072 1219 1193 1261 mus?

1124 1280 1175 1332 Ιζι.
1211 1276 1307 1318 Sint
1338 1275 1475 1317 lumbi
1502 1276 1638 1318 vestri
1668 1277 1906 1329 praecincti,

1074 1338 1118 1375 et
1152 1333 1343 1375 lucernae
1383 1332 1588 1375 ardentes
1624 1333 1669 1374 in
1704 1333 1906 1376 manibus

1072 1391 1279 1433 vestris:*
1298 1391 1356 1432 Et
1374 1403 1454 1432 vos
1473 1390 1635 1432 similes
1655 1390 1906 1433 hominibus

1073 1446 1432 1500 exspectantibus
1488 1446 1716 1489 deminum
1769 1460 1906 1498 suum,

1074 1503 1249 1556 quando
1268 1506 1514 1546 revertatur
1535 1517 1560 1546 a
1578 1505 1756 1557 nuptiis.
1775 1500 1826 1552 V.
1839 1505 1907 1546 Vi-

1071 1561 1205 1612 gilate
1225 1573 1347 1612 ergo,
1374 1561 1475 1613 quia
1493 1561 1672 1603 nescitis
1693 1574 1779 1614 qua
1796 1561 1906 1602 hora

1070 1617 1286 1658 Dominus
1314 1622 1461 1659 vester
1488 1621 1700 1659 venturus
1725 1618 1793 1659 sit.
1838 1618 1905 1660 Et.

1075 1674 1226 1715 Gloria
1247 1674 1377 1716 Patri.
1412 1674 1478 1716 Et.

1125 1740 1167 1773 ln
1183 1740 1356 1780 Quatuor
1369 1739 1501 1782 Tcmp.
1518 1739 1619 1772 licet.
1636 1739 1683 1772 ix.
1702 1739 1747 1772 dc
1763 1739 1902 1772 Homil.

1075 1788 1207 1830 Feriae,
1222 1792 1257 1822 ct
1272 1788 1353 1829 ejus
1367 1798 1500 1822 comm.
1517 1787 1553 1820 in
1571 1787 1729 1820 laudib.
1746 1793 1902 1821 tantum.

1376 1843 1527 1884 Lectio
1547 1844 1601 1883 ix.

1142 1898 1344 1941 ciendum
1362 1912 1470 1941 vero
1493 1904 1577 1949 est,
1605 1899 1706 1952 quia
1726 1900 1840 1942 sicut
1860 1900 1903 1940 in

1150 1956 1323 1998 duobus
1342 1956 1485 2007 lignis,
1506 1956 1736 2009 superiore
1754 1956 1902 1998 videli-

1071 2020 1140 2056 cet
1165 2018 1209 2055 et
1233 2013 1456 2063 inferiore,
1482 2013 1619 2054 vestis
1638 2013 1817 2054 texitur:
1842 2013 1903 2054 ita

1068 2072 1112 2112 in
1138 2070 1312 2112 duobus
1334 2069 1572 2122 praeceptis
1592 2069 1751 2111 caritas
1771 2068 1901 2111 habe-

1069 2133 1154 2178 tur,
1193 2127 1238 2168 in
1273 2126 1509 2168 dilectiOne
1542 2125 1710 2167 scilicet
1741 2126 1827 2167 Dei
1859 2130 1902 2167 et

1069 2183 1270 2237 proximi.
1297 2183 1518 2235 Scriptum
1539 2182 1702 2235 quippe
1722 2186 1803 2224 est:
1826 2182 1900 2222 Di-

1068 2241 1179 2291 liges
1219 2239 1458 2281 Dominum
1495 2239 1640 2280 Deum
1679 2243 1803 2280 tuum
1846 2251 1901 2280 ex

1069 2302 1166 2338 toto
1196 2295 1330 2338 corde
1357 2301 1450 2346 tuo,
1480 2299 1523 2337 et
1551 2308 1606 2337 ex
1632 2299 1727 2337 tota
1756 2295 1901 2338 anima

1067 2357 1160 2403 tua,
1184 2358 1228 2394 et
1247 2365 1302 2394 ex
1320 2357 1413 2394 tota
1432 2352 1594 2394 virtute
1617 2357 1710 2402 tua,
1739 2357 1783 2395 et
1800 2354 1899 2405 pro-

1067 2409 1232 2450 ximum
1263 2413 1387 2450 tuum
1416 2408 1528 2450 sicut
1555 2411 1757 2461 teipsum.
1804 2410 1899 2459 Qua

1067 2466 1112 2506 in
1138 2478 1185 2507 re
1210 2464 1454 2507 notandum
1479 2470 1563 2515 est,
1600 2465 1702 2518 quia
1724 2465 1769 2506 in
1795 2465 1898 2507 dile-

1068 2522 1213 2563 ctione
1253 2521 1442 2574 pr6ximi
1486 2525 1693 2564 mensura
1735 2521 1897 2564 amoris

1066 2579 1261 2631 ponitur,
1288 2591 1387 2619 cum
1411 2578 1583 2621 dicitur:
1611 2578 1779 2630 Diliges
1798 2579 1896 2631 pre-

1066 2635 1231 2677 ximum
1261 2639 1386 2676 tuum
1417 2635 1531 2678 sicut
1557 2637 1759 2688 teipsum.
1812 2634 1896 2675 Dei

1067 2697 1214 2734 autem
1237 2691 1414 2734 dilectio
1432 2691 1551 2734 nulla
1569 2694 1774 2734 mensura
1794 2703 1895 2732 con-
