2040 2944
379 176 450 210 Die
474 176 504 209 2.
529 175 626 209 Nov.
674 174 849 208 Secunda
876 174 938 207 die
963 174 1060 207 infra
1086 173 1164 207 Oct.
1191 174 1366 207 Omnium
1393 174 1629 207 Sanctorum.

204 280 242 316 Si
270 280 391 323 prima
419 278 503 312 dies
523 282 613 321 post
630 278 785 311 Festum
804 277 982 311 Omnium

154 329 379 364 Sanctorum
395 327 506 360 tuerit
522 326 734 367 Dominica,
752 326 790 359 tit
806 327 982 360 Officium

155 377 201 410 de
218 387 273 419 ea,
290 380 329 410 ut
347 376 383 409 in
403 374 579 409 Rubricis
597 374 853 417 generalibus,
871 380 906 408 et
921 374 982 408 Of-

103 447 106 451 ·
153 425 281 459 ficium
294 424 569 457 Dcfunctorum
581 422 808 456 transfertur
823 423 858 456 in
876 433 981 466 sequ.

154 473 305 508 Feriam
317 472 372 511 11„
389 472 438 505 ita
455 478 495 505 ut
508 476 597 515 post
611 471 725 514 Vesp.
742 470 891 504 Domin.
909 471 980 504 dic.

103 558 105 563 ,
154 522 268 564 Vesp.
300 520 594 557 Defunctorum:
627 518 854 553 Matutinum
887 529 980 553 vero

153 575 242 614 post
260 569 412 602 Laudes
436 569 559 602 Feriae
574 568 636 609 IL,
662 577 748 610 quae
774 567 845 600 erit
869 567 981 601 tertia

155 618 238 652 dies
264 618 364 651 infra
389 616 584 651 Octavam.

352 712 436 754 Die
454 712 490 752 2.
508 710 785 753 Novembris.

245 774 444 816 Secunda
464 772 534 814 die
553 772 664 813 infra
685 772 897 813 Octavam

281 841 514 883 Omnium
542 839 850 881 Sanctorum.

205 915 248 949 In
279 914 306 948 Ι.
336 914 535 948 Nocturno
570 912 773 946 Lectiones
806 912 852 946 de
883 912 981 946 Scri-

154 968 268 1007 ptura
294 967 527 996 occurrente.

387 1042 436 1081 In
455 1041 505 1079 11.
525 1040 559 1078 N
563 1040 748 1079 octurno.

196 1118 262 1159 De
282 1117 490 1158 Sermane
511 1114 787 1157 Venerabilis
806 1114 943 1156 Bedae

439 1171 702 1224 Presbyteri.

286 1237 344 1271 Ex
359 1236 542 1271 Sermone
562 1236 613 1270 18.
632 1235 678 1269 de
696 1234 856 1269 Sanctis.

457 1297 609 1337 Lectio
630 1297 683 1336 iv.

161 1366 164 1389 ἔ
190 1394 199 1405 ‹.
225 1367 386 1410 Γυᾶῐι]
430 1360 531 1401 laxo
576 1359 674 1400 sinu
724 1357 779 1401 de
827 1358 982 1412 praelio

162 1458 163 1461 ,
187 1411 247 1466 ζῶ
271 1469 273 1471 ¹
302 1418 573 1459 revertentes
603 1416 756 1458 civitas
789 1415 983 1457 coelestis

199 1475 240 1497 *<
264 1474 279 1495 ²³
305 1473 484 1526 excipit,
514 1472 570 1515 de
600 1473 728 1514 hoste
755 1474 982 1525 prostrato

154 1530 355 1583 trophaea
378 1530 618 1572 ferentibus
641 1529 841 1571 occurrit.
874 1529 984 1570 Cum

154 1586 525 1640 triumphantibus
568 1586 674 1627 viris
720 1591 764 1627 et
810 1585 983 1626 feminae

155 1644 357 1694 veniunt,
384 1656 483 1696 quae
512 1656 611 1684 cum
639 1642 802 1685 saeculo
831 1655 984 1684 sexum

157 1713 334 1753 quoque
356 1700 567 1749 vicerunt,
591 1704 635 1741 et
658 1699 876 1751 geminata
894 1699 984 1750 glo-

157 1758 220 1798 ria
254 1756 439 1806 militiae,
474 1756 663 1807 virgines
700 1768 800 1797 cum
835 1756 984 1809 pueris

156 1815 331 1856 teneros
351 1826 489 1855 annos
507 1812 741 1855 virtutibus
759 1815 981 1854 transeun-

156 1875 238 1912 tes:
271 1868 351 1912 sed
378 1874 422 1911 et
449 1871 596 1911 cetera
628 1869 824 1911 fidelium
855 1868 985 1911 turba

158 1926 269 1969 aulae
284 1927 514 1980 perpetuae
528 1926 694 1978 regiam
703 1925 895 1975 intrabit,
911 1926 986 1977 qui

157 1983 451 2025 sinceritatem
466 1982 571 2024 fidei
583 1982 855 2025 inconcussis
874 1995 984 2035 prae-

158 2041 389 2093 ceptorum
443 2039 688 2081 coelestium
743 2038 984 2091 disciplinis

156 2099 277 2139 um'ta
303 2108 414 2150 pace
442 2095 798 2138 observaverunt.

210 2166 260 2217 R.
282 2166 539 2208 Praecursor
564 2165 743 2207 Demini
765 2165 900 2215 venit,
929 2165 985 2207 de

159 2235 247 2276 quo
271 2224 369 2277 ipse
392 2225 594 2265 testatur:
618 2220 640 2243 *
665 2221 823 2263 Nullus
847 2223 985 2273 major

157 2280 271 2322 inter
297 2285 426 2322 natos
453 2279 685 2321 mulierum
709 2279 878 2320 Joanne
903 2279 984 2319 Ba-

158 2338 304 2389 ptista.
328 2327 379 2379 Ys-
395 2337 481 2378 Hic
500 2340 567 2378 est
581 2335 810 2389 propheta,
830 2339 873 2376 et
886 2334 985 2387 plus

160 2405 291 2445 quam
315 2393 551 2446 propheta,
584 2391 639 2435 de
669 2404 756 2445 quo
784 2391 986 2434 Salvator

160 2449 232 2491 ait.
258 2449 426 2492 Nullus.

467 2519 617 2559 Lectio
639 2533 675 2558 V.

160 2582 325 2687 Ergo
351 2593 466 2643 agite
493 2605 608 2634 nunc
635 2592 809 2642 fratres,
838 2604 986 2643 aggre—

279 2646 449 2690 diamur
470 2650 553 2691 iter
577 2650 690 2699 vitae,
715 2650 986 2690 revertamur

161 2704 218 2746 ad
234 2704 454 2747 civitatem
469 2706 705 2756 coelestem,
722 2706 767 2746 in
783 2717 869 2758 qua
884 2704 985 2746 scri-

1032 269 1098 321 pti
1127 282 1292 319 sumus,
1322 273 1366 310 et
1395 268 1513 310 cives
1542 267 1719 310 decreti.
1762 268 1864 310 Non

1033 338 1182 366 sumus
1206 325 1415 378 hospites,
1442 324 1522 367 sed
1547 325 1665 367 cives
1685 325 1864 369 Sancto-

1032 395 1130 423 rum
1154 386 1198 423 et
1222 381 1454 423 domestici
1472 381 1568 431 Dei,
1593 382 1727 423 etiam
1749 383 1864 424 illius

1031 437 1245 488 haeredes,
1262 437 1519 480 cohaeredes
1533 443 1681 479 autem
1693 439 1864 481 Christi.

1034 495 1174 546 Hujus
1205 494 1334 536 nobis
1365 494 1486 536 urbis
1517 495 1667 547 januas
1697 496 1865 549 aperiet

1032 551 1259 601 fortitudo,
1286 556 1329 593 et
1354 550 1516 593 fiducia
1536 551 1674 593 latum
1695 554 1863 604 praebe-

1032 608 1098 650 bit
1115 608 1372 659 ingressum.
1402 607 1742 650 Consideremus
1758 621 1864 660 ergo

1032 664 1242 717 inclytam
1260 664 1379 706 urbis
1399 664 1516 706 illius
1536 665 1799 716 felicitatem,
1821 666 1865 706 in

1035 726 1246 774 quantum
1261 721 1543 763 considerare
1558 721 1771 773 possibile
1785 727 1864 764 est:

1033 783 1081 820 ut
1107 778 1222 820 enim
1246 791 1350 820 vere
1378 783 1459 827 est,
1489 778 1864 831 comprehendere

1033 835 1177 876 nullus
1197 848 1342 877 sermo
1363 834 1561 876 sufficiet.

1089 905 1230 962 R.Isti
1246 910 1346 947 sunt
1362 905 1436 957 qui
1451 905 1649 947 viventes
1664 905 1708 945 in
1724 917 1863 955 carne,

1038 961 1348 1015 plantaverunt
1378 961 1624 1003 Ecclesiam
1655 962 1865 1012 sanguine

1035 1031 1132 1060 suo:
1150 1023 1173 1047 *
1186 1018 1378 1060 Calicem
1392 1018 1571 1060 Domini
1585 1018 1800 1068 biberunt,
1821 1023 1865 1060 et

1034 1075 1162 1117 amici
1180 1075 1265 1117 Dei
1283 1075 1387 1117 facti
1407 1080 1517 1116 sunt.
1551 1072 1601 1122 V.
1619 1075 1670 1116 In
1691 1088 1865 1117 omnem

1033 1136 1196 1173 terram
1222 1132 1356 1174 exivit
1384 1145 1518 1173 sonus
1547 1134 1713 1182 cerum,
1747 1137 1790 1173 et
1821 1132 1865 1172 in

1034 1188 1143 1230 fines
1189 1187 1309 1230 orbis
1347 1193 1479 1230 terrae
1524 1187 1663 1230 verba
1699 1190 1864 1229 eorum.

1037 1244 1238 1287 Calicem.

1339 1310 1490 1351 Lectio
1511 1310 1563 1350 vi.

1038 1368 1256 1475 Dicitur
1292 1371 1347 1413 de
1380 1384 1432 1413 ea
1462 1372 1507 1412 in
1539 1370 1733 1423 quodam
1764 1371 1865 1413 loco

1157 1429 1236 1479 sic,
1263 1428 1393 1479 Quod
1420 1429 1614 1479 aufugiet
1639 1428 1701 1470 ibi
1726 1427 1866 1478 dolor,

1037 1491 1080 1529 et
1104 1486 1298 1535 tristitia,
1327 1490 1370 1527 et
1397 1486 1596 1537 gemitus.
1639 1484 1756 1535 Quid
1784 1484 1867 1526 hac

1035 1544 1126 1585 vita
1142 1542 1327 1592 beatius,
1346 1542 1421 1584 ubi
1440 1555 1529 1584 non
1548 1547 1615 1584 est
1633 1544 1865 1595 pauperta-

1035 1600 1091 1641 tis
1110 1605 1263 1649 metus‚
1282 1612 1370 1641 non
1386 1599 1656 1650 aegritudinis
1676 1598 1865 1640 imbecil-

1035 1655 1158 1698 litas?
1186 1656 1328 1698 Nemo
1347 1655 1544 1706 laedetur,
1563 1656 1777 1696 irascetur
1796 1667 1866 1696 ne-

1035 1725 1120 1762 mo,
1145 1725 1275 1754 nemo
1301 1711 1480 1763 invidet,
1507 1711 1726 1765 cupiditas
1749 1711 1867 1753 nulla

1038 1768 1299 1811 exardescit:
1322 1769 1488 1810 nullum
1512 1768 1574 1810 ibi
1600 1768 1867 1810 desiderium

1037 1826 1217 1868 honoris
1238 1825 1395 1879 pulsat,
1420 1830 1494 1868 aut
1516 1825 1753 1878 potestatis
1780 1838 1865 1866 am-

1036 1883 1158 1925 bitio.
1190 1882 1348 1924 Nullus
1367 1882 1428 1925 ibi
1449 1882 1615 1924 diaboli
1632 1886 1786 1931 metus,
1806 1882 1866 1922 in-

1037 1938 1162 1982 sidiae
1187 1939 1438 1982 daemonum
1462 1939 1605 1990 nullae,
1628 1944 1772 1981 terror
1796 1951 1866 1990 ge-

1036 1996 1192 2038 hennae
1211 1996 1381 2049 procul:
1406 2009 1526 2038 mors
1546 2008 1690 2048 neque
1710 1997 1865 2048 corpo-

1037 2053 1096 2094 ris
1120 2066 1263 2105 neque
1288 2053 1445 2094 animae
1471 2054 1563 2102 erit,
1589 2052 1667 2094 sed
1693 2053 1865 2093 immor-

1036 2109 1218 2152 talitatis
1236 2113 1417 2152 munere
1437 2110 1529 2152 vita
1546 2108 1746 2162 jucunda.

1092 2179 1143 2229 Rt-
1158 2176 1306 2218 Sancti
1324 2175 1421 2217 mei.
1439 2175 1535 2216 396.

1265 2268 1314 2306 In
1332 2267 1403 2305 III.
1423 2266 1645 2306 Nocturno.

1040 2337 1191 2379 Lectio
1217 2336 1355 2377 sancti
1375 2335 1603 2387 Evangelii
1626 2334 1867 2377 secundum
1915 2320 1917 2325 Τ

1317 2392 1585 2434 Matthaeum.

1117 2462 1269 2503 Lectio
1291 2461 1359 2502 vii.
1634 2460 1736 2513 Cap.
1752 2461 1789 2500 5.

1085 2546 1113 2574 n
1130 2533 1205 2574 illo
1219 2534 1435 2585 tempore:
1449 2531 1618 2573 Videns
1633 2531 1658 2572 J
1660 2543 1762 2572 esus
1780 2535 1865 2572 tur-

1104 2589 1195 2638 bas,
1214 2588 1412 2630 ascendit
1425 2589 1469 2629 in
1482 2593 1688 2638 montem,
1709 2592 1753 2629 et
1768 2599 1866 2628 cum

1038 2647 1237 2695 sedisset,
1257 2646 1538 2688 accesserunt
1553 2644 1610 2686 ad
1625 2657 1724 2686 eum
1739 2643 1866 2684 disci-

1036 2703 1130 2757 puli
1149 2704 1250 2755 ejus,
1277 2702 1335 2744 Et
1353 2701 1533 2754 reliqua.

1790 174 1862 209 401
1912 165 1914 168 ’
