2040 2944
634 210 706 243 Die
730 209 789 244 30.
811 210 910 243 Nov.
958 208 993 243 S.
1018 208 1188 242 Andreae
1211 208 1404 251 Apostoli.

157 297 309 340 mundi
336 297 522 350 gloriam
547 297 718 346 stravit,
746 297 831 348 jam
853 297 990 339 ruinis

159 355 249 407 ejus
277 353 677 403 crebrescentibus,
706 353 895 395 districti
922 353 990 394 sui

158 410 305 463 judicii
347 409 465 452 diem
503 409 879 463 propinquantem
917 409 990 451 de-

158 466 343 508 nuntiat:
385 471 429 508 et
461 470 610 508 tamen
643 465 834 518 superba
865 478 990 508 mens

157 528 309 565 nostra
332 522 477 564 adhuc
500 535 589 564 non
607 522 702 564 vult
724 521 811 564 hoc
830 527 990 575 sponte

159 578 381 629 deserere,
403 577 525 631 quod
545 578 743 631 quotidie
762 578 911 630 perdit
930 579 990 619 in-

158 638 259 677 vita.
293 635 410 686 Quid
437 647 561 686 ergo,
586 635 744 676 fratres
764 635 990 685 carissimi,

161 691 266 744 quid
284 692 329 732 in
349 693 439 744 ejus
463 690 625 744 judicio
647 690 809 732 dicturi
829 704 991 742 sumus,

160 748 236 800 qui
254 748 310 790 ab
331 750 484 789 amore·
496 747 728 800 praesentis
745 747 896 789 saeculi
910 760 991 789 nec

158 804 396 857 praeceptis
424 803 657 854 flectimur,
689 816 771 845 nec
799 803 990 846 verberi-

159 861 242 903 bus
261 858 569 903 emendamur?

214 928 265 980 R..
294 919 464 963 Videns
489 933 666 962 erucem
691 920 896 962 Andreas
921 934 991 963 ex-

161 977 381 1027 clamavit,
410 976 577 1018 dicens:
607 977 644 1018 Ο
673 989 781 1018 crux
806 977 991 1019 admira-

160 1033 276 1084 bilis,
305 1046 331 1075 o
351 1046 460 1075 crux
484 1032 808 1084 desiderabilis,
838 1046 864 1075 o
885 1047 993 1075 crux

162 1103 261 1142 quae
283 1102 365 1143 per
388 1094 534 1131 totum
550 1089 765 1131 mundum
780 1090 950 1132 ratilas:
970 1098 992 1121 *

160 1146 345 1199 Suscipe
364 1146 629 1199 discipulum
651 1146 823 1197 Christi,
843 1159 896 1189 ac
913 1159 994 1199 per

159 1207 204 1245 te
222 1216 293 1245 me
313 1204 515 1256 recipiat,
543 1203 618 1255 qui
635 1215 719 1256 per
737 1208 781 1245 te
801 1204 994 1245 moriens

159 1272 231 1301 me
250 1259 447 1302 redemit.
475 1258 525 1310 V,
546 1260 583 1301 Ο
604 1260 722 1302 bona
742 1273 865 1310 crux,
894 1273 993 1313 quae

161 1314 369 1358 decorem
420 1322 464 1358 et
514 1316 889 1369 pulchritudinem
938 1316 994 1358 de

160 1371 368 1414 membris
395 1373 576 1415 Demini
605 1373 850 1426 suscepisti.
892 1373 993 1415 Sus-

162 1429 272 1482 cipe.
302 1430 455 1472 Gloria
472 1430 603 1472 Patri.
630 1430 826 1483 Suscipe.

463 1505 615 1546 Lectio
636 1506 690 1545 ix.

165 1561 288 1667 Sed
320 1565 510 1607 fortasse
544 1564 703 1618 aliquis
735 1565 881 1607 tacitis
911 1565 996 1607 sibi

239 1621 582 1673 cogitationibus
597 1621 729 1663 dicat:
751 1621 824 1663 Ad
838 1635 996 1664 vocem

161 1678 440 1719 Dominicam
470 1679 658 1730 uterque
689 1678 773 1720 iste
800 1679 996 1731 piscator

164 1733 287 1786 quid,
329 1738 405 1775 aut
447 1739 660 1787 quantum
699 1734 880 1784 dimisit,
921 1736 997 1787 qui

161 1803 276 1844 pene
302 1790 410 1832 nihil
434 1790 613 1833 habuit?
645 1790 735 1833 Sed
760 1791 844 1832 hac
868 1791 913 1832 in
938 1805 996 1842 re,

162 1847 321 1888 fratres
353 1847 584 1896 carissimi,
626 1846 833 1889 affectum
865 1846 995 1890 debe-

162 1916 260 1945 mus
298 1904 448 1957 p6tius
485 1906 691 1957 pensare,
733 1916 865 1956 quam
899 1917 996 1946 cen-

163 1973 271 2001 sum.
308 1959 496 2002 Multum
519 1960 711 2013 reliquit,
738 1961 814 2013 qui
833 1960 917 2002 sibi
935 1961 995 2002 ni-

163 2015 224 2056 hil
251 2016 444 2058 retinuit:
482 2016 669 2058 multum
696 2016 889 2068 reliquit,
923 2017 998 2069 qui

167 2072 490 2125 quantumlibet
512 2085 686 2126 parum,
712 2077 855 2114 totum
875 2072 995 2115 dese-

163 2129 261 2171 ruit.
326 2129 456 2171 Certe
496 2142 578 2171 nos
622 2134 666 2171 et
708 2128 862 2171 habita
898 2142 998 2171 cum

165 2187 314 2227 amore
333 2184 624 2238 possidemus,
650 2190 694 2227 et
713 2198 776 2235 ea,
803 2198 902 2238 quae
921 2189 997 2227 mi-

164 2242 280 2283 nime
298 2242 528 2293 habemus,
555 2255 609 2284 ex
633 2241 854 2284 desiderio
881 2245 996 2295 quae-

164 2298 310 2340 rimus.
338 2299 525 2341 Multum
545 2311 650 2350 ergo
668 2299 827 2340 Petrus
847 2303 891 2340 et
909 2299 996 2340 An-

167 2353 296 2396 dreas
349 2354 528 2405 dimisit,
584 2354 761 2407 quando
811 2356 998 2408 uterque

166 2410 299 2451 etiam
343 2410 563 2453 desideria
605 2410 795 2453 habendi
844 2412 996 2454 dereli-

167 2466 271 2518 quit.
329 2468 391 2510 Te
410 2469 565 2510 Deum.
592 2469 652 2509 14.

433 2550 511 2591 Ad
532 2550 731 2591 Laudes

376 2610 423 2640 et
471 2618 563 2651 per
595 2606 779 2640 Horas.

223 2665 320 2706 Ant.
355 2667 384 2705 1.
430 2666 558 2709 Salve
591 2681 699 2710 crux
731 2668 942 2720 pretiosa,
975 2669 999 2695 *

168 2722 343 2774 suscipe
377 2722 639 2776 discipulum
674 2725 780 2777 ejus,
819 2724 893 2776 qui
925 2737 998 2781 pe-

1042 297 1198 350 pendit
1226 298 1270 338 in
1299 302 1344 339 te
1368 300 1579 348 magister
1605 310 1730 339 meus
1758 297 1877 339 Chri·
1929 310 1932 314 ’

1043 358 1148 396 stus,

1099 413 1167 453 I's.
1197 412 1410 453 Dominus
1434 411 1648 462 regnavit.
1671 411 1731 451 15.

1098 476 1133 514 2.
1164 474 1328 513 Beatus
1346 471 1550 513 Andreas
1573 472 1596 496 *
1619 471 1792 522 orabat,
1817 471 1878 513 di-

1043 540 1162 569 cens:
1187 529 1377 570 Domine
1397 529 1496 570 Rex
1516 530 1695 570 aeternae
1714 529 1879 580 gloriae,

1043 585 1220 637 siiscipe
1239 598 1311 627 me
1327 585 1595 638 pendentem
1609 585 1652 625 in
1667 585 1879 637 patibulo.

1100 649 1136 687 3.
1157 645 1358 688 Andreas
1375 645 1537 687 Christi
1555 646 1754 696 famulus,
1773 648 1797 673 *
1817 646 1879 688 di-

1043 715 1155 753 gnus
1170 703 1255 744 Dei
1270 702 1528 755 Apostolus,
1548 705 1784 753 germanus
1801 704 1879 744 Pe-

1042 759 1110 809 tri,
1130 764 1175 801 et
1194 759 1238 800 in
1257 759 1466 811 passione
1486 759 1644 800 socius.

1100 826 1137 862 4.
1168 820 1407 862 Maximilla
1434 819 1610 861 Christo
1636 819 1837 861 amabilis
1856 822 1879 847 *

1043 877 1144 919 tulit
1164 890 1327 929 corpus
1347 876 1569 929 Apostoli,
1590 877 1758 929 Optimo
1779 877 1880 918 loco

1045 947 1145 975 cum
1165 933 1435 975 aromatibus
1458 933 1671 986 sepelivit.

1101 998 1139 1037 5.
1162 995 1246 1046 Qui
1265 994 1648 1047 persequebantur
1666 995 1838 1045 justum,
1857 995 1880 1019 *

1047 1050 1299 1093 demersisti
1324 1063 1400 1092 eos
1420 1051 1610 1092 Demine
1634 1050 1678 1090 in
1697 1050 1880 1099 inferno,

1047 1113 1090 1150 et
1108 1108 1153 1148 in
1171 1108 1290 1159 ligno
1311 1107 1454 1149 crucis
1475 1107 1565 1149 dux
1584 1107 1686 1159 justi
1705 1106 1834 1148 fuisti.

1104 1178 1366 1231 Capitulum.
1523 1204 1534 1213 -
1570 1179 1695 1219 Rom.
1713 1180 1775 1218 lo.
1794 1179 1831 1219 b.

1045 1233 1281 1340 Fratres:
1307 1237 1454 1280 Corde
1474 1238 1591 1279 enirn
1610 1237 1805 1279 creditur
1825 1237 1882 1278 ad

1142 1295 1368 1346 justitiam,
1395 1307 1471 1336 ore
1492 1299 1639 1335 autern
1660 1294 1881 1336 confessio

1049 1351 1096 1393 fit
1127 1351 1185 1392 ad
1217 1351 1416 1393 salutem.
1469 1351 1590 1393 Dicit
1624 1351 1739 1393 enim
1771 1351 1880 1393 Seri-

1047 1410 1194 1460 ptiira:
1222 1408 1391 1458 Omnis,
1421 1408 1496 1461 qui
1521 1408 1662 1450 credit
1685 1408 1730 1448 in
1748 1408 1883 1457 illum,

1048 1468 1137 1506 non
1158 1464 1465 1508 confundetur.

1367 1532 1575 1582 Hymnus.

1190 1600 1358 1642 xsultet
1378 1599 1498 1642 orbis
1517 1599 1701 1651 gaudiis:

1197 1657 1369 1699 Coelum
1388 1657 1573 1699 resultet
1592 1655 1812 1697 laudibus:

1153 1714 1476 1767 Apostolorum
1495 1713 1681 1764 gloriam

1153 1770 1304 1812 Tellus
1325 1775 1369 1812 et
1388 1775 1506 1812 astra
1526 1769 1773 1811 cencinunt.

1106 1838 1197 1881 Vos
1218 1839 1483 1881 saeculorum
1501 1838 1679 1892 judices,

1152 1896 1210 1938 Et
1229 1909 1334 1938 vera
1353 1895 1505 1937 mundi
1522 1895 1702 1936 lumina:

1153 1953 1285 1995 Votis
1304 1955 1540 2006 precamur
1560 1951 1772 1999 cerdium,

1153 2009 1318 2051 Audite
1337 2022 1472 2052 voces
1493 2008 1753 2061 supplicum.

1106 2079 1189 2128 Qui
1207 2078 1374 2131 templa
1394 2078 1496 2120 coeli
1516 2077 1731 2127 clauditis,

1153 2136 1372 2187 Serasque
1391 2134 1531 2176 verbo
1551 2133 1734 2183 solvitis,

1153 2191 1249 2233 Nos
1269 2205 1294 2233 a
1312 2193 1440 2233 reatu
1458 2191 1616 2232 noxios

1154 2248 1276 2290 Solvi
1295 2247 1453 2301 jubete,
1475 2249 1740 2300 quaesumus.

1104 2318 1337 2370 Praecepta
1357 2330 1547 2369 quorum
1564 2316 1768 2369 protinus

1154 2374 1362 2424 Languor
1382 2373 1590 2425 salusque
1610 2373 1820 2414 sentiunt:

1155 2430 1316 2471 Sanate
1334 2434 1506 2471 mentes
1525 2429 1772 2481 languidas3

1154 2487 1328 2537 Augete
1347 2498 1429 2527 nos
1447 2486 1694 2528 virtutibus.

1106 2556 1175 2605 Ut,
1196 2567 1295 2596 cum
1314 2553 1476 2597 redibit
1495 2555 1678 2597 Arbiter

1155 2612 1206 2652 In
1225 2611 1312 2653 fine
1332 2611 1534 2654 Christus
1553 2613 1715 2661 saeculi,

1157 2668 1252 2708 Nos
1272 2667 1528 2720 sempiterni
1545 2669 1695 2719 gaudii

1157 2723 1383 2766 Concedat
1402 2737 1500 2766 esse
1520 2727 1762 2776 compotes.

1810 201 1932 236 469
