2040 2944
199 178 289 223 [122]

247 275 298 327 Y.
334 278 445 319 Haec
474 282 540 318 est
567 276 725 318 domus
751 276 927 318 Domini
956 277 1024 317 fir-

197 335 325 376 miter
354 333 580 375 aedificata.
615 336 665 387 R
695 333 816 375 Bene
845 333 1026 375 fundata

199 397 266 433 est
284 403 416 443 supra
435 390 604 430 firmam
623 395 806 442 petram.

247 448 316 489 Ad
338 448 498 489 Bened.
527 450 626 488 Ant.
659 447 846 488 Zachaee
865 448 889 472 *
910 447 1025 488 festi-

198 517 305 545 nans
334 503 568 552 descende,
598 504 699 555 quia
725 503 856 545 hodie
880 505 923 546 in
951 505 1025 546 do-

197 574 269 602 mo
290 566 363 602 tua
384 562 563 613 oportet
586 573 656 602 me
674 562 866 602 manere:
891 567 935 603 at
953 561 1025 603 ille

197 618 407 659 festinans
428 616 672 666 descendit,
699 622 743 658 et
768 618 962 671 suscepit
979 618 1024 659 il-

197 674 286 715 lum
305 673 501 724 gaudens
520 674 562 714 in
580 673 758 715 domum
775 687 908 715 suam.
937 675 1026 716 Ho-

198 730 267 772 die
293 730 394 771 huic
421 729 570 771 domui
595 730 714 771 salus
741 743 766 771 a
790 731 886 772 Deo
912 732 1026 773 facta

200 792 277 836 est,
301 786 482 838 alleluja.

246 852 285 884 ln
322 852 407 893 ipso
439 851 499 884 die
527 851 794 885 Dedicationis
826 852 1020 887 Ecclesiae.

196 905 228 933 ct
257 910 324 942 pei·
350 902 550 933 Octavam.
587 906 621 933 ct
653 900 807 942 quando
834 900 1021 934 varianda

195 954 250 982 cst
274 947 405 981 Oratio
432 948 480 981 ob
507 958 735 981 concursum
754 948 1020 982 Dedicationis

195 997 351 1029 alterius
376 996 571 1029 Ecclesiae.

528 1048 690 1089 Oratio.

289 1121 376 1158 eus,
393 1108 467 1160 qui
480 1106 754 1148 invisibiliter
771 1107 917 1148 omnia
928 1108 1027 1148 con-

301 1166 425 1214 tines,
451 1170 494 1206 et
514 1169 659 1205 tamen
685 1176 766 1216 pro
792 1163 933 1204 salute
957 1165 1026 1214 ge-

198 1222 314 1264 neris
340 1221 518 1263 humani
548 1221 672 1271 signa
699 1225 788 1261 tuae
816 1220 1026 1273 potentiae

198 1278 425 1321 visibiliter
455 1277 665 1319 ostendis:
697 1277 910 1330 templum
943 1276 1028 1318 hoc

199 1336 396 1388 potentia
438 1340 525 1376 tuae
568 1333 896 1375 inhabitationis
935 1333 1027 1374 illu-

200 1398 301 1442 stra,
322 1397 364 1434 et
382 1390 591 1442 concede3
610 1396 658 1432 ut
673 1403 835 1440 omnes,
854 1390 929 1442 qui
943 1389 1028 1431 huc

199 1448 478 1502 deprecaturi
515 1447 792 1496 conveniunt,
835 1460 888 1488 ex
927 1460 1028 1499 qua-

199 1510 386 1558 cumque
410 1504 693 1547 tribulatione
723 1503 779 1545 ad
802 1508 846 1545 te
872 1503 1026 1544 clama-

199 1562 355 1612 verint,
374 1561 689 1603 consolationis
707 1565 795 1602 tuae
814 1559 1027 1602 beneficia

201 1621 538 1671 consequantur.
565 1617 650 1659 Per
668 1617 916 1658 Dominum.

250 1678 290 1711 In
316 1677 594 1711 Anniversario
613 1677 879 1711 Dedicationis
897 1677 1023 1711 Eccle-

199 1727 278 1766 siae,
304 1732 338 1761 et
363 1737 431 1770 per
455 1726 649 1760 Octavam.

530 1779 691 1819 Oratio.

199 1831 380 1938 Deus,
406 1836 479 1888 qui
497 1835 624 1877 nobis
642 1848 723 1888 per
742 1837 937 1887 singulos
957 1850 1027 1878 an-

321 1906 401 1935 nos
437 1892 563 1944 hujus
600 1893 739 1934 sancti
777 1894 929 1947 templi
965 1894 1028 1935 tui

200 1949 542 1992 consecrationis
561 1950 740 2002 reparas
757 1949 884 2000 diem,
904 1956 948 1992 et
964 1963 1028 1992 sa-

200 2007 283 2047 cris
308 2019 481 2059 semper
500 2006 718 2058 mysteriis
738 2009 1028 2059 repraesentas

201 2063 456 2105 incolumes:
493 2062 651 2104 exaudi
688 2075 844 2115 preces
876 2064 1029 2117 populi

202 2120 274 2170 tui,
292 2124 335 2162 et
349 2124 526 2173 praesta3
546 2123 594 2160 ut
611 2119 807 2171 quisquis
822 2119 907 2162 hoc
921 2125 1027 2162 tem-

200 2176 321 2229 plum
353 2176 565 2219 beneficia
597 2176 813 2228 petiturus
844 2177 1028 2229 ingredi-

201 2238 287 2283 tur,
312 2238 468 2275 cuncta
494 2246 540 2275 se
565 2233 826 2285 impetrasse
845 2233 1028 2276 laetetur.

200 2290 284 2331 Per
302 2290 550 2332 Dominum.

467 2368 534 2404 Ad
557 2368 756 2406 Tertiam.

252 2424 351 2463 Ant.
387 2425 555 2466 Domus
574 2438 682 2467 mea.

253 2485 388 2536 Capit.
425 2485 523 2527 Vidi
542 2486 774 2528 civitatem.
793 2487 889 2540 [121]

252 2547 300 2597 Rg.
328 2546 388 2587 br.
424 2546 615 2588 Domum
642 2552 762 2589 tuam
791 2549 978 2591 Domine
1003 2554 1023 2575 *

202 2602 342 2644 Decet
365 2602 625 2645 sanctitudo.
660 2605 863 2646 Domum.
896 2602 945 2653 V.
974 2606 1024 2646 In

201 2658 517 2710 longitudinem
541 2658 718 2701 dierum.
746 2661 896 2703 Decet.
924 2661 1025 2703 Glo-

203 2715 267 2756 ria
284 2715 414 2757 Patri.
442 2714 644 2758 Domum.

768 182 810 215 In
835 181 1089 216 Dedicationc
1115 182 1310 215 Ecclesiae.

1128 274 1178 327 V.
1198 276 1344 318 Locus
1362 277 1445 318 iste
1465 282 1640 319 sanctus
1660 282 1736 327 est,
1756 278 1798 318 in
1815 290 1902 330 quo

1468 337 1520 389 R.
1547 333 1633 376 Pro
1663 334 1831 376 delictis
1861 339 1904 376 et

1077 339 1174 376 orat
1202 332 1420 375 sacerdos.

1076 391 1271 444 peccatis
1290 390 1453 443 populi.

1356 467 1421 504 Ad
1448 467 1633 505 Sextam.

1130 534 1228 574 Ant.
1258 533 1366 573 Haec
1386 532 1452 571 est
1472 529 1629 571 domus
1648 530 1835 571 Domini.

1180 603 1437 655 Capitulum.
1585 603 1724 655 Apoc.
1739 604 1797 647 21.

1159 670 1175 706 t
1186 664 1333 706 audivi
1344 677 1500 706 vocem
1511 678 1715 716 magnam
1725 664 1780 706 de
1789 664 1905 713 thro,-

1174 733 1231 762 no
1256 721 1487 763 dicentem:
1516 723 1630 764 Ecce
1653 722 1905 764 tabernacu-

1077 778 1167 819 lum
1182 778 1267 819 Dei
1286 791 1384 820 cum
1404 778 1662 828 hominibus,
1683 784 1726 820 et
1740 778 1905 821 habita-

1077 834 1142 876 bit
1167 847 1266 876 cum
1291 835 1364 876 eis.
1403 835 1460 876 Et
1486 836 1572 888 ipsi
1599 835 1790 888 populus
1816 836 1906 888 ejus

1079 897 1221 941 erunt,
1257 897 1300 933 et
1331 892 1426 944 ipse
1453 892 1574 933 Deus
1607 905 1705 934 cum
1735 893 1797 934 eis
1825 893 1906 934 erit

1079 950 1230 990 eorum
1250 948 1382 990 Deus.

1131 1021 1179 1072 Ru
1206 1020 1265 1060 br.
1310 1018 1455 1060 Locus
1491 1019 1575 1060 iste
1614 1023 1790 1060 sanctus
1829 1024 1906 1069 est,

1078 1078 1099 1101 *
1139 1074 1189 1114 In
1223 1087 1310 1126 quo
1348 1081 1444 1118 orat
1481 1075 1697 1117 sacerdos
1750 1076 1907 1117 Locus.

1079 1130 1128 1181 Y.
1156 1131 1243 1172 Pro
1270 1131 1441 1174 delictis
1467 1138 1510 1175 et
1530 1133 1724 1186 peccatis
1743 1131 1906 1186 populi.

1079 1189 1140 1229 In.
1176 1187 1325 1230 Gloria
1344 1189 1475 1231 Patri.
1502 1189 1659 1231 Locus.

1131 1246 1180 1297 V.
1214 1251 1325 1292 Haec
1354 1255 1420 1292 est
1449 1250 1612 1299 domus>
1633 1250 1811 1292 Domini
1838 1249 1907 1290 fir-

1078 1307 1206 1349 miter
1232 1307 1460 1349 aedificata.
1499 1308 1549 1359 R.
1577 1307 1698 1349 Bene
1725 1305 1907 1348 fundata

1080 1369 1147 1405 est
1167 1377 1298 1417 supra
1317 1364 1486 1405 firmam
1504 1369 1687 1416 petram.

1359 1443 1426 1479 Ad
1449 1443 1633 1480 Nonam.

1131 1506 1230 1546 Ant.
1258 1503 1453 1557 Lapides
1472 1504 1667 1557 pretiosi.

1157 1575 1414 1627 Capitulum.
1563 1574 1702 1626 Apoc.
1716 1575 1773 1614 21.
1789 1573 1829 1615 b.

1162 1645 1180 1681 t
1204 1639 1427 1690 absterget
1444 1639 1565 1681 Deus
1591 1651 1767 1680 omnem
1785 1638 1908 1680 lacri-

1169 1708 1287 1737 mam
1305 1695 1360 1737 ab
1382 1695 1519 1737 oculis
1538 1697 1704 1737 eorum:
1727 1699 1771 1736 et
1789 1706 1909 1736 mors

1080 1753 1194 1795 ultra
1212 1765 1301 1794 non
1321 1753 1411 1802 erit,
1431 1751 1747 1804 neque'luctus,
1764 1764 1908 1804 neque

1081 1810 1256 1859 clamor,
1271 1822 1414 1862 neque
1430 1809 1557 1851 dolor
1573 1809 1654 1851 erit
1666 1808 1790 1858 ultra,
1807 1807 1908 1861 quia

1079 1867 1221 1920 prima
1240 1865 1449 1908 abierunt.
1483 1867 1540 1908 Et
1564 1865 1673 1908 dixit
1692 1866 1766 1917 qui
1786 1864 1907 1907 sede-

1080 1923 1156 1966 bat
1193 1924 1237 1964 in
1272 1923 1448 1965 throno:
1493 1923 1608 1964 Ecce
1643 1935 1758 1964 nova
1795 1921 1907 1963 facio

1081 1981 1236 2022 omnia.
1856 2022 1862 2027 ,

1132 2046 1183 2097 Ιίι.
1203 2045 1264 2086 br.
1293 2045 1403 2088 Haec
1427 2050 1494 2088 est
1514 2045 1670 2087 domus
1690 2044 1905 2086 Domini*

1080 2104 1282 2145 Firmiter
1302 2102 1530 2145 aedificata.
1559 2102 1680 2143 Haec.
1715 2098 1765 2150 V.
1787 2101 1907 2142 Bene

1080 2159 1260 2202 fundata
1287 2165 1354 2202 est
1379 2172 1511 2212 supra
1536 2159 1706 2200 firmam
1724 2162 1907 2210 petram.

1081 2217 1294 2259 Firmiter.
1323 2216 1474 2259 Gloria
1491 2215 1621 2257 Patri.
1648 2216 1768 2256 Haee.

1132 2274 1182 2325 V.
1211 2278 1330 2319 Bene
1354 2277 1536 2319 fundata
1556 2281 1623 2319 est
1642 2275 1799 2318 domus
1818 2275 1905 2316 Do-

1080 2335 1194 2376 mini.
1220 2335 1269 2386 Rv.
1290 2334 1431 2388 Supra
1449 2334 1619 2375 firmam
1637 2337 1818 2385 petram.

1278 2429 1339 2469 In
1364 2428 1426 2469 11.
1455 2426 1707 2477 vesperis.

1132 2497 1235 2532 Ant..
1267 2495 1428 2537 Psalmi,
1454 2495 1576 2538 Cupit.
1602 2500 1637 2528 et
1662 2495 1838 2539 Hymnus
1864 2501 1905 2528 ut

1081 2548 1117 2580 in
1144 2546 1168 2579 Ι.
1197 2544 1387 2593 Vesperis.
1418 2541 1507 2585 [112]

1132 2600 1182 2651 V.
1207 2604 1399 2645 Domum
1421 2607 1542 2644 tuam
1565 2602 1752 2643 Domine
1778 2600 1906 2643 decet

1080 2660 1341 2761 {agileffiuda
1399 2660 1449 2711 R.
1494 2659 1543 2700 In
1588 2657 1904 2710 longitudinem
