2040 2944
787 214 990 249 Dominica
1016 214 1079 247 ΙΙΙ.
1104 212 1292 247 Octobris.

186 324 229 360 et
271 318 462 371 papulus
503 313 760 356 Judaeorum
801 312 1013 353 miserunt

186 388 266 417 nos
291 374 348 416 ad
371 386 451 414 vos
474 374 668 413 statuere
692 369 921 411 vobiscum
946 380 1011 408 so-

187 432 401 478 cietatem,
422 434 465 470 et
482 440 648 481 pacem,
669 431 713 468 et
733 424 1013 467 conscribere

187 501 267 530 nos
292 487 453 535 socios,
482 490 526 526 et
549 486 715 525 amicos
734 487 918 524 vestros.
957 482 1014 523 Et

186 544 350 597 placuit
370 555 513 583 sermo
533 541 577 582 in
593 542 835 593 conspectu
850 541 1014 581 eorum.

187 601 243 641 Et
270 599 356 640 hoc
383 600 645 650 rescriptum
679 602 763 646 est,
802 595 923 648 quod
950 607 1013 636 re-

187 656 456 708 scripserunt
474 655 518 695 in
537 654 699 695 tabulis
719 653 855 702 aereis,
877 657 920 694 et
938 652 1014 692 mi-

188 714 336 754 serunt
355 712 399 752 in
417 711 673 760 Jerusalem,
692 715 740 752 ut
760 714 878 751 esset
896 708 1016 761 apud
1079 717 1094 725 ”

187 781 264 810 eos
288 768 349 810 ibi
371 767 624 809 memoriale
648 767 788 820 pacis,
817 771 860 808 et
880 765 1015 808 socie·

186 825 299 867 tatis.

240 891 291 942 R.
317 886 594 928 Ornaverunt
614 885 781 927 faciem.
801 885 889 925 164.

490 958 642 998 Lectio
662 957 716 996 iii.

273 1035 354 1064 ene
382 1022 437 1063 sit
464 1021 693 1071 Romanis,
729 1026 772 1062 et
800 1020 920 1071 genti
947 1019 1017 1060 Ju-

287 1080 485 1121 daeorum
503 1079 547 1119 in
566 1078 689 1128 mari,
716 1083 759 1120 et
778 1078 821 1118 in
840 1083 957 1119 terra
975 1077 1019 1117 in

189 1139 415 1178 aeternum:
429 1136 692 1188 gladiusque
709 1140 752 1176 et
765 1134 905 1176 hostis
920 1146 1018 1186 pro-

190 1194 260 1235 cul
285 1194 342 1234 sit
370 1193 425 1234 ab
455 1193 528 1234 eis.
583 1191 714 1243 Quod
747 1192 785 1232 si
811 1191 1020 1232 institerit

189 1250 353 1292 bellum
378 1249 591 1291 Romanis
617 1249 758 1301 prius,
787 1253 861 1290 aut
886 1248 1019 1289 omni-

189 1307 272 1349 bus
293 1307 426 1348 sociis
452 1308 603 1348 earum
622 1306 666 1346 in
690 1306 808 1347 omni
827 1305 1020 1347 domina-

191 1364 311 1405 tione
341 1366 510 1405 eorum:
538 1363 748 1404 auxilium
776 1363 887 1404 feret
913 1375 1021 1414 gens

191 1421 215 1462 J
218 1420 464 1470 udaeorum,
484 1425 618 1471 prout
634 1425 809 1472 tempus
830 1418 1019 1461 dictave-

191 1477 263 1527 rit,
296 1477 431 1518 corde
465 1476 614 1529 pleno:
650 1482 693 1518 et
720 1475 1023 1529 praeliantibus

192 1546 281 1574 non
318 1533 499 1583 dabunt,
541 1546 685 1585 neque
723 1533 1022 1575 subministra-

191 1590 301 1631 bunt
315 1590 518 1639 triticum,
538 1603 669 1641 arma,
689 1590 932 1643 pecuniam,
952 1603 1024 1631 na-

193 1659 286 1695 ves,
312 1647 424 1688 sicut
443 1647 611 1700 placuit
632 1647 861 1689 Romanis:
891 1652 934 1689 et
953 1660 1023 1688 cu-

194 1702 387 1745 stadient
410 1703 618 1746 mandata
643 1706 811 1754 eorum,
837 1703 943 1745 nihil
968 1703 1024 1745 ab

195 1760 257 1801 eis
278 1760 555 1813 accipientes.
588 1761 795 1803 Similiter
815 1766 963 1802 autem
983 1765 1026 1801 et

195 1817 232 1858 si
250 1817 370 1868 genti
388 1817 644 1858 JudaeOrum
668 1819 791 1870 prius
817 1816 1027 1859 acciderit

194 1873 367 1923 bellum,
387 1873 654 1925 adjuvabunt
664 1875 854 1916 Romani
869 1887 924 1916 ex
939 1874 1025 1915 ani-

195 1943 286 1980 mo,
318 1936 451 1983 prout
477 1931 538 1972 eis
565 1937 741 1983 tempus
766 1931 1027 1984 permiserit.

249 1994 299 2045 R.
324 1992 375 2032 In
396 1991 579 2043 hymnis.
599 1994 688 2034 164.

510 2070 687 2079 wscnsxsx
694 2072 715 2078 rx

476 2113 504 2150 S
522 2125 547 2150 a
564 2114 590 2150 b
607 2114 634 2150 b
654 2125 679 2150 a
695 2118 711 2149 t
729 2125 753 2150 o

285 2171 370 2201 ante
397 2167 638 2200 Dominicam
663 2165 728 2199 ΙΙΙ.
757 2164 945 2199 Octobris

250 2223 321 2264 Ad
358 2224 529 2273 Magnis.
577 2224 675 2263 Ant.
722 2221 923 2273 Lugebat
958 2234 1028 2262 au-

201 2282 292 2318 tem
319 2277 477 2319 Judam
505 2281 529 2305 *
558 2278 697 2319 Israel
730 2278 911 2332 planctu
943 2291 1030 2319 ma-

202 2345 300 2384 gno,
327 2338 369 2374 et
395 2333 584 2376 dicebat:
612 2334 847 2385 Quemodo
875 2334 1031 2376 cecidi-

204 2389 260 2430 sti
286 2395 443 2441 potens
471 2391 515 2431 in
549 2391 724 2444 praelio,
759 2391 833 2444 qui
862 2391 1032 2432 salvum

204 2445 394 2486 faciebas
414 2447 628 2500 populum
646 2447 846 2489 Demini?

254 2502 304 2555 V.
346 2507 612 2560 Vespertina
649 2510 790 2552 oratio
824 2508 1033 2551 ascendat

206 2562 263 2604 ad
295 2567 339 2603 te
367 2563 565 2606 Domine.
607 2567 658 2616 Rf.
703 2566 761 2607 Et
793 2564 1035 2607 descendat

207 2631 340 2671 super
358 2632 439 2661 nos
457 2621 759 2663 misericordia
777 2627 863 2664 tua.

428 2719 692 2746 *off*

1146 315 1421 364 Dominiea
1443 313 1534 363 ΙΙΙ.
1559 311 1813 363 Octobris,

1305 400 1354 439 In
1382 400 1411 438 Ι.
1441 399 1664 438 Nocturno.

1109 467 1176 506 De
1196 463 1310 505 libro
1327 462 1470 515 primo
1489 459 1858 502 Machabaeorum.

1172 530 1324 571 Lectio
1343 530 1367 569 i.
1636 527 1738 578 Cap.
1758 527 1795 567 9.

1139 595 1340 640 ᾼητὲῑθει
1372 598 1421 634 ut
1454 591 1622 633 audivit
1649 590 1898 632 Demetrius

1072 636 1115 707 {Si
1139 636 1177 708 ῑΓῙ3;’·,
1207 650 1309 703 quia
1335 648 1495 691 cecidit
1519 648 1732 697 Nicanor,
1761 651 1805 689 et
1828 659 1898 688 ex-

1093 708 1095 710 ’
1207 707 1368 748 ercitus
1389 706 1481 757 ejus
1500 705 1544 745 in
1565 704 1737 757 praelio,
1764 705 1899 756 appo-

1070 764 1156 805 suit
1180 761 1467 812 Bacchidem,
1497 767 1539 803 et
1565 761 1785 803 Alcimum
1809 773 1899 802 rur-

1069 833 1167 861 sum
1176 822 1351 862 mittere
1361 820 1405 860 in
1416 819 1441 860 J
1442 818 1627 868 udaeam,
1643 823 1687 860 et
1697 817 1901 859 dextrum

1071 890 1211 919 cornu
1230 890 1330 918 cum
1348 876 1445 916 illis.
1477 875 1535 917 Et
1554 875 1755 917 abierunt
1774 874 1901 924 viam,

1072 946 1171 986 quae
1192 933 1313 975 ducit
1329 933 1374 974 in
1390 931 1586 984 Galgala,
1606 937 1650 973 et
1665 935 1810 973 castra
1823 943 1901 984 po-

1072 992 1254 1032 suerunt
1279 990 1324 1030 in
1351 989 1589 1039 Masaloth,
1630 1001 1729 1041 quae
1765 993 1832 1030 est
1858 988 1902 1028 in

1071 1047 1279 1089 Arbellis:
1308 1051 1351 1088 et
1371 1047 1700 1099 occupaverunt
1719 1058 1830 1095 eam,
1860 1049 1904 1086 et

1071 1106 1352 1158 peremerunt
1370 1104 1537 1145 animas
1555 1102 1782 1144 hominum
1796 1101 1902 1142 mul-

1072 1167 1151 1203 tas.
1192 1162 1244 1202 In
1275 1173 1425 1203 mense
1458 1160 1602 1213 primo
1631 1159 1733 1201 anni
1761 1159 1903 1201 cente-

1073 1219 1171 1260 simi
1190 1224 1233 1260 et
1254 1217 1604 1270 quinquagesimi
1629 1214 1813 1258 secundi
1831 1228 1904 1268 ap-

1072 1275 1322 1328 plicuerunt
1363 1274 1604 1316 exercitum
1640 1273 1697 1314 ad
1733 1273 1758 1314 J
1761 1275 1905 1314 erasa-

1073 1332 1175 1373 lem:
1196 1337 1239 1373 et
1261 1333 1558 1380 surrexerunt,
1579 1334 1622 1372 et
1642 1329 1843 1372 abierunt
1862 1328 1906 1368 in

1074 1389 1262 1430 Beream
1284 1388 1439 1439 viginti
1462 1387 1599 1428 millia
1623 1386 1835 1435 virorum,
1864 1389 1907 1426 et

1075 1445 1164 1487 duo
1189 1445 1325 1486 millia
1351 1444 1558 1496 equitum.
1595 1443 1652 1485 Et
1671 1441 1806 1484 Judas
1830 1454 1907 1495 po-

1075 1505 1224 1543 suerat
1244 1506 1391 1543 castra
1409 1501 1454 1542 in
1472 1501 1620 1550 Laisa,
1647 1504 1690 1541 et
1712 1499 1797 1541 tria
1814 1498 1907 1539 mil-

1074 1558 1134 1600 lia
1155 1558 1238 1600 viri
1265 1558 1394 1600 electi
1419 1571 1519 1599 cum
1543 1570 1613 1599 eo:
1643 1561 1687 1598 et
1706 1555 1909 1598 viderunt

1076 1615 1403 1657 multitudinem
1423 1614 1642 1656 exercitus
1663 1613 1765 1665 quia
1783 1611 1910 1653 multi

1077 1676 1194 1722 sunt,
1222 1677 1266 1713 et
1284 1671 1525 1713 timuerunt
1543 1669 1687 1712 valde:
1717 1674 1762 1711 et
1784 1668 1910 1710 multi

1078 1728 1390 1770 subtraxerunt
1410 1741 1457 1769 se
1482 1727 1537 1770 de
1558 1727 1732 1776 castris,
1759 1731 1803 1768 et
1821 1738 1910 1767 non

1078 1787 1382 1827 remanserunt
1405 1798 1461 1827 ex
1484 1784 1547 1826 eis
1566 1784 1651 1825 nisi
1671 1782 1912 1834 octingenti

1078 1855 1172 1882 vm.

1134 1906 1184 1957 R.
1209 1901 1454 1955 Adaperiat
1472 1901 1700 1943 Deminus.
1719 1901 1807 1942 162.

1388 1988 1541 2029 Lectio
1562 1988 1601 2028 ii.

1158 2068 1177 2105 t
1201 2062 1313 2105 vidit
1331 2061 1470 2104 Judas
1491 2061 1612 2114 quod
1636 2061 1821 2104 defluxit
1840 2074 1911 2103 ex-

1128 2133 1130 2135 ·
1181 2120 1342 2161 ercitus
1368 2132 1489 2169 suus,
1517 2124 1562 2161 et
1580 2119 1745 2161 bellum
1761 2126 1911 2171 ‘perur-

1081 2176 1214 2228 gebat
1235 2189 1350 2225 eum,
1378 2181 1422 2218 et
1449 2176 1701 2218 confractus
1727 2179 1795 2217 est
1820 2187 1913 2217 cor-

1083 2233 1153 2275 de:
1180 2233 1282 2285 quia
1299 2245 1389 2273 non
1406 2232 1600 2275 habebat
1618 2239 1794 2285 tempus
1815 2244 1914 2274 con-

1083 2288 1294 2341 gregandi
1313 2302 1409 2340 eOS,
1429 2295 1472 2331 et
1491 2289 1733 2331 dissolutus
1753 2294 1830 2330 est.
1858 2289 1916 2330 Et

1084 2346 1194 2389 dixit
1213 2345 1297 2395 his,
1319 2346 1393 2398 qui
1412 2346 1578 2388 residui
1596 2350 1734 2387 erant:
1759 2345 1914 2395 Surga-

1083 2416 1197 2452 mus,
1225 2407 1269 2443 et
1293 2405 1443 2444 eamus
1463 2402 1521 2444 ad
1544 2401 1822 2444 adversarios
1840 2413 1915 2442 no-

1086 2466 1213 2508 stros
1233 2459 1271 2499 si
1289 2459 1534 2511 poterimus
1552 2460 1748 2511 pugnare
1764 2456 1916 2499 adver-

1086 2530 1159 2558 sus
1194 2529 1282 2558 eos.
1324 2517 1381 2557 Et
1413 2514 1673 2557 avertebant
1705 2527 1822 2562 eum,
1856 2512 1916 2554 di-

1086 2575 1253 2615 centes:
1283 2572 1387 2614 Non
1414 2571 1676 2624 poterimus,
1706 2569 1786 2611 sed
1813 2569 1917 2611 libe-

1086 2631 1232 2670 remus
1270 2629 1437 2669 animas
1475 2632 1649 2668 nostras
1679 2626 1833 2675 modo,
1874 2631 1918 2667 et

1086 2687 1359 2727 revertamur
1385 2684 1441 2726 ad
1468 2684 1626 2726 fratres
1652 2687 1846 2732 nostros,
1875 2687 1919 2724 et

1086 2747 1191 2783 tunc
1232 2740 1528 2794 pugnabimus
1571 2739 1783 2782 adversus
1825 2751 1918 2781 eos:
