<?xml version="1.0" encoding="UTF-8"?>
<!DOCTYPE html PUBLIC "-//W3C//DTD XHTML 1.0 Transitional//EN"
    "http://www.w3.org/TR/xhtml1/DTD/xhtml1-transitional.dtd">
<html xmlns="http://www.w3.org/1999/xhtml" xml:lang="en" lang="en">
 <head>
  <title>
</title>
<meta http-equiv="Content-Type" content="text/html;charset=utf-8" />
  <meta name='ocr-system' content='tesseract 3.04.00' />
  <meta name='ocr-capabilities' content='ocr_page ocr_carea ocr_par ocr_line ocrx_word'/>
</head>
<body>
  <div class='ocr_page' id='page_1' title='image "./p4breviariumroma00cathuoft_0495.png"; bbox 0 0 2040 2944; ppageno 0'>
   <div class='ocr_carea' id='block_1_1' title="bbox 97 146 135 2829">
    <p class='ocr_par' dir='ltr' id='par_1_1' title="bbox 97 146 135 2829">
     <span class='ocr_line' id='line_1_1' title="bbox 97 146 135 2829; baseline 0 0"><span class='ocrx_word' id='word_1_1' title='bbox 97 146 135 2829; x_wconf 95' lang='lat' dir='ltr'> </span> 
     </span>
    </p>
   </div>
   <div class='ocr_carea' id='block_1_2' title="bbox 624 204 1399 247">
    <p class='ocr_par' dir='ltr' id='par_1_2' title="bbox 624 204 1399 247">
     <span class='ocr_line' id='line_1_2' title="bbox 624 204 1399 247; baseline -0.006 -5"><span class='ocrx_word' id='word_1_2' title='bbox 624 208 697 242; x_wconf 88' lang='lat' dir='ltr'>Die</span> <span class='ocrx_word' id='word_1_3' title='bbox 721 208 780 242; x_wconf 86' lang='lat'>30.</span> <span class='ocrx_word' id='word_1_4' title='bbox 804 207 904 241; x_wconf 73' lang='lat' dir='ltr'>Nov.</span> <span class='ocrx_word' id='word_1_5' title='bbox 951 205 986 240; x_wconf 89' lang='lat' dir='ltr'>S.</span> <span class='ocrx_word' id='word_1_6' title='bbox 1010 205 1180 239; x_wconf 87' lang='lat' dir='ltr'>Andreae</span> <span class='ocrx_word' id='word_1_7' title='bbox 1204 204 1399 247; x_wconf 84' lang='lat' dir='ltr'>Apostoli.</span> 
     </span>
    </p>
   </div>
   <div class='ocr_carea' id='block_1_3' title="bbox 1818 207 1884 243">
    <p class='ocr_par' dir='ltr' id='par_1_3' title="bbox 1818 207 1884 243">
     <span class='ocr_line' id='line_1_3' title="bbox 1818 207 1884 243; baseline -0.015 0"><span class='ocrx_word' id='word_1_8' title='bbox 1818 207 1884 243; x_wconf 88' lang='grc'>467</span> 
     </span>
    </p>
   </div>
   <div class='ocr_carea' id='block_1_4' title="bbox 158 267 1886 282">
    <p class='ocr_par' dir='ltr' id='par_1_4' title="bbox 158 267 1886 282">
     <span class='ocr_line' id='line_1_4' title="bbox 158 267 1886 282; baseline 0 2662"><span class='ocrx_word' id='word_1_9' title='bbox 158 267 1886 282; x_wconf 95' lang='lat' dir='ltr'> </span> 
     </span>
    </p>
   </div>
   <div class='ocr_carea' id='block_1_5' title="bbox 160 305 996 927">
    <p class='ocr_par' dir='ltr' id='par_1_5' title="bbox 160 305 994 462">
     <span class='ocr_line' id='line_1_5' title="bbox 213 305 993 359; baseline -0.004 -9"><span class='ocrx_word' id='word_1_10' title='bbox 213 305 265 358; x_wconf 69' lang='lat' dir='ltr'>V.</span> <span class='ocrx_word' id='word_1_11' title='bbox 293 307 546 348; x_wconf 88' lang='lat' dir='ltr'>Constitues</span> <span class='ocrx_word' id='word_1_12' title='bbox 576 319 652 348; x_wconf 94' lang='lat' dir='ltr'>eos</span> <span class='ocrx_word' id='word_1_13' title='bbox 677 306 900 359; x_wconf 91' lang='lat' dir='ltr'>principes</span> <span class='ocrx_word' id='word_1_14' title='bbox 925 319 993 347; x_wconf 92' lang='lat' dir='ltr'>su-</span> 
     </span>
     <span class='ocr_line' id='line_1_6' title="bbox 160 363 994 418; baseline -0.002 -13"><span class='ocrx_word' id='word_1_15' title='bbox 160 376 241 416; x_wconf 90' lang='lat' dir='ltr'>per</span> <span class='ocrx_word' id='word_1_16' title='bbox 268 376 444 405; x_wconf 92' lang='lat' dir='ltr'>omnem</span> <span class='ocrx_word' id='word_1_17' title='bbox 470 368 645 405; x_wconf 85' lang='lat' dir='ltr'>terram.</span> <span class='ocrx_word' id='word_1_18' title='bbox 691 366 742 418; x_wconf 66' lang='lat' dir='ltr'>R.</span> <span class='ocrx_word' id='word_1_19' title='bbox 772 363 994 404; x_wconf 90' lang='lat' dir='ltr'>Memores</span> 
     </span>
     <span class='ocr_line' id='line_1_7' title="bbox 162 420 803 462; baseline -0.002 -1"><span class='ocrx_word' id='word_1_20' title='bbox 162 425 289 462; x_wconf 92' lang='lat' dir='ltr'>erunt</span> <span class='ocrx_word' id='word_1_21' title='bbox 309 420 498 461; x_wconf 84' lang='lat' dir='ltr'>nominis</span> <span class='ocrx_word' id='word_1_22' title='bbox 517 420 582 461; x_wconf 94' lang='lat' dir='ltr'>tui</span> <span class='ocrx_word' id='word_1_23' title='bbox 601 420 803 462; x_wconf 85' lang='lat' dir='ltr'>Domine.</span> 
     </span>
    </p>

    <p class='ocr_par' dir='ltr' id='par_1_6' title="bbox 160 479 996 927">
     <span class='ocr_line' id='line_1_8' title="bbox 464 479 690 521; baseline -0.009 0"><span class='ocrx_word' id='word_1_24' title='bbox 464 480 617 521; x_wconf 84' lang='lat' dir='ltr'>Lectio</span> <span class='ocrx_word' id='word_1_25' title='bbox 638 479 690 520; x_wconf 88' lang='lat' dir='ltr'>iv.</span> 
     </span>
     <span class='ocr_line' id='line_1_9' title="bbox 172 532 994 586; baseline 0.001 -12"><span class='ocrx_word' id='word_1_26' title='bbox 172 540 219 579; x_wconf 49' lang='lat' dir='ltr'>lis</span> <span class='ocrx_word' id='word_1_27' title='bbox 234 547 297 583; x_wconf 60' lang='lat' dir='ltr'><em>J</em></span> <span class='ocrx_word' id='word_1_28' title='bbox 313 534 473 576; x_wconf 89' lang='lat' dir='ltr'>ndreas</span> <span class='ocrx_word' id='word_1_29' title='bbox 482 532 728 586; x_wconf 80' lang='lat' dir='ltr'>Apestolus</span> <span class='ocrx_word' id='word_1_30' title='bbox 739 532 994 575; x_wconf 84' lang='lat' dir='ltr'>Bethsaidae</span> 
     </span>
     <span class='ocr_line' id='line_1_10' title="bbox 173 586 993 643; baseline -0.006 -7"><span class='ocrx_word' id='word_1_31' title='bbox 173 586 178 621; x_wconf 39' lang='lat'>,¹</span> <span class='ocrx_word' id='word_1_32' title='bbox 331 596 477 640; x_wconf 89' lang='lat' dir='ltr'>natus,</span> <span class='ocrx_word' id='word_1_33' title='bbox 509 590 583 643; x_wconf 91' lang='lat' dir='ltr'>qui</span> <span class='ocrx_word' id='word_1_34' title='bbox 612 594 679 632; x_wconf 87' lang='lat' dir='ltr'>est</span> <span class='ocrx_word' id='word_1_35' title='bbox 707 589 906 632; x_wconf 82' lang='lat' dir='ltr'>Galilaeae</span> <span class='ocrx_word' id='word_1_36' title='bbox 934 590 993 631; x_wconf 89' lang='lat' dir='ltr'>vi-</span> 
     </span>
     <span class='ocr_line' id='line_1_11' title="bbox 178 641 994 699; baseline -0.001 -9.989"><span class='ocrx_word' id='word_1_37' title='bbox 178 641 274 673; x_wconf 23' lang='lat' dir='ltr'>⁷4:sz</span> <span class='ocrx_word' id='word_1_38' title='bbox 332 660 421 697; x_wconf 89' lang='lat' dir='ltr'>cus,</span> <span class='ocrx_word' id='word_1_39' title='bbox 445 647 580 689; x_wconf 87' lang='lat' dir='ltr'>frater</span> <span class='ocrx_word' id='word_1_40' title='bbox 599 647 731 697; x_wconf 90' lang='lat' dir='ltr'>Petri,</span> <span class='ocrx_word' id='word_1_41' title='bbox 751 646 994 699; x_wconf 89' lang='lat' dir='ltr'>discipulus</span> 
     </span>
     <span class='ocr_line' id='line_1_12' title="bbox 160 703 995 756; baseline 0 -11"><span class='ocrx_word' id='word_1_42' title='bbox 160 705 185 745; x_wconf 91' lang='lat' dir='ltr'><strong>J</strong></span> <span class='ocrx_word' id='word_1_43' title='bbox 188 717 342 746; x_wconf 88' lang='lat' dir='ltr'>oanms</span> <span class='ocrx_word' id='word_1_44' title='bbox 378 705 610 756; x_wconf 83' lang='lat' dir='ltr'>Baptistae,</span> <span class='ocrx_word' id='word_1_45' title='bbox 658 716 756 746; x_wconf 93' lang='lat' dir='ltr'>cum</span> <span class='ocrx_word' id='word_1_46' title='bbox 801 716 902 745; x_wconf 92' lang='lat' dir='ltr'>eum</span> <span class='ocrx_word' id='word_1_47' title='bbox 939 703 995 745; x_wconf 93' lang='lat' dir='ltr'>de</span> 
     </span>
     <span class='ocr_line' id='line_1_13' title="bbox 164 760 994 803; baseline -0.001 0"><span class='ocrx_word' id='word_1_48' title='bbox 164 761 340 803; x_wconf 92' lang='lat' dir='ltr'>Christo</span> <span class='ocrx_word' id='word_1_49' title='bbox 373 760 594 803; x_wconf 86' lang='lat' dir='ltr'>dicentem</span> <span class='ocrx_word' id='word_1_50' title='bbox 627 760 838 802; x_wconf 82' lang='lat' dir='ltr'>audisset.</span> <span class='ocrx_word' id='word_1_51' title='bbox 876 761 994 802; x_wconf 91' lang='lat' dir='ltr'>Ecce</span> 
     </span>
     <span class='ocr_line' id='line_1_14' title="bbox 161 817 993 870; baseline 0 -11"><span class='ocrx_word' id='word_1_52' title='bbox 161 817 315 870; x_wconf 87' lang='lat' dir='ltr'>Agnus</span> <span class='ocrx_word' id='word_1_53' title='bbox 351 817 450 868; x_wconf 90' lang='lat' dir='ltr'>Dei;</span> <span class='ocrx_word' id='word_1_54' title='bbox 488 820 668 860; x_wconf 90' lang='lat' dir='ltr'>secutus</span> <span class='ocrx_word' id='word_1_55' title='bbox 706 817 873 868; x_wconf 88' lang='lat' dir='ltr'>Jesum,</span> <span class='ocrx_word' id='word_1_56' title='bbox 912 818 993 859; x_wconf 88' lang='lat' dir='ltr'>fra-</span> 
     </span>
     <span class='ocr_line' id='line_1_15' title="bbox 161 874 996 927; baseline 0 -11"><span class='ocrx_word' id='word_1_57' title='bbox 161 880 274 917; x_wconf 86' lang='lat' dir='ltr'>trem</span> <span class='ocrx_word' id='word_1_58' title='bbox 311 887 488 927; x_wconf 92' lang='lat' dir='ltr'>quoque</span> <span class='ocrx_word' id='word_1_59' title='bbox 530 887 658 916; x_wconf 92' lang='lat' dir='ltr'>suum</span> <span class='ocrx_word' id='word_1_60' title='bbox 695 874 752 916; x_wconf 92' lang='lat' dir='ltr'>ad</span> <span class='ocrx_word' id='word_1_61' title='bbox 790 875 996 916; x_wconf 91' lang='lat' dir='ltr'>eumdem</span> 
     </span>
    </p>
   </div>
   <div class='ocr_carea' id='block_1_6' title="bbox 163 536 309 676">
    <p class='ocr_par' dir='ltr' id='par_1_7' title="bbox 163 536 309 676">
     <span class='ocr_line' id='line_1_16' title="bbox 163 536 309 676; baseline 0 2268"><span class='ocrx_word' id='word_1_62' title='bbox 163 536 309 676; x_wconf 95' lang='lat' dir='ltr'> </span> 
     </span>
    </p>
   </div>
   <div class='ocr_carea' id='block_1_7' title="bbox 160 931 1016 984">
    <p class='ocr_par' dir='ltr' id='par_1_8' title="bbox 160 931 1016 984">
     <span class='ocr_line' id='line_1_17' title="bbox 160 931 1016 984; baseline -0.001 -11"><span class='ocrx_word' id='word_1_63' title='bbox 160 931 382 984; x_wconf 85' lang='lat' dir='ltr'>perduxit:</span> <span class='ocrx_word' id='word_1_64' title='bbox 427 943 527 972; x_wconf 90' lang='lat' dir='ltr'>cum</span> <span class='ocrx_word' id='word_1_65' title='bbox 568 933 728 984; x_wconf 84' lang='lat' dir='ltr'>postea</span> <span class='ocrx_word' id='word_1_66' title='bbox 769 944 855 972; x_wconf 91' lang='lat' dir='ltr'>una</span> <span class='ocrx_word' id='word_1_67' title='bbox 895 935 1016 973; x_wconf 71' lang='lat' dir='ltr'>cum&#39;</span> 
     </span>
    </p>
   </div>
   <div class='ocr_carea' id='block_1_8' title="bbox 129 987 999 2787">
    <p class='ocr_par' dir='ltr' id='par_1_9' title="bbox 160 987 998 2344">
     <span class='ocr_line' id='line_1_18' title="bbox 160 987 995 1040; baseline 0.001 -12"><span class='ocrx_word' id='word_1_68' title='bbox 160 987 294 1029; x_wconf 89' lang='lat' dir='ltr'>fratre</span> <span class='ocrx_word' id='word_1_69' title='bbox 318 988 566 1040; x_wconf 80' lang='lat' dir='ltr'>piscaretur</span> <span class='ocrx_word' id='word_1_70' title='bbox 589 988 634 1028; x_wconf 91' lang='lat' dir='ltr'>in</span> <span class='ocrx_word' id='word_1_71' title='bbox 654 988 765 1029; x_wconf 88' lang='lat' dir='ltr'>mari</span> <span class='ocrx_word' id='word_1_72' title='bbox 785 988 995 1038; x_wconf 80' lang='lat' dir='ltr'>Galilaeae,</span> 
     </span>
     <span class='ocr_line' id='line_1_19' title="bbox 161 1044 996 1098; baseline 0 -12"><span class='ocrx_word' id='word_1_73' title='bbox 161 1044 291 1087; x_wconf 91' lang='lat' dir='ltr'>ambo</span> <span class='ocrx_word' id='word_1_74' title='bbox 321 1058 347 1086; x_wconf 90' lang='lat' dir='ltr'>a</span> <span class='ocrx_word' id='word_1_75' title='bbox 373 1048 671 1098; x_wconf 81' lang='lat' dir='ltr'>praetereunte</span> <span class='ocrx_word' id='word_1_76' title='bbox 700 1045 877 1087; x_wconf 89' lang='lat' dir='ltr'>Christo</span> <span class='ocrx_word' id='word_1_77' title='bbox 905 1045 996 1086; x_wconf 82' lang='lat' dir='ltr'>Do—</span> 
     </span>
     <span class='ocr_line' id='line_1_20' title="bbox 160 1101 996 1154; baseline 0 -12"><span class='ocrx_word' id='word_1_78' title='bbox 160 1101 280 1143; x_wconf 91' lang='lat' dir='ltr'>mino</span> <span class='ocrx_word' id='word_1_79' title='bbox 310 1107 412 1144; x_wconf 90' lang='lat' dir='ltr'>ante</span> <span class='ocrx_word' id='word_1_80' title='bbox 439 1101 552 1144; x_wconf 90' lang='lat' dir='ltr'>alios</span> <span class='ocrx_word' id='word_1_81' title='bbox 576 1101 822 1154; x_wconf 79' lang='lat' dir='ltr'>Apestolos</span> <span class='ocrx_word' id='word_1_82' title='bbox 848 1102 996 1144; x_wconf 88' lang='lat' dir='ltr'>vocati</span> 
     </span>
     <span class='ocr_line' id='line_1_21' title="bbox 160 1158 996 1212; baseline 0.002 -14"><span class='ocrx_word' id='word_1_83' title='bbox 160 1158 245 1199; x_wconf 91' lang='lat' dir='ltr'>illis</span> <span class='ocrx_word' id='word_1_84' title='bbox 260 1158 422 1200; x_wconf 86' lang='lat' dir='ltr'>verbis:</span> <span class='ocrx_word' id='word_1_85' title='bbox 441 1159 603 1200; x_wconf 87' lang='lat' dir='ltr'>Venite</span> <span class='ocrx_word' id='word_1_86' title='bbox 618 1163 723 1212; x_wconf 92' lang='lat' dir='ltr'>post</span> <span class='ocrx_word' id='word_1_87' title='bbox 736 1171 818 1209; x_wconf 91' lang='lat' dir='ltr'>me,</span> <span class='ocrx_word' id='word_1_88' title='bbox 837 1159 996 1200; x_wconf 90' lang='lat' dir='ltr'>faciam</span> 
     </span>
     <span class='ocr_line' id='line_1_22' title="bbox 161 1215 994 1268; baseline 0.001 -13"><span class='ocrx_word' id='word_1_89' title='bbox 161 1228 242 1256; x_wconf 89' lang='lat' dir='ltr'>vos</span> <span class='ocrx_word' id='word_1_90' title='bbox 261 1215 358 1256; x_wconf 91' lang='lat' dir='ltr'>fieri</span> <span class='ocrx_word' id='word_1_91' title='bbox 376 1216 623 1268; x_wconf 72' lang='lat' dir='ltr'>piscatOres</span> <span class='ocrx_word' id='word_1_92' title='bbox 642 1215 884 1266; x_wconf 82' lang='lat' dir='ltr'>hominum3</span> <span class='ocrx_word' id='word_1_93' title='bbox 903 1215 994 1257; x_wconf 93' lang='lat' dir='ltr'>nul-</span> 
     </span>
     <span class='ocr_line' id='line_1_23' title="bbox 160 1271 995 1325; baseline 0.002 -13"><span class='ocrx_word' id='word_1_94' title='bbox 160 1271 249 1312; x_wconf 93' lang='lat' dir='ltr'>lam</span> <span class='ocrx_word' id='word_1_95' title='bbox 267 1272 600 1325; x_wconf 75' lang='lat' dir='ltr'>interponentes</span> <span class='ocrx_word' id='word_1_96' title='bbox 620 1285 809 1323; x_wconf 87' lang='lat' dir='ltr'>moram,</span> <span class='ocrx_word' id='word_1_97' title='bbox 837 1277 880 1314; x_wconf 94' lang='lat' dir='ltr'>et</span> <span class='ocrx_word' id='word_1_98' title='bbox 899 1272 995 1314; x_wconf 87' lang='lat' dir='ltr'>reli-</span> 
     </span>
     <span class='ocr_line' id='line_1_24' title="bbox 162 1328 996 1371; baseline 0.001 -2"><span class='ocrx_word' id='word_1_99' title='bbox 162 1328 244 1370; x_wconf 93' lang='lat' dir='ltr'>ctis</span> <span class='ocrx_word' id='word_1_100' title='bbox 268 1328 435 1371; x_wconf 90' lang='lat' dir='ltr'>retibus</span> <span class='ocrx_word' id='word_1_101' title='bbox 460 1329 600 1371; x_wconf 90' lang='lat' dir='ltr'>secuti</span> <span class='ocrx_word' id='word_1_102' title='bbox 619 1333 720 1371; x_wconf 92' lang='lat' dir='ltr'>sunt</span> <span class='ocrx_word' id='word_1_103' title='bbox 740 1341 852 1370; x_wconf 91' lang='lat' dir='ltr'>eum.</span> <span class='ocrx_word' id='word_1_104' title='bbox 886 1329 996 1371; x_wconf 93' lang='lat' dir='ltr'>Post</span> 
     </span>
     <span class='ocr_line' id='line_1_25' title="bbox 162 1385 995 1438; baseline 0.002 -12"><span class='ocrx_word' id='word_1_105' title='bbox 162 1385 284 1437; x_wconf 90' lang='lat' dir='ltr'>cujus</span> <span class='ocrx_word' id='word_1_106' title='bbox 329 1385 583 1438; x_wconf 81' lang='lat' dir='ltr'>passionem</span> <span class='ocrx_word' id='word_1_107' title='bbox 625 1391 670 1428; x_wconf 92' lang='lat' dir='ltr'>et</span> <span class='ocrx_word' id='word_1_108' title='bbox 711 1386 995 1428; x_wconf 83' lang='lat' dir='ltr'>resurrectio-</span> 
     </span>
     <span class='ocr_line' id='line_1_26' title="bbox 162 1441 996 1495; baseline 0.002 -13"><span class='ocrx_word' id='word_1_109' title='bbox 162 1454 280 1492; x_wconf 88' lang='lat' dir='ltr'>nem,</span> <span class='ocrx_word' id='word_1_110' title='bbox 312 1441 532 1493; x_wconf 79' lang='lat' dir='ltr'>Andreas,</span> <span class='ocrx_word' id='word_1_111' title='bbox 565 1455 664 1484; x_wconf 91' lang='lat' dir='ltr'>cum</span> <span class='ocrx_word' id='word_1_112' title='bbox 695 1443 740 1484; x_wconf 93' lang='lat' dir='ltr'>in</span> <span class='ocrx_word' id='word_1_113' title='bbox 771 1442 996 1495; x_wconf 72' lang='lat' dir='ltr'>Scythiam</span> 
     </span>
     <span class='ocr_line' id='line_1_27' title="bbox 161 1498 994 1553; baseline 0.004 -14"><span class='ocrx_word' id='word_1_114' title='bbox 161 1498 366 1552; x_wconf 82' lang='lat' dir='ltr'>Eur6pae,</span> <span class='ocrx_word' id='word_1_115' title='bbox 387 1512 486 1552; x_wconf 89' lang='lat' dir='ltr'>quae</span> <span class='ocrx_word' id='word_1_116' title='bbox 503 1499 543 1542; x_wconf 89' lang='lat' dir='ltr'>ei</span> <span class='ocrx_word' id='word_1_117' title='bbox 555 1500 785 1553; x_wconf 87' lang='lat' dir='ltr'>provincia</span> <span class='ocrx_word' id='word_1_118' title='bbox 802 1499 859 1542; x_wconf 93' lang='lat' dir='ltr'>ad</span> <span class='ocrx_word' id='word_1_119' title='bbox 875 1500 994 1542; x_wconf 93' lang='lat' dir='ltr'>Chri-</span> 
     </span>
     <span class='ocr_line' id='line_1_28' title="bbox 162 1554 994 1608; baseline 0.004 -12"><span class='ocrx_word' id='word_1_120' title='bbox 162 1555 219 1597; x_wconf 87' lang='lat' dir='ltr'>sti</span> <span class='ocrx_word' id='word_1_121' title='bbox 251 1554 386 1597; x_wconf 91' lang='lat' dir='ltr'>fidem</span> <span class='ocrx_word' id='word_1_122' title='bbox 422 1556 796 1599; x_wconf 74' lang='lat' dir='ltr'>disseminandam</span> <span class='ocrx_word' id='word_1_123' title='bbox 828 1557 994 1608; x_wconf 86' lang='lat' dir='ltr'>obtige-</span> 
     </span>
     <span class='ocr_line' id='line_1_29' title="bbox 161 1613 996 1667; baseline 0.005 -15"><span class='ocrx_word' id='word_1_124' title='bbox 161 1617 247 1662; x_wconf 89' lang='lat' dir='ltr'>rat,</span> <span class='ocrx_word' id='word_1_125' title='bbox 285 1615 495 1663; x_wconf 91' lang='lat' dir='ltr'>venisset‚</span> <span class='ocrx_word' id='word_1_126' title='bbox 536 1613 695 1656; x_wconf 86' lang='lat' dir='ltr'>deinde</span> <span class='ocrx_word' id='word_1_127' title='bbox 728 1615 912 1667; x_wconf 85' lang='lat' dir='ltr'>Epirum</span> <span class='ocrx_word' id='word_1_128' title='bbox 945 1627 996 1656; x_wconf 88' lang='lat' dir='ltr'>ac</span> 
     </span>
     <span class='ocr_line' id='line_1_30' title="bbox 162 1668 996 1722; baseline 0.005 -13"><span class='ocrx_word' id='word_1_129' title='bbox 162 1668 401 1710; x_wconf 90' lang='lat' dir='ltr'>Thraciam</span> <span class='ocrx_word' id='word_1_130' title='bbox 418 1673 714 1722; x_wconf 73' lang='lat' dir='ltr'>peragrasset,</span> <span class='ocrx_word' id='word_1_131' title='bbox 734 1670 936 1712; x_wconf 87' lang='lat' dir='ltr'>doctrina</span> <span class='ocrx_word' id='word_1_132' title='bbox 953 1676 996 1713; x_wconf 91' lang='lat' dir='ltr'>et</span> 
     </span>
     <span class='ocr_line' id='line_1_31' title="bbox 162 1725 996 1770; baseline 0.004 -4"><span class='ocrx_word' id='word_1_133' title='bbox 162 1725 387 1767; x_wconf 75' lang='lat' dir='ltr'>miraculis</span> <span class='ocrx_word' id='word_1_134' title='bbox 423 1726 763 1769; x_wconf 90' lang='lat' dir='ltr'>innumerabiles</span> <span class='ocrx_word' id='word_1_135' title='bbox 794 1727 996 1770; x_wconf 83' lang='lat' dir='ltr'>homines</span> 
     </span>
     <span class='ocr_line' id='line_1_32' title="bbox 163 1780 995 1826; baseline 0.004 -3"><span class='ocrx_word' id='word_1_136' title='bbox 163 1780 221 1823; x_wconf 88' lang='lat' dir='ltr'>ad</span> <span class='ocrx_word' id='word_1_137' title='bbox 254 1781 478 1824; x_wconf 91' lang='lat' dir='ltr'>Christum</span> <span class='ocrx_word' id='word_1_138' title='bbox 509 1783 737 1825; x_wconf 88' lang='lat' dir='ltr'>convertit.</span> <span class='ocrx_word' id='word_1_139' title='bbox 776 1784 885 1825; x_wconf 89' lang='lat' dir='ltr'>Post</span> <span class='ocrx_word' id='word_1_140' title='bbox 915 1785 995 1826; x_wconf 92' lang='lat' dir='ltr'>Pa-</span> 
     </span>
     <span class='ocr_line' id='line_1_33' title="bbox 162 1838 997 1893; baseline 0.004 -13"><span class='ocrx_word' id='word_1_141' title='bbox 162 1843 254 1880; x_wconf 91' lang='lat' dir='ltr'>tras</span> <span class='ocrx_word' id='word_1_142' title='bbox 286 1838 468 1892; x_wconf 89' lang='lat' dir='ltr'>Achajae</span> <span class='ocrx_word' id='word_1_143' title='bbox 506 1840 749 1893; x_wconf 80' lang='lat' dir='ltr'>profectuS,</span> <span class='ocrx_word' id='word_1_144' title='bbox 789 1845 833 1882; x_wconf 94' lang='lat' dir='ltr'>et</span> <span class='ocrx_word' id='word_1_145' title='bbox 869 1841 912 1882; x_wconf 93' lang='lat' dir='ltr'>in</span> <span class='ocrx_word' id='word_1_146' title='bbox 945 1854 997 1883; x_wconf 87' lang='lat' dir='ltr'>ea</span> 
     </span>
     <span class='ocr_line' id='line_1_34' title="bbox 163 1894 996 1948; baseline 0.004 -12"><span class='ocrx_word' id='word_1_147' title='bbox 163 1894 273 1938; x_wconf 91' lang='lat' dir='ltr'>urbe</span> <span class='ocrx_word' id='word_1_148' title='bbox 301 1895 502 1948; x_wconf 81' lang='lat' dir='ltr'>plurimis</span> <span class='ocrx_word' id='word_1_149' title='bbox 531 1895 589 1939; x_wconf 92' lang='lat' dir='ltr'>ad</span> <span class='ocrx_word' id='word_1_150' title='bbox 610 1897 844 1939; x_wconf 89' lang='lat' dir='ltr'>veritatem</span> <span class='ocrx_word' id='word_1_151' title='bbox 869 1911 996 1940; x_wconf 88' lang='lat' dir='ltr'>evan-</span> 
     </span>
     <span class='ocr_line' id='line_1_35' title="bbox 163 1951 996 2008; baseline 0.004 -15"><span class='ocrx_word' id='word_1_152' title='bbox 163 1951 350 2003; x_wconf 88' lang='lat' dir='ltr'>gelicam</span> <span class='ocrx_word' id='word_1_153' title='bbox 382 1952 628 2006; x_wconf 90' lang='lat' dir='ltr'>perductis,</span> <span class='ocrx_word' id='word_1_154' title='bbox 672 1955 861 2005; x_wconf 88' lang='lat' dir='ltr'>AEgeam</span> <span class='ocrx_word' id='word_1_155' title='bbox 895 1968 996 2008; x_wconf 92' lang='lat' dir='ltr'>pro-</span> 
     </span>
     <span class='ocr_line' id='line_1_36' title="bbox 164 2009 996 2063; baseline 0.002 -13"><span class='ocrx_word' id='word_1_156' title='bbox 164 2009 405 2059; x_wconf 83' lang='lat' dir='ltr'>censulem,</span> <span class='ocrx_word' id='word_1_157' title='bbox 441 2009 749 2063; x_wconf 75' lang='lat' dir='ltr'>praedicatieni</span> <span class='ocrx_word' id='word_1_158' title='bbox 781 2011 996 2063; x_wconf 86' lang='lat' dir='ltr'>evangeli-</span> 
     </span>
     <span class='ocr_line' id='line_1_37' title="bbox 165 2066 996 2121; baseline 0.004 -15"><span class='ocrx_word' id='word_1_159' title='bbox 165 2078 230 2107; x_wconf 88' lang='lat' dir='ltr'>cae</span> <span class='ocrx_word' id='word_1_160' title='bbox 248 2066 538 2117; x_wconf 87' lang='lat' dir='ltr'>resistentem,</span> <span class='ocrx_word' id='word_1_161' title='bbox 557 2067 780 2109; x_wconf 92' lang='lat' dir='ltr'>liberrime</span> <span class='ocrx_word' id='word_1_162' title='bbox 798 2067 996 2121; x_wconf 90' lang='lat' dir='ltr'>increpa-</span> 
     </span>
     <span class='ocr_line' id='line_1_38' title="bbox 164 2122 997 2176; baseline 0.004 -13"><span class='ocrx_word' id='word_1_163' title='bbox 164 2122 242 2173; x_wconf 86' lang='lat' dir='ltr'>vit,</span> <span class='ocrx_word' id='word_1_164' title='bbox 269 2123 407 2175; x_wconf 92' lang='lat' dir='ltr'>quod,</span> <span class='ocrx_word' id='word_1_165' title='bbox 434 2124 509 2176; x_wconf 92' lang='lat' dir='ltr'>qui</span> <span class='ocrx_word' id='word_1_166' title='bbox 527 2123 659 2176; x_wconf 78' lang='lat' dir='ltr'>iudex</span> <span class='ocrx_word' id='word_1_167' title='bbox 677 2123 906 2166; x_wconf 85' lang='lat' dir='ltr'>hominum</span> <span class='ocrx_word' id='word_1_168' title='bbox 923 2125 997 2166; x_wconf 89' lang='lat' dir='ltr'>ha-</span> 
     </span>
     <span class='ocr_line' id='line_1_39' title="bbox 164 2177 996 2230; baseline 0.004 -10"><span class='ocrx_word' id='word_1_169' title='bbox 164 2177 261 2220; x_wconf 89' lang='lat' dir='ltr'>beri</span> <span class='ocrx_word' id='word_1_170' title='bbox 278 2179 425 2230; x_wconf 92' lang='lat' dir='ltr'>vellet,</span> <span class='ocrx_word' id='word_1_171' title='bbox 455 2179 679 2222; x_wconf 89' lang='lat' dir='ltr'>Christum</span> <span class='ocrx_word' id='word_1_172' title='bbox 697 2181 843 2223; x_wconf 93' lang='lat' dir='ltr'>Deum</span> <span class='ocrx_word' id='word_1_173' title='bbox 863 2183 996 2223; x_wconf 82' lang='lat' dir='ltr'>emni-</span> 
     </span>
     <span class='ocr_line' id='line_1_40' title="bbox 165 2236 998 2288; baseline 0.005 -12"><span class='ocrx_word' id='word_1_174' title='bbox 165 2249 239 2277; x_wconf 93' lang='lat' dir='ltr'>um</span> <span class='ocrx_word' id='word_1_175' title='bbox 267 2236 457 2288; x_wconf 87' lang='lat' dir='ltr'>judicem</span> <span class='ocrx_word' id='word_1_176' title='bbox 489 2250 515 2278; x_wconf 85' lang='lat' dir='ltr'>a</span> <span class='ocrx_word' id='word_1_177' title='bbox 546 2236 821 2280; x_wconf 83' lang='lat' dir='ltr'>daemonibus</span> <span class='ocrx_word' id='word_1_178' title='bbox 850 2238 998 2280; x_wconf 91' lang='lat' dir='ltr'>elusus</span> 
     </span>
     <span class='ocr_line' id='line_1_41' title="bbox 164 2295 544 2344; baseline 0.003 -11"><span class='ocrx_word' id='word_1_179' title='bbox 164 2305 254 2334; x_wconf 92' lang='lat' dir='ltr'>non</span> <span class='ocrx_word' id='word_1_180' title='bbox 273 2295 544 2344; x_wconf 83' lang='lat' dir='ltr'>agnosceret.</span> 
     </span>
    </p>

    <p class='ocr_par' dir='ltr' id='par_1_10' title="bbox 129 2349 999 2787">
     <span class='ocr_line' id='line_1_42' title="bbox 221 2349 998 2404; baseline 0.001 -13"><span class='ocrx_word' id='word_1_181' title='bbox 221 2352 273 2404; x_wconf 74' lang='lat' dir='ltr'>R.</span> <span class='ocrx_word' id='word_1_182' title='bbox 295 2350 443 2392; x_wconf 91' lang='lat' dir='ltr'>Homo</span> <span class='ocrx_word' id='word_1_183' title='bbox 463 2350 548 2392; x_wconf 92' lang='lat' dir='ltr'>Dei</span> <span class='ocrx_word' id='word_1_184' title='bbox 571 2349 815 2392; x_wconf 76' lang='lat' dir='ltr'>ducebatur</span> <span class='ocrx_word' id='word_1_185' title='bbox 837 2355 885 2393; x_wconf 94' lang='lat' dir='ltr'>ut</span> <span class='ocrx_word' id='word_1_186' title='bbox 904 2364 998 2392; x_wconf 92' lang='lat' dir='ltr'>cru-</span> 
     </span>
     <span class='ocr_line' id='line_1_43' title="bbox 167 2405 998 2460; baseline 0.004 -15"><span class='ocrx_word' id='word_1_187' title='bbox 167 2405 394 2456; x_wconf 87' lang='lat' dir='ltr'>cifigerent</span> <span class='ocrx_word' id='word_1_188' title='bbox 409 2419 525 2448; x_wconf 88' lang='lat' dir='ltr'>eum:</span> <span class='ocrx_word' id='word_1_189' title='bbox 543 2407 737 2460; x_wconf 80' lang='lat' dir='ltr'>pepulus</span> <span class='ocrx_word' id='word_1_190' title='bbox 752 2411 899 2448; x_wconf 91' lang='lat' dir='ltr'>autem</span> <span class='ocrx_word' id='word_1_191' title='bbox 914 2407 998 2448; x_wconf 91' lang='lat' dir='ltr'>cla-</span> 
     </span>
     <span class='ocr_line' id='line_1_44' title="bbox 167 2461 998 2514; baseline 0.001 -11"><span class='ocrx_word' id='word_1_192' title='bbox 167 2461 317 2504; x_wconf 87' lang='lat' dir='ltr'>mabat</span> <span class='ocrx_word' id='word_1_193' title='bbox 342 2475 453 2504; x_wconf 91' lang='lat' dir='ltr'>voce</span> <span class='ocrx_word' id='word_1_194' title='bbox 481 2476 654 2514; x_wconf 87' lang='lat' dir='ltr'>magna,</span> <span class='ocrx_word' id='word_1_195' title='bbox 683 2463 850 2505; x_wconf 91' lang='lat' dir='ltr'>dicens:</span> <span class='ocrx_word' id='word_1_196' title='bbox 878 2463 901 2489; x_wconf 86' lang='lat'>*</span> <span class='ocrx_word' id='word_1_197' title='bbox 929 2464 998 2504; x_wconf 93' lang='lat' dir='ltr'>In-</span> 
     </span>
     <span class='ocr_line' id='line_1_45' title="bbox 167 2520 998 2571; baseline 0.004 -13"><span class='ocrx_word' id='word_1_198' title='bbox 167 2530 332 2559; x_wconf 91' lang='lat' dir='ltr'>nocens</span> <span class='ocrx_word' id='word_1_199' title='bbox 352 2520 443 2571; x_wconf 90' lang='lat' dir='ltr'>ejus</span> <span class='ocrx_word' id='word_1_200' title='bbox 461 2520 638 2571; x_wconf 88' lang='lat' dir='ltr'>sanguis</span> <span class='ocrx_word' id='word_1_201' title='bbox 660 2520 752 2561; x_wconf 92' lang='lat' dir='ltr'>sine</span> <span class='ocrx_word' id='word_1_202' title='bbox 773 2533 907 2561; x_wconf 89' lang='lat' dir='ltr'>causa</span> <span class='ocrx_word' id='word_1_203' title='bbox 926 2520 998 2561; x_wconf 89' lang='lat' dir='ltr'>da-</span> 
     </span>
     <span class='ocr_line' id='line_1_46' title="bbox 167 2572 999 2628; baseline 0.004 -14"><span class='ocrx_word' id='word_1_204' title='bbox 167 2576 351 2616; x_wconf 90' lang='lat' dir='ltr'>mnatur.</span> <span class='ocrx_word' id='word_1_205' title='bbox 381 2572 432 2624; x_wconf 62' lang='lat' dir='ltr'>V.</span> <span class='ocrx_word' id='word_1_206' title='bbox 450 2577 647 2628; x_wconf 91' lang='lat' dir='ltr'>Cumque</span> <span class='ocrx_word' id='word_1_207' title='bbox 668 2577 880 2618; x_wconf 85' lang='lat' dir='ltr'>ducerent</span> <span class='ocrx_word' id='word_1_208' title='bbox 899 2589 999 2617; x_wconf 93' lang='lat' dir='ltr'>eum</span> 
     </span>
     <span class='ocr_line' id='line_1_47' title="bbox 129 2631 998 2683; baseline 0.005 -14"><span class='ocrx_word' id='word_1_209' title='bbox 129 2662 133 2668; x_wconf 94' lang='lat'><em>.</em></span> <span class='ocrx_word' id='word_1_210' title='bbox 168 2634 217 2671; x_wconf 92' lang='lat' dir='ltr'>ut</span> <span class='ocrx_word' id='word_1_211' title='bbox 244 2631 587 2683; x_wconf 86' lang='lat' dir='ltr'>crucifigeretur,</span> <span class='ocrx_word' id='word_1_212' title='bbox 626 2634 768 2675; x_wconf 89' lang='lat' dir='ltr'>factus</span> <span class='ocrx_word' id='word_1_213' title='bbox 802 2638 869 2674; x_wconf 92' lang='lat' dir='ltr'>est</span> <span class='ocrx_word' id='word_1_214' title='bbox 898 2645 998 2674; x_wconf 92' lang='lat' dir='ltr'>con-</span> 
     </span>
     <span class='ocr_line' id='line_1_48' title="bbox 170 2689 999 2740; baseline 0.005 -14"><span class='ocrx_word' id='word_1_215' title='bbox 170 2689 324 2727; x_wconf 84' lang='lat' dir='ltr'>cursus</span> <span class='ocrx_word' id='word_1_216' title='bbox 344 2689 612 2740; x_wconf 81' lang='lat' dir='ltr'>populorum</span> <span class='ocrx_word' id='word_1_217' title='bbox 633 2689 930 2739; x_wconf 79' lang='lat' dir='ltr'>clamantium,</span> <span class='ocrx_word' id='word_1_218' title='bbox 955 2694 999 2730; x_wconf 91' lang='lat' dir='ltr'>et</span> 
     </span>
     <span class='ocr_line' id='line_1_49' title="bbox 170 2741 676 2787; baseline 0.008 -4"><span class='ocrx_word' id='word_1_219' title='bbox 170 2741 420 2784; x_wconf 88' lang='lat' dir='ltr'>dicentium.</span> <span class='ocrx_word' id='word_1_220' title='bbox 446 2744 676 2787; x_wconf 84' lang='lat' dir='ltr'>Innocens.</span> 
     </span>
    </p>
   </div>
   <div class='ocr_carea' id='block_1_9' title="bbox 1046 299 1887 2800">
    <p class='ocr_par' dir='ltr' id='par_1_11' title="bbox 1363 299 1574 340">
     <span class='ocr_line' id='line_1_50' title="bbox 1363 299 1574 340; baseline -0.009 0"><span class='ocrx_word' id='word_1_221' title='bbox 1363 299 1515 340; x_wconf 91' lang='lat' dir='ltr'>Lectio</span> <span class='ocrx_word' id='word_1_222' title='bbox 1536 312 1574 339; x_wconf 89' lang='lat' dir='ltr'>v.</span> 
     </span>
    </p>

    <p class='ocr_par' dir='ltr' id='par_1_12' title="bbox 1050 352 1883 457">
     <span class='ocr_line' id='line_1_51' title="bbox 1050 352 1883 457; baseline 0 -55"><span class='ocrx_word' id='word_1_223' title='bbox 1050 352 1209 457; x_wconf 86' lang='lat' dir='ltr'>Tum</span> <span class='ocrx_word' id='word_1_224' title='bbox 1227 362 1392 413; x_wconf 87' lang='lat' dir='ltr'>AEgeas</span> <span class='ocrx_word' id='word_1_225' title='bbox 1419 361 1575 412; x_wconf 89' lang='lat' dir='ltr'>iratus,</span> <span class='ocrx_word' id='word_1_226' title='bbox 1606 361 1788 412; x_wconf 90' lang='lat' dir='ltr'>Desine,</span> <span class='ocrx_word' id='word_1_227' title='bbox 1823 362 1883 402; x_wconf 92' lang='lat' dir='ltr'>in-</span> 
     </span>
    </p>

    <p class='ocr_par' dir='ltr' id='par_1_13' title="bbox 1046 418 1887 1837">
     <span class='ocr_line' id='line_1_52' title="bbox 1140 418 1884 471; baseline -0.001 -11"><span class='ocrx_word' id='word_1_228' title='bbox 1140 419 1251 471; x_wconf 92' lang='lat' dir='ltr'>quit,</span> <span class='ocrx_word' id='word_1_229' title='bbox 1280 419 1503 460; x_wconf 91' lang='lat' dir='ltr'>Christum</span> <span class='ocrx_word' id='word_1_230' title='bbox 1526 419 1706 471; x_wconf 77' lang='lat' dir='ltr'>iactare,</span> <span class='ocrx_word' id='word_1_231' title='bbox 1736 418 1807 460; x_wconf 91' lang='lat' dir='ltr'>cui</span> <span class='ocrx_word' id='word_1_232' title='bbox 1831 419 1884 459; x_wconf 92' lang='lat' dir='ltr'>si-</span> 
     </span>
     <span class='ocr_line' id='line_1_53' title="bbox 1046 475 1884 529; baseline -0.001 -11"><span class='ocrx_word' id='word_1_233' title='bbox 1046 477 1167 518; x_wconf 84' lang='lat' dir='ltr'>milia</span> <span class='ocrx_word' id='word_1_234' title='bbox 1191 476 1328 518; x_wconf 90' lang='lat' dir='ltr'>verba</span> <span class='ocrx_word' id='word_1_235' title='bbox 1354 475 1461 517; x_wconf 91' lang='lat' dir='ltr'>nihil</span> <span class='ocrx_word' id='word_1_236' title='bbox 1486 476 1765 529; x_wconf 87' lang='lat' dir='ltr'>profuerunt,</span> <span class='ocrx_word' id='word_1_237' title='bbox 1795 488 1884 527; x_wconf 95' lang='lat' dir='ltr'>quo</span> 
     </span>
     <span class='ocr_line' id='line_1_54' title="bbox 1046 532 1884 584; baseline 0 -10"><span class='ocrx_word' id='word_1_238' title='bbox 1046 533 1189 574; x_wconf 81' lang='lat' dir='ltr'>minus</span> <span class='ocrx_word' id='word_1_239' title='bbox 1210 546 1236 574; x_wconf 91' lang='lat' dir='ltr'>a</span> <span class='ocrx_word' id='word_1_240' title='bbox 1249 533 1274 574; x_wconf 89' lang='lat' dir='ltr'><strong>J</strong></span> <span class='ocrx_word' id='word_1_241' title='bbox 1276 532 1416 575; x_wconf 81' lang='lat' dir='ltr'>udaeis</span> <span class='ocrx_word' id='word_1_242' title='bbox 1436 532 1777 584; x_wconf 89' lang='lat' dir='ltr'>crucifigeretur.</span> <span class='ocrx_word' id='word_1_243' title='bbox 1797 533 1884 574; x_wconf 91' lang='lat' dir='ltr'>An-</span> 
     </span>
     <span class='ocr_line' id='line_1_55' title="bbox 1047 589 1884 632; baseline -0.002 0"><span class='ocrx_word' id='word_1_244' title='bbox 1047 590 1199 632; x_wconf 89' lang='lat' dir='ltr'>dream</span> <span class='ocrx_word' id='word_1_245' title='bbox 1230 602 1337 631; x_wconf 91' lang='lat' dir='ltr'>vero</span> <span class='ocrx_word' id='word_1_246' title='bbox 1371 589 1427 631; x_wconf 92' lang='lat' dir='ltr'>de</span> <span class='ocrx_word' id='word_1_247' title='bbox 1461 589 1637 631; x_wconf 92' lang='lat' dir='ltr'>Christo</span> <span class='ocrx_word' id='word_1_248' title='bbox 1670 589 1884 631; x_wconf 84' lang='lat' dir='ltr'>nihilomi-</span> 
     </span>
     <span class='ocr_line' id='line_1_56' title="bbox 1046 646 1885 700; baseline 0.001 -13"><span class='ocrx_word' id='word_1_249' title='bbox 1046 660 1129 688; x_wconf 90' lang='lat' dir='ltr'>nus</span> <span class='ocrx_word' id='word_1_250' title='bbox 1152 646 1290 689; x_wconf 88' lang='lat' dir='ltr'>libere</span> <span class='ocrx_word' id='word_1_251' title='bbox 1314 646 1634 700; x_wconf 82' lang='lat' dir='ltr'>praedicantem</span> <span class='ocrx_word' id='word_1_252' title='bbox 1655 646 1775 699; x_wconf 93' lang='lat' dir='ltr'>quod</span> <span class='ocrx_word' id='word_1_253' title='bbox 1799 660 1885 699; x_wconf 93' lang='lat' dir='ltr'>pro</span> 
     </span>
     <span class='ocr_line' id='line_1_57' title="bbox 1047 703 1884 754; baseline 0 -9"><span class='ocrx_word' id='word_1_254' title='bbox 1047 704 1190 746; x_wconf 89' lang='lat' dir='ltr'>salute</span> <span class='ocrx_word' id='word_1_255' title='bbox 1222 703 1402 745; x_wconf 90' lang='lat' dir='ltr'>humani</span> <span class='ocrx_word' id='word_1_256' title='bbox 1433 704 1606 754; x_wconf 85' lang='lat' dir='ltr'>generis</span> <span class='ocrx_word' id='word_1_257' title='bbox 1638 716 1686 745; x_wconf 92' lang='lat' dir='ltr'>se</span> <span class='ocrx_word' id='word_1_258' title='bbox 1715 704 1884 745; x_wconf 92' lang='lat' dir='ltr'>crucifi-</span> 
     </span>
     <span class='ocr_line' id='line_1_58' title="bbox 1047 760 1885 814; baseline 0.002 -13"><span class='ocrx_word' id='word_1_259' title='bbox 1047 760 1240 811; x_wconf 90' lang='lat' dir='ltr'>gendum</span> <span class='ocrx_word' id='word_1_260' title='bbox 1261 760 1510 812; x_wconf 85' lang='lat' dir='ltr'>obtulisset,</span> <span class='ocrx_word' id='word_1_261' title='bbox 1528 761 1665 814; x_wconf 91' lang='lat' dir='ltr'>impia</span> <span class='ocrx_word' id='word_1_262' title='bbox 1685 761 1885 803; x_wconf 84' lang='lat' dir='ltr'>oratione</span> 
     </span>
     <span class='ocr_line' id='line_1_59' title="bbox 1047 817 1887 870; baseline 0.001 -12"><span class='ocrx_word' id='word_1_263' title='bbox 1047 817 1310 870; x_wconf 90' lang='lat' dir='ltr'>interpellat,</span> <span class='ocrx_word' id='word_1_264' title='bbox 1333 831 1384 859; x_wconf 92' lang='lat' dir='ltr'>ac</span> <span class='ocrx_word' id='word_1_265' title='bbox 1404 817 1582 859; x_wconf 92' lang='lat' dir='ltr'>demum</span> <span class='ocrx_word' id='word_1_266' title='bbox 1601 817 1815 868; x_wconf 89' lang='lat' dir='ltr'>hortatur,</span> <span class='ocrx_word' id='word_1_267' title='bbox 1838 822 1887 859; x_wconf 95' lang='lat' dir='ltr'>ut</span> 
     </span>
     <span class='ocr_line' id='line_1_60' title="bbox 1049 873 1886 925; baseline 0 -10"><span class='ocrx_word' id='word_1_268' title='bbox 1049 873 1134 916; x_wconf 92' lang='lat' dir='ltr'>sibi</span> <span class='ocrx_word' id='word_1_269' title='bbox 1150 874 1396 925; x_wconf 76' lang='lat' dir='ltr'>censulens,</span> <span class='ocrx_word' id='word_1_270' title='bbox 1418 874 1501 916; x_wconf 92' lang='lat' dir='ltr'>diis</span> <span class='ocrx_word' id='word_1_271' title='bbox 1520 874 1627 916; x_wconf 85' lang='lat' dir='ltr'>velit</span> <span class='ocrx_word' id='word_1_272' title='bbox 1645 875 1886 917; x_wconf 90' lang='lat' dir='ltr'>immolare.</span> 
     </span>
     <span class='ocr_line' id='line_1_61' title="bbox 1050 931 1887 986; baseline 0.001 -14"><span class='ocrx_word' id='word_1_273' title='bbox 1050 931 1132 972; x_wconf 92' lang='lat' dir='ltr'>Cui</span> <span class='ocrx_word' id='word_1_274' title='bbox 1175 931 1393 973; x_wconf 90' lang='lat' dir='ltr'>Andreas:</span> <span class='ocrx_word' id='word_1_275' title='bbox 1445 932 1542 983; x_wconf 89' lang='lat' dir='ltr'>Ego</span> <span class='ocrx_word' id='word_1_276' title='bbox 1594 932 1887 986; x_wconf 89' lang='lat' dir='ltr'>omnipotenti</span> 
     </span>
     <span class='ocr_line' id='line_1_62' title="bbox 1047 988 1885 1041; baseline 0.002 -12"><span class='ocrx_word' id='word_1_277' title='bbox 1047 988 1158 1038; x_wconf 92' lang='lat' dir='ltr'>Deo,</span> <span class='ocrx_word' id='word_1_278' title='bbox 1179 989 1254 1041; x_wconf 92' lang='lat' dir='ltr'>qui</span> <span class='ocrx_word' id='word_1_279' title='bbox 1271 1001 1385 1030; x_wconf 93' lang='lat' dir='ltr'>unus</span> <span class='ocrx_word' id='word_1_280' title='bbox 1401 993 1445 1030; x_wconf 92' lang='lat' dir='ltr'>et</span> <span class='ocrx_word' id='word_1_281' title='bbox 1459 1001 1590 1030; x_wconf 88' lang='lat' dir='ltr'>verus</span> <span class='ocrx_word' id='word_1_282' title='bbox 1607 993 1684 1038; x_wconf 92' lang='lat' dir='ltr'>est,</span> <span class='ocrx_word' id='word_1_283' title='bbox 1704 989 1885 1031; x_wconf 88' lang='lat' dir='ltr'>immolo</span> 
     </span>
     <span class='ocr_line' id='line_1_63' title="bbox 1050 1045 1887 1098; baseline 0.002 -12"><span class='ocrx_word' id='word_1_284' title='bbox 1050 1045 1259 1098; x_wconf 84' lang='lat' dir='ltr'>quotidie,</span> <span class='ocrx_word' id='word_1_285' title='bbox 1277 1059 1368 1087; x_wconf 91' lang='lat' dir='ltr'>non</span> <span class='ocrx_word' id='word_1_286' title='bbox 1383 1048 1611 1088; x_wconf 85' lang='lat' dir='ltr'>taurorum</span> <span class='ocrx_word' id='word_1_287' title='bbox 1626 1059 1792 1097; x_wconf 91' lang='lat' dir='ltr'>carnes,</span> <span class='ocrx_word' id='word_1_288' title='bbox 1804 1060 1887 1088; x_wconf 88' lang='lat' dir='ltr'>nec</span> 
     </span>
     <span class='ocr_line' id='line_1_64' title="bbox 1048 1102 1885 1154; baseline 0.002 -11"><span class='ocrx_word' id='word_1_289' title='bbox 1048 1102 1273 1144; x_wconf 86' lang='lat' dir='ltr'>hircorum</span> <span class='ocrx_word' id='word_1_290' title='bbox 1291 1103 1559 1154; x_wconf 86' lang='lat' dir='ltr'>sanguinem,</span> <span class='ocrx_word' id='word_1_291' title='bbox 1579 1102 1660 1145; x_wconf 92' lang='lat' dir='ltr'>sed</span> <span class='ocrx_word' id='word_1_292' title='bbox 1678 1104 1885 1145; x_wconf 88' lang='lat' dir='ltr'>immacu-</span> 
     </span>
     <span class='ocr_line' id='line_1_65' title="bbox 1048 1158 1886 1213; baseline 0.002 -13"><span class='ocrx_word' id='word_1_293' title='bbox 1048 1158 1187 1201; x_wconf 92' lang='lat' dir='ltr'>latum</span> <span class='ocrx_word' id='word_1_294' title='bbox 1209 1159 1387 1210; x_wconf 86' lang='lat' dir='ltr'>Agnum</span> <span class='ocrx_word' id='word_1_295' title='bbox 1411 1160 1455 1201; x_wconf 91' lang='lat' dir='ltr'>in</span> <span class='ocrx_word' id='word_1_296' title='bbox 1479 1160 1621 1202; x_wconf 87' lang='lat' dir='ltr'>altari:</span> <span class='ocrx_word' id='word_1_297' title='bbox 1649 1162 1771 1213; x_wconf 91' lang='lat' dir='ltr'>cujus</span> <span class='ocrx_word' id='word_1_298' title='bbox 1795 1174 1886 1202; x_wconf 92' lang='lat' dir='ltr'>car-</span> 
     </span>
     <span class='ocr_line' id='line_1_66' title="bbox 1048 1217 1886 1271; baseline 0.002 -14"><span class='ocrx_word' id='word_1_299' title='bbox 1048 1229 1150 1257; x_wconf 92' lang='lat' dir='ltr'>nem</span> <span class='ocrx_word' id='word_1_300' title='bbox 1186 1219 1481 1269; x_wconf 89' lang='lat' dir='ltr'>posteaquam</span> <span class='ocrx_word' id='word_1_301' title='bbox 1518 1217 1661 1259; x_wconf 92' lang='lat' dir='ltr'>omnis</span> <span class='ocrx_word' id='word_1_302' title='bbox 1692 1218 1886 1271; x_wconf 81' lang='lat' dir='ltr'>pepulus</span> 
     </span>
     <span class='ocr_line' id='line_1_67' title="bbox 1049 1273 1885 1326; baseline 0.002 -12"><span class='ocrx_word' id='word_1_303' title='bbox 1049 1273 1322 1315; x_wconf 89' lang='lat' dir='ltr'>credentium</span> <span class='ocrx_word' id='word_1_304' title='bbox 1341 1274 1691 1325; x_wconf 87' lang='lat' dir='ltr'>manducaverit,</span> <span class='ocrx_word' id='word_1_305' title='bbox 1720 1275 1885 1326; x_wconf 85' lang='lat' dir='ltr'>Agnus,</span> 
     </span>
     <span class='ocr_line' id='line_1_68' title="bbox 1051 1331 1885 1385; baseline 0.004 -14"><span class='ocrx_word' id='word_1_306' title='bbox 1051 1331 1125 1383; x_wconf 92' lang='lat' dir='ltr'>qui</span> <span class='ocrx_word' id='word_1_307' title='bbox 1145 1331 1420 1374; x_wconf 90' lang='lat' dir='ltr'>sacrificatus</span> <span class='ocrx_word' id='word_1_308' title='bbox 1441 1336 1523 1382; x_wconf 92' lang='lat' dir='ltr'>est,</span> <span class='ocrx_word' id='word_1_309' title='bbox 1550 1333 1720 1384; x_wconf 87' lang='lat' dir='ltr'>integer</span> <span class='ocrx_word' id='word_1_310' title='bbox 1738 1345 1885 1385; x_wconf 92' lang='lat' dir='ltr'>perse-</span> 
     </span>
     <span class='ocr_line' id='line_1_69' title="bbox 1049 1388 1887 1439; baseline 0.001 -10"><span class='ocrx_word' id='word_1_311' title='bbox 1049 1388 1173 1429; x_wconf 89' lang='lat' dir='ltr'>verat</span> <span class='ocrx_word' id='word_1_312' title='bbox 1210 1393 1254 1430; x_wconf 93' lang='lat' dir='ltr'>et</span> <span class='ocrx_word' id='word_1_313' title='bbox 1290 1389 1427 1430; x_wconf 87' lang='lat' dir='ltr'>vivus.</span> <span class='ocrx_word' id='word_1_314' title='bbox 1487 1388 1786 1439; x_wconf 71' lang='lat' dir='ltr'>QuamObrem</span> <span class='ocrx_word' id='word_1_315' title='bbox 1822 1390 1887 1431; x_wconf 91' lang='lat' dir='ltr'>ira</span> 
     </span>
     <span class='ocr_line' id='line_1_70' title="bbox 1049 1445 1886 1497; baseline 0.004 -12"><span class='ocrx_word' id='word_1_316' title='bbox 1049 1446 1262 1486; x_wconf 88' lang='lat' dir='ltr'>accensus</span> <span class='ocrx_word' id='word_1_317' title='bbox 1277 1446 1454 1496; x_wconf 87' lang='lat' dir='ltr'>AEgeas,</span> <span class='ocrx_word' id='word_1_318' title='bbox 1474 1445 1594 1497; x_wconf 88' lang='lat' dir='ltr'>jubet</span> <span class='ocrx_word' id='word_1_319' title='bbox 1613 1458 1714 1487; x_wconf 91' lang='lat' dir='ltr'>eum</span> <span class='ocrx_word' id='word_1_320' title='bbox 1733 1447 1777 1487; x_wconf 93' lang='lat' dir='ltr'>in</span> <span class='ocrx_word' id='word_1_321' title='bbox 1795 1449 1886 1488; x_wconf 90' lang='lat' dir='ltr'>car—</span> 
     </span>
     <span class='ocr_line' id='line_1_71' title="bbox 1049 1501 1885 1556; baseline 0.002 -14"><span class='ocrx_word' id='word_1_322' title='bbox 1049 1514 1196 1543; x_wconf 93' lang='lat' dir='ltr'>cerem</span> <span class='ocrx_word' id='word_1_323' title='bbox 1223 1501 1415 1544; x_wconf 91' lang='lat' dir='ltr'>detrudi:</span> <span class='ocrx_word' id='word_1_324' title='bbox 1443 1502 1560 1544; x_wconf 93' lang='lat' dir='ltr'>unde</span> <span class='ocrx_word' id='word_1_325' title='bbox 1584 1503 1778 1556; x_wconf 75' lang='lat' dir='ltr'>papulus</span> <span class='ocrx_word' id='word_1_326' title='bbox 1798 1504 1885 1544; x_wconf 93' lang='lat' dir='ltr'>An-</span> 
     </span>
     <span class='ocr_line' id='line_1_72' title="bbox 1050 1557 1886 1613; baseline 0.002 -14"><span class='ocrx_word' id='word_1_327' title='bbox 1050 1557 1202 1600; x_wconf 90' lang='lat' dir='ltr'>dream</span> <span class='ocrx_word' id='word_1_328' title='bbox 1234 1559 1363 1601; x_wconf 90' lang='lat' dir='ltr'>facile</span> <span class='ocrx_word' id='word_1_329' title='bbox 1394 1559 1643 1610; x_wconf 90' lang='lat' dir='ltr'>liberasset,</span> <span class='ocrx_word' id='word_1_330' title='bbox 1675 1560 1759 1601; x_wconf 93' lang='lat' dir='ltr'>nisi</span> <span class='ocrx_word' id='word_1_331' title='bbox 1790 1560 1886 1613; x_wconf 92' lang='lat' dir='ltr'>ipse</span> 
     </span>
     <span class='ocr_line' id='line_1_73' title="bbox 1050 1615 1886 1667; baseline 0.004 -11"><span class='ocrx_word' id='word_1_332' title='bbox 1050 1615 1252 1658; x_wconf 88' lang='lat' dir='ltr'>sedasset</span> <span class='ocrx_word' id='word_1_333' title='bbox 1278 1616 1622 1667; x_wconf 90' lang='lat' dir='ltr'>multitudinem,</span> <span class='ocrx_word' id='word_1_334' title='bbox 1654 1617 1886 1659; x_wconf 87' lang='lat' dir='ltr'>vehemen-</span> 
     </span>
     <span class='ocr_line' id='line_1_74' title="bbox 1049 1672 1886 1726; baseline 0.005 -14"><span class='ocrx_word' id='word_1_335' title='bbox 1049 1672 1137 1713; x_wconf 89' lang='lat' dir='ltr'>tius</span> <span class='ocrx_word' id='word_1_336' title='bbox 1153 1685 1326 1724; x_wconf 79' lang='lat' dir='ltr'>roganS,</span> <span class='ocrx_word' id='word_1_337' title='bbox 1345 1686 1400 1715; x_wconf 91' lang='lat' dir='ltr'>ne</span> <span class='ocrx_word' id='word_1_338' title='bbox 1420 1686 1467 1715; x_wconf 90' lang='lat' dir='ltr'>se</span> <span class='ocrx_word' id='word_1_339' title='bbox 1487 1673 1545 1715; x_wconf 91' lang='lat' dir='ltr'>ad</span> <span class='ocrx_word' id='word_1_340' title='bbox 1563 1675 1886 1726; x_wconf 83' lang='lat' dir='ltr'>optatissimam</span> 
     </span>
     <span class='ocr_line' id='line_1_75' title="bbox 1049 1729 1887 1783; baseline 0.005 -15"><span class='ocrx_word' id='word_1_341' title='bbox 1049 1729 1247 1781; x_wconf 71' lang='lat' dir='ltr'>martyrii</span> <span class='ocrx_word' id='word_1_342' title='bbox 1262 1731 1474 1771; x_wconf 81' lang='lat' dir='ltr'>coronam</span> <span class='ocrx_word' id='word_1_343' title='bbox 1487 1732 1805 1783; x_wconf 89' lang='lat' dir='ltr'>properantem</span> <span class='ocrx_word' id='word_1_344' title='bbox 1817 1731 1887 1772; x_wconf 91' lang='lat' dir='ltr'>im-</span> 
     </span>
     <span class='ocr_line' id='line_1_76' title="bbox 1049 1785 1266 1837; baseline 0.005 -11"><span class='ocrx_word' id='word_1_345' title='bbox 1049 1785 1266 1837; x_wconf 76' lang='lat' dir='ltr'>peditent,</span> 
     </span>
    </p>

    <p class='ocr_par' dir='ltr' id='par_1_14' title="bbox 1049 1842 1887 2295">
     <span class='ocr_line' id='line_1_77' title="bbox 1105 1842 1886 1897; baseline 0.001 -11"><span class='ocrx_word' id='word_1_346' title='bbox 1105 1846 1156 1897; x_wconf 70' lang='lat' dir='ltr'>R.</span> <span class='ocrx_word' id='word_1_347' title='bbox 1186 1842 1224 1884; x_wconf 94' lang='grc' dir='ltr'><strong>Ο</strong></span> <span class='ocrx_word' id='word_1_348' title='bbox 1251 1842 1369 1885; x_wconf 88' lang='lat' dir='ltr'>bona</span> <span class='ocrx_word' id='word_1_349' title='bbox 1397 1856 1523 1894; x_wconf 86' lang='lat' dir='ltr'>crux,</span> <span class='ocrx_word' id='word_1_350' title='bbox 1553 1857 1653 1897; x_wconf 87' lang='lat' dir='ltr'>quae</span> <span class='ocrx_word' id='word_1_351' title='bbox 1678 1843 1886 1887; x_wconf 80' lang='lat' dir='ltr'>decorem</span> 
     </span>
     <span class='ocr_line' id='line_1_78' title="bbox 1050 1899 1886 1952; baseline 0.004 -12"><span class='ocrx_word' id='word_1_352' title='bbox 1050 1904 1094 1941; x_wconf 92' lang='lat' dir='ltr'>et</span> <span class='ocrx_word' id='word_1_353' title='bbox 1112 1899 1487 1952; x_wconf 90' lang='lat' dir='ltr'>pulchritudinem</span> <span class='ocrx_word' id='word_1_354' title='bbox 1503 1900 1559 1942; x_wconf 91' lang='lat' dir='ltr'>de</span> <span class='ocrx_word' id='word_1_355' title='bbox 1573 1901 1784 1944; x_wconf 90' lang='lat' dir='ltr'>membris</span> <span class='ocrx_word' id='word_1_356' title='bbox 1798 1903 1886 1943; x_wconf 78' lang='lat' dir='ltr'>Dfii</span> 
     </span>
     <span class='ocr_line' id='line_1_79' title="bbox 1050 1957 1885 2010; baseline 0.006 -14"><span class='ocrx_word' id='word_1_357' title='bbox 1050 1957 1302 2008; x_wconf 78' lang='lat' dir='ltr'>suscepisti3</span> <span class='ocrx_word' id='word_1_358' title='bbox 1335 1957 1490 2010; x_wconf 89' lang='lat' dir='ltr'>accipe</span> <span class='ocrx_word' id='word_1_359' title='bbox 1516 1971 1587 2000; x_wconf 93' lang='lat' dir='ltr'>me</span> <span class='ocrx_word' id='word_1_360' title='bbox 1616 1958 1671 2000; x_wconf 90' lang='lat' dir='ltr'>ab</span> <span class='ocrx_word' id='word_1_361' title='bbox 1702 1958 1885 2000; x_wconf 87' lang='lat' dir='ltr'>homini-</span> 
     </span>
     <span class='ocr_line' id='line_1_80' title="bbox 1049 2012 1887 2067; baseline 0.004 -13"><span class='ocrx_word' id='word_1_362' title='bbox 1049 2012 1149 2063; x_wconf 91' lang='lat' dir='ltr'>bus,</span> <span class='ocrx_word' id='word_1_363' title='bbox 1175 2018 1220 2055; x_wconf 91' lang='lat' dir='ltr'>et</span> <span class='ocrx_word' id='word_1_364' title='bbox 1237 2013 1375 2056; x_wconf 90' lang='lat' dir='ltr'>redde</span> <span class='ocrx_word' id='word_1_365' title='bbox 1398 2028 1470 2057; x_wconf 93' lang='lat' dir='ltr'>me</span> <span class='ocrx_word' id='word_1_366' title='bbox 1488 2017 1700 2067; x_wconf 88' lang='lat' dir='ltr'>magistro</span> <span class='ocrx_word' id='word_1_367' title='bbox 1719 2029 1836 2057; x_wconf 93' lang='lat' dir='ltr'>meo:</span> <span class='ocrx_word' id='word_1_368' title='bbox 1864 2018 1887 2042; x_wconf 87' lang='lat'>*</span> 
     </span>
     <span class='ocr_line' id='line_1_81' title="bbox 1049 2069 1884 2125; baseline 0.004 -14"><span class='ocrx_word' id='word_1_369' title='bbox 1049 2069 1110 2112; x_wconf 87' lang='lat' dir='ltr'>Ut</span> <span class='ocrx_word' id='word_1_370' title='bbox 1132 2083 1214 2123; x_wconf 90' lang='lat' dir='ltr'>per</span> <span class='ocrx_word' id='word_1_371' title='bbox 1235 2075 1280 2113; x_wconf 93' lang='lat' dir='ltr'>te</span> <span class='ocrx_word' id='word_1_372' title='bbox 1304 2084 1376 2112; x_wconf 90' lang='lat' dir='ltr'>me</span> <span class='ocrx_word' id='word_1_373' title='bbox 1403 2072 1606 2124; x_wconf 91' lang='lat' dir='ltr'>recipiat,</span> <span class='ocrx_word' id='word_1_374' title='bbox 1635 2072 1710 2125; x_wconf 92' lang='lat' dir='ltr'>qui</span> <span class='ocrx_word' id='word_1_375' title='bbox 1734 2085 1816 2125; x_wconf 92' lang='lat' dir='ltr'>per</span> <span class='ocrx_word' id='word_1_376' title='bbox 1840 2078 1884 2115; x_wconf 92' lang='lat' dir='ltr'>te</span> 
     </span>
     <span class='ocr_line' id='line_1_82' title="bbox 1049 2127 1883 2178; baseline 0.004 -10"><span class='ocrx_word' id='word_1_377' title='bbox 1049 2140 1120 2169; x_wconf 93' lang='lat' dir='ltr'>me</span> <span class='ocrx_word' id='word_1_378' title='bbox 1135 2127 1332 2170; x_wconf 89' lang='lat' dir='ltr'>redemit.</span> <span class='ocrx_word' id='word_1_379' title='bbox 1358 2127 1410 2178; x_wconf 66' lang='lat' dir='ltr'>V.</span> <span class='ocrx_word' id='word_1_380' title='bbox 1420 2129 1586 2171; x_wconf 89' lang='lat' dir='ltr'>Beatus</span> <span class='ocrx_word' id='word_1_381' title='bbox 1596 2128 1800 2171; x_wconf 90' lang='lat' dir='ltr'>Andreas</span> <span class='ocrx_word' id='word_1_382' title='bbox 1812 2143 1883 2171; x_wconf 83' lang='lat' dir='ltr'>ex-</span> 
     </span>
     <span class='ocr_line' id='line_1_83' title="bbox 1050 2184 1884 2237; baseline 0.004 -12"><span class='ocrx_word' id='word_1_383' title='bbox 1050 2184 1200 2236; x_wconf 91' lang='lat' dir='ltr'>pansis</span> <span class='ocrx_word' id='word_1_384' title='bbox 1223 2185 1424 2227; x_wconf 90' lang='lat' dir='ltr'>manibus</span> <span class='ocrx_word' id='word_1_385' title='bbox 1449 2185 1506 2227; x_wconf 91' lang='lat' dir='ltr'>ad</span> <span class='ocrx_word' id='word_1_386' title='bbox 1531 2185 1692 2227; x_wconf 90' lang='lat' dir='ltr'>coelum</span> <span class='ocrx_word' id='word_1_387' title='bbox 1716 2186 1884 2237; x_wconf 88' lang='lat' dir='ltr'>orabat,</span> 
     </span>
     <span class='ocr_line' id='line_1_84' title="bbox 1051 2239 1884 2295; baseline 0.001 -12"><span class='ocrx_word' id='word_1_388' title='bbox 1051 2239 1217 2283; x_wconf 89' lang='lat' dir='ltr'>dicens:</span> <span class='ocrx_word' id='word_1_389' title='bbox 1231 2241 1362 2283; x_wconf 88' lang='lat' dir='ltr'>Salva</span> <span class='ocrx_word' id='word_1_390' title='bbox 1375 2255 1446 2284; x_wconf 92' lang='lat' dir='ltr'>me</span> <span class='ocrx_word' id='word_1_391' title='bbox 1456 2242 1575 2284; x_wconf 89' lang='lat' dir='ltr'>bona</span> <span class='ocrx_word' id='word_1_392' title='bbox 1585 2255 1703 2284; x_wconf 87' lang='lat' dir='ltr'>crux.</span> <span class='ocrx_word' id='word_1_393' title='bbox 1724 2243 1783 2285; x_wconf 90' lang='lat' dir='ltr'>Ut</span> <span class='ocrx_word' id='word_1_394' title='bbox 1793 2256 1884 2295; x_wconf 90' lang='lat' dir='ltr'>per.</span> 
     </span>
    </p>

    <p class='ocr_par' dir='ltr' id='par_1_15' title="bbox 1357 2297 1585 2339">
     <span class='ocr_line' id='line_1_85' title="bbox 1357 2297 1585 2339; baseline -0.004 0"><span class='ocrx_word' id='word_1_395' title='bbox 1357 2297 1511 2339; x_wconf 90' lang='lat' dir='ltr'>Lectio</span> <span class='ocrx_word' id='word_1_396' title='bbox 1532 2298 1585 2339; x_wconf 87' lang='lat' dir='ltr'>vi.</span> 
     </span>
    </p>

    <p class='ocr_par' dir='ltr' id='par_1_16' title="bbox 1098 2353 1883 2409">
     <span class='ocr_line' id='line_1_86' title="bbox 1098 2353 1883 2409; baseline 0.005 -15"><span class='ocrx_word' id='word_1_397' title='bbox 1098 2353 1216 2404; x_wconf 86' lang='lat' dir='ltr'>gitur</span> <span class='ocrx_word' id='word_1_398' title='bbox 1233 2354 1368 2406; x_wconf 88' lang='lat' dir='ltr'>paulo</span> <span class='ocrx_word' id='word_1_399' title='bbox 1387 2359 1491 2407; x_wconf 88' lang='lat' dir='ltr'>post</span> <span class='ocrx_word' id='word_1_400' title='bbox 1508 2355 1552 2395; x_wconf 93' lang='lat' dir='ltr'>in</span> <span class='ocrx_word' id='word_1_401' title='bbox 1571 2354 1764 2397; x_wconf 93' lang='lat' dir='ltr'>tribunal</span> <span class='ocrx_word' id='word_1_402' title='bbox 1782 2369 1883 2409; x_wconf 93' lang='lat' dir='ltr'>pro-</span> 
     </span>
    </p>

    <p class='ocr_par' dir='ltr' id='par_1_17' title="bbox 1051 2409 1884 2800">
     <span class='ocr_line' id='line_1_87' title="bbox 1113 2409 1884 2462; baseline 0.005 -11"><span class='ocrx_word' id='word_1_403' title='bbox 1113 2409 1313 2461; x_wconf 91' lang='lat' dir='ltr'>ductum,</span> <span class='ocrx_word' id='word_1_404' title='bbox 1339 2424 1438 2452; x_wconf 91' lang='lat' dir='ltr'>cum</span> <span class='ocrx_word' id='word_1_405' title='bbox 1456 2412 1622 2462; x_wconf 87' lang='lat' dir='ltr'>AEgeas</span> <span class='ocrx_word' id='word_1_406' title='bbox 1646 2413 1788 2454; x_wconf 91' lang='lat' dir='ltr'>crucis</span> <span class='ocrx_word' id='word_1_407' title='bbox 1813 2426 1884 2454; x_wconf 81' lang='lat' dir='ltr'>ex-</span> 
     </span>
     <span class='ocr_line' id='line_1_88' title="bbox 1051 2465 1884 2521; baseline 0.006 -15"><span class='ocrx_word' id='word_1_408' title='bbox 1051 2465 1279 2508; x_wconf 89' lang='lat' dir='ltr'>tollentem</span> <span class='ocrx_word' id='word_1_409' title='bbox 1306 2467 1530 2519; x_wconf 90' lang='lat' dir='ltr'>mysteria,</span> <span class='ocrx_word' id='word_1_410' title='bbox 1559 2468 1731 2521; x_wconf 88' lang='lat' dir='ltr'>sibique</span> <span class='ocrx_word' id='word_1_411' title='bbox 1760 2483 1884 2511; x_wconf 90' lang='lat' dir='ltr'>suam</span> 
     </span>
     <span class='ocr_line' id='line_1_89' title="bbox 1051 2522 1884 2576; baseline 0.006 -13"><span class='ocrx_word' id='word_1_412' title='bbox 1051 2522 1324 2575; x_wconf 89' lang='lat' dir='ltr'>impietatem</span> <span class='ocrx_word' id='word_1_413' title='bbox 1350 2524 1694 2576; x_wconf 84' lang='lat' dir='ltr'>exprobrantem</span> <span class='ocrx_word' id='word_1_414' title='bbox 1720 2524 1884 2568; x_wconf 91' lang='lat' dir='ltr'>diutius</span> 
     </span>
     <span class='ocr_line' id='line_1_90' title="bbox 1051 2579 1884 2632; baseline 0.004 -13"><span class='ocrx_word' id='word_1_415' title='bbox 1051 2579 1166 2620; x_wconf 90' lang='lat' dir='ltr'>ferre</span> <span class='ocrx_word' id='word_1_416' title='bbox 1193 2592 1283 2621; x_wconf 93' lang='lat' dir='ltr'>non</span> <span class='ocrx_word' id='word_1_417' title='bbox 1310 2585 1480 2632; x_wconf 86' lang='lat' dir='ltr'>posset,</span> <span class='ocrx_word' id='word_1_418' title='bbox 1507 2581 1550 2622; x_wconf 91' lang='lat' dir='ltr'>in</span> <span class='ocrx_word' id='word_1_419' title='bbox 1577 2595 1753 2624; x_wconf 91' lang='lat' dir='ltr'>crucem</span> <span class='ocrx_word' id='word_1_420' title='bbox 1776 2582 1884 2631; x_wconf 90' lang='lat' dir='ltr'>tolli,</span> 
     </span>
     <span class='ocr_line' id='line_1_91' title="bbox 1052 2635 1883 2690; baseline 0.002 -14"><span class='ocrx_word' id='word_1_421' title='bbox 1052 2640 1097 2676; x_wconf 93' lang='lat' dir='ltr'>et</span> <span class='ocrx_word' id='word_1_422' title='bbox 1130 2635 1293 2677; x_wconf 91' lang='lat' dir='ltr'>Christi</span> <span class='ocrx_word' id='word_1_423' title='bbox 1327 2641 1517 2679; x_wconf 92' lang='lat' dir='ltr'>mortem</span> <span class='ocrx_word' id='word_1_424' title='bbox 1554 2638 1716 2680; x_wconf 90' lang='lat' dir='ltr'>imitari</span> <span class='ocrx_word' id='word_1_425' title='bbox 1749 2638 1883 2690; x_wconf 90' lang='lat' dir='ltr'>jussit.</span> 
     </span>
     <span class='ocr_line' id='line_1_92' title="bbox 1052 2691 1883 2736; baseline 0.001 -3"><span class='ocrx_word' id='word_1_426' title='bbox 1052 2691 1287 2733; x_wconf 84' lang='lat' dir='ltr'>Adductus</span> <span class='ocrx_word' id='word_1_427' title='bbox 1307 2692 1509 2735; x_wconf 90' lang='lat' dir='ltr'>Andreas</span> <span class='ocrx_word' id='word_1_428' title='bbox 1533 2693 1590 2736; x_wconf 91' lang='lat' dir='ltr'>ad</span> <span class='ocrx_word' id='word_1_429' title='bbox 1607 2694 1756 2736; x_wconf 93' lang='lat' dir='ltr'>locum</span> <span class='ocrx_word' id='word_1_430' title='bbox 1773 2706 1883 2734; x_wconf 94' lang='lat' dir='ltr'>mar-</span> 
     </span>
     <span class='ocr_line' id='line_1_93' title="bbox 1051 2748 1883 2800; baseline 0.002 -12"><span class='ocrx_word' id='word_1_431' title='bbox 1051 2748 1167 2800; x_wconf 71' lang='lat' dir='ltr'>tyrii,</span> <span class='ocrx_word' id='word_1_432' title='bbox 1196 2761 1297 2790; x_wconf 92' lang='lat' dir='ltr'>cum</span> <span class='ocrx_word' id='word_1_433' title='bbox 1320 2761 1496 2791; x_wconf 89' lang='lat' dir='ltr'>crucem</span> <span class='ocrx_word' id='word_1_434' title='bbox 1520 2750 1720 2800; x_wconf 84' lang='lat' dir='ltr'>vidisset,</span> <span class='ocrx_word' id='word_1_435' title='bbox 1752 2749 1883 2800; x_wconf 88' lang='lat' dir='ltr'>longe</span> 
     </span>
    </p>
   </div>
  </div>
 </body>
</html>
