<?xml version="1.0" encoding="UTF-8"?>
<!DOCTYPE html PUBLIC "-//W3C//DTD XHTML 1.0 Transitional//EN"
    "http://www.w3.org/TR/xhtml1/DTD/xhtml1-transitional.dtd">
<html xmlns="http://www.w3.org/1999/xhtml" xml:lang="en" lang="en">
 <head>
  <title>
</title>
<meta http-equiv="Content-Type" content="text/html;charset=utf-8" />
  <meta name='ocr-system' content='tesseract 3.04.00' />
  <meta name='ocr-capabilities' content='ocr_page ocr_carea ocr_par ocr_line ocrx_word'/>
</head>
<body>
  <div class='ocr_page' id='page_1' title='image "./p4breviariumroma00cathuoft_0266.png"; bbox 0 0 2040 2944; ppageno 0'>
   <div class='ocr_carea' id='block_1_1' title="bbox 186 185 256 220">
    <p class='ocr_par' dir='ltr' id='par_1_1' title="bbox 186 185 256 220">
     <span class='ocr_line' id='line_1_1' title="bbox 186 185 256 220; baseline -0.014 0"><span class='ocrx_word' id='word_1_1' title='bbox 186 185 256 220; x_wconf 85' lang='lat'>238</span> 
     </span>
    </p>
   </div>
   <div class='ocr_carea' id='block_1_2' title="bbox 656 181 1033 216">
    <p class='ocr_par' dir='ltr' id='par_1_2' title="bbox 656 181 1033 216">
     <span class='ocr_line' id='line_1_2' title="bbox 656 181 1033 216; baseline -0.005 0"><span class='ocrx_word' id='word_1_2' title='bbox 656 182 859 216; x_wconf 74' lang='lat' dir='ltr'>Dominica</span> <span class='ocrx_word' id='word_1_3' title='bbox 889 181 1033 215; x_wconf 79' lang='lat' dir='ltr'>XXIII.</span> 
     </span>
    </p>
   </div>
   <div class='ocr_carea' id='block_1_3' title="bbox 1060 180 1440 224">
    <p class='ocr_par' dir='ltr' id='par_1_3' title="bbox 1060 180 1440 224">
     <span class='ocr_line' id='line_1_3' title="bbox 1060 180 1440 224; baseline -0.005 -10"><span class='ocrx_word' id='word_1_4' title='bbox 1060 184 1149 224; x_wconf 85' lang='lat' dir='ltr'>post</span> <span class='ocrx_word' id='word_1_5' title='bbox 1174 180 1440 214; x_wconf 85' lang='lat' dir='ltr'>Pentecosten.</span> 
     </span>
    </p>
   </div>
   <div class='ocr_carea' id='block_1_4' title="bbox 185 238 1911 255">
    <p class='ocr_par' dir='ltr' id='par_1_4' title="bbox 185 238 1911 255">
     <span class='ocr_line' id='line_1_4' title="bbox 185 238 1911 255; baseline 0 2689"><span class='ocrx_word' id='word_1_6' title='bbox 185 238 1911 255; x_wconf 95' lang='lat' dir='ltr'> </span> 
     </span>
    </p>
   </div>
   <div class='ocr_carea' id='block_1_5' title="bbox 185 277 1023 1172">
    <p class='ocr_par' dir='ltr' id='par_1_5' title="bbox 190 277 1020 377">
     <span class='ocr_line' id='line_1_5' title="bbox 190 277 1020 329; baseline -0.005 -7"><span class='ocrx_word' id='word_1_7' title='bbox 190 281 342 322; x_wconf 89' lang='lat' dir='ltr'>Lectio</span> <span class='ocrx_word' id='word_1_8' title='bbox 366 279 505 321; x_wconf 91' lang='lat' dir='ltr'>sancti</span> <span class='ocrx_word' id='word_1_9' title='bbox 527 277 754 329; x_wconf 86' lang='lat' dir='ltr'>Evangelii</span> <span class='ocrx_word' id='word_1_10' title='bbox 777 277 1020 319; x_wconf 81' lang='lat' dir='ltr'>secundum</span> 
     </span>
     <span class='ocr_line' id='line_1_6' title="bbox 466 334 735 377; baseline -0.004 -2"><span class='ocrx_word' id='word_1_11' title='bbox 466 334 735 377; x_wconf 76' lang='lat' dir='ltr'>Matthaeum.</span> 
     </span>
    </p>

    <p class='ocr_par' dir='ltr' id='par_1_6' title="bbox 186 388 1020 611">
     <span class='ocr_line' id='line_1_7' title="bbox 268 388 941 441; baseline -0.012 -5"><span class='ocrx_word' id='word_1_12' title='bbox 268 395 420 436; x_wconf 82' lang='lat' dir='ltr'>Lectio</span> <span class='ocrx_word' id='word_1_13' title='bbox 445 393 513 433; x_wconf 83' lang='lat' dir='ltr'>vii.</span> <span class='ocrx_word' id='word_1_14' title='bbox 696 391 799 441; x_wconf 85' lang='lat' dir='ltr'>Cap.</span> <span class='ocrx_word' id='word_1_15' title='bbox 819 390 882 429; x_wconf 82' lang='lat'>22.</span> <span class='ocrx_word' id='word_1_16' title='bbox 902 388 941 429; x_wconf 93' lang='lat' dir='ltr'>b.</span> 
     </span>
     <span class='ocr_line' id='line_1_8' title="bbox 186 443 1020 548; baseline -0.001 -60"><span class='ocrx_word' id='word_1_17' title='bbox 186 443 263 548; x_wconf 87' lang='lat' dir='ltr'>In</span> <span class='ocrx_word' id='word_1_18' title='bbox 286 448 361 490; x_wconf 90' lang='lat' dir='ltr'>illo</span> <span class='ocrx_word' id='word_1_19' title='bbox 385 450 603 499; x_wconf 88' lang='lat' dir='ltr'>tempore:</span> <span class='ocrx_word' id='word_1_20' title='bbox 628 446 858 488; x_wconf 82' lang='lat' dir='ltr'>Abeuntes</span> <span class='ocrx_word' id='word_1_21' title='bbox 876 446 1020 499; x_wconf 87' lang='lat' dir='ltr'>phari-</span> 
     </span>
     <span class='ocr_line' id='line_1_9' title="bbox 254 503 1020 556; baseline 0.001 -12"><span class='ocrx_word' id='word_1_22' title='bbox 254 504 340 554; x_wconf 82' lang='lat' dir='ltr'>saei,</span> <span class='ocrx_word' id='word_1_23' title='bbox 368 504 598 546; x_wconf 89' lang='lat' dir='ltr'>consilium</span> <span class='ocrx_word' id='word_1_24' title='bbox 618 503 807 545; x_wconf 90' lang='lat' dir='ltr'>inierunt</span> <span class='ocrx_word' id='word_1_25' title='bbox 826 507 874 545; x_wconf 92' lang='lat' dir='ltr'>ut</span> <span class='ocrx_word' id='word_1_26' title='bbox 894 505 1020 556; x_wconf 76' lang='lat' dir='ltr'>cape-</span> 
     </span>
     <span class='ocr_line' id='line_1_10' title="bbox 187 559 1019 611; baseline 0 -11"><span class='ocrx_word' id='word_1_27' title='bbox 187 565 284 601; x_wconf 92' lang='lat' dir='ltr'>rent</span> <span class='ocrx_word' id='word_1_28' title='bbox 298 560 323 601; x_wconf 90' lang='lat' dir='ltr'><strong>J</strong></span> <span class='ocrx_word' id='word_1_29' title='bbox 326 573 449 602; x_wconf 91' lang='lat' dir='ltr'>esum</span> <span class='ocrx_word' id='word_1_30' title='bbox 467 560 511 601; x_wconf 92' lang='lat' dir='ltr'>in</span> <span class='ocrx_word' id='word_1_31' title='bbox 526 562 740 602; x_wconf 79' lang='lat' dir='ltr'>sermene.</span> <span class='ocrx_word' id='word_1_32' title='bbox 769 560 826 601; x_wconf 88' lang='lat' dir='ltr'>Et</span> <span class='ocrx_word' id='word_1_33' title='bbox 840 559 1019 611; x_wconf 90' lang='lat' dir='ltr'>reliqua.</span> 
     </span>
    </p>

    <p class='ocr_par' dir='ltr' id='par_1_7' title="bbox 226 624 994 677">
     <span class='ocr_line' id='line_1_11' title="bbox 226 624 994 677; baseline -0.004 -10"><span class='ocrx_word' id='word_1_34' title='bbox 226 625 415 668; x_wconf 88' lang='lat' dir='ltr'>Homilia</span> <span class='ocrx_word' id='word_1_35' title='bbox 434 625 574 667; x_wconf 88' lang='lat' dir='ltr'>sancti</span> <span class='ocrx_word' id='word_1_36' title='bbox 593 624 751 665; x_wconf 81' lang='lat' dir='ltr'>Hilarii</span> <span class='ocrx_word' id='word_1_37' title='bbox 770 624 994 677; x_wconf 78' lang='lat' dir='ltr'><strong>Episcopi.</strong></span> 
     </span>
    </p>

    <p class='ocr_par' dir='ltr' id='par_1_8' title="bbox 185 682 1023 1172">
     <span class='ocr_line' id='line_1_12' title="bbox 281 682 931 723; baseline -0.011 -1"><span class='ocrx_word' id='word_1_38' title='bbox 281 688 324 722; x_wconf 94' lang='lat' dir='ltr'>In</span> <span class='ocrx_word' id='word_1_39' title='bbox 342 688 553 723; x_wconf 89' lang='lat' dir='ltr'>Commcnt</span> <span class='ocrx_word' id='word_1_40' title='bbox 572 686 610 719; x_wconf 89' lang='lat' dir='ltr'>in</span> <span class='ocrx_word' id='word_1_41' title='bbox 629 684 762 719; x_wconf 65' lang='lat' dir='ltr'>Mitth.</span> <span class='ocrx_word' id='word_1_42' title='bbox 781 694 862 717; x_wconf 82' lang='lat' dir='ltr'>can</span> <span class='ocrx_word' id='word_1_43' title='bbox 880 682 931 715; x_wconf 84' lang='lat'>23.</span> 
     </span>
     <span class='ocr_line' id='line_1_13' title="bbox 190 732 1020 795; baseline -0.002 -19"><span class='ocrx_word' id='word_1_44' title='bbox 190 735 540 795; x_wconf 60' lang='grc' dir='ltr'>Π[Γπετειιιὲῐιῒεπ</span> <span class='ocrx_word' id='word_1_45' title='bbox 577 732 786 785; x_wconf 81' lang='lat' dir='ltr'>pharisaei</span> <span class='ocrx_word' id='word_1_46' title='bbox 829 745 1020 774; x_wconf 91' lang='lat' dir='ltr'>commo-</span> 
     </span>
     <span class='ocr_line' id='line_1_14' title="bbox 195 784 1021 846; baseline -0.004 -14"><span class='ocrx_word' id='word_1_47' title='bbox 195 790 224 816; x_wconf 68' lang='lat'>‘·*</span> <span class='ocrx_word' id='word_1_48' title='bbox 237 779 298 846; x_wconf 60' lang='grc' dir='ltr'>ἕξξ,Ϊ.</span> <span class='ocrx_word' id='word_1_49' title='bbox 322 793 497 839; x_wconf 89' lang='lat' dir='ltr'>ventur,</span> <span class='ocrx_word' id='word_1_50' title='bbox 533 795 576 831; x_wconf 91' lang='lat' dir='ltr'>et</span> <span class='ocrx_word' id='word_1_51' title='bbox 609 789 890 831; x_wconf 80' lang='lat' dir='ltr'>occasienem</span> <span class='ocrx_word' id='word_1_52' title='bbox 922 789 1021 830; x_wconf 92' lang='lat' dir='ltr'>insi-</span> 
     </span>
     <span class='ocr_line' id='line_1_15' title="bbox 197 822 1021 910; baseline -0.004 -21"><span class='ocrx_word' id='word_1_53' title='bbox 197 840 201 855; x_wconf 49' lang='lat'>*</span> <span class='ocrx_word' id='word_1_54' title='bbox 320 822 517 888; x_wconf 82' lang='lat' dir='ltr'>mulandi</span> <span class='ocrx_word' id='word_1_55' title='bbox 537 859 637 887; x_wconf 88' lang='lat' dir='ltr'>eum</span> <span class='ocrx_word' id='word_1_56' title='bbox 655 845 819 887; x_wconf 88' lang='lat' dir='ltr'>habere</span> <span class='ocrx_word' id='word_1_57' title='bbox 839 858 893 886; x_wconf 85' lang='lat' dir='ltr'>ex</span> <span class='ocrx_word' id='word_1_58' title='bbox 910 857 1021 910; x_wconf 68' lang='lat' dir='ltr'>prae—</span> 
     </span>
     <span class='ocr_line' id='line_1_16' title="bbox 186 901 1023 956; baseline -0.006 -9"><span class='ocrx_word' id='word_1_59' title='bbox 186 905 329 947; x_wconf 88' lang='lat' dir='ltr'>teritis</span> <span class='ocrx_word' id='word_1_60' title='bbox 357 917 447 945; x_wconf 94' lang='lat' dir='ltr'>non</span> <span class='ocrx_word' id='word_1_61' title='bbox 470 907 677 956; x_wconf 68' lang='lat' dir='ltr'>possunt.</span> <span class='ocrx_word' id='word_1_62' title='bbox 712 901 883 943; x_wconf 83' lang='lat' dir='ltr'><strong>Cadere</strong></span> <span class='ocrx_word' id='word_1_63' title='bbox 907 902 1023 943; x_wconf 93' lang='lat' dir='ltr'>enim</span> 
     </span>
     <span class='ocr_line' id='line_1_17' title="bbox 186 958 1023 1011; baseline -0.006 -8"><span class='ocrx_word' id='word_1_64' title='bbox 186 962 341 1003; x_wconf 90' lang='lat' dir='ltr'>vitium</span> <span class='ocrx_word' id='word_1_65' title='bbox 370 961 413 1001; x_wconf 91' lang='lat' dir='ltr'>in</span> <span class='ocrx_word' id='word_1_66' title='bbox 441 965 567 1011; x_wconf 87' lang='lat' dir='ltr'>gesta</span> <span class='ocrx_word' id='word_1_67' title='bbox 595 960 687 1011; x_wconf 89' lang='lat' dir='ltr'>ejus</span> <span class='ocrx_word' id='word_1_68' title='bbox 717 964 760 1000; x_wconf 90' lang='lat' dir='ltr'>et</span> <span class='ocrx_word' id='word_1_69' title='bbox 789 958 908 1000; x_wconf 89' lang='lat' dir='ltr'>dicta</span> <span class='ocrx_word' id='word_1_70' title='bbox 934 971 1023 1000; x_wconf 93' lang='lat' dir='ltr'>non</span> 
     </span>
     <span class='ocr_line' id='line_1_18' title="bbox 185 1014 1022 1071; baseline -0.005 -12"><span class='ocrx_word' id='word_1_71' title='bbox 185 1020 378 1071; x_wconf 78' lang='lat' dir='ltr'>peterat:</span> <span class='ocrx_word' id='word_1_72' title='bbox 404 1016 484 1058; x_wconf 89' lang='lat' dir='ltr'>sed</span> <span class='ocrx_word' id='word_1_73' title='bbox 503 1015 559 1057; x_wconf 90' lang='lat' dir='ltr'>de</span> <span class='ocrx_word' id='word_1_74' title='bbox 578 1015 758 1057; x_wconf 88' lang='lat' dir='ltr'>malitiae</span> <span class='ocrx_word' id='word_1_75' title='bbox 778 1014 954 1064; x_wconf 87' lang='lat' dir='ltr'>affectu,</span> <span class='ocrx_word' id='word_1_76' title='bbox 979 1015 1022 1055; x_wconf 93' lang='lat' dir='ltr'>in</span> 
     </span>
     <span class='ocr_line' id='line_1_19' title="bbox 187 1071 1022 1124; baseline -0.005 -8"><span class='ocrx_word' id='word_1_77' title='bbox 187 1087 363 1116; x_wconf 90' lang='lat' dir='ltr'>omnem</span> <span class='ocrx_word' id='word_1_78' title='bbox 382 1086 429 1114; x_wconf 90' lang='lat' dir='ltr'>se</span> <span class='ocrx_word' id='word_1_79' title='bbox 454 1071 782 1124; x_wconf 79' lang='lat' dir='ltr'>inquisitienem</span> <span class='ocrx_word' id='word_1_80' title='bbox 800 1071 1022 1123; x_wconf 77' lang='lat' dir='ltr'>reperiun-</span> 
     </span>
     <span class='ocr_line' id='line_1_20' title="bbox 187 1127 1022 1172; baseline -0.005 0"><span class='ocrx_word' id='word_1_81' title='bbox 187 1130 257 1172; x_wconf 87' lang='lat' dir='ltr'>dae</span> <span class='ocrx_word' id='word_1_82' title='bbox 282 1128 575 1172; x_wconf 81' lang='lat' dir='ltr'>accusatienis</span> <span class='ocrx_word' id='word_1_83' title='bbox 601 1127 854 1170; x_wconf 83' lang='lat' dir='ltr'>extendunt.</span> <span class='ocrx_word' id='word_1_84' title='bbox 890 1127 1022 1169; x_wconf 87' lang='lat' dir='ltr'>Nam-</span> 
     </span>
    </p>
   </div>
   <div class='ocr_carea' id='block_1_6' title="bbox 182 734 306 879">
    <p class='ocr_par' dir='ltr' id='par_1_9' title="bbox 182 734 306 879">
     <span class='ocr_line' id='line_1_21' title="bbox 182 734 306 879; baseline 0 0"><span class='ocrx_word' id='word_1_85' title='bbox 182 734 306 879; x_wconf 95' lang='lat' dir='ltr'>  </span> 
     </span>
    </p>
   </div>
   <div class='ocr_carea' id='block_1_7' title="bbox 136 1185 1026 2752">
    <p class='ocr_par' dir='ltr' id='par_1_10' title="bbox 136 1185 1024 1673">
     <span class='ocr_line' id='line_1_22' title="bbox 188 1185 1023 1239; baseline -0.005 -10"><span class='ocrx_word' id='word_1_86' title='bbox 188 1200 273 1239; x_wconf 87' lang='lat' dir='ltr'>que</span> <span class='ocrx_word' id='word_1_87' title='bbox 293 1200 319 1228; x_wconf 89' lang='lat' dir='ltr'>a</span> <span class='ocrx_word' id='word_1_88' title='bbox 338 1185 489 1228; x_wconf 79' lang='lat' dir='ltr'>saeculi</span> <span class='ocrx_word' id='word_1_89' title='bbox 507 1185 641 1234; x_wconf 86' lang='lat' dir='ltr'>vitiis,</span> <span class='ocrx_word' id='word_1_90' title='bbox 669 1190 803 1236; x_wconf 89' lang='lat' dir='ltr'>atque</span> <span class='ocrx_word' id='word_1_91' title='bbox 824 1197 850 1225; x_wconf 94' lang='lat' dir='ltr'>a</span> <span class='ocrx_word' id='word_1_92' title='bbox 874 1197 1023 1237; x_wconf 90' lang='lat' dir='ltr'>super-</span> 
     </span>
     <span class='ocr_line' id='line_1_23' title="bbox 136 1240 1023 1291; baseline -0.006 -5"><span class='ocrx_word' id='word_1_93' title='bbox 136 1284 139 1286; x_wconf 79' lang='grc'>.</span> <span class='ocrx_word' id='word_1_94' title='bbox 187 1243 438 1285; x_wconf 78' lang='lat' dir='ltr'>stitienibus</span> <span class='ocrx_word' id='word_1_95' title='bbox 452 1242 742 1283; x_wconf 82' lang='lat' dir='ltr'>humanarum</span> <span class='ocrx_word' id='word_1_96' title='bbox 752 1240 1023 1291; x_wconf 77' lang='lat' dir='ltr'>religienum,</span> 
     </span>
     <span class='ocr_line' id='line_1_24' title="bbox 188 1297 1023 1351; baseline -0.004 -10"><span class='ocrx_word' id='word_1_97' title='bbox 188 1300 418 1341; x_wconf 90' lang='lat' dir='ltr'>universos</span> <span class='ocrx_word' id='word_1_98' title='bbox 445 1298 503 1340; x_wconf 92' lang='lat' dir='ltr'>ad</span> <span class='ocrx_word' id='word_1_99' title='bbox 528 1311 655 1351; x_wconf 90' lang='lat' dir='ltr'>spem</span> <span class='ocrx_word' id='word_1_100' title='bbox 681 1297 804 1348; x_wconf 85' lang='lat' dir='ltr'>regni</span> <span class='ocrx_word' id='word_1_101' title='bbox 829 1297 1023 1339; x_wconf 86' lang='lat' dir='ltr'>coelestis</span> 
     </span>
     <span class='ocr_line' id='line_1_25' title="bbox 187 1353 1024 1406; baseline -0.005 -8"><span class='ocrx_word' id='word_1_102' title='bbox 187 1356 389 1398; x_wconf 76' lang='lat' dir='ltr'>vocabat.</span> <span class='ocrx_word' id='word_1_103' title='bbox 423 1355 561 1406; x_wconf 83' lang='lat' dir='ltr'>Igitur</span> <span class='ocrx_word' id='word_1_104' title='bbox 587 1367 642 1395; x_wconf 86' lang='lat' dir='ltr'>an</span> <span class='ocrx_word' id='word_1_105' title='bbox 661 1353 850 1396; x_wconf 81' lang='lat' dir='ltr'>violaret</span> <span class='ocrx_word' id='word_1_106' title='bbox 874 1353 1024 1395; x_wconf 71' lang='lat' dir='ltr'>saeculi</span> 
     </span>
     <span class='ocr_line' id='line_1_26' title="bbox 187 1410 1023 1465; baseline -0.005 -11"><span class='ocrx_word' id='word_1_107' title='bbox 187 1414 474 1465; x_wconf 77' lang='lat' dir='ltr'>potestatem,</span> <span class='ocrx_word' id='word_1_108' title='bbox 501 1411 557 1452; x_wconf 90' lang='lat' dir='ltr'>de</span> <span class='ocrx_word' id='word_1_109' title='bbox 576 1410 823 1463; x_wconf 80' lang='lat' dir='ltr'>propesitae</span> <span class='ocrx_word' id='word_1_110' title='bbox 842 1410 1023 1452; x_wconf 91' lang='lat' dir='ltr'>interro-</span> 
     </span>
     <span class='ocr_line' id='line_1_27' title="bbox 187 1467 1024 1520; baseline -0.005 -10"><span class='ocrx_word' id='word_1_111' title='bbox 187 1469 378 1520; x_wconf 85' lang='lat' dir='ltr'>gationis</span> <span class='ocrx_word' id='word_1_112' title='bbox 399 1467 653 1510; x_wconf 79' lang='lat' dir='ltr'>conditiene</span> <span class='ocrx_word' id='word_1_113' title='bbox 678 1468 945 1519; x_wconf 86' lang='lat' dir='ltr'>pertentant:</span> <span class='ocrx_word' id='word_1_114' title='bbox 969 1479 1024 1507; x_wconf 89' lang='lat' dir='ltr'>an</span> 
     </span>
     <span class='ocr_line' id='line_1_28' title="bbox 189 1523 1024 1567; baseline -0.002 -1"><span class='ocrx_word' id='word_1_115' title='bbox 189 1525 395 1567; x_wconf 88' lang='lat' dir='ltr'>videlicet</span> <span class='ocrx_word' id='word_1_116' title='bbox 436 1523 563 1566; x_wconf 83' lang='lat' dir='ltr'>reddi</span> <span class='ocrx_word' id='word_1_117' title='bbox 604 1523 818 1565; x_wconf 81' lang='lat' dir='ltr'>tributum</span> <span class='ocrx_word' id='word_1_118' title='bbox 859 1523 1024 1564; x_wconf 80' lang='lat' dir='ltr'>Caesari</span> 
     </span>
     <span class='ocr_line' id='line_1_29' title="bbox 189 1583 427 1634; baseline -0.004 -11"><span class='ocrx_word' id='word_1_119' title='bbox 189 1583 427 1634; x_wconf 89' lang='lat' dir='ltr'>oporteret.</span> 
     </span>
     <span class='ocr_line' id='line_1_30' title="bbox 480 1632 736 1673; baseline -0.008 0"><span class='ocrx_word' id='word_1_120' title='bbox 480 1633 632 1673; x_wconf 83' lang='lat' dir='ltr'>Lectio</span> <span class='ocrx_word' id='word_1_121' title='bbox 653 1632 736 1672; x_wconf 76' lang='lat' dir='ltr'>viii.</span> 
     </span>
    </p>

    <p class='ocr_par' dir='ltr' id='par_1_11' title="bbox 193 1668 1025 1792">
     <span class='ocr_line' id='line_1_31' title="bbox 193 1668 1025 1792; baseline -0.004 -61"><span class='ocrx_word' id='word_1_122' title='bbox 193 1668 320 1792; x_wconf 74' lang='lat' dir='ltr'>Qui</span> <span class='ocrx_word' id='word_1_123' title='bbox 340 1690 510 1731; x_wconf 84' lang='lat' dir='ltr'>interna</span> <span class='ocrx_word' id='word_1_124' title='bbox 532 1687 832 1740; x_wconf 68' lang='lat' dir='ltr'><strong>cognitionum</strong></span> <span class='ocrx_word' id='word_1_125' title='bbox 853 1688 1025 1728; x_wconf 90' lang='lat' dir='ltr'>secreta</span> 
     </span>
    </p>

    <p class='ocr_par' dir='ltr' id='par_1_12' title="bbox 189 1743 1026 2752">
     <span class='ocr_line' id='line_1_32' title="bbox 292 1743 1024 1797; baseline -0.007 -9"><span class='ocrx_word' id='word_1_126' title='bbox 292 1748 566 1797; x_wconf 81' lang='lat' dir='ltr'>cognoscens</span> <span class='ocrx_word' id='word_1_127' title='bbox 599 1745 736 1795; x_wconf 89' lang='lat' dir='ltr'>(Deus</span> <span class='ocrx_word' id='word_1_128' title='bbox 769 1743 886 1785; x_wconf 87' lang='lat' dir='ltr'>enim</span> <span class='ocrx_word' id='word_1_129' title='bbox 918 1743 1024 1784; x_wconf 89' lang='lat' dir='ltr'>nihil</span> 
     </span>
     <span class='ocr_line' id='line_1_33' title="bbox 190 1800 1025 1854; baseline -0.004 -11"><span class='ocrx_word' id='word_1_130' title='bbox 190 1805 343 1844; x_wconf 80' lang='lat' dir='ltr'>cerum</span> <span class='ocrx_word' id='word_1_131' title='bbox 383 1815 483 1854; x_wconf 87' lang='lat' dir='ltr'>quae</span> <span class='ocrx_word' id='word_1_132' title='bbox 520 1802 635 1843; x_wconf 90' lang='lat' dir='ltr'>intra</span> <span class='ocrx_word' id='word_1_133' title='bbox 667 1800 890 1842; x_wconf 78' lang='lat' dir='ltr'>heminem</span> <span class='ocrx_word' id='word_1_134' title='bbox 923 1805 1025 1841; x_wconf 91' lang='lat' dir='ltr'>sunt</span> 
     </span>
     <span class='ocr_line' id='line_1_34' title="bbox 190 1856 1024 1910; baseline -0.004 -10"><span class='ocrx_word' id='word_1_135' title='bbox 190 1859 426 1908; x_wconf 79' lang='lat' dir='ltr'>abscensa,</span> <span class='ocrx_word' id='word_1_136' title='bbox 463 1871 552 1900; x_wconf 92' lang='lat' dir='ltr'>non</span> <span class='ocrx_word' id='word_1_137' title='bbox 580 1857 848 1910; x_wconf 78' lang='lat' dir='ltr'>speculatur)</span> <span class='ocrx_word' id='word_1_138' title='bbox 877 1856 1024 1898; x_wconf 86' lang='lat' dir='ltr'>afferri</span> 
     </span>
     <span class='ocr_line' id='line_1_35' title="bbox 190 1913 1024 1966; baseline -0.004 -10"><span class='ocrx_word' id='word_1_139' title='bbox 190 1915 273 1956; x_wconf 92' lang='lat' dir='ltr'>sibi</span> <span class='ocrx_word' id='word_1_140' title='bbox 307 1914 536 1957; x_wconf 82' lang='lat' dir='ltr'>denarium</span> <span class='ocrx_word' id='word_1_141' title='bbox 567 1914 710 1966; x_wconf 90' lang='lat' dir='ltr'>jussit,</span> <span class='ocrx_word' id='word_1_142' title='bbox 741 1918 786 1955; x_wconf 91' lang='lat' dir='ltr'>et</span> <span class='ocrx_word' id='word_1_143' title='bbox 820 1913 1024 1964; x_wconf 87' lang='lat' dir='ltr'>quaesivit</span> 
     </span>
     <span class='ocr_line' id='line_1_36' title="bbox 191 1969 1024 2023; baseline -0.002 -11"><span class='ocrx_word' id='word_1_144' title='bbox 191 1972 312 2023; x_wconf 92' lang='lat' dir='ltr'>eujus</span> <span class='ocrx_word' id='word_1_145' title='bbox 340 1976 384 2012; x_wconf 90' lang='lat' dir='ltr'>et</span> <span class='ocrx_word' id='word_1_146' title='bbox 411 1971 643 2023; x_wconf 85' lang='lat' dir='ltr'>inscriptio</span> <span class='ocrx_word' id='word_1_147' title='bbox 666 1974 785 2011; x_wconf 87' lang='lat' dir='ltr'>esset</span> <span class='ocrx_word' id='word_1_148' title='bbox 809 1974 853 2011; x_wconf 90' lang='lat' dir='ltr'>et</span> <span class='ocrx_word' id='word_1_149' title='bbox 873 1969 1024 2010; x_wconf 88' lang='lat' dir='ltr'>forma.</span> 
     </span>
     <span class='ocr_line' id='line_1_37' title="bbox 189 2025 1025 2079; baseline -0.002 -11"><span class='ocrx_word' id='word_1_150' title='bbox 189 2027 401 2068; x_wconf 75' lang='lat' dir='ltr'>Pharisaei</span> <span class='ocrx_word' id='word_1_151' title='bbox 447 2026 789 2079; x_wconf 89' lang='lat' dir='ltr'>responderunt:</span> <span class='ocrx_word' id='word_1_152' title='bbox 836 2025 1025 2067; x_wconf 76' lang='lat' dir='ltr'>Caesaris</span> 
     </span>
     <span class='ocr_line' id='line_1_38' title="bbox 191 2081 1024 2134; baseline -0.002 -10"><span class='ocrx_word' id='word_1_153' title='bbox 191 2096 287 2125; x_wconf 87' lang='lat' dir='ltr'>eam</span> <span class='ocrx_word' id='word_1_154' title='bbox 307 2096 417 2125; x_wconf 88' lang='lat' dir='ltr'>esse.</span> <span class='ocrx_word' id='word_1_155' title='bbox 451 2083 619 2134; x_wconf 84' lang='lat' dir='ltr'>Quibus</span> <span class='ocrx_word' id='word_1_156' title='bbox 639 2082 715 2124; x_wconf 91' lang='lat' dir='ltr'>ait:</span> <span class='ocrx_word' id='word_1_157' title='bbox 744 2082 911 2123; x_wconf 80' lang='lat' dir='ltr'>Caesari</span> <span class='ocrx_word' id='word_1_158' title='bbox 929 2081 1024 2123; x_wconf 91' lang='lat' dir='ltr'>red-</span> 
     </span>
     <span class='ocr_line' id='line_1_39' title="bbox 191 2138 1025 2191; baseline -0.004 -10"><span class='ocrx_word' id='word_1_159' title='bbox 191 2139 383 2181; x_wconf 88' lang='lat' dir='ltr'>hibenda</span> <span class='ocrx_word' id='word_1_160' title='bbox 411 2151 524 2189; x_wconf 90' lang='lat' dir='ltr'>esse,</span> <span class='ocrx_word' id='word_1_161' title='bbox 560 2151 660 2191; x_wconf 86' lang='lat' dir='ltr'>quae</span> <span class='ocrx_word' id='word_1_162' title='bbox 690 2138 879 2179; x_wconf 82' lang='lat' dir='ltr'>Caesaris</span> <span class='ocrx_word' id='word_1_163' title='bbox 911 2143 1025 2179; x_wconf 91' lang='lat' dir='ltr'>sunt·</span> 
     </span>
     <span class='ocr_line' id='line_1_40' title="bbox 190 2193 1025 2246; baseline -0.001 -10"><span class='ocrx_word' id='word_1_164' title='bbox 190 2197 288 2237; x_wconf 91' lang='lat' dir='ltr'>Deo</span> <span class='ocrx_word' id='word_1_165' title='bbox 322 2201 470 2238; x_wconf 89' lang='lat' dir='ltr'>autem</span> <span class='ocrx_word' id='word_1_166' title='bbox 502 2193 731 2237; x_wconf 89' lang='lat' dir='ltr'>reddenda</span> <span class='ocrx_word' id='word_1_167' title='bbox 769 2207 882 2244; x_wconf 89' lang='lat' dir='ltr'>esse,</span> <span class='ocrx_word' id='word_1_168' title='bbox 925 2207 1025 2246; x_wconf 86' lang='lat' dir='ltr'>quae</span> 
     </span>
     <span class='ocr_line' id='line_1_41' title="bbox 191 2250 1023 2305; baseline -0.002 -12"><span class='ocrx_word' id='word_1_169' title='bbox 191 2253 275 2293; x_wconf 91' lang='lat' dir='ltr'>Dei</span> <span class='ocrx_word' id='word_1_170' title='bbox 303 2258 414 2294; x_wconf 92' lang='lat' dir='ltr'>sunt.</span> <span class='ocrx_word' id='word_1_171' title='bbox 461 2252 498 2294; x_wconf 94' lang='grc' dir='ltr'><strong>Ο</strong></span> <span class='ocrx_word' id='word_1_172' title='bbox 529 2252 706 2305; x_wconf 83' lang='lat' dir='ltr'>plenam</span> <span class='ocrx_word' id='word_1_173' title='bbox 735 2250 934 2292; x_wconf 78' lang='lat' dir='ltr'>miraculi</span> <span class='ocrx_word' id='word_1_174' title='bbox 960 2264 1023 2292; x_wconf 88' lang='lat' dir='ltr'>re-</span> 
     </span>
     <span class='ocr_line' id='line_1_42' title="bbox 191 2307 1026 2361; baseline -0.001 -12"><span class='ocrx_word' id='word_1_175' title='bbox 191 2309 491 2361; x_wconf 79' lang='lat' dir='ltr'>sponsienem,</span> <span class='ocrx_word' id='word_1_176' title='bbox 543 2314 586 2351; x_wconf 91' lang='lat' dir='ltr'>et</span> <span class='ocrx_word' id='word_1_177' title='bbox 631 2308 874 2361; x_wconf 81' lang='lat' dir='ltr'>perfectam</span> <span class='ocrx_word' id='word_1_178' title='bbox 920 2307 1026 2349; x_wconf 92' lang='lat' dir='ltr'>dicti</span> 
     </span>
     <span class='ocr_line' id='line_1_43' title="bbox 191 2364 1026 2407; baseline -0.002 -1"><span class='ocrx_word' id='word_1_179' title='bbox 191 2365 386 2406; x_wconf 88' lang='lat' dir='ltr'>coelestis</span> <span class='ocrx_word' id='word_1_180' title='bbox 415 2364 754 2407; x_wconf 78' lang='lat' dir='ltr'>absolutienem!</span> <span class='ocrx_word' id='word_1_181' title='bbox 782 2365 851 2406; x_wconf 91' lang='lat' dir='ltr'>Ita</span> <span class='ocrx_word' id='word_1_182' title='bbox 879 2364 1026 2405; x_wconf 78' lang='lat' dir='ltr'>emnia</span> 
     </span>
     <span class='ocr_line' id='line_1_44' title="bbox 191 2420 1024 2474; baseline 0.001 -13"><span class='ocrx_word' id='word_1_183' title='bbox 191 2421 304 2462; x_wconf 92' lang='lat' dir='ltr'>inter</span> <span class='ocrx_word' id='word_1_184' title='bbox 327 2423 631 2474; x_wconf 88' lang='lat' dir='ltr'>contemptum</span> <span class='ocrx_word' id='word_1_185' title='bbox 655 2420 822 2470; x_wconf 79' lang='lat' dir='ltr'>saeculi,</span> <span class='ocrx_word' id='word_1_186' title='bbox 858 2426 902 2462; x_wconf 91' lang='lat' dir='ltr'>et</span> <span class='ocrx_word' id='word_1_187' title='bbox 925 2433 1024 2462; x_wconf 91' lang='lat' dir='ltr'>con-</span> 
     </span>
     <span class='ocr_line' id='line_1_45' title="bbox 192 2477 1025 2530; baseline -0.002 -10"><span class='ocrx_word' id='word_1_188' title='bbox 192 2477 416 2520; x_wconf 85' lang='lat' dir='ltr'>tumeliam</span> <span class='ocrx_word' id='word_1_189' title='bbox 438 2477 629 2519; x_wconf 81' lang='lat' dir='ltr'>laedendi</span> <span class='ocrx_word' id='word_1_190' title='bbox 650 2477 837 2519; x_wconf 80' lang='lat' dir='ltr'>Caesaris</span> <span class='ocrx_word' id='word_1_191' title='bbox 860 2482 1025 2530; x_wconf 89' lang='lat' dir='ltr'>tempe-</span> 
     </span>
     <span class='ocr_line' id='line_1_46' title="bbox 193 2533 1025 2583; baseline -0.001 -8"><span class='ocrx_word' id='word_1_192' title='bbox 193 2534 321 2583; x_wconf 81' lang='lat' dir='ltr'>ravit,</span> <span class='ocrx_word' id='word_1_193' title='bbox 354 2539 402 2575; x_wconf 93' lang='lat' dir='ltr'>ut</span> <span class='ocrx_word' id='word_1_194' title='bbox 430 2534 544 2575; x_wconf 91' lang='lat' dir='ltr'>curis</span> <span class='ocrx_word' id='word_1_195' title='bbox 571 2533 776 2575; x_wconf 71' lang='lat' dir='ltr'>Omnibus</span> <span class='ocrx_word' id='word_1_196' title='bbox 802 2538 846 2575; x_wconf 91' lang='lat' dir='ltr'>et</span> <span class='ocrx_word' id='word_1_197' title='bbox 869 2533 1025 2574; x_wconf 88' lang='lat' dir='ltr'>officiis</span> 
     </span>
     <span class='ocr_line' id='line_1_47' title="bbox 192 2589 1025 2631; baseline -0.001 0"><span class='ocrx_word' id='word_1_198' title='bbox 192 2590 395 2631; x_wconf 79' lang='lat' dir='ltr'>humanis</span> <span class='ocrx_word' id='word_1_199' title='bbox 423 2589 608 2631; x_wconf 84' lang='lat' dir='ltr'>devotas</span> <span class='ocrx_word' id='word_1_200' title='bbox 628 2590 726 2631; x_wconf 88' lang='lat' dir='ltr'>Deo</span> <span class='ocrx_word' id='word_1_201' title='bbox 754 2594 925 2631; x_wconf 87' lang='lat' dir='ltr'>rrentes</span> <span class='ocrx_word' id='word_1_202' title='bbox 953 2589 1025 2630; x_wconf 89' lang='lat' dir='ltr'>ab·</span> 
     </span>
     <span class='ocr_line' id='line_1_48' title="bbox 193 2646 1025 2698; baseline -0.001 -11"><span class='ocrx_word' id='word_1_203' title='bbox 193 2646 396 2694; x_wconf 76' lang='lat' dir='ltr'>selveret‚</span> <span class='ocrx_word' id='word_1_204' title='bbox 422 2659 521 2686; x_wconf 89' lang='lat' dir='ltr'>cum</span> <span class='ocrx_word' id='word_1_205' title='bbox 543 2646 708 2686; x_wconf 80' lang='lat' dir='ltr'>Caesari</span> <span class='ocrx_word' id='word_1_206' title='bbox 729 2659 828 2698; x_wconf 88' lang='lat' dir='ltr'>quae</span> <span class='ocrx_word' id='word_1_207' title='bbox 850 2646 941 2697; x_wconf 88' lang='lat' dir='ltr'>ejus</span> <span class='ocrx_word' id='word_1_208' title='bbox 962 2658 1025 2686; x_wconf 93' lang='lat' dir='ltr'>es-</span> 
     </span>
     <span class='ocr_line' id='line_1_49' title="bbox 193 2700 772 2752; baseline -0.005 -8"><span class='ocrx_word' id='word_1_209' title='bbox 193 2708 301 2752; x_wconf 88' lang='lat' dir='ltr'>sent,</span> <span class='ocrx_word' id='word_1_210' title='bbox 319 2700 546 2743; x_wconf 73' lang='lat' dir='ltr'>reddenda</span> <span class='ocrx_word' id='word_1_211' title='bbox 566 2701 772 2743; x_wconf 90' lang='lat' dir='ltr'>decernit.</span> 
     </span>
    </p>
   </div>
   <div class='ocr_carea' id='block_1_8' title="bbox 1074 273 1914 1914">
    <p class='ocr_par' dir='ltr' id='par_1_13' title="bbox 1381 273 1609 314">
     <span class='ocr_line' id='line_1_50' title="bbox 1381 273 1609 314; baseline -0.009 0"><span class='ocrx_word' id='word_1_212' title='bbox 1381 273 1535 314; x_wconf 89' lang='lat' dir='ltr'>Lectio</span> <span class='ocrx_word' id='word_1_213' title='bbox 1555 273 1609 312; x_wconf 84' lang='lat' dir='ltr'>ix.</span> 
     </span>
    </p>

    <p class='ocr_par' dir='ltr' id='par_1_14' title="bbox 1077 326 1908 434">
     <span class='ocr_line' id='line_1_51' title="bbox 1077 326 1908 434; baseline -0.004 -57"><span class='ocrx_word' id='word_1_214' title='bbox 1077 326 1159 434; x_wconf 84' lang='lat' dir='ltr'>Si</span> <span class='ocrx_word' id='word_1_215' title='bbox 1187 335 1303 377; x_wconf 87' lang='lat' dir='ltr'>enim</span> <span class='ocrx_word' id='word_1_216' title='bbox 1326 334 1433 375; x_wconf 90' lang='lat' dir='ltr'>nihil</span> <span class='ocrx_word' id='word_1_217' title='bbox 1459 334 1550 385; x_wconf 88' lang='lat' dir='ltr'>ejus</span> <span class='ocrx_word' id='word_1_218' title='bbox 1573 345 1711 386; x_wconf 89' lang='lat' dir='ltr'>penes</span> <span class='ocrx_word' id='word_1_219' title='bbox 1737 345 1819 375; x_wconf 93' lang='lat' dir='ltr'>nos</span> <span class='ocrx_word' id='word_1_220' title='bbox 1844 345 1908 375; x_wconf 88' lang='lat' dir='ltr'>re-</span> 
     </span>
    </p>

    <p class='ocr_par' dir='ltr' id='par_1_15' title="bbox 1074 389 1913 1232">
     <span class='ocr_line' id='line_1_52' title="bbox 1159 389 1909 441; baseline -0.003 -9"><span class='ocrx_word' id='word_1_221' title='bbox 1159 391 1340 441; x_wconf 88' lang='lat' dir='ltr'>sederit,</span> <span class='ocrx_word' id='word_1_222' title='bbox 1358 390 1613 432; x_wconf 66' lang='lat' dir='ltr'>conditione</span> <span class='ocrx_word' id='word_1_223' title='bbox 1632 389 1848 432; x_wconf 87' lang='lat' dir='ltr'>reddendi</span> <span class='ocrx_word' id='word_1_224' title='bbox 1869 389 1909 431; x_wconf 91' lang='lat' dir='ltr'>ei</span> 
     </span>
     <span class='ocr_line' id='line_1_53' title="bbox 1076 445 1908 500; baseline -0.002 -11"><span class='ocrx_word' id='word_1_225' title='bbox 1076 460 1175 500; x_wconf 91' lang='lat' dir='ltr'>quae</span> <span class='ocrx_word' id='word_1_226' title='bbox 1195 461 1274 489; x_wconf 90' lang='lat' dir='ltr'>sua</span> <span class='ocrx_word' id='word_1_227' title='bbox 1290 453 1400 496; x_wconf 88' lang='lat' dir='ltr'>sunt,</span> <span class='ocrx_word' id='word_1_228' title='bbox 1420 459 1509 488; x_wconf 91' lang='lat' dir='ltr'>non</span> <span class='ocrx_word' id='word_1_229' title='bbox 1523 445 1780 487; x_wconf 77' lang='lat' dir='ltr'>tenebimur.</span> <span class='ocrx_word' id='word_1_230' title='bbox 1804 446 1908 488; x_wconf 91' lang='lat' dir='ltr'>Por-</span> 
     </span>
     <span class='ocr_line' id='line_1_54' title="bbox 1074 502 1909 551; baseline 0 -7"><span class='ocrx_word' id='word_1_231' title='bbox 1074 516 1125 546; x_wconf 92' lang='lat' dir='ltr'>ro</span> <span class='ocrx_word' id='word_1_232' title='bbox 1146 509 1294 546; x_wconf 90' lang='lat' dir='ltr'>autem</span> <span class='ocrx_word' id='word_1_233' title='bbox 1308 504 1346 545; x_wconf 90' lang='lat' dir='ltr'>si</span> <span class='ocrx_word' id='word_1_234' title='bbox 1361 503 1494 545; x_wconf 87' lang='lat' dir='ltr'>rebus</span> <span class='ocrx_word' id='word_1_235' title='bbox 1509 502 1625 544; x_wconf 90' lang='lat' dir='ltr'>illius</span> <span class='ocrx_word' id='word_1_236' title='bbox 1639 502 1909 551; x_wconf 66' lang='lat' dir='ltr'>incubemus,</span> 
     </span>
     <span class='ocr_line' id='line_1_55' title="bbox 1075 559 1910 614; baseline -0.002 -12"><span class='ocrx_word' id='word_1_237' title='bbox 1075 561 1112 602; x_wconf 87' lang='lat' dir='ltr'>si</span> <span class='ocrx_word' id='word_1_238' title='bbox 1143 561 1235 613; x_wconf 90' lang='lat' dir='ltr'>jure</span> <span class='ocrx_word' id='word_1_239' title='bbox 1266 560 1504 614; x_wconf 78' lang='lat' dir='ltr'>potestatis</span> <span class='ocrx_word' id='word_1_240' title='bbox 1534 560 1626 611; x_wconf 86' lang='lat' dir='ltr'>ejus</span> <span class='ocrx_word' id='word_1_241' title='bbox 1653 559 1834 608; x_wconf 79' lang='lat' dir='ltr'>utimur,</span> <span class='ocrx_word' id='word_1_242' title='bbox 1866 563 1910 600; x_wconf 90' lang='lat' dir='ltr'>et</span> 
     </span>
     <span class='ocr_line' id='line_1_56' title="bbox 1074 614 1909 670; baseline -0.004 -11"><span class='ocrx_word' id='word_1_243' title='bbox 1074 630 1157 659; x_wconf 88' lang='lat' dir='ltr'>nos</span> <span class='ocrx_word' id='word_1_244' title='bbox 1188 622 1416 670; x_wconf 87' lang='lat' dir='ltr'>tamquam</span> <span class='ocrx_word' id='word_1_245' title='bbox 1447 615 1746 658; x_wconf 81' lang='lat' dir='ltr'>mercenarios</span> <span class='ocrx_word' id='word_1_246' title='bbox 1779 614 1909 656; x_wconf 89' lang='lat' dir='ltr'>alieni</span> 
     </span>
     <span class='ocr_line' id='line_1_57' title="bbox 1075 671 1909 726; baseline -0.004 -11"><span class='ocrx_word' id='word_1_247' title='bbox 1075 674 1329 726; x_wconf 75' lang='lat' dir='ltr'>patrimenii</span> <span class='ocrx_word' id='word_1_248' title='bbox 1381 672 1683 726; x_wconf 81' lang='lat' dir='ltr'>procurationi</span> <span class='ocrx_word' id='word_1_249' title='bbox 1739 671 1909 724; x_wconf 87' lang='lat' dir='ltr'>subjici-</span> 
     </span>
     <span class='ocr_line' id='line_1_58' title="bbox 1075 728 1910 782; baseline -0.005 -10"><span class='ocrx_word' id='word_1_250' title='bbox 1075 743 1189 772; x_wconf 84' lang='lat' dir='ltr'>mus:</span> <span class='ocrx_word' id='word_1_251' title='bbox 1222 735 1347 772; x_wconf 84' lang='lat' dir='ltr'>extra</span> <span class='ocrx_word' id='word_1_252' title='bbox 1375 728 1602 782; x_wconf 87' lang='lat' dir='ltr'>querelam</span> <span class='ocrx_word' id='word_1_253' title='bbox 1630 728 1799 780; x_wconf 80' lang='lat' dir='ltr'>injuriae</span> <span class='ocrx_word' id='word_1_254' title='bbox 1828 732 1910 777; x_wconf 88' lang='lat' dir='ltr'>est,</span> 
     </span>
     <span class='ocr_line' id='line_1_59' title="bbox 1077 783 1910 836; baseline -0.005 -8"><span class='ocrx_word' id='word_1_255' title='bbox 1077 786 1243 828; x_wconf 77' lang='lat' dir='ltr'>Caesari</span> <span class='ocrx_word' id='word_1_256' title='bbox 1287 785 1512 828; x_wconf 84' lang='lat' dir='ltr'>redhiberi</span> <span class='ocrx_word' id='word_1_257' title='bbox 1558 783 1680 836; x_wconf 92' lang='lat' dir='ltr'>quod</span> <span class='ocrx_word' id='word_1_258' title='bbox 1722 783 1910 825; x_wconf 80' lang='lat' dir='ltr'>Caesaris</span> 
     </span>
     <span class='ocr_line' id='line_1_60' title="bbox 1076 841 1911 894; baseline -0.004 -10"><span class='ocrx_word' id='word_1_259' title='bbox 1076 848 1159 894; x_wconf 89' lang='lat' dir='ltr'>est;</span> <span class='ocrx_word' id='word_1_260' title='bbox 1178 843 1277 884; x_wconf 89' lang='lat' dir='ltr'>Deo</span> <span class='ocrx_word' id='word_1_261' title='bbox 1298 846 1446 884; x_wconf 89' lang='lat' dir='ltr'>autem</span> <span class='ocrx_word' id='word_1_262' title='bbox 1466 854 1565 893; x_wconf 87' lang='lat' dir='ltr'>quae</span> <span class='ocrx_word' id='word_1_263' title='bbox 1585 841 1676 892; x_wconf 85' lang='lat' dir='ltr'>ejus</span> <span class='ocrx_word' id='word_1_264' title='bbox 1697 845 1799 882; x_wconf 88' lang='lat' dir='ltr'>sunt</span> <span class='ocrx_word' id='word_1_265' title='bbox 1811 842 1911 893; x_wconf 79' lang='lat' dir='ltr'>pre-</span> 
     </span>
     <span class='ocr_line' id='line_1_61' title="bbox 1075 898 1911 952; baseline -0.004 -11"><span class='ocrx_word' id='word_1_266' title='bbox 1075 899 1183 952; x_wconf 89' lang='lat' dir='ltr'>pria,</span> <span class='ocrx_word' id='word_1_267' title='bbox 1202 898 1390 941; x_wconf 89' lang='lat' dir='ltr'>reddere</span> <span class='ocrx_word' id='word_1_268' title='bbox 1404 911 1487 940; x_wconf 94' lang='lat' dir='ltr'>nos</span> <span class='ocrx_word' id='word_1_269' title='bbox 1503 899 1722 951; x_wconf 83' lang='lat' dir='ltr'>oportere,</span> <span class='ocrx_word' id='word_1_270' title='bbox 1737 909 1911 950; x_wconf 91' lang='lat' dir='ltr'>corpus,</span> 
     </span>
     <span class='ocr_line' id='line_1_62' title="bbox 1077 953 1912 1006; baseline -0.002 -9"><span class='ocrx_word' id='word_1_271' title='bbox 1077 956 1280 1006; x_wconf 79' lang='lat' dir='ltr'>animam,</span> <span class='ocrx_word' id='word_1_272' title='bbox 1305 955 1591 997; x_wconf 79' lang='lat' dir='ltr'>voluntatem.</span> <span class='ocrx_word' id='word_1_273' title='bbox 1625 953 1697 995; x_wconf 93' lang='lat' dir='ltr'>Ab</span> <span class='ocrx_word' id='word_1_274' title='bbox 1718 965 1771 995; x_wconf 90' lang='lat' dir='ltr'>eo</span> <span class='ocrx_word' id='word_1_275' title='bbox 1796 953 1912 996; x_wconf 89' lang='lat' dir='ltr'>enim</span> 
     </span>
     <span class='ocr_line' id='line_1_63' title="bbox 1075 1010 1910 1065; baseline -0.002 -11"><span class='ocrx_word' id='word_1_276' title='bbox 1075 1012 1172 1054; x_wconf 89' lang='lat' dir='ltr'>haec</span> <span class='ocrx_word' id='word_1_277' title='bbox 1199 1012 1402 1065; x_wconf 86' lang='lat' dir='ltr'>profecta</span> <span class='ocrx_word' id='word_1_278' title='bbox 1435 1016 1569 1064; x_wconf 88' lang='lat' dir='ltr'>atque</span> <span class='ocrx_word' id='word_1_279' title='bbox 1598 1015 1728 1052; x_wconf 89' lang='lat' dir='ltr'>aucta</span> <span class='ocrx_word' id='word_1_280' title='bbox 1747 1010 1910 1052; x_wconf 88' lang='lat' dir='ltr'>retine-</span> 
     </span>
     <span class='ocr_line' id='line_1_64' title="bbox 1076 1066 1912 1122; baseline -0.004 -12"><span class='ocrx_word' id='word_1_281' title='bbox 1076 1082 1189 1110; x_wconf 86' lang='lat' dir='ltr'>mus:</span> <span class='ocrx_word' id='word_1_282' title='bbox 1207 1068 1397 1122; x_wconf 85' lang='lat' dir='ltr'>proinde</span> <span class='ocrx_word' id='word_1_283' title='bbox 1417 1066 1686 1118; x_wconf 90' lang='lat' dir='ltr'>condignum</span> <span class='ocrx_word' id='word_1_284' title='bbox 1705 1071 1784 1116; x_wconf 88' lang='lat' dir='ltr'>est,</span> <span class='ocrx_word' id='word_1_285' title='bbox 1804 1071 1852 1109; x_wconf 90' lang='lat' dir='ltr'>ut</span> <span class='ocrx_word' id='word_1_286' title='bbox 1871 1066 1912 1108; x_wconf 89' lang='lat' dir='ltr'>ei</span> 
     </span>
     <span class='ocr_line' id='line_1_65' title="bbox 1077 1121 1913 1173; baseline -0.004 -6"><span class='ocrx_word' id='word_1_287' title='bbox 1077 1138 1125 1167; x_wconf 90' lang='lat' dir='ltr'>se</span> <span class='ocrx_word' id='word_1_288' title='bbox 1152 1130 1298 1167; x_wconf 89' lang='lat' dir='ltr'>totum</span> <span class='ocrx_word' id='word_1_289' title='bbox 1325 1123 1528 1173; x_wconf 90' lang='lat' dir='ltr'>reddant,</span> <span class='ocrx_word' id='word_1_290' title='bbox 1562 1123 1634 1165; x_wconf 92' lang='lat' dir='ltr'>cui</span> <span class='ocrx_word' id='word_1_291' title='bbox 1666 1121 1830 1165; x_wconf 88' lang='lat' dir='ltr'>debere</span> <span class='ocrx_word' id='word_1_292' title='bbox 1864 1135 1913 1164; x_wconf 88' lang='lat' dir='ltr'>se</span> 
     </span>
     <span class='ocr_line' id='line_1_66' title="bbox 1077 1179 1912 1232; baseline -0.002 -10"><span class='ocrx_word' id='word_1_293' title='bbox 1077 1181 1278 1224; x_wconf 88' lang='lat' dir='ltr'>recolunt</span> <span class='ocrx_word' id='word_1_294' title='bbox 1298 1186 1342 1222; x_wconf 89' lang='lat' dir='ltr'>et</span> <span class='ocrx_word' id='word_1_295' title='bbox 1362 1181 1576 1232; x_wconf 81' lang='lat' dir='ltr'>originem</span> <span class='ocrx_word' id='word_1_296' title='bbox 1592 1184 1636 1221; x_wconf 92' lang='lat' dir='ltr'>et</span> <span class='ocrx_word' id='word_1_297' title='bbox 1650 1179 1912 1232; x_wconf 90' lang='lat' dir='ltr'>profectum.</span> 
     </span>
    </p>

    <p class='ocr_par' dir='ltr' id='par_1_16' title="bbox 1132 1236 1699 1280">
     <span class='ocr_line' id='line_1_67' title="bbox 1132 1236 1699 1280; baseline -0.007 0"><span class='ocrx_word' id='word_1_298' title='bbox 1132 1238 1195 1280; x_wconf 89' lang='lat' dir='ltr'>Te</span> <span class='ocrx_word' id='word_1_299' title='bbox 1214 1238 1359 1279; x_wconf 89' lang='lat' dir='ltr'>Deum</span> <span class='ocrx_word' id='word_1_300' title='bbox 1377 1236 1620 1278; x_wconf 81' lang='lat' dir='ltr'>laudamus.</span> <span class='ocrx_word' id='word_1_301' title='bbox 1639 1237 1699 1276; x_wconf 88' lang='lat'>14.</span> 
     </span>
    </p>

    <p class='ocr_par' dir='ltr' id='par_1_17' title="bbox 1076 1291 1914 1458">
     <span class='ocr_line' id='line_1_68' title="bbox 1133 1291 1911 1343; baseline -0.003 -8"><span class='ocrx_word' id='word_1_302' title='bbox 1133 1295 1206 1337; x_wconf 91' lang='lat' dir='ltr'>Ad</span> <span class='ocrx_word' id='word_1_303' title='bbox 1224 1293 1389 1336; x_wconf 85' lang='lat' dir='ltr'>Bened.</span> <span class='ocrx_word' id='word_1_304' title='bbox 1418 1294 1518 1335; x_wconf 90' lang='lat' dir='ltr'>Ant.</span> <span class='ocrx_word' id='word_1_305' title='bbox 1546 1293 1766 1343; x_wconf 87' lang='lat' dir='ltr'>Magister,</span> <span class='ocrx_word' id='word_1_306' title='bbox 1787 1293 1811 1319; x_wconf 85' lang='grc'>*</span> <span class='ocrx_word' id='word_1_307' title='bbox 1831 1291 1911 1333; x_wconf 87' lang='lat' dir='ltr'>sci-</span> 
     </span>
     <span class='ocr_line' id='line_1_69' title="bbox 1077 1348 1914 1402; baseline -0.005 -10"><span class='ocrx_word' id='word_1_308' title='bbox 1077 1363 1174 1392; x_wconf 92' lang='lat' dir='ltr'>mus</span> <span class='ocrx_word' id='word_1_309' title='bbox 1195 1350 1298 1402; x_wconf 90' lang='lat' dir='ltr'>quia</span> <span class='ocrx_word' id='word_1_310' title='bbox 1321 1362 1456 1392; x_wconf 86' lang='lat' dir='ltr'>verax</span> <span class='ocrx_word' id='word_1_311' title='bbox 1476 1362 1539 1400; x_wconf 81' lang='lat' dir='ltr'>eS,</span> <span class='ocrx_word' id='word_1_312' title='bbox 1569 1354 1613 1391; x_wconf 91' lang='lat' dir='ltr'>et</span> <span class='ocrx_word' id='word_1_313' title='bbox 1631 1348 1748 1390; x_wconf 86' lang='lat' dir='ltr'>viam</span> <span class='ocrx_word' id='word_1_314' title='bbox 1766 1348 1852 1390; x_wconf 88' lang='lat' dir='ltr'>Dei</span> <span class='ocrx_word' id='word_1_315' title='bbox 1868 1348 1914 1388; x_wconf 87' lang='lat' dir='ltr'>in</span> 
     </span>
     <span class='ocr_line' id='line_1_70' title="bbox 1076 1405 1634 1458; baseline -0.002 -10"><span class='ocrx_word' id='word_1_316' title='bbox 1076 1407 1262 1449; x_wconf 78' lang='lat' dir='ltr'>veritate</span> <span class='ocrx_word' id='word_1_317' title='bbox 1283 1406 1429 1457; x_wconf 89' lang='lat' dir='ltr'>doces,</span> <span class='ocrx_word' id='word_1_318' title='bbox 1450 1405 1634 1458; x_wconf 83' lang='lat' dir='ltr'>alleluja.</span> 
     </span>
    </p>

    <p class='ocr_par' dir='ltr' id='par_1_18' title="bbox 1075 1459 1914 1629">
     <span class='ocr_line' id='line_1_71' title="bbox 1134 1459 1914 1514; baseline -0.003 -9"><span class='ocrx_word' id='word_1_319' title='bbox 1134 1459 1185 1512; x_wconf 65' lang='lat' dir='ltr'>V.</span> <span class='ocrx_word' id='word_1_320' title='bbox 1211 1463 1431 1505; x_wconf 81' lang='lat' dir='ltr'>Dominus</span> <span class='ocrx_word' id='word_1_321' title='bbox 1458 1462 1675 1514; x_wconf 75' lang='lat' dir='ltr'>regnavit,</span> <span class='ocrx_word' id='word_1_322' title='bbox 1705 1461 1914 1504; x_wconf 81' lang='lat' dir='ltr'>decerem</span> 
     </span>
     <span class='ocr_line' id='line_1_72' title="bbox 1077 1518 1914 1572; baseline -0.004 -10"><span class='ocrx_word' id='word_1_323' title='bbox 1077 1520 1229 1562; x_wconf 89' lang='lat' dir='ltr'>induit.</span> <span class='ocrx_word' id='word_1_324' title='bbox 1295 1521 1347 1572; x_wconf 68' lang='lat' dir='ltr'>R.</span> <span class='ocrx_word' id='word_1_325' title='bbox 1372 1518 1522 1561; x_wconf 91' lang='lat' dir='ltr'>Induit</span> <span class='ocrx_word' id='word_1_326' title='bbox 1549 1518 1767 1561; x_wconf 65' lang='lat' dir='ltr'>Dominus</span> <span class='ocrx_word' id='word_1_327' title='bbox 1794 1518 1914 1560; x_wconf 88' lang='lat' dir='ltr'>forti-</span> 
     </span>
     <span class='ocr_line' id='line_1_73' title="bbox 1075 1575 1862 1629; baseline -0.003 -10"><span class='ocrx_word' id='word_1_328' title='bbox 1075 1577 1285 1626; x_wconf 81' lang='lat' dir='ltr'>tudinem,</span> <span class='ocrx_word' id='word_1_329' title='bbox 1306 1581 1350 1618; x_wconf 90' lang='lat' dir='ltr'>et</span> <span class='ocrx_word' id='word_1_330' title='bbox 1368 1576 1602 1629; x_wconf 77' lang='lat' dir='ltr'>praecinxit</span> <span class='ocrx_word' id='word_1_331' title='bbox 1621 1588 1670 1618; x_wconf 86' lang='lat' dir='ltr'>se</span> <span class='ocrx_word' id='word_1_332' title='bbox 1687 1575 1862 1617; x_wconf 81' lang='lat' dir='ltr'>virtute.</span> 
     </span>
    </p>

    <p class='ocr_par' dir='ltr' id='par_1_19' title="bbox 1078 1630 1914 1797">
     <span class='ocr_line' id='line_1_74' title="bbox 1134 1630 1914 1684; baseline -0.001 -10"><span class='ocrx_word' id='word_1_333' title='bbox 1134 1632 1207 1674; x_wconf 93' lang='lat' dir='ltr'>Ad</span> <span class='ocrx_word' id='word_1_334' title='bbox 1222 1633 1398 1683; x_wconf 79' lang='lat' dir='ltr'>Magnis.</span> <span class='ocrx_word' id='word_1_335' title='bbox 1428 1635 1528 1675; x_wconf 87' lang='lat' dir='ltr'>Ant.</span> <span class='ocrx_word' id='word_1_336' title='bbox 1556 1631 1747 1674; x_wconf 88' lang='lat' dir='ltr'>Reddite</span> <span class='ocrx_word' id='word_1_337' title='bbox 1766 1644 1873 1684; x_wconf 89' lang='lat' dir='ltr'>ergo</span> <span class='ocrx_word' id='word_1_338' title='bbox 1889 1630 1914 1658; x_wconf 75' lang='lat'>¹⁸²</span> 
     </span>
     <span class='ocr_line' id='line_1_75' title="bbox 1080 1689 1914 1742; baseline -0.002 -10"><span class='ocrx_word' id='word_1_339' title='bbox 1080 1703 1180 1742; x_wconf 88' lang='lat' dir='ltr'>quae</span> <span class='ocrx_word' id='word_1_340' title='bbox 1200 1695 1301 1732; x_wconf 88' lang='lat' dir='ltr'>sunt</span> <span class='ocrx_word' id='word_1_341' title='bbox 1320 1689 1519 1739; x_wconf 78' lang='lat' dir='ltr'>Caesaris,</span> <span class='ocrx_word' id='word_1_342' title='bbox 1545 1689 1726 1731; x_wconf 79' lang='lat' dir='ltr'>Caesari:</span> <span class='ocrx_word' id='word_1_343' title='bbox 1750 1693 1795 1731; x_wconf 90' lang='lat' dir='ltr'>et</span> <span class='ocrx_word' id='word_1_344' title='bbox 1814 1700 1914 1741; x_wconf 86' lang='lat' dir='ltr'>quae</span> 
     </span>
     <span class='ocr_line' id='line_1_76' title="bbox 1078 1745 1629 1797; baseline -0.004 -9"><span class='ocrx_word' id='word_1_345' title='bbox 1078 1752 1179 1789; x_wconf 88' lang='lat' dir='ltr'>sunt</span> <span class='ocrx_word' id='word_1_346' title='bbox 1198 1746 1293 1797; x_wconf 91' lang='lat' dir='ltr'>Dei,</span> <span class='ocrx_word' id='word_1_347' title='bbox 1315 1747 1426 1796; x_wconf 89' lang='lat' dir='ltr'>Deo,</span> <span class='ocrx_word' id='word_1_348' title='bbox 1445 1745 1629 1797; x_wconf 82' lang='lat' dir='ltr'>aHeluja.</span> 
     </span>
    </p>

    <p class='ocr_par' dir='ltr' id='par_1_20' title="bbox 1082 1801 1914 1914">
     <span class='ocr_line' id='line_1_77' title="bbox 1134 1801 1914 1854; baseline -0.003 -10"><span class='ocrx_word' id='word_1_349' title='bbox 1134 1802 1421 1854; x_wconf 68' lang='lat' dir='ltr'>V.Dirigatur</span> <span class='ocrx_word' id='word_1_350' title='bbox 1439 1802 1630 1844; x_wconf 73' lang='lat' dir='ltr'>Demine</span> <span class='ocrx_word' id='word_1_351' title='bbox 1645 1801 1789 1843; x_wconf 75' lang='lat' dir='ltr'>oratio</span> <span class='ocrx_word' id='word_1_352' title='bbox 1803 1813 1914 1842; x_wconf 91' lang='lat' dir='ltr'>mea.</span> 
     </span>
     <span class='ocr_line' id='line_1_78' title="bbox 1082 1858 1911 1914; baseline -0.004 -12"><span class='ocrx_word' id='word_1_353' title='bbox 1082 1862 1133 1914; x_wconf 66' lang='lat' dir='ltr'>Rv.</span> <span class='ocrx_word' id='word_1_354' title='bbox 1165 1859 1288 1902; x_wconf 89' lang='lat' dir='ltr'>Sicut</span> <span class='ocrx_word' id='word_1_355' title='bbox 1323 1859 1551 1901; x_wconf 92' lang='lat' dir='ltr'>incensum</span> <span class='ocrx_word' id='word_1_356' title='bbox 1587 1858 1632 1899; x_wconf 89' lang='lat' dir='ltr'>in</span> <span class='ocrx_word' id='word_1_357' title='bbox 1666 1858 1911 1910; x_wconf 88' lang='lat' dir='ltr'>conspectu</span> 
     </span>
    </p>
   </div>
   <div class='ocr_carea' id='block_1_9' title="bbox 1077 1922 1916 2307">
    <p class='ocr_par' dir='ltr' id='par_1_21' title="bbox 1077 1922 1166 1960">
     <span class='ocr_line' id='line_1_79' title="bbox 1077 1922 1166 1960; baseline -0.026 0"><span class='ocrx_word' id='word_1_358' title='bbox 1077 1922 1166 1960; x_wconf 92' lang='lat' dir='ltr'>tuo.</span> 
     </span>
    </p>

    <p class='ocr_par' dir='ltr' id='par_1_22' title="bbox 1080 1970 1916 2307">
     <span class='ocr_line' id='line_1_80' title="bbox 1134 1970 1914 2020; baseline -0.006 -9"><span class='ocrx_word' id='word_1_359' title='bbox 1134 1975 1176 2011; x_wconf 90' lang='lat' dir='ltr'>Si</span> <span class='ocrx_word' id='word_1_360' title='bbox 1205 1985 1372 2020; x_wconf 90' lang='lat' dir='ltr'>sequens</span> <span class='ocrx_word' id='word_1_361' title='bbox 1397 1973 1604 2009; x_wconf 91' lang='lat' dir='ltr'>Dominica</span> <span class='ocrx_word' id='word_1_362' title='bbox 1633 1971 1750 2007; x_wconf 86' lang='lat' dir='ltr'>fuerit</span> <span class='ocrx_word' id='word_1_363' title='bbox 1777 1970 1914 2007; x_wconf 88' lang='lat' dir='ltr'>ultima</span> 
     </span>
     <span class='ocr_line' id='line_1_81' title="bbox 1082 2019 1916 2079; baseline -0.006 -20"><span class='ocrx_word' id='word_1_364' title='bbox 1082 2028 1172 2079; x_wconf 79' lang='lat' dir='ltr'>post</span> <span class='ocrx_word' id='word_1_365' title='bbox 1205 2024 1481 2065; x_wconf 85' lang='lat' dir='ltr'>lentecosten,</span> <span class='ocrx_word' id='word_1_366' title='bbox 1517 2022 1599 2065; x_wconf 89' lang='lat' dir='ltr'>ejus</span> <span class='ocrx_word' id='word_1_367' title='bbox 1634 2021 1723 2056; x_wconf 88' lang='lat' dir='ltr'>loco</span> <span class='ocrx_word' id='word_1_368' title='bbox 1756 2019 1916 2064; x_wconf 89' lang='lat' dir='ltr'>ponitur</span> 
     </span>
     <span class='ocr_line' id='line_1_82' title="bbox 1080 2050 1915 2111; baseline -0.007 -3.986"><span class='ocrx_word' id='word_1_369' title='bbox 1080 2072 1186 2107; x_wconf 84' lang='lat' dir='ltr'>xxiv</span> <span class='ocrx_word' id='word_1_370' title='bbox 1218 2076 1260 2107; x_wconf 71' lang='lat' dir='ltr'>itt</span> <span class='ocrx_word' id='word_1_371' title='bbox 1288 2071 1390 2106; x_wconf 88' lang='lat' dir='ltr'>infra</span> <span class='ocrx_word' id='word_1_372' title='bbox 1412 2050 1488 2106; x_wconf 85' lang='lat'>243&#39;.</span> <span class='ocrx_word' id='word_1_373' title='bbox 1524 2074 1561 2104; x_wconf 89' lang='lat' dir='ltr'>et</span> <span class='ocrx_word' id='word_1_374' title='bbox 1589 2069 1769 2103; x_wconf 82' lang='lat' dir='ltr'>Officium</span> <span class='ocrx_word' id='word_1_375' title='bbox 1798 2067 1915 2111; x_wconf 89' lang='lat' dir='ltr'>hujus</span> 
     </span>
     <span class='ocr_line' id='line_1_83' title="bbox 1080 2117 1915 2163; baseline -0.006 -8"><span class='ocrx_word' id='word_1_376' title='bbox 1080 2120 1299 2154; x_wconf 84' lang='lat' dir='ltr'>Dominicae</span> <span class='ocrx_word' id='word_1_377' title='bbox 1322 2118 1482 2163; x_wconf 89' lang='lat' dir='ltr'>ponitur</span> <span class='ocrx_word' id='word_1_378' title='bbox 1510 2117 1549 2151; x_wconf 92' lang='lat' dir='ltr'>in</span> <span class='ocrx_word' id='word_1_379' title='bbox 1573 2117 1746 2152; x_wconf 89' lang='lat' dir='ltr'>Sabbato</span> <span class='ocrx_word' id='word_1_380' title='bbox 1770 2125 1915 2160; x_wconf 87' lang='lat' dir='ltr'>praece-</span> 
     </span>
     <span class='ocr_line' id='line_1_84' title="bbox 1082 2163 1914 2212; baseline -0.006 -9"><span class='ocrx_word' id='word_1_381' title='bbox 1082 2168 1205 2212; x_wconf 88' lang='lat' dir='ltr'>denti,</span> <span class='ocrx_word' id='word_1_382' title='bbox 1236 2178 1315 2203; x_wconf 91' lang='lat' dir='ltr'>non</span> <span class='ocrx_word' id='word_1_383' title='bbox 1339 2166 1528 2210; x_wconf 88' lang='lat' dir='ltr'>impedito</span> <span class='ocrx_word' id='word_1_384' title='bbox 1553 2166 1654 2200; x_wconf 88' lang='lat' dir='ltr'>festo</span> <span class='ocrx_word' id='word_1_385' title='bbox 1678 2174 1821 2200; x_wconf 87' lang='lat' dir='ltr'>novem</span> <span class='ocrx_word' id='word_1_386' title='bbox 1844 2163 1914 2198; x_wconf 92' lang='lat' dir='ltr'>Le-</span> 
     </span>
     <span class='ocr_line' id='line_1_85' title="bbox 1081 2211 1915 2260; baseline -0.006 -9"><span class='ocrx_word' id='word_1_387' title='bbox 1081 2217 1270 2260; x_wconf 89' lang='lat' dir='ltr'>ctionum‚</span> <span class='ocrx_word' id='word_1_388' title='bbox 1303 2215 1479 2259; x_wconf 84' lang='lat' dir='ltr'>alioquin</span> <span class='ocrx_word' id='word_1_389' title='bbox 1502 2214 1617 2249; x_wconf 88' lang='lat' dir='ltr'>Feria</span> <span class='ocrx_word' id='word_1_390' title='bbox 1644 2213 1714 2256; x_wconf 88' lang='lat' dir='ltr'>vi.,</span> <span class='ocrx_word' id='word_1_391' title='bbox 1745 2212 1810 2248; x_wconf 86' lang='lat' dir='ltr'>vel</span> <span class='ocrx_word' id='word_1_392' title='bbox 1837 2211 1915 2246; x_wconf 88' lang='lat' dir='ltr'>alia</span> 
     </span>
     <span class='ocr_line' id='line_1_86' title="bbox 1081 2263 1584 2307; baseline -0.004 -8"><span class='ocrx_word' id='word_1_393' title='bbox 1081 2265 1260 2300; x_wconf 88' lang='lat' dir='ltr'>similiter</span> <span class='ocrx_word' id='word_1_394' title='bbox 1282 2274 1362 2299; x_wconf 93' lang='lat' dir='ltr'>non</span> <span class='ocrx_word' id='word_1_395' title='bbox 1386 2263 1584 2307; x_wconf 88' lang='lat' dir='ltr'>impedita.</span> 
     </span>
    </p>
   </div>
   <div class='ocr_carea' id='block_1_10' title="bbox 1247 2401 1742 2454">
    <p class='ocr_par' dir='ltr' id='par_1_23' title="bbox 1247 2401 1742 2454">
     <span class='ocr_line' id='line_1_87' title="bbox 1247 2401 1742 2454; baseline -0.006 0"><span class='ocrx_word' id='word_1_396' title='bbox 1247 2404 1526 2454; x_wconf 79' lang='lat' dir='ltr'>Dominica</span> <span class='ocrx_word' id='word_1_397' title='bbox 1547 2401 1742 2452; x_wconf 91' lang='lat' dir='ltr'>XXIII.</span> 
     </span>
    </p>
   </div>
   <div class='ocr_carea' id='block_1_11' title="bbox 1186 2465 1810 2519">
    <p class='ocr_par' dir='ltr' id='par_1_24' title="bbox 1186 2465 1810 2519">
     <span class='ocr_line' id='line_1_88' title="bbox 1186 2465 1810 2519; baseline -0.011 -11"><span class='ocrx_word' id='word_1_398' title='bbox 1186 2471 1328 2519; x_wconf 91' lang='lat' dir='ltr'>post</span> <span class='ocrx_word' id='word_1_399' title='bbox 1370 2465 1810 2506; x_wconf 88' lang='lat' dir='ltr'>Pentecosten.</span> 
     </span>
    </p>
   </div>
   <div class='ocr_carea' id='block_1_12' title="bbox 1078 2529 1913 2752">
    <p class='ocr_par' dir='ltr' id='par_1_25' title="bbox 1078 2529 1913 2752">
     <span class='ocr_line' id='line_1_89' title="bbox 1150 2529 1913 2637; baseline -0.008 -8"><span class='ocrx_word' id='word_1_400' title='bbox 1150 2586 1316 2636; x_wconf 77' lang='lat' dir='ltr'>bselve,</span> <span class='ocrx_word' id='word_1_401' title='bbox 1332 2529 1586 2637; x_wconf 45' lang='lat' dir='ltr'>quaegilisstiiics·</span> <span class='ocrx_word' id='word_1_402' title='bbox 1598 2583 1799 2633; x_wconf 84' lang='lat' dir='ltr'>Domine,</span> <span class='ocrx_word' id='word_1_403' title='bbox 1818 2584 1913 2624; x_wconf 81' lang='lat' dir='ltr'>tuo-</span> 
     </span>
     <span class='ocr_line' id='line_1_90' title="bbox 1190 2639 1913 2693; baseline -0.007 -9"><span class='ocrx_word' id='word_1_404' title='bbox 1190 2656 1287 2684; x_wconf 91' lang='lat' dir='ltr'>rum</span> <span class='ocrx_word' id='word_1_405' title='bbox 1311 2641 1473 2683; x_wconf 88' lang='lat' dir='ltr'>delicta</span> <span class='ocrx_word' id='word_1_406' title='bbox 1498 2639 1784 2693; x_wconf 70' lang='lat' dir='ltr'>populorum:</span> <span class='ocrx_word' id='word_1_407' title='bbox 1810 2643 1859 2680; x_wconf 93' lang='lat' dir='ltr'>ut</span> <span class='ocrx_word' id='word_1_408' title='bbox 1886 2651 1913 2680; x_wconf 89' lang='lat' dir='ltr'>a</span> 
     </span>
     <span class='ocr_line' id='line_1_91' title="bbox 1078 2696 1912 2752; baseline -0.006 -11"><span class='ocrx_word' id='word_1_409' title='bbox 1078 2701 1362 2752; x_wconf 82' lang='lat' dir='ltr'>peccaterum</span> <span class='ocrx_word' id='word_1_410' title='bbox 1380 2696 1582 2746; x_wconf 82' lang='lat' dir='ltr'>nexibuS,</span> <span class='ocrx_word' id='word_1_411' title='bbox 1612 2709 1712 2748; x_wconf 86' lang='lat' dir='ltr'>quae</span> <span class='ocrx_word' id='word_1_412' title='bbox 1731 2708 1815 2748; x_wconf 88' lang='lat' dir='ltr'>pro</span> <span class='ocrx_word' id='word_1_413' title='bbox 1835 2707 1912 2737; x_wconf 92' lang='lat' dir='ltr'>no-</span> 
     </span>
    </p>
   </div>
  </div>
 </body>
</html>
