2040 2944
563 182 740 216 Officium
764 183 936 217 votivum
963 184 1008 217 de
1034 183 1221 218 passione
1248 184 1290 217 l).
1313 185 1356 218 N.
1379 185 1410 217 J.
1434 186 1472 218 C.

194 277 332 319 Pedes
350 280 594 329 manusque
612 275 810 318 horribili

242 333 364 376 Clavi
382 335 612 375 cruentant
628 332 823 374 vulnere:

241 390 338 440 Cor,
358 390 514 440 vultus,
533 394 664 439 artus
683 390 866 441 pectora

239 446 374 488 Sacro
394 445 642 488 redundant
661 445 882 496 sanguine.

191 512 300 563 Flet,
320 517 427 563 orat,
447 516 491 554 et
510 511 703 564 clamans
723 509 841 552 obite

243 569 330 611 Cor
347 568 500 610 Matris
518 568 654 609 ictum
673 565 880 608 concidit:

241 626 341 668 Heu
359 624 514 667 Mater!
537 624 624 666 heu
641 623 738 664 Fili!
762 622 890 665 dolor

240 683 419 734 Ingrata
437 682 607 732 frangat
626 681 818 734 pectora.

192 749 374 798 Montes,
393 746 637 800 sepulchra,
657 744 851 797 saxaque

240 803 519 847 Scinduntur:
539 815 654 853 arva,
674 802 861 851 flumina,

241 862 404 914 Rupes,
424 865 468 902 et
487 871 640 912 aequor
658 861 945 907 contremunt,

242 917 504 970 Templique
523 916 670 958 velum
689 913 911 956 scinditur.

190 982 276 1033 Sol,
294 982 407 1033 luna,
427 981 598 1030 coelum,
618 979 764 1022 sidera

241 1039 469 1090 Plangunt,
488 1043 532 1080 et
551 1037 672 1079 orbis
691 1035 883 1087 ingemit:

243 1096 280 1137 O
300 1108 382 1138 vos
400 1095 492 1145 viri,
511 1107 592 1136 vos
611 1093 795 1146 parvuli,

240 1152 415 1205 Nuptae,
434 1151 605 1204 puellae,
623 1149 830 1203 plangite.

190 1218 346 1258 Astate
363 1218 600 1258 moerentes
619 1215 747 1264 cruci,

241 1273 386 1315 Pedes
404 1273 561 1315 beatos
580 1271 741 1323 ungite,

242 1330 410 1372 Lavate
429 1327 546 1380 fletu,
564 1327 722 1379 tergite

243 1386 402 1436 ComiS,
422 1391 466 1428 et
485 1398 563 1428 ore
580 1385 772 1428 lambite.

192 1453 260 1493 Tu
279 1451 472 1494 caritatis
491 1451 679 1502 victima,

240 1508 301 1550 Ut
317 1513 469 1550 nostra
486 1507 618 1550 tollas
638 1506 828 1555 crimina,

241 1564 382 1607 Nobis
402 1563 566 1605 salubri
583 1563 760 1617 perficis

242 1620 541 1674 Adoptionem
561 1620 780 1671 sanguine.

191 1687 354 1728 Nostra
372 1698 477 1737 ergo
495 1698 585 1738 pax
604 1690 648 1727 et
666 1683 874 1736 gaudium

243 1742 310 1784 Sis
330 1742 429 1793 vita,
449 1742 473 1783 J
476 1754 564 1793 esu,
584 1747 628 1784 et
647 1741 891 1795 praemium3

243 1799 311 1841 Sis
330 1798 488 1841 ductor
507 1804 552 1841 et
570 1798 646 1840 lux
664 1798 708 1838 in
726 1798 807 1847 via,

241 1856 422 1906 MerceS,
442 1857 606 1897 corona
624 1855 667 1895 in
686 1854 839 1908 patria.

473 1913 628 1954 Arnen.

218 1966 269 2013 V.
298 1969 401 2021 Ipse
433 1968 686 2010 vulneratus
716 1972 783 2009 est
811 1971 995 2020 propter

164 2024 416 2076 iniquitates
441 2030 626 2066 nostras.
662 2025 713 2077 R.
739 2025 797 2065 Et
822 2025 995 2065 attritus

166 2085 234 2122 est
252 2085 437 2133 propter
455 2081 622 2123 scelera
639 2085 802 2123 nostra.

221 2140 291 2181 Ad
319 2142 481 2184 Bened.
509 2143 608 2185 Ant.
648 2141 718 2185 Ad
744 2142 894 2183 Jesum
923 2153 993 2182 au-

165 2202 255 2240 tem
280 2199 304 2224 *
329 2210 428 2239 cum
455 2200 692 2249 venissent,
719 2203 768 2240 ut
793 2197 995 2239 viderunt

166 2267 265 2295 eum
288 2255 373 2306 jam
397 2256 633 2306 mortuum,
661 2268 750 2296 non
775 2255 996 2305 fregerunt

166 2312 257 2362 ejus
285 2323 427 2361 crura;
457 2309 536 2352 sed
560 2324 671 2354 unus
696 2311 882 2353 militum
907 2310 994 2351 lan-

167 2379 245 2408 cea
264 2366 378 2408 latus
400 2368 490 2419 ejus
514 2367 695 2420 aperuit,
720 2373 763 2409 et
787 2369 993 2409 continuo

167 2423 301 2465 exivit
319 2423 494 2474 sanguis
513 2428 558 2465 et
577 2436 703 2476 aqua.

505 2480 667 2522 Oratio.

255 2535 397 2577 emine
413 2536 438 2577 J
440 2548 518 2577 esu
536 2535 718 2586 Christe,
739 2535 814 2587 qui
834 2533 889 2576 de
908 2547 992 2576 coe-

278 2591 332 2632 lis
363 2591 421 2633 ad
450 2597 613 2634 terram
641 2592 695 2634 de
729 2592 825 2633 sinu
851 2590 994 2632 Patris

168 2645 452 2698 descendisti,
497 2654 542 2690 et
582 2649 836 2699 sanguinem
871 2651 994 2688 tuum

166 2703 409 2755 pretiosum
439 2704 483 2745 in
513 2705 813 2746 remissionem
840 2715 992 2755 pecca-

321 2846 386 2871 Pars
401 2845 570 2871 Autumnalis.

1780 180 1873 225 [241]

1043 279 1190 319 torum
1212 279 1463 319 nostrorum
1483 275 1647 318 fudisti:
1674 281 1719 318 te
1737 277 1872 317 humi-

1044 333 1143 375 liter
1166 333 1468 387 deprecamur,
1491 337 1540 374 ut
1562 332 1606 372 in
1626 331 1696 374 die
1718 332 1874 385 judicii,

1046 389 1102 431 ad
1131 390 1357 432 dexteram
1384 395 1504 431 tuam
1531 387 1682 430 audire
1709 391 1873 430 merea-

1046 460 1159 488 mur:
1191 448 1351 489 Venite
1376 445 1614 488 benedicti:
1648 446 1732 496 Qui
1755 446 1875 487 vivis.

1318 520 1384 556 Ad
1408 519 1609 555 Primam.

1098 580 1146 618 In
1174 580 1223 631 R».
1250 579 1310 619 br.
1335 574 1386 626 Υ.
1415 575 1499 626 Qui
1523 587 1605 626 pro
1630 575 1758 617 nobis
1782 575 1875 629 pati

1047 632 1252 684 dignatus
1272 645 1331 675 es.

1315 707 1382 743 Ad
1406 707 1608 744 Tertiam.

1100 763 1199 803 Ant.
1243 764 1352 806 Veni
1378 763 1434 806 ad
1457 770 1652 814 montem
1676 763 1875 817 myrrhae.

1101 822 1239 876 Capit.
1277 825 1467 867 Fratres:
1494 826 1594 867 Hoc
1614 825 1738 867 enim.
1758 824 1875 877 [240]

1098 889 1149 940 R.
1175 888 1236 929 br.
1268 889 1454 932 Oblatus
1482 895 1564 941 est,
1590 890 1613 913 *
1643 890 1755 940 Quia
1780 890 1876 942 ipse

1047 946 1196 988 voluit.
1234 946 1432 989 Oblatus.
1461 941 1511 993 Υ.
1545 947 1602 989 Et
1624 947 1762 988 livore
1786 947 1876 999 ejus

1048 1004 1187 1045 sanati
1213 1016 1371 1045 sumus.
1409 1004 1529 1054 Quia.
1571 1003 1723 1045 Cleria
1746 1003 1877 1046 Patri.

1048 1059 1246 1102 Oblatus.

1099 1117 1148 1168 Υ”.
1177 1121 1364 1174 Proprio
1383 1121 1495 1162 Filio
1516 1133 1596 1162 suo
1616 1133 1703 1162 non
1722 1121 1875 1173 peper-

1049 1178 1107 1219 cit
1128 1179 1260 1220 Deus.
1294 1179 1343 1230 R·.
1374 1177 1461 1220 Sed
1484 1190 1566 1230 pro
1592 1177 1719 1219 nobis
1744 1177 1876 1219 omni-

1048 1234 1130 1276 bus
1148 1234 1331 1277 tradidit
1349 1234 1480 1276 illum.

1324 1314 1392 1350 Ad
1414 1314 1600 1350 Sextam.

1104 1373 1205 1412 Ant.
1234 1371 1455 1413 Foderunt
1473 1383 1625 1412 manus
1644 1383 1776 1412 meas.

1125 1444 1383 1498 Capitulum.
1590 1444 1719 1485 Zach.
1740 1444 1797 1483 13.

1133 1514 1209 1557 uid
1237 1520 1337 1557 sunt
1363 1515 1508 1568 plagae
1535 1515 1632 1557 istae
1659 1515 1703 1555 in
1730 1513 1876 1556 medio

1159 1574 1367 1613 manuum
1403 1570 1600 1613 tuarum?
1641 1571 1711 1613 Et
1746 1570 1877 1613 dicet:

1047 1628 1128 1669 His
1151 1628 1355 1681 plagatus
1380 1641 1477 1669 sum
1501 1628 1544 1668 in
1567 1627 1700 1670 domo
1725 1629 1877 1669 eorum

1050 1684 1123 1736 qui
1142 1683 1382 1735 diligebant
1399 1697 1479 1726 me.

1100 1750 1150 1801 Rl·
1176 1749 1239 1790 br.
1267 1749 1454 1802 Proprio
1481 1749 1592 1790 Filio
1619 1761 1699 1790 suo
1727 1750 1749 1774 *
1775 1747 1877 1789 Non

1047 1807 1244 1859 pepercit
1271 1807 1402 1848 Deus.
1456 1805 1655 1858 Preprio.
1704 1799 1754 1851 V.
1789 1802 1876 1845 Sed

1032 1875 1129 1915 ,pro
1155 1862 1282 1904 nobis
1311 1862 1512 1904 omnibus
1538 1861 1719 1903 tradidit
1743 1860 1876 1902 illum.

1046 1919 1158 1960 Non.
1188 1919 1339 1960 Gloria
1357 1918 1487 1960 Patri.
1513 1917 1713 1970 Proprio.

1100 1976 1150 2027 V.
1165 1981 1325 2022 Factus
1345 1985 1412 2021 est
1430 1978 1641 2021 obediens
1659 1990 1798 2029 usque
1819 1976 1876 2019 ad

1046 2041 1245 2078 mortem.
1277 2037 1327 2087 Rz.
1350 2036 1540 2077 Mortem
1559 2039 1704 2076 autem
1724 2033 1875 2075 crucis.

1325 2108 1392 2144 Ad
1416 2109 1599 2145 Nonam.

1100 2163 1198 2204 Ant.
1228 2163 1339 2203 Cum
1360 2162 1605 2212 accepisset
1623 2158 1648 2200 J
1651 2170 1762 2200 esus.

1127 2229 1385 2282 Capitulum.
1588 2227 1713 2267 Isaiae
1733 2226 1797 2265 53.

1129 2298 1424 2340 enerationem
1456 2298 1547 2348 ejus
1576 2295 1673 2348 quis
1704 2296 1873 2336 enarra-

1157 2352 1246 2396 bit?
1304 2354 1415 2403 Quia
1456 2353 1676 2395 abseissus
1715 2356 1782 2393 est
1819 2350 1873 2394 de

1046 2417 1163 2453 terra
1206 2410 1462 2451 viventium:
1505 2414 1689 2462 propter
1731 2407 1873 2449 scelus

1046 2466 1202 2520 pepuli
1218 2466 1305 2508 mei
1322 2465 1520 2518 percussi
1540 2478 1650 2506 eum.

1102 2538 1152 2588 Ra.
1170 2537 1231 2577 br.
1250 2531 1410 2572 Factus
1436 2535 1503 2571 est
1526 2529 1736 2571 obediens
1759 2528 1870 2569 *Us-

1048 2601 1132 2641 que
1157 2587 1215 2629 ad
1237 2592 1433 2628 mortem.
1473 2586 1644 2628 Factus.
1686 2582 1735 2633 V.
1758 2584 1870 2624 Mor-

1045 2650 1134 2687 tem
1158 2649 1303 2685 autem
1326 2643 1477 2684 crucis.
1517 2643 1678 2694 Usque.
1720 2639 1872 2681 Gloria

1045 2700 1175 2742 Patri.
1210 2700 1382 2742 Factus.

1612 2829 1642 2869 Q
