2040 2944
573 173 645 206 Die
670 173 729 206 20.
756 172 853 206 Nov.

469 265 621 306 Lectio
642 279 678 305 v.

162 330 316 435 Post
330 341 531 381 exactam
549 338 827 381 laudabiliter
843 339 989 380 adole-

271 396 498 446 scentiam,
536 396 672 448 coepit
709 408 764 436 ex
796 395 989 437 coelestis

157 452 544 504 contemplationis
597 451 745 493 stadio
791 451 989 493 solitadi-

157 521 258 550 nem
284 509 498 559 cogitare3
527 508 650 561 prius
679 513 826 549 tamen
850 507 990 549 voluit

157 566 293 607 sacris
317 565 496 616 initiari,
524 570 574 606 ut
597 577 773 606 omnem
798 565 938 615 regni,
966 578 990 606 a

157 623 277 673 cujus
298 622 576 663 successione
595 621 687 673 jure
705 620 815 671 legis
834 620 989 662 Salicae

156 691 245 719 non
264 678 394 730 longe
415 677 619 727 distabat,
639 689 764 730 spem
782 676 865 718 sibi
879 690 988 729 prae-

159 734 338 776 cideret.
369 733 587 775 Sacerdos
606 733 760 782 factus,
786 738 830 774 et
848 733 992 786 prima

158 791 295 833 Missa
320 791 605 833 devotissime
633 789 876 840 celebrata,
903 803 991 831 non

158 847 297 889 multo
317 852 422 900 post
435 847 479 888 in
495 849 689 888 eremum
704 847 897 896 secessit,
916 846 992 888 ubi

158 909 328 945 summa
359 903 623 945 abstinentia
650 904 871 952 victitans,
905 916 990 945 coe-

157 960 332 1002 lestium
372 959 683 1002 charismatum
724 958 992 1001 abundantia

156 1016 433 1069 pascebatur.
453 1016 522 1058 Ibi
538 1029 637 1058 cum
652 1021 806 1057 sancto
823 1016 848 1057 J
850 1018 991 1058 oanne

161 1073 216 1115 de
231 1073 382 1115 Matha
393 1073 630 1114 Parisiensi
645 1073 841 1123 doctore,
862 1086 887 1114 a
903 1085 991 1125 quo

163 1143 218 1172 ex
238 1130 386 1172 divina
403 1130 691 1182 inspiratione
712 1132 923 1182 quaesitus
949 1135 993 1171 et

158 1188 378 1236 inventus,
411 1199 492 1239 per
525 1186 695 1238 aliquot
725 1199 864 1227 annos
897 1199 991 1227 san-

159 1244 352 1285 ctissime
366 1243 490 1293 vixit3
506 1242 648 1284 donec
663 1243 793 1284 ambo
810 1255 890 1295 per
905 1243 991 1283 An-

158 1299 305 1351 gelum
324 1313 349 1341 a
363 1300 461 1340 Deo
482 1299 695 1340 admoniti
712 1300 900 1339 Romam
919 1312 991 1351 pe-

159 1357 335 1406 tierunt,
362 1356 601 1409 specialem
628 1369 654 1397 a
675 1356 855 1397 Summo
880 1356 991 1397 Pon-

158 1413 277 1454 tifice
297 1411 472 1454 vivendi
492 1412 689 1463 regulam
703 1412 992 1465 impetraturi.

159 1469 294 1511 Facta
319 1470 452 1520 igitur
470 1469 728 1510 Innocentio
749 1469 884 1521 Papae
907 1470 991 1510 ter-

159 1526 222 1567 tio
246 1526 359 1567 inter
377 1526 611 1566 Missarum
634 1525 847 1566 solemnia
872 1538 991 1566 reve-

158 1582 322 1624 latione
358 1583 579 1634 religionis
617 1587 660 1623 et
705 1581 893 1622 instituti
938 1581 993 1622 de

159 1639 426 1681 redimendis
453 1639 650 1692 captivis,
677 1638 733 1680 ab
759 1638 858 1691 ipso
882 1638 992 1678 Pon-

159 1695 295 1744 tifice,
328 1695 458 1736 simul
490 1708 590 1736 cum
622 1695 763 1743 socio,
794 1693 992 1735 candidis

159 1751 356 1793 vestibus
375 1751 564 1793 bicolori
582 1764 711 1793 cruce
731 1750 913 1802 signatis
931 1750 991 1790 in-

161 1807 321 1857 duitur,
345 1807 402 1849 ad
421 1820 518 1849 eam
537 1808 724 1849 formam
744 1819 830 1859 qua
850 1807 992 1857 Ange-

163 1863 232 1904 lus
263 1863 441 1906 indutus
474 1864 696 1916 apparuit:
734 1868 777 1904 et
813 1865 993 1914 insuper

158 1919 298 1961 voluit
332 1920 557 1969 Pontifex,
602 1924 651 1961 ut
687 1932 802 1960 nova
838 1918 992 1968 religio

159 1976 279 2027 iuxta
297 1976 517 2028 triplicem
537 1975 743 2025 colorem,
765 1987 852 2027 quo
872 1973 992 2016 habi-

158 2037 230 2074 tus
249 2037 433 2082 constat,
459 2032 747 2073 sanctissimae
766 2030 993 2072 Trinitatis

158 2088 286 2130 titulo
307 2088 603 2130 decoraretur.

215 2173 266 2225 R.
289 2170 468 2212 Amavit
488 2183 588 2211 eum
605 2169 837 2218 Dominus,
861 2173 904 2210 et
925 2180 991 2209 or-

159 2227 282 2268 navit
314 2239 428 2268 eum:
468 2225 628 2267 stolam
663 2225 816 2276 gloriae
850 2223 993 2266 induit

161 2285 305 2332 eum‚*
325 2283 382 2324 Et
401 2282 458 2324 ad
478 2286 635 2354 portas
654 2281 848 2334 paradisi
869 2293 992 2322 coro-

159 2339 280 2380 navit
309 2352 419 2381 eum.
461 2339 512 2386 V.
540 2337 688 2379 Induit
716 2350 816 2379 eum
843 2336 992 2378 Domi-

159 2408 241 2436 nus
265 2394 447 2437 loricam
470 2394 589 2443 fidei,
618 2399 662 2435 et
686 2393 858 2435 ornavit
882 2405 992 2433 eum.

160 2451 218 2492 Et
236 2451 294 2493 ad
312 2456 476 2504 portas.

318 2834 382 2858 Pars
397 2832 567 2857 Autumnalis.

901 171 935 205 S.
961 171 1102 204 Felicis
1129 170 1175 204 dc
1198 170 1333 203 Valois
1361 170 1469 203 Conf.

1349 265 1502 305 Lectio
1524 264 1576 304 vi.

1046 316 1260 422 Regula
1284 326 1466 378 propria
1493 338 1548 366 ex
1573 325 1739 367 Summi
1762 326 1873 366 Pon-

1159 382 1290 424 tificis
1312 382 1556 423 Innocentii
1581 382 1873 424 confirmatio-

1043 451 1097 479 ne
1130 440 1331 491 accepta‚
1367 438 1411 478 in
1444 437 1628 480 dioecesi
1659 437 1876 480 Meldensi

1044 494 1163 547 apud
1188 494 1350 541 locum,
1380 495 1455 546 qui
1481 494 1647 536 Cervus
1672 494 1875 546 Frigidus

1044 550 1214 601 dicitur,
1234 551 1422 603 primum
1442 551 1608 592 ordinis
1622 550 1755 603 paulo
1776 556 1876 593 ante

1044 620 1069 648 a
1101 620 1149 648 se
1183 612 1227 648 et
1259 608 1382 648 socio
1419 610 1692 649 exstractum
1729 610 1876 649 coeno-

1043 663 1162 706 bium
1183 663 1419 715 ampliavit,
1439 663 1514 705 ubi
1533 663 1782 714 religiosam
1803 663 1877 705 ob-

1044 720 1324 769 servantiam,
1345 725 1389 761 et
1403 719 1740 772 Redemptionis
1757 720 1875 761 insti-

1043 780 1187 818 tatum
1214 777 1397 818 mirifice
1422 776 1572 826 coluit,
1599 789 1651 817 ac
1675 776 1777 818 inde
1797 790 1878 829 per

1044 833 1246 874 alamnos
1283 833 1327 873 in
1360 833 1467 873 alias
1499 833 1751 885 provincias
1785 833 1877 874 dili-

1043 888 1298 940 gentissime
1333 890 1610 943 propagavit.
1655 889 1878 931 Illustrem

1044 946 1114 987 hic
1134 959 1159 987 a
1177 946 1310 987 beata
1323 947 1506 996 Virgine
1522 946 1662 987 Matre
1683 946 1879 987 favorem

1045 1003 1232 1055 accepit:
1287 1002 1606 1044 dormientibus
1662 1002 1878 1054 siquidem

1046 1060 1214 1101 cunctis
1239 1059 1465 1108 fratribus,
1493 1063 1536 1100 et
1561 1058 1618 1100 ad
1642 1061 1878 1100 matutinas

1044 1129 1200 1168 preces
1250 1116 1294 1156 in
1346 1115 1575 1168 pervigilio
1624 1115 1878 1156 Nativitatis

1045 1172 1252 1225 Deiparae
1280 1171 1427 1213 media
1454 1176 1585 1213 nocte
1618 1170 1879 1220 recitandas,

1044 1229 1142 1270 Deo
1168 1229 1231 1270 sic
1256 1228 1530 1281 disponente,
1554 1241 1643 1269 non
1668 1227 1878 1278 surgenti-

1044 1285 1138 1335 bus,
1158 1285 1283 1326 Felix
1302 1284 1356 1326 de
1376 1297 1499 1325 more
1519 1284 1717 1335 vigilans,
1742 1288 1785 1324 et
1803 1282 1878 1324 ho-

1044 1355 1116 1383 ras
1134 1342 1423 1394 praeveniens,
1444 1340 1629 1382 chorum
1644 1341 1879 1391 ingressus,

1045 1399 1210 1450 reperit
1229 1398 1406 1439 beatam
1424 1397 1652 1448 Virginem
1670 1397 1714 1437 in
1732 1395 1879 1437 medio
1906 1438 1909 1439 γ

1047 1455 1170 1496 chori
1194 1454 1347 1496 habitu
1368 1467 1498 1495 cruce
1518 1452 1684 1495 ordinis
1706 1452 1880 1502 insigni-

1046 1517 1092 1553 to
1117 1511 1331 1559 indutam,
1358 1524 1410 1552 ac
1434 1510 1655 1552 coelitibus
1681 1509 1880 1550 similiter

1046 1567 1211 1609 indutis
1237 1568 1462 1609 sociatam.
1500 1567 1667 1617 Quibus
1692 1568 1880 1618 permix-

1047 1630 1117 1666 tus
1132 1624 1268 1674 Felix,
1283 1624 1553 1677 praecinente
1568 1623 1772 1674 Deipara,
1792 1621 1880 1662 lau-

1048 1681 1127 1722 des
1147 1681 1319 1722 divinas
1340 1680 1572 1729 concinuit,
1592 1679 1764 1729 riteque
1784 1690 1880 1729 per-

1048 1737 1191 1778 solvit.
1225 1738 1282 1778 Et
1306 1737 1433 1788 quasi
1456 1737 1541 1788 jam
1560 1748 1586 1776 a
1608 1734 1804 1776 terrestri
1824 1732 1881 1774 ad

1048 1793 1275 1834 coelestem
1304 1793 1487 1834 chorum
1515 1792 1791 1839 evocaretur,
1820 1789 1880 1830 in-

1047 1849 1203 1891 stantis
1234 1850 1389 1891 mortis
1424 1848 1480 1891 ab
1513 1847 1685 1898 Angelo
1719 1845 1881 1887 certior

1047 1906 1199 1956 factus,
1215 1906 1331 1947 filios
1346 1905 1403 1947 ad
1419 1905 1647 1947 caritatem
1664 1915 1767 1954 erga
1782 1904 1882 1954 pau-

1046 1975 1177 2015 peres
1206 1968 1250 2004 et
1278 1964 1479 2015 captivos
1505 1959 1762 2008 adhortans,
1793 1958 1880 1999 ani-

1046 2032 1163 2060 mam
1182 2019 1280 2060 Deo
1305 2017 1508 2066 reddidit,
1533 2018 1665 2057 aetate
1685 2027 1738 2056 ac
1755 2014 1880 2055 meri-

1046 2075 1103 2116 tis
1125 2077 1466 2124 consummatus,
1493 2085 1607 2114 anno
1632 2076 1737 2124 post
1761 2069 1879 2111 Chri-

1047 2136 1164 2172 stum
1195 2136 1346 2172 natum
1379 2129 1682 2171 ducentesimo
1716 2125 1880 2168 duode-

1047 2188 1161 2229 cimo
1178 2200 1311 2240 supra
1321 2186 1612 2234 millesimum,
1627 2183 1709 2225 sub
1722 2181 1881 2224 eodem

1046 2244 1262 2285 Pontifice
1282 2241 1540 2283 Innocentio
1559 2240 1703 2282 tertio.

1102 2302 1153 2354 R.
1175 2300 1267 2340 Iste
1286 2298 1432 2340 homo.
1452 2297 1532 2349 [72]

1100 2362 1144 2396 In
1167 2360 1232 2395 III.
1257 2359 1456 2393 Nocturno
1482 2357 1653 2390 Homilia
1676 2355 1715 2388 in
1732 2356 1876 2398 Evang.

1050 2407 1178 2443 Nolite
1195 2407 1338 2442 timere.
1359 2407 1405 2440 de
1425 2407 1508 2440 eod.
1525 2406 1630 2440 Coffi.
1645 2406 1675 2439 2.
1693 2406 1790 2440 loco.
1807 2403 1880 2446 [79]

1100 2457 1217 2500 Vesp.
1236 2456 1282 2490 dc
1302 2465 1408 2498 sequ.
1426 2465 1622 2488 commem.
1639 2453 1805 2497 praeced.

1600 2810 1666 2844 29*
