2040 2944
434 162 501 195 Die
525 163 554 195 5.
581 162 678 195 Nov.
726 162 867 200 Quinta
894 162 955 195 dic
980 162 1075 195 infra
1104 162 1183 196 Oct.
1212 163 1389 196 Omnium
1415 164 1652 197 Sanctorum.

182 259 224 299 in
245 258 500 307 humilitate,
525 257 796 308 diligentiam
815 258 858 298 in
878 257 1011 299 admi-

182 315 449 363 nistratione,
466 313 736 364 vigilantiam
748 314 792 354 in
808 313 1011 366 adjuvan-

183 371 250 413 dis
268 369 581 420 laborantibus,
600 370 948 412 misericordiam
967 371 1011 411 in

182 426 383 469 fovendis
406 426 688 480 pauperibus,
713 427 758 468 in
777 427 1010 469 defenden-

182 484 237 526 da
265 484 449 526 veritate
479 484 786 534 constantiam,
813 485 857 525 in
885 484 1011 526 disci-

180 541 312 593 plinae
338 541 576 583 severitate
595 545 836 590 censuram,
858 554 914 583 ne
938 541 1011 582 ali-

181 596 287 649 quid
306 596 363 639 ad
383 598 633 650 exemplum
645 597 863 639 bonorum
876 598 1011 639 facto-

180 667 276 694 rum
295 653 412 696 desit
429 654 472 695 in
491 654 630 696 nobis.
656 655 767 696 Haec
781 659 882 696 sunt
897 655 1011 696 enim

179 711 365 761 vestigia
392 723 491 762 quae
520 711 648 752 nobis
673 711 821 753 Sancti
847 711 1011 763 quique

179 769 450 809 revertentes
466 767 509 808 in
524 768 715 820 patriam
729 767 1011 820 reliquerunt,

179 829 227 866 ut
251 823 427 865 illorum
451 825 618 866 semitis
640 824 920 874 inhaerentes,
947 837 1011 865 se-

181 883 414 933 queremur
434 887 478 923 et
498 881 669 932 gaudia.

234 944 280 994 Ικῖν.
300 942 449 984 Sancti
466 943 563 984 mei.
582 943 678 983 396.

395 1027 443 1064 In
471 1026 541 1065 III.
570 1028 791 1067 Noeturno.

184 1085 335 1126 Lectio
365 1085 505 1127 sancti
523 1085 750 1136 Evangelii
770 1083 1011 1126 secundum

456 1142 728 1184 Matthaeum.

260 1204 407 1245 Lectio
429 1205 496 1244 vii.
777 1207 879 1257 Cap.
895 1208 931 1245 Γ).

226 1278 255 1305 n
299 1264 375 1306 illo
412 1266 632 1318 tempore:
678 1263 848 1305 Videns
882 1265 906 1305 J
910 1277 1010 1305 esus

243 1321 413 1372 turbaS,
439 1321 636 1363 ascendit
660 1321 703 1362 in
728 1326 938 1368 montem,
968 1326 1011 1363 et

179 1390 280 1419 cum
304 1378 503 1427 sedisset,
528 1379 808 1420 accesserunt
831 1378 889 1419 ad
911 1390 1011 1419 eum

180 1434 384 1487 discipuli
404 1435 505 1486 ejus.
533 1435 590 1476 Et
609 1435 789 1487 reliqua.

254 1510 315 1550 De
336 1508 532 1550 Homilia
551 1508 692 1549 sancti
710 1508 946 1559 Augustini

482 1565 707 1618 Episcopi.

180 1631 233 1663 Ex
256 1631 337 1665 Lib.
361 1632 384 1665 l.
412 1632 457 1665 de
484 1633 600 1665 Serm.
627 1631 781 1665 Domini
807 1632 843 1664 in
869 1636 1007 1665 monte.

461 1679 553 1722 Cap.
576 1680 605 1713 3.
633 1686 668 1713 et
692 1680 721 1713 4.

188 1734 432 1782 fissaque
457 1730 502 1771 in
524 1729 610 1771 hoc
633 1730 765 1772 tertio
787 1730 943 1782 gradu,
968 1731 1011 1772 in

190 1779 228 1844 {S}
251 1778 290 1843 ’ἢ
318 1799 406 1839 quo
419 1786 601 1828 scientia
611 1792 689 1836 est,
700 1786 873 1838 lugetur
884 1790 1010 1829 amis-

192 1843 216 1868 85
316 1844 381 1884 sio
411 1843 570 1884 summi
600 1843 721 1894 boni,
755 1844 857 1895 quia
879 1844 1011 1886 inhae-

177 1902 296 1941 retur
329 1900 547 1941 extremis.
592 1901 643 1941 In
678 1906 836 1952 quarto
865 1907 1011 1943 autem

177 1956 317 2007 gradu
348 1956 476 1998 labor
505 1962 588 1998 est:
619 1957 696 1998 ubi
729 1956 1011 2000 vehementer

177 2012 454 2062 incumbitur,
473 2018 522 2055 ut
542 2026 640 2055 sese
661 2014 831 2055 animus
850 2014 1012 2056 avellat

177 2069 232 2111 ab
262 2070 324 2111 eis
354 2069 512 2121 quibus
540 2070 750 2123 pestifera
778 2070 1010 2113 dulcedine

177 2126 360 2167 innexus
390 2131 467 2168 est.
508 2127 594 2168 Hic
619 2139 723 2177 ergo
751 2129 941 2169 esuritur
967 2133 1010 2169 et

178 2183 322 2224 sititur
345 2183 518 2234 justitia,
542 2188 585 2225 et
603 2183 789 2224 multum
807 2187 1008 2226 necessa-

176 2239 240 2279 ria
273 2244 341 2280 est
367 2239 596 2282 fortitudo:
630 2239 733 2291 quia
766 2253 854 2282 non
884 2242 1009 2283 relin-

179 2295 326 2347 quitur
341 2295 434 2337 sine
454 2295 621 2346 dolore,
640 2295 761 2347 quod
776 2309 875 2338 cum
895 2297 1009 2340 dele-

177 2352 368 2393 ctatione
396 2353 620 2395 retinetur.
666 2353 831 2403 Quinto
864 2360 1010 2397 autem

176 2408 316 2458 gradu
352 2409 738 2460 perseverantibus
774 2410 818 2451 in
856 2410 1009 2454 labore

177 2463 306 2505 datur
344 2465 560 2507 evadendi
602 2466 849 2507 consilium:
896 2469 1009 2521 quia,

176 2521 259 2562 nisi
280 2521 465 2573 quisque
480 2522 709 2574 adjuvetur
723 2535 750 2564 a
768 2525 1008 2575 superiore,

178 2577 297 2619 nullo
330 2577 465 2619 modo
499 2578 582 2620 sibi
619 2583 687 2620 est
723 2579 926 2630 idoneus,
962 2588 1009 2623 ut

177 2646 275 2675 sese
319 2634 453 2676 tantis
498 2635 772 2676 miseriarum
816 2637 1008 2689 implica-

175 2690 334 2732 mentis
350 2690 568 2743 expediat.
592 2692 672 2734 Est
686 2699 835 2735 autem
847 2693 1009 2743 justum

1066 258 1312 309 consilium,
1346 265 1394 302 ut
1424 261 1499 313 qui
1528 274 1576 304 se
1603 275 1628 304 a
1655 261 1896 315 potentiori

1066 314 1262 367 adjuvari
1285 316 1393 366 vult,
1422 316 1599 369 adjuvet
1622 323 1666 360 et
1689 318 1895 359 infirmio-

1065 384 1169 421 rem,
1188 372 1231 412 in
1250 385 1337 424 quo
1354 378 1422 415 est
1438 373 1535 426 ipse
1549 375 1783 427 potentior.
1811 375 1894 415 Ita-

1067 441 1163 480 que,
1178 429 1306 471 Beati
1320 430 1643 473 misericordes:
1663 431 1765 484 quia
1778 432 1894 484 ipso-

1065 498 1162 526 rum
1181 486 1460 528 miserebitur
1478 487 1611 529 Deus.

1119 545 1170 595 lit-
1199 542 1295 584 Sint
1322 542 1459 585 lumbi
1490 544 1626 586 vestri
1656 543 1896 597 praecincti,

1066 602 1110 639 et
1144 598 1334 641 lucernae
1372 600 1577 643 ardentes
1613 601 1658 642 in
1693 600 1895 642 manibus
1956 614 1959 617 ·

1065 656 1239 697 vestris:
1254 659 1275 682 *
1292 656 1349 698 Et
1363 669 1444 698 vos
1464 657 1628 700 similes
1646 656 1896 699 hominibus

1066 712 1429 765 exspectantibus
1479 713 1706 756 dominum
1759 727 1896 762 suum,

1067 768 1243 820 quando
1258 773 1506 812 revertatur
1521 784 1546 812 a
1560 771 1739 824 nuptiis.
1761 765 1812 817 V.
1822 769 1896 812 Vi-

1065 825 1199 876 gilate
1215 839 1333 878 ergo,
1353 828 1455 880 quia
1472 829 1663 879 nescitis,
1683 841 1770 881 qua
1787 827 1898 869 hora

1065 882 1282 925 Dominus
1300 890 1448 927 vester
1466 888 1677 927 venturus
1697 884 1764 927 sit.
1790 884 1858 926 Et.

1357 938 1508 979 Lectio
1528 939 1611 978 viii.

1137 1000 1241 1037 exto
1266 996 1408 1048 gradu
1428 1002 1496 1040 est
1515 997 1663 1040 cordis
1681 998 1897 1040 munditia

1169 1051 1224 1094 de
1248 1053 1365 1095 bona
1390 1055 1658 1097 conscientia
1677 1055 1896 1097 bonorum

1065 1111 1268 1162 operum,
1313 1111 1464 1153 valens
1505 1111 1562 1153 ad
1599 1112 1896 1165 contemplan-

1066 1165 1170 1207 dum
1196 1179 1413 1209 summum
1439 1168 1549 1210 illud
1571 1168 1748 1220 bonum,
1776 1168 1899 1221 quod

1066 1223 1162 1264 solo
1178 1236 1291 1276 puro
1309 1230 1353 1266 et
1367 1226 1523 1267 sereno
1538 1226 1764 1268 intellectu
1778 1225 1898 1267 cerni

1064 1285 1224 1332 potest.
1256 1281 1488 1323 Postremo
1509 1287 1577 1324 est
1596 1283 1783 1335 septima
1801 1282 1898 1335 ipsa

1065 1337 1290 1389 sapientia,
1304 1337 1351 1379 id
1366 1343 1443 1388 est,
1458 1339 1773 1392 contemplatio
1788 1339 1896 1381 veri-

1065 1394 1184 1443 tatis,
1218 1395 1457 1446 pacificans
1488 1401 1632 1438 totum
1664 1396 1896 1445 hominem,

1065 1455 1110 1492 et
1154 1452 1399 1504 suscipiens
1438 1452 1767 1495 similitudinem
1801 1453 1896 1503 Dei,

1066 1520 1165 1560 quae
1197 1507 1259 1549 ita
1293 1508 1584 1551 concluditur:
1604 1510 1746 1552 Beati
1778 1513 1895 1564 paci-

1063 1563 1149 1605 fici:
1169 1566 1377 1617 quoniam
1389 1565 1474 1618 ipsi
1487 1566 1566 1607 filii
1578 1567 1664 1608 Dei
1677 1567 1896 1610 vocabun-

1063 1625 1145 1662 tur.
1207 1620 1377 1663 Octava
1410 1627 1638 1676 tamquam
1671 1623 1730 1666 ad
1765 1630 1898 1678 caput

1063 1677 1195 1728 redit,
1233 1678 1335 1730 quia
1371 1682 1723 1722 consummatum
1756 1681 1895 1734 perfe-

1065 1737 1273 1786 ctumque
1302 1734 1497 1777 ostendit
1530 1741 1574 1778 et
1601 1737 1773 1789 probat.
1812 1738 1896 1780 Ita-

1065 1803 1151 1843 que
1170 1791 1213 1831 in
1232 1791 1374 1844 prima
1395 1798 1438 1834 et
1461 1793 1506 1833 in
1526 1796 1684 1835 octava
1701 1795 1896 1836 nomina-

1064 1852 1157 1889 tum
1190 1853 1257 1890 est
1287 1861 1471 1900 regnum
1504 1849 1734 1892 coelorum:
1765 1851 1896 1894 Beati

1062 1907 1283 1956 pauperes
1321 1905 1497 1958 spiritu:
1535 1907 1742 1959 queniam
1777 1908 1895 1962 ipso-

1062 1973 1160 2001 rum
1175 1966 1242 2003 est
1257 1974 1440 2013 regnum
1455 1963 1684 2015 coelorum;
1700 1969 1754 2014 et,
1768 1965 1896 2008 Beati

1064 2017 1138 2068 qui
1162 2019 1517 2070 persecutionem
1542 2020 1768 2073 patiuntur
1795 2034 1894 2075 pro-

1062 2079 1161 2126 pter
1194 2075 1418 2126 justitiam:
1456 2077 1662 2129 quoniam
1698 2077 1895 2130 ipsorum

1063 2135 1131 2172 est
1158 2143 1341 2181 regnum
1369 2132 1594 2174 coelorum.

1117 2186 1166 2236 Rs.
1201 2188 1347 2230 Media
1383 2195 1513 2232 nocte
1552 2191 1718 2233 clamor
1752 2191 1894 2234 factus

1062 2249 1146 2285 est:
1181 2245 1203 2269 *
1238 2245 1355 2287 Ecce
1387 2259 1576 2299 sponsus
1608 2247 1744 2298 venit,
1778 2250 1893 2290 exite

1064 2299 1239 2342 obviam
1265 2301 1315 2343 ei.
1354 2295 1403 2347 V.
1426 2302 1670 2345 Prudentes
1689 2304 1893 2355 Virgines

1062 2360 1211 2409 aptate
1253 2363 1424 2400 vestras
1468 2359 1708 2413 lampades.
1766 2361 1894 2404 Ecce.

1064 2413 1215 2455 Gloria
1242 2415 1372 2457 Patri.
1406 2416 1534 2458 Ecce.

1365 2469 1515 2510 Lectio
1536 2469 1589 2508 ix.

1063 2520 1211 2628 Cum
1230 2529 1314 2579 iam
1334 2526 1509 2569 dicitur:
1532 2529 1640 2579 Quis
1664 2543 1746 2573 nos
1768 2544 1891 2584 sepa-

1165 2584 1280 2626 rabit
1307 2596 1333 2625 a
1361 2585 1545 2627 caritate
1573 2586 1758 2629 Christi?
1798 2589 1892 2630 Tri-

1062 2638 1240 2689 bulatio,
1260 2653 1315 2681 an
1329 2641 1541 2691 angustia,
1560 2655 1615 2682 an
1629 2645 1892 2695 persecutio,

1061 2708 1117 2736 an
1144 2696 1299 2747 fames,
1331 2709 1386 2737 an
1414 2697 1610 2749 nuditas,
1642 2712 1698 2741 an
1723 2703 1891 2753 pericu-
