2040 2944
180 180 252 224 [28]

181 275 500 319 nedictionibus
514 272 771 316 dulcedinis:
785 272 808 297 *
824 271 1009 324 posuisti

181 334 224 374 in
253 334 395 386 capite
424 332 514 383 ejus
543 331 752 372 coronam
780 328 835 370 de
863 327 1008 381 lapide

182 390 388 443 pretioso.

231 446 379 487 Vitam
400 444 524 497 petiit
544 456 568 484 a
588 448 645 484 te:
665 443 687 467 *
708 447 751 483 et
765 441 955 483 tribuisti
970 441 1007 481 ei

181 500 495 553 longitudinem
521 499 688 541 dierum
716 499 759 539 in
788 497 1008 545 saeculum,

181 564 224 600 et
241 559 284 599 in
305 557 514 598 saeculum
539 555 699 597 saeeuli.

232 615 391 665 Magna
415 618 482 655 est
500 613 639 664 gloria
658 613 748 663 ejus
767 612 810 651 in
830 610 1009 651 salutari

180 678 272 713 tuo:
286 672 309 697 *
324 671 508 722 gloriam
524 675 567 711 et
581 681 787 719 magnum
803 667 1009 708 decorem

180 729 381 781 impones
402 739 533 779 super
553 739 664 767 eum.

233 784 449 835 Quoniam
482 782 607 824 dabis
638 794 737 823 eum
764 781 807 821 in
834 778 1009 821 benedi-

181 842 371 883 ctionem
391 841 433 881 in
454 839 663 881 saeculum
680 836 844 878 saeculi:
862 837 885 861 *
904 835 1009 877 laeti-

181 897 333 940 ficabis
361 910 460 939 eum
490 896 533 937 in
564 894 726 947 gaudio
760 907 859 935 cum
887 892 1009 934 vultu

182 960 270 996 tuo.

233 1011 448 1062 Quoniam
474 1023 551 1051 rex
576 1013 723 1061 sperat
741 1008 785 1048 in
803 1006 1010 1047 Domino:

181 1069 204 1093 *
229 1073 272 1109 et
295 1068 339 1108 in
361 1065 661 1108 misericordia
684 1063 899 1105 Altissimi
922 1075 1006 1103 non

134 1140 135 1143 ¹
181 1123 540 1166 commovebitur.

232 1181 484 1223 Inveniatur
516 1191 669 1220 manus
701 1183 777 1219 tua
809 1175 1010 1218 omnibus

180 1238 365 1279 inimicis
379 1238 479 1279 tuis:
494 1237 517 1262 *
534 1236 715 1278 dextera
729 1239 805 1275 tua
818 1232 1009 1274 inveniat

181 1308 344 1344 omnes,
366 1294 439 1347 qui
458 1299 502 1335 te
522 1293 719 1334 oderunt.

232 1352 377 1392 Pones
406 1363 482 1392 eos
510 1355 557 1391 ut
586 1348 805 1390 clibanum
832 1346 943 1397 ignis
966 1346 1010 1386 in

180 1410 379 1460 tempore
403 1407 548 1448 vultus
573 1406 650 1447 tui:
674 1406 697 1430 *
722 1403 938 1445 Dominus
967 1402 1011 1442 in

180 1465 244 1505 ira
264 1477 342 1505 sua
362 1462 642 1505 conturbabit
661 1474 749 1510 eOS,
770 1465 813 1502 et
829 1459 1009 1501 devora-

180 1520 246 1562 bit
265 1533 341 1562 eos
360 1521 483 1571 ignis.

233 1578 444 1618 Fructum
464 1578 617 1618 eorum
636 1574 691 1616 de
705 1579 823 1615 terra
836 1571 1011 1626 perdes:

179 1636 203 1660 *
220 1640 263 1676 et
284 1647 432 1676 semen
453 1635 605 1675 eorum
620 1645 645 1673 a
660 1631 760 1672 filiis
774 1630 1011 1671 hominum.

233 1691 450 1742 Quoniam
503 1689 832 1731 declinaverunt
877 1685 921 1726 in
968 1689 1011 1726 te

182 1748 311 1789 mala:
329 1748 353 1773 *
373 1747 677 1798 cogitaverunt
697 1742 888 1792 consilia,
914 1754 1012 1794 quae

186 1818 274 1846 non
293 1805 531 1857 potuerunt
552 1801 757 1844 stabilire.

236 1860 451 1911 Quoniam
487 1872 626 1912 pones
662 1870 739 1899 eos
773 1855 966 1898 dorsum:
990 1855 1013 1879 *

183 1918 228 1958 in
246 1916 440 1969 reliquiis
458 1916 545 1957 tuis
559 1913 832 1968 praeparabis
846 1911 1014 1953 vultum

186 1987 348 2016 eorum.

237 2029 443 2071 Exaltare
462 2028 650 2070 Domine
674 2028 717 2068 in
741 2026 902 2067 virtute
925 2029 1014 2065 tua:

185 2088 208 2112 *
224 2085 497 2128 cantabimus
516 2090 560 2126 et
578 2084 814 2137 psallemus
829 2082 1013 2122 virtutes

185 2149 294 2185 tuas.

244 2202 339 2241 Ant.
379 2198 563 2240 Posuisti
582 2197 771 2238 Domine
795 2207 928 2247 super
948 2206 1014 2234 ca-

186 2262 265 2308 put
299 2257 389 2307 ejus
419 2257 628 2297 coronam
657 2253 712 2295 de
740 2250 888 2304 lapide
920 2262 1015 2302 pre-

186 2313 316 2353 tioso.

241 2365 287 2415 Y.
308 2369 465 2419 Magna
485 2373 552 2410 cst
571 2367 711 2419 gloria
731 2367 821 2418 ejus
841 2365 885 2405 in
905 2363 1015 2405 salu-

189 2425 273 2465 tari
297 2430 385 2465 tuo.
432 2428 477 2478 RJ.
514 2424 713 2465 Gloriam
741 2427 785 2464 et
811 2433 1017 2472 magnum

189 2480 395 2522 decorem
415 2481 614 2533 impones
635 2493 767 2532 super
788 2491 897 2520 eum.

248 2540 372 2578 l’ater
392 2542 552 2578 noster.

242 2596 485 2635 Absolutio
519 2598 550 2634 ,Χ
579 2592 774 2633 vinculis.

243 2647 294 2698 X
319 2649 432 2691 Jube
462 2649 622 2690 domne
649 2647 922 2690 benedicere.

247 2709 402 2749 Bcned.
438 2705 694 2756 [ssvangelica
712 2704 856 2746 lectio.

1036 1376 1040 1396 ί

751 177 961 209 Commune
989 175 1099 208 unius
1128 175 1315 218 Martyris.

1064 271 1218 312 Lectio
1243 271 1382 312 saneti
1400 270 1627 323 Evangelii
1651 270 1892 312 secundum

1391 327 1566 369 Lucam.

1172 392 1319 432 Lectio
1342 394 1409 436 vii,
1570 395 1671 446 Cap.
1688 396 1745 434 14.
1762 394 1785 434 f.

1111 467 1138 494 n
1163 453 1239 494 illo
1264 455 1480 506 tempore:
1508 453 1629 494 Dixit
1653 453 1677 494 J
1680 466 1780 494 esus
1803 456 1890 491 tur-

1137 509 1220 551 bis:
1247 510 1292 551 Si
1312 510 1410 562 quis
1431 510 1549 552 venit
1567 509 1624 551 ad
1642 522 1723 560 me,
1741 514 1786 551 et
1803 521 1891 550 non

1063 566 1157 607 odit
1184 571 1354 619 patrem
1383 579 1526 616 suum,
1554 570 1598 607 et
1620 570 1821 615 matrem,
1849 569 1892 606 et

1063 625 1257 673 uxorem,
1286 628 1330 664 et
1349 623 1474 673 filios,
1503 627 1547 664 et
1566 622 1734 670 fratres,
1762 626 1806 664 et
1824 634 1891 663 so-

1064 681 1205 729 rores,
1251 679 1395 721 adhuc
1435 684 1581 720 autem
1618 683 1662 720 et
1703 678 1892 720 animam

1065 749 1202 785 suam,
1234 749 1322 777 non
1340 741 1489 789 potest
1507 748 1631 777 meus
1651 747 1748 777 esse
1766 734 1892 776 disci-

1063 792 1204 845 pulus.
1240 793 1297 835 Et
1317 793 1496 845 reliqua.

1159 870 1349 912 Homilia
1367 871 1406 912 S.
1427 870 1631 922 Gregorii
1650 870 1797 922 Papae.

1226 936 1366 970 Homil.
1384 935 1435 969 37.
1454 935 1491 968 in
1510 934 1732 977 Evangelia.

1146 994 1179 1034 *i
1203 992 1548 1042 consideremus,
1582 992 1738 1034 fratres
1763 992 1892 1032 caris-

1066 997 1162 1136 Ξ
1192 1050 1308 1099 simi,
1353 1062 1451 1102 quae
1493 1053 1537 1091 et
1575 1053 1738 1102 quanta
1779 1051 1892 1096 sunt,

1188 1119 1287 1158 quae
1323 1106 1451 1147 nobis
1493 1105 1808 1158 promittuntur
1848 1103 1893 1144 in

1064 1163 1200 1213 coelis,
1225 1163 1440 1204 vilescunt
1460 1162 1606 1204 animo
1627 1161 1774 1203 omnia
1794 1172 1893 1212 quae

1064 1220 1281 1262 habentur
1306 1220 1350 1260 in
1375 1219 1515 1261 terris.
1555 1218 1751 1260 Terrena
1775 1229 1892 1258 nam-

1065 1290 1149 1329 que
1183 1275 1427 1318 substantia
1459 1277 1662 1328 supernae
1698 1273 1894 1315 felicitati

1064 1335 1336 1386 comparata,
1364 1331 1540 1386 pondus
1569 1336 1650 1381 est,
1678 1343 1766 1372 non
1794 1328 1892 1371 sub-

1065 1389 1233 1431 sidium.
1287 1388 1566 1442 Temporalis
1594 1388 1683 1429 vita
1716 1389 1893 1428 aeternae

1063 1447 1165 1488 vitae
1195 1448 1466 1499 comparata,
1502 1457 1622 1486 mors
1652 1449 1719 1486 est
1745 1443 1893 1496 potius

1065 1503 1250 1545 dicenda
1292 1515 1422 1555 quam
1464 1502 1563 1543 vita.
1635 1501 1738 1553 Ipse
1779 1499 1895 1541 enim

1066 1559 1346 1612 quotidianus
1375 1558 1571 1600 defectus
1600 1555 1894 1609 corruptionis

1066 1616 1172 1669 quid
1213 1621 1280 1658 est
1328 1615 1464 1665 aliud,
1520 1627 1650 1667 quam
1692 1611 1895 1666 quaedam

1064 1673 1293 1726 prolixitas
1312 1670 1489 1713 mortis?
1526 1672 1637 1724 Quae·
1654 1674 1800 1711 autem
1817 1668 1894 1709 lin-

1065 1743 1150 1782 gua
1170 1729 1326 1779 dicere,
1354 1728 1424 1770 vel
1445 1728 1542 1780 quis
1561 1726 1806 1768 intellectus
1826 1727 1894 1766 ca-

1065 1799 1171 1839 pere
1189 1786 1361 1835 sufficit,
1389 1784 1463 1826 illa
1483 1785 1686 1837 supernae
1706 1781 1895 1824 civitatis

1067 1848 1230 1895 quanta
1271 1843 1357 1884 sint
1397 1841 1575 1894 gaudia3
1625 1838 1895 1891 Angelorum

1067 1899 1212 1941 choris
1239 1900 1468 1948 interesse,
1506 1910 1606 1939 cum
1631 1894 1896 1938 beatissimis

1068 1956 1292 2009 spiritibus
1323 1955 1476 2007 gloriae
1513 1952 1754 1996 conditoris
1791 1952 1894 1992 assi-

1068 2018 1194 2063 stere,
1221 2014 1487 2066 praesentem
1505 2010 1589 2052 Dei
1610 2008 1779 2051 vultum
1807 2008 1895 2048 cer-

1067 2083 1185 2119 nere,
1213 2069 1637 2120 incircumscriptum
1664 2065 1810 2106 lumen
1837 2063 1895 2104 vi-

1068 2125 1187 2176 dere,
1215 2125 1335 2167 nullo
1359 2124 1515 2166 mortis
1539 2127 1658 2164 metu
1678 2120 1808 2170 affici,
1835 2119 1895 2160 in-

1068 2182 1362 2267 corrpuptionis
1382 2181 1607 2234 perpetuae
1626 2180 1806 2219 munere
1824 2175 1895 2217 lae-

1068 2239 1169 2280 tari.

1125 2305 1170 2355 R:-
1210 2299 1384 2341 Corona
1424 2300 1558 2339 aurea
1594 2306 1725 2347 super
1765 2297 1897 2345 caput

1070 2357 1175 2409 ejus,
1194 2362 1213 2381 *
1246 2356 1468 2408 Expressa
1493 2353 1616 2403 signo
1642 2349 1896 2398 sanctitatis,

1069 2413 1208 2465 gloria
1222 2411 1414 2460 honoris,
1430 2415 1473 2452 et
1488 2421 1600 2462 opus
1620 2405 1898 2448 fortitudinis.

1074 2470 1118 2519 δ”.
1139 2469 1356 2520 Quoniam
1374 2464 1626 2520 praevenisti
1646 2477 1745 2505 eum
1763 2463 1807 2504 in
1824 2462 1897 2504 be-

1070 2524 1390 2568 nedictionibus
1419 2520 1676 2570 dulcedinis,
1711 2518 1898 2573 posuisti

1070 2584 1114 2624 in
1142 2582 1286 2635 capite
1313 2581 1404 2632 ejus
1432 2580 1640 2620 coronam
1669 2576 1724 2618 de
1751 2574 1898 2628 lapide

1070 2639 1277 2692 pretioso.
1304 2637 1536 2689 Expressa.

1127 2700 1282 2740 Bened.
1313 2697 1445 2749 ‹quus
1465 2695 1623 2737 festum
1644 2693 1838 2736 colimus.
