2040 2944
185 177 275 223 [146]

238 274 317 315 Cui
335 273 447 322 luna,
467 272 543 322 sol,
562 276 605 314 et
624 270 769 312 omnia

288 328 551 371 Deserviunt
567 340 648 380 per
666 329 874 379 tempora,

288 385 470 427 Perfusa
489 384 590 426 coeli
608 383 759 435 gratia,

289 442 474 483 Gestant
491 440 651 494 puellae
671 442 851 481 viscera.

244 516 375 558 Beata
393 516 534 558 Mater
552 518 743 564 munere,

289 573 419 625 Cujus
439 574 653 626 supernus
674 571 830 612 artifex

287 629 501 671 Mundum
518 629 684 682 pugillo
705 627 943 677 continens,

288 686 468 728 Ventris
488 685 569 727 sub
589 698 691 726 arca
710 684 884 726 clausus
906 688 983 725 est.

242 763 375 805 Beata
393 763 494 805 coeli
511 763 677 813 nuntio,

288 819 513 862 Foecunda
532 825 683 861 sancto
702 818 876 872 Spiritu,

287 876 575 919 Desideratus
594 876 807 929 gentibus,

289 934 420 986 Cujus
439 946 519 986 per
539 933 685 975 alvum
703 933 826 974 fusus
846 936 923 974 est.

243 1013 341 1055 -lesu
359 1012 439 1054 tibi
458 1012 515 1053 sit
533 1011 683 1062 gleria‚

289 1069 373 1120 Qui
391 1074 518 1111 natus
539 1081 586 1110 es
607 1067 662 1109 de
680 1066 873 1118 Virgine,

288 1125 397 1167 Cum
415 1126 556 1175 Patre,
577 1129 619 1166 et
638 1123 752 1165 almo
770 1122 933 1176 Spiritu

287 1182 339 1223 In
357 1182 623 1234 sempiterna
641 1180 812 1222 saecula.

497 1237 649 1279 Amen.

240 1306 475 1339 Nocturnum
501 1306 669 1340 sabbati.
695 1311 735 1339 ut
759 1306 794 1338 in
820 1305 933 1338 l‘salt.
955 1305 1009 1349 93,

188 1359 221 1387 ct
250 1355 282 1387 iu
311 1356 381 1387 linc

240 1404 289 1451 Y.
325 1406 497 1448 Diffusa
530 1409 597 1447 est
632 1404 774 1456 gratia
806 1404 849 1445 in
883 1403 1010 1446 labiis

185 1463 283 1505 tuis.
334 1463 383 1513 Rg.
419 1463 662 1515 Propterea
701 1460 925 1502 benedixit
965 1465 1010 1502 te

186 1520 307 1562 Deus
334 1519 378 1560 in
405 1521 627 1561 aeternum.

248 1576 372 1618 Pater
398 1581 560 1618 noster.

478 1636 722 1676 Absolutis).

188 1689 441 1794 Precibus
458 1697 500 1734 et
518 1691 684 1732 meritis
702 1690 846 1732 beatae
860 1690 1011 1732 Mariae

289 1763 462 1803 semper
493 1748 706 1800 VirginiS‚
743 1751 787 1789 et
818 1747 1011 1789 omnium

186 1809 457 1857 Sanctorum,
471 1805 685 1859 perducat
699 1817 782 1846 nos
795 1804 1011 1846 Dominus

188 1863 245 1906 ad
263 1877 397 1915 regna
416 1863 639 1905 coelorum.

243 1923 290 1973 Rg.
317 1921 469 1962 Amen.

245 1973 290 2024 Χ.
315 1978 339 2019 J
342 1977 426 2019 ube
447 1977 606 2019 domne
625 1974 896 2018 benedicere.

240 2039 325 2078 Pro
362 2038 385 2077 i.
422 2037 538 2077 Lect.
576 2036 736 2078 Bened.
782 2035 875 2077 Nos
911 2047 1010 2077 cum

187 2095 312 2148 prole
330 2095 405 2148 pia
422 2093 654 2136 benedICat
671 2093 810 2143 Virgo
828 2092 976 2133 Maria.

242 2154 291 2205 lx‘g.
315 2151 468 2193 Amen.

243 2219 378 2252 l‘rimae
404 2218 490 2252 duae
511 2217 611 2251 Lect.
636 2216 682 2251 de
702 2216 899 2259 Scriptura
923 2214 1012 2249 libri

190 2267 390 2300 currentis:
421 2266 547 2308 tertia,
577 2276 652 2299 una
682 2276 728 2299 ex
758 2264 916 2298 inferius
946 2273 1012 2306 po-

191 2314 274 2347 sitis
298 2325 366 2357 per
390 2314 572 2347 ordinem.

244 2362 292 2413 R*-
320 2363 342 2401 i.
368 2363 527 2404 Sancta
555 2367 598 2404 et
624 2360 904 2403 immaculata
928 2361 1009 2402 vir-

189 2419 363 2470 ginitas,
402 2419 559 2471 quibus
594 2423 638 2461 te
673 2418 877 2460 laudibus
912 2417 1010 2460 effe-

188 2488 300 2525 ram,
336 2475 500 2516 nescio:
541 2477 562 2499 ¹⁸¹
597 2475 710 2525 Quia
746 2487 876 2526 quem
911 2474 1012 2516 coeli

189 2533 348 2585 capere
375 2543 463 2572 non
490 2533 711 2583 poterant,
741 2535 817 2572 tuo
845 2530 1011 2581 gremio

190 2587 422 2630 contulisti.
462 2583 509 2634 Y'.
534 2586 775 2629 Benedicta
793 2591 842 2628 tu
859 2587 903 2627 in
921 2599 1011 2627 mu-

188 2643 376 2693 lieribus,
396 2647 439 2684 et
457 2643 714 2685 benedictus
731 2644 896 2685 fruetus
911 2655 1010 2684 ven-

188 2701 266 2742 tris
286 2700 359 2742 tui.
388 2699 509 2750 Quia.

701 174 874 208 Officium
901 173 939 206 13.
966 173 1096 206 Mariae
1123 173 1157 205 in
1184 173 1365 207 Sabbato.

1116 269 1200 307 Pro
1228 268 1267 307 ii.
1292 268 1410 309 Lect.
1433 267 1594 309 Bened.
1623 269 1725 321 Ipsa
1747 268 1886 320 Virgo

1062 323 1278 374 virginum
1303 323 1546 366 intercedat
1569 335 1650 376 pro
1676 324 1805 367 nobis
1829 324 1887 367 ad

1062 380 1310 421 Dominum.
1358 382 1408 434 R.
1439 381 1591 422 Amen.

1114 448 1163 498 R:-
1199 447 1237 486 ii.
1276 445 1401 487 Felix
1436 458 1625 498 namque
1660 458 1727 497 es,
1763 459 1887 489 sacra

1063 501 1201 553 Virgo
1216 502 1363 553 Maria,
1383 506 1427 544 et
1445 502 1564 544 omni
1581 502 1710 545 laude
1729 502 1886 554 dignis-

1063 558 1190 599 sima:
1224 559 1246 582 *
1277 559 1389 609 Quia
1416 572 1471 600 ex
1497 563 1542 600 te
1575 564 1698 601 ortus
1726 564 1792 601 est
1820 559 1888 602 sol

1063 615 1257 675 justitiae,
1290 615 1311 638 *
1348 615 1545 657 Christus
1572 616 1693 658 Deus
1726 621 1888 659 noster.

1065 670 1112 716 δ’.
1140 671 1230 713 Ora
1252 685 1334 724 pro
1358 672 1541 725 populo,
1568 673 1782 715 interveni
1803 686 1887 727 pro

1064 727 1199 779 clero,
1225 728 1448 771 intercede
1473 741 1555 782 pro
1581 729 1744 771 deveto
1768 729 1887 772 femi-

1062 782 1146 827 neo‘
1167 798 1288 827 sexu:
1310 786 1499 827 sentiant
1518 798 1670 828 omnes
1687 791 1812 828 tuum
1829 787 1887 839 ju-

1063 843 1229 892 vamen,
1245 842 1508 895 quicumque
1528 842 1749 884 celebrant
1767 847 1889 884 tuam

1063 902 1259 939 sanctam
1280 899 1751 941 commemoratiOnem.
1777 899 1889 950 Quia

1063 967 1118 996 ex
1135 959 1190 996 te.
1220 953 1371 997 Gloria
1387 955 1518 998 Patri.
1547 955 1755 997 Christus.

1117 1020 1202 1059 Pro
1234 1019 1286 1058 iii.
1307 1020 1424 1063 Lect.
1450 1022 1610 1063 Bened.
1645 1021 1726 1063 Per
1746 1021 1888 1073 Virgi-

1062 1089 1162 1118 nem
1174 1081 1360 1119 matrem
1375 1077 1589 1120 concedat
1602 1077 1730 1120 nobis
1740 1078 1888 1120 Domi-

1062 1146 1143 1175 nus
1163 1133 1348 1176 salutem
1367 1139 1411 1176 et
1429 1147 1593 1187 pacem.

1117 1194 1167 1245 Rv.
1192 1190 1344 1233 Amen.

1119 1255 1222 1295 l'ost
1243 1254 1296 1294 iii.
1315 1253 1431 1294 Lcct.
1453 1252 1533 1295 dic.
1558 1253 1617 1295 Te
1635 1253 1790 1295 Deum.
1808 1254 1867 1295 14.

1325 1338 1403 1379 Ad
1430 1337 1625 1379 Laudes

1273 1399 1323 1428 et
1362 1404 1459 1437 per
1496 1394 1691 1428 Horas.

1119 1454 1255 1488 Omnia
1285 1459 1325 1489 ut
1356 1455 1392 1488 in
1424 1455 1549 1488 Festis
1580 1455 1619 1488 B.
1644 1455 1691 1489 M.
1718 1455 1759 1488 V.
1785 1455 1887 1499 [133]‚

1067 1508 1205 1545 practer
1229 1504 1439 1546 sequentia.

1118 1555 1217 1596 Ant.
1246 1557 1274 1594 1.
1303 1555 1417 1596 Dum
1443 1558 1560 1596 esset
1584 1555 1682 1596 Rex
1705 1554 1730 1580 *
1753 1554 1798 1595 in
1821 1567 1888 1596 ac-

1063 1610 1214 1652 cubitu
1234 1623 1326 1661 suo,
1345 1611 1508 1653 nardus
1526 1624 1625 1653 mea
1641 1610 1764 1654 dedit
1785 1610 1890 1654 ode-

1062 1680 1156 1709 rem
1177 1667 1416 1710 suavitatis.

1118 1726 1186 1766 l's.
1215 1724 1426 1766 Deminus
1444 1724 1651 1775 regnavit.
1669 1725 1729 1766 15.

1116 1788 1152 1826 2.
1181 1787 1311 1828 Laeva
1339 1787 1430 1838 ejus
1451 1785 1475 1811 *
1501 1785 1582 1828 sub
1611 1786 1754 1839 capite
1778 1797 1889 1836 meo,

1064 1847 1108 1884 et
1127 1841 1308 1885 dextera
1331 1843 1446 1884 illius
1471 1842 1790 1896 amplexabitur
1808 1855 1890 1885 me.

1117 1900 1153 1939 3.
1178 1899 1313 1951 Nigra
1338 1912 1444 1950 sum,
1462 1900 1487 1926 *
1511 1899 1591 1941 sed
1614 1899 1819 1950 formosa,
1842 1899 1890 1940 fi-

1063 1955 1134 1997 liae
1149 1956 1404 1998 Jerusalem:
1418 1955 1519 1998 ideo
1535 1955 1688 1998 dilexit
1701 1969 1772 1998 me
1781 1956 1889 2006 Rex,

1064 2017 1109 2054 et
1152 2011 1395 2055 introduxit
1439 2025 1509 2055 me
1553 2012 1598 2053 in
1642 2011 1891 2055 cubiculum

1067 2082 1203 2110 suum.

1119 2128 1155 2166 4.
1197 2127 1288 2168 Jam
1319 2126 1458 2168 hiems
1489 2126 1677 2177 transiit,
1703 2126 1727 2153 *
1750 2125 1889 2167 imber

1067 2181 1183 2233 abiit,
1205 2188 1248 2225 et
1267 2183 1462 2226 recessit:
1480 2196 1609 2235 surge
1626 2185 1764 2224 amica
1781 2194 1889 2240 mea.

1067 2244 1110 2281 et
1137 2240 1247 2281 veni.

1119 2297 1156 2335 5.
1184 2297 1392 2350 Speciosa
1417 2298 1440 2324 *
1464 2297 1579 2338 facta
1603 2309 1650 2338 es
1674 2300 1718 2338 et
1742 2295 1890 2337 suavis

1064 2353 1107 2394 in
1140 2352 1306 2395 deliciis
1337 2353 1440 2404 tuiS‚
1473 2358 1623 2395 sancta
1652 2352 1736 2394 Dei
1762 2352 1889 2394 Geni-

1065 2410 1161 2451 trix.

1148 2470 1403 2521 Capitulum.
1551 2467 1680 2508 Eccli.
1695 2468 1759 2507 24.
1776 2467 1814 2508 b.

1138 2530 1167 2573 b
1192 2531 1332 2580 initio,
1360 2537 1404 2573 et
1429 2535 1528 2572 ante
1555 2530 1718 2572 saecula
1745 2531 1892 2572 creata

1176 2601 1286 2638 sum,
1305 2593 1349 2629 et
1366 2599 1505 2639 usque
1525 2586 1582 2628 ad
1601 2587 1794 2629 futurum
1813 2587 1890 2627 sae-

1065 2643 1210 2685 culum
1234 2656 1322 2685 non
1348 2642 1560 2693 desinam,
1589 2648 1632 2684 et
1654 2643 1699 2683 in
1723 2642 1890 2684 habita-

1063 2699 1183 2742 tione
1199 2705 1348 2742 sancta
1363 2712 1514 2741 coram
1527 2699 1626 2753 ipso
1640 2697 1890 2740 ministravi.
