2040 2944
544 180 616 214 Die
641 180 693 214 31.
717 181 816 223 Aug.
864 180 899 215 S.
923 181 1144 225 Raymundi
1168 183 1339 218 Nonnati
1365 184 1473 219 Conf.

152 274 256 316 lium
274 275 557 328 veneratione
583 275 715 317 etiam
739 288 857 318 nunc
880 276 981 318 coli-

151 335 232 381 tur,
251 331 462 374 visitaret.
489 331 558 374 Ibi
577 331 741 387 effusus
755 332 800 373 in
814 345 981 386 preceS,

150 387 292 439 ipsam
318 387 403 429 Dei
434 390 680 441 parentem,
712 393 761 431 ut
788 402 836 431 se
863 390 907 431 in
934 390 980 430 fi-

150 443 256 485 lium
279 443 495 498 adoptare
517 445 723 497 viamque
750 445 904 488 salutis
930 459 982 487 ac

150 500 376 543 scientiam
412 503 665 544 sanctorum
697 500 886 544 edocere
920 501 980 544 di-

149 559 366 608 gnaretur,
385 560 512 601 enixe
531 558 862 611 deprecabatur.

200 619 251 669 R.
276 614 525 656 Honestum
551 615 655 657 fecit
681 615 804 657 illum
830 615 979 657 Domi-

149 683 241 721 nus,
266 676 310 712 et
329 670 567 713 custodivit
591 684 690 716 eum
709 671 765 714 ab
785 672 980 722 inimicis,

151 732 195 768 et
223 740 248 768 a
274 727 583 769 seductoribus
610 729 771 771 tutavit
794 728 932 770 illum:
956 733 977 755 *

150 783 206 825 Et
231 782 359 825 ‘dedit
390 783 452 825 illi
484 783 728 827 claritatem
759 786 980 827 aeternam.

150 838 200 891 V.
231 840 404 882 Justum
436 840 620 883 dednxit
652 842 868 883 Dominus
900 855 980 894 per

149 896 244 938 vias
262 902 417 947 rectas,
441 902 486 939 et
505 897 698 940 ostendit
716 898 778 940 illi
797 911 978 951 regnum

149 953 243 994 Dei.
271 953 329 995 Et
347 951 480 996 dedit.

456 1012 608 1054 Lectio
630 1028 666 1054 v.

244 1078 295 1108 ec
318 1065 456 1109 defuit
474 1067 590 1109 votis
614 1068 705 1119 ejus
723 1067 978 1119 benignissi-

269 1135 346 1164 ma·
364 1123 516 1174 Virgo.
553 1123 752 1176 Ab-ipsa
779 1124 894 1166 enim
917 1125 977 1166 in·

146 1178 315 1220 tellexit
347 1179 644 1230 gratissimum
677 1179 761 1221 sibi
793 1180 905 1230 fore,
942 1181 979 1222 si

146 1234 402 1286 religionem
426 1235 508 1277 sub
531 1236 660 1278 titulo
686 1235 742 1278 de
761 1236 977 1288 Mercede,

147 1303 226 1332 seu
251 1289 306 1333 de
332 1291 635 1334 Misericordia
658 1292 977 1346 redemptionis

147 1348 440 1400 captivorum,
468 1361 520 1390 ea
548 1352 811 1401 suggerente
838 1363 979 1403 nuper

144 1403 381 1455 fundatam,
409 1404 724 1457 ingrederetur.
765 1408 861 1458 Qua
888 1420 977 1449 mo-

145 1460 311 1503 nitione
333 1463 556 1515 percepta,
576 1463 870 1506 Barcinonem
892 1470 976 1506 sta-

81 1566 86 1571 ·
145 1517 224 1559 tim
241 1518 477 1570 profectuS,
495 1518 604 1561 illud
618 1524 710 1561 t'am
723 1521 977 1573 praecellen-

146 1574 203 1616 tis
227 1587 331 1626 erga
358 1576 609 1628 proximum
637 1577 832 1619 caritatis
859 1578 978 1619 insti-

145 1634 289 1672 tutum
312 1631 542 1684 amplexus
562 1637 639 1674 est.
672 1634 882 1685 Regulari
903 1635 978 1685 igi-

81 1709 85 1713 ·
146 1691 217 1728 tur
226 1686 395 1728 militiae
403 1687 664 1741 adscriptus,
673 1690 978 1741 virginitatem,

149 1743 481 1796 quampridem
508 1744 651 1787 beatae
678 1746 848 1797 Virgini
877 1760 976 1789 con-

148 1802 413 1851 secraverat,
445 1803 662 1854 perpetuo
691 1803 837 1854 coluit,
865 1808 976 1848 cete-

147 1858 296 1909 risque
325 1857 559 1900 virtutibus
592 1860 763 1909 enituit,
795 1861 977 1903 caritate

147 1913 396 1966 praesertim
431 1927 535 1966 erga
572 1915 861 1967 Christianos,
903 1918 977 1970 qui

89 1977 91 1980 ⁴
147 1969 228 2010 sub
246 1972 470 2022 potestate
486 1974 760 2024 paganorum
773 1975 978 2016 miseram

146 2025 191 2066 in
205 2026 460 2079 captivitate
475 2028 610 2070 vitam
626 2028 856 2081 degebant.
881 2031 977 2073 Hos

73 2101 76 2105 ·
146 2087 195 2124 ut
226 2082 478 2134 redimeret,
511 2084 556 2125 in
582 2085 779 2127 Africam
807 2087 978 2137 missus,

147 2151 247 2180 cum
273 2140 359 2192 jam
389 2140 554 2183 multos
581 2154 607 2183 a
633 2143 844 2185 servitute
872 2143 976 2186 libe-

146 2197 297 2246 rasset,
311 2209 377 2246 ne,
393 2200 865 2252 consumptapecunia,
881 2200 978 2243 aliis

146 2251 251 2294 item
276 2253 320 2293 in
344 2254 549 2306 proximo
577 2254 848 2307 abnegandae
872 2257 978 2300 fidei

148 2307 396 2352 discrimine
426 2311 678 2354 constitutis
706 2312 896 2364 deesset,
930 2327 977 2356 se

146 2364 291 2417 ipsum
315 2367 489 2419 pignori
514 2367 653 2418 dedit;
681 2368 760 2411 sed
784 2382 884 2411 cum
912 2383 976 2412 ar-

147 2420 404 2465 dentissimo
430 2423 585 2466 salutis
605 2425 847 2467 animarum
866 2426 976 2468 desi-

147 2477 268 2523 derio
297 2482 550 2531 succensus,
578 2481 727 2534 plures
754 2482 976 2525 Mahome-

145 2536 273 2576 tanos
287 2536 378 2578 suis
389 2537 674 2580 concionibus
686 2537 743 2580 ad
756 2538 977 2581 Christum

146 2593 437 2644 converteret,
464 2594 509 2635 in
537 2599 703 2636 arctam
731 2595 977 2637 custodiam

146 2660 173 2688 a
186 2646 387 2691 barbaris
401 2652 635 2703 conjectus,
650 2652 870 2704 variisque
885 2665 977 2705 sup-

144 2703 285 2756 pliciis
305 2706 535 2758 cruciatus,
560 2721 665 2750 mox
684 2708 811 2750 labiis
830 2709 974 2761 perfo-

1803 181 1869 219 257

1035 275 1143 316 ratis
1163 279 1207 316 et
1226 288 1324 317 sera
1345 276 1486 318 ferrea
1501 277 1671 328 clausis,
1691 278 1868 321 crudele

1034 331 1291 384 martyrium
1311 330 1386 375 diu
1405 335 1621 376 sustinuit.

1086 406 1137 457 R.
1156 403 1335 445 Amavit
1359 416 1459 446 eum
1479 405 1706 456 Dominus,
1735 411 1779 449 et
1803 419 1868 448 or·
1926 422 1928 424 ·

1034 459 1155 501 navit
1188 471 1304 500 eum:
1342 461 1501 502 stolam
1536 462 1690 513 gloriae
1726 463 1868 506 induit

1034 527 1145 565 eum,
1164 521 1187 544 *
1207 516 1265 557 Et
1284 516 1341 557 ad
1359 522 1512 568 portas
1527 519 1722 570 paradisi
1743 533 1867 562 coro-

1033 572 1155 613 navit
1171 585 1281 614 eum.
1308 573 1357 623 Y.
1373 573 1522 615 Induit
1536 587 1635 616 eum
1651 576 1867 618 Dominus

1033 627 1216 670 loricam
1235 628 1350 679 fidei,
1371 634 1415 671 et
1436 631 1610 673 ornavit
1630 644 1740 674 eum.
1768 633 1836 675 Et.

1336 711 1489 753 Lectio
1510 713 1563 753 vi.

1117 778 1145 820 b
1165 778 1262 820 haec
1282 783 1326 819 et
1344 777 1428 819 alia
1443 778 1615 820 fortiter
1630 785 1756 830 gesta
1771 793 1865 821 san-

1145 834 1310 877 ctitatis
1339 835 1430 885 ejus
1459 835 1575 876 fama
1603 835 1734 887 longe
1759 837 1863 878 late-

1034 904 1119 944 que
1136 891 1295 933 diffusa
1307 895 1383 932 est.
1406 892 1503 942 Qua
1516 895 1745 944 permotus
1759 893 1864 935 Gre-

1031 948 1182 999 gorius
1201 960 1353 997 nonUS,
1372 947 1415 988 in
1435 948 1753 1001 amplissimum
1773 963 1866 991 san-

1033 1009 1116 1047 ctae
1144 1005 1359 1046 Romanae
1385 1004 1598 1046 Ecclesiae
1627 1005 1866 1054 Cardinali-

1031 1074 1104 1102 um
1124 1060 1358 1112 collegium
1373 1061 1684 1114 Raymundum
1703 1063 1865 1104 adscri-

1031 1118 1134 1170 psit:
1154 1116 1234 1159 sed
1253 1117 1320 1159 vir
1339 1118 1424 1160 Dei
1442 1123 1485 1159 in
1506 1131 1557 1159 ea
1578 1117 1791 1170 dignitate
1811 1119 1865 1162 ab

1032 1174 1151 1215 omni
1175 1187 1341 1227 pompa
1365 1174 1620 1225 abhorrens,
1646 1175 1865 1227 religiosae

1032 1230 1289 1272 humilitatis
1335 1231 1642 1273 tenacissimus
1691 1246 1866 1286 semper

1031 1287 1122 1329 fuit.
1156 1288 1345 1329 Romam
1365 1301 1471 1330 vero
1491 1301 1692 1341 pergens,
1716 1290 1866 1331 statim

1031 1356 1082 1385 ac
1116 1343 1366 1386 Cardonam
1401 1345 1620 1398 pervenit,
1666 1348 1865 1388 extremo

1030 1401 1187 1443 morbo
1207 1401 1445 1452 confectus,
1471 1402 1781 1445 ecclesiasticis
1801 1416 1866 1444 sa-

1031 1458 1267 1499 cramentis
1286 1459 1445 1500 muniri
1462 1460 1643 1501 summis
1658 1460 1866 1513 precibus

1030 1514 1284 1567 postulavit.
1311 1516 1510 1568 Cumque
1524 1516 1707 1559 morbus
1724 1517 1865 1568 ingra-

1030 1573 1245 1621 vesceret,
1280 1577 1324 1614 et
1352 1572 1560 1615 sacerdos
1590 1573 1752 1615 diutius
1781 1580 1866 1616 tar-

1031 1628 1169 1678 daret,
1198 1628 1471 1680 Angelorum
1498 1630 1754 1680 ministeriO,
1783 1631 1865 1673 sub

1031 1684 1179 1737 specie
1198 1685 1507 1736 religiosorum
1527 1687 1594 1728 sui
1610 1686 1776 1728 ordinis
1792 1700 1864 1740 ap-

1030 1741 1295 1794 parentium,
1342 1742 1523 1784 salutari
1559 1743 1721 1785 viatico
1756 1744 1864 1786 refe-

1032 1802 1128 1839 ctus
1155 1797 1246 1839 fuit.
1288 1798 1385 1849 Quo
1416 1803 1609 1851 sumpto,
1638 1804 1682 1841 et
1710 1801 1864 1851 gratiis

1030 1854 1128 1895 Deo
1155 1855 1363 1906 peractis,
1395 1855 1601 1906 migravit
1629 1856 1686 1898 ad
1714 1857 1863 1898 Domi-

1030 1924 1133 1952 num
1149 1911 1382 1966 Dominica
1400 1912 1553 1954 ultima
1572 1913 1772 1964 Augusti,
1792 1927 1863 1955 an-

1030 1980 1087 2009 no
1107 1967 1338 2010 millesimo
1354 1968 1657 2012 ducentesimo
1679 1970 1864 2022 quadra-

1030 2025 1209 2075 gesimo.
1242 2025 1407 2067 Mortui
1427 2039 1602 2079 corpus,
1629 2040 1728 2069 cum
1748 2028 1863 2069 circa

1030 2081 1176 2123 locum
1191 2082 1434 2134 sepultnrae
1450 2084 1674 2125 contentio
1691 2089 1788 2125 orta
1799 2097 1862 2126 es-

1031 2143 1110 2188 set,
1129 2151 1244 2179 arcae
1263 2139 1492 2190 inclusum,
1517 2145 1560 2182 et
1578 2140 1710 2181 mulae
1730 2153 1863 2182 caecae

1030 2194 1297 2247 impositum,
1322 2195 1379 2237 ad
1403 2196 1613 2237 sacellum
1632 2197 1772 2238 sancti
1790 2197 1863 2251 Ni-

1030 2251 1144 2292 colai
1163 2252 1248 2293 Dei
1266 2257 1381 2293 nutu
1404 2252 1598 2294 delatum
1622 2253 1713 2303 fuit,
1736 2259 1785 2295 ut
1803 2253 1863 2297 ibi

1028 2307 1329 2358 tumularetur,
1344 2308 1419 2351 ubi
1433 2309 1577 2361 prima
1591 2311 1753 2362 jecerat
1768 2324 1863 2352 san-

1031 2364 1182 2405 ctioris
1200 2364 1303 2406 vitae
1322 2365 1616 2408 fundamenta.
1648 2366 1745 2409 Illic
1764 2380 1862 2409 con-

1029 2423 1197 2462 structo
1218 2421 1284 2462 sui
1300 2420 1467 2463 ordinis
1484 2422 1700 2475 coenobio,
1721 2437 1746 2466 a
1762 2437 1862 2466 con-

1029 2475 1265 2518 fluentibus
1293 2478 1387 2520 voti
1416 2491 1550 2520 causa
1578 2492 1633 2520 ex
1657 2481 1862 2522 universa

1030 2531 1284 2575 Catalaunia
1310 2533 1512 2576 fidelibus
1531 2536 1708 2588 populis
1727 2536 1861 2578 hono-

1028 2591 1168 2639 ratur,
1214 2590 1344 2631 variis
1388 2591 1610 2634 miraculis
1647 2598 1690 2634 et
1726 2593 1860 2644 signis

1027 2646 1258 2696 gloriosus.

1082 2713 1132 2765 Rg.
1147 2712 1238 2753 Iste
1256 2711 1400 2754 homo.
1419 2713 1500 2765 [72]
