2040 2944
183 165 255 209 [58]

243 263 377 314 Hujus
395 261 608 311 benignus
627 261 768 300 annue

285 318 426 360 Nobis
447 316 571 368 sequi
590 315 789 366 vestigia:

287 375 426 425 Hujus
445 374 630 426 precatu
649 371 834 413 servulis

287 431 469 472 Dimitte
490 442 652 471 noxam
672 428 874 470 criminis.

238 501 301 543 Sit
321 500 491 541 Christe
510 499 608 540 Rex
623 498 817 550 piissime

287 557 399 606 Tibi,
427 557 635 607 Patrique
654 554 805 606 gloria,

289 614 398 655 Cum
417 612 581 666 Spiritu
600 611 831 661 Paraclito,

287 670 415 711 Nunc
435 674 479 711 et
496 682 578 722 per
595 681 724 710 omne
745 668 965 709 saeculum.

496 727 649 767 Amen.

238 794 285 840 Υ.
312 790 336 830 J
339 795 485 832 ustum
503 789 686 832 deduxit
699 789 915 830 Dominus
935 801 1014 842 per

185 847 278 888 vias
298 852 450 888 rectas.
489 851 535 901 R.
566 846 622 887 Et
650 845 841 887 ostendit
865 845 927 886 illi
950 859 1013 887 16-

185 917 318 954 gnum
335 903 430 945 Dei.

239 972 307 1012 Ad
325 971 481 1012 Bened.
500 972 534 1010 A
543 975 599 1010 nt.
621 972 741 1019 Euge
757 981 883 1010 serve
898 968 1014 1010 bone

185 1027 208 1052 *
242 1031 285 1068 et
316 1025 475 1075 fidelis,
514 1026 615 1078 quia
648 1025 692 1066 in
707 1052 709 1054 »
723 1038 864 1078 pauca
897 1025 1015 1066 fuisti

184 1082 338 1131 fidelis,
367 1096 500 1135 supra
517 1082 655 1123 multa
673 1086 718 1123 te
740 1084 1014 1132 constituam,

185 1139 290 1181 dicit
309 1139 536 1181 Dominus.

521 1215 685 1255 Oratio.

187 1270 311 1375 Da,
329 1272 579 1323 quaesumus
591 1271 1014 1323 omnipotensDeus:

296 1332 343 1368 ut
362 1326 481 1368 beati
504 1329 555 1368 N.
575 1327 851 1368 Confessoris
871 1328 934 1368 tui
953 1333 1013 1369 at-

186 1397 270 1437 que
288 1383 515 1425 Pontificis
539 1384 790 1425 veneranda
814 1384 1013 1425 solemni—

183 1446 271 1491 tas,
308 1445 352 1482 et
380 1439 661 1482 devotionem
688 1440 817 1482 nobis
845 1444 1013 1492 augeat,

185 1503 229 1540 et
248 1497 445 1539 salutem.
482 1497 566 1538 Per
584 1497 833 1539 Dominum.

463 1571 560 1610 Alia
582 1570 743 1609 Oratio.

183 1623 409 1730 Exaudi,
432 1630 683 1680 quaesumus
699 1627 898 1677 Domine,
917 1642 1013 1681 pre-

292 1698 364 1726 ces
392 1690 577 1734 nostras,
615 1697 723 1736 quas
750 1685 794 1725 in
821 1684 939 1726 beati
965 1685 1016 1725 N.

185 1741 461 1783 Confessoris
509 1742 572 1784 tui
613 1746 747 1794 atque
788 1742 1014 1784 Pontificis

185 1798 465 1840 solemnitate
494 1798 744 1840 deferimus:
777 1803 821 1840 et
841 1798 914 1850 qui
934 1798 1014 1840 tibi

185 1854 315 1907 digne
339 1855 498 1897 meruit
522 1854 736 1904 famulari,
770 1856 862 1907 ejus
885 1855 1013 1897 inter-

186 1911 444 1954 cedentibus
458 1912 624 1954 meritis
642 1911 696 1953 ab
714 1911 914 1953 omnibus
933 1925 1014 1953 nos

186 1968 367 2011 absolve
385 1969 591 2022 peccatis.
619 1969 704 2010 Per
722 1969 971 2010 Dominum.

298 2040 380 2079 Pro
400 2039 606 2079 Doctore.
750 2038 914 2077 Oratio.

191 2096 374 2201 DeuS‚
417 2100 491 2152 qui
523 2099 690 2152 populo
726 2103 803 2140 tuo
838 2101 1015 2141 aeternae

304 2155 456 2198 salutis
483 2156 663 2198 beatum
695 2157 745 2197 N.
772 2156 1015 2198 ministrum

185 2212 395 2254 tribuisti:
439 2218 603 2266 praesta
645 2214 914 2265 quaesumus3
958 2218 1016 2263 ut,

188 2282 318 2321 quern
337 2270 578 2312 Doctorem
597 2270 698 2311 vitae
718 2268 950 2311 habuimus
972 2269 1015 2310 in

186 2326 326 2375 terriS,
350 2327 687 2368 intercessorem
706 2325 869 2367 habere
888 2339 1018 2368 mere-

189 2384 313 2423 amur
332 2383 375 2423 in
397 2383 532 2425 coelis.
558 2383 644 2425 Per
663 2382 912 2424 Dominum.

458 2462 525 2498 Ad
548 2462 751 2498 Tertiam.

247 2521 345 2560 Ant.
374 2519 470 2559 Non
490 2524 556 2560 est
575 2519 788 2560 inventus.

250 2580 385 2631 Capit.
412 2581 525 2620 l<lcce
545 2579 762 2622 sacerdos.
790 2579 873 2633 [57]

249 2643 295 2692 Rg.
317 2640 377 2680 br.
417 2639 594 2681 Amavit
622 2652 722 2681 eum
748 2640 974 2689 Dominus,
999 2644 1019 2665 *

191 2697 246 2738 Et
262 2695 433 2738 ornavit
447 2708 557 2737 eum.
576 2696 763 2739 Amavit.
787 2696 836 2746 Υ.
850 2696 1018 2739 Stolam

686 166 896 199 Commune
922 164 1170 198 Consessoris
1195 164 1403 198 I'ontificis.

1063 256 1216 307 gloriae
1240 256 1380 298 induit
1404 269 1513 298 eum.
1541 258 1608 299 Et.
1643 258 1794 300 Gloria
1811 258 1890 300 Pa-

1063 314 1130 354 tri.
1158 313 1348 355 Amavit.

1120 372 1169 423 V.
1207 373 1351 425 Elegit
1379 386 1478 415 eum
1507 375 1722 425 Dominus
1750 388 1890 417 saeer-

1065 430 1213 471 dotem
1243 430 1333 471 sibi.
1383 434 1432 485 R.
1458 431 1530 473 Ad
1558 431 1891 474 sacrificandum

1065 487 1103 528 ei
1132 486 1320 528 hostiam
1347 487 1499 529 laudis.

1337 565 1404 601 Ad
1427 564 1615 603 Sextam.

1121 627 1219 665 Ant.
1251 620 1354 664 Ideo
1375 622 1662 677 jurejurando.

1122 691 1377 743 Capitulum.
1583 688 1712 730 Eccli.
1728 690 1792 728 44.
1810 702 1843 729 c.

1064 741 1219 849 Non
1239 752 1305 789 est
1325 748 1528 790 inventus
1549 748 1700 790 similis
1719 749 1791 799 illi,
1819 749 1893 802 qui

1197 807 1480 846 conservaret
1513 805 1656 857 legem
1699 805 1894 847 Excelsi:

1066 859 1166 902 ideo
1187 861 1463 913 jurejurando
1483 861 1586 903 fecit
1606 861 1727 903 illum
1745 862 1893 903 Domi-

1066 930 1148 958 nus
1167 919 1366 959 creseere
1383 918 1426 958 in
1445 918 1622 970 plebem
1642 931 1776 960 suam.

1122 980 1172 1030 R.
1188 979 1250 1019 br.
1271 974 1415 1026 Elegit
1434 988 1533 1017 eum
1547 975 1762 1016 Dominus
1784 979 1805 1001 *
1821 976 1893 1017 Sa-

1067 1030 1293 1072 cerdotem
1311 1030 1405 1072 sibi.
1429 1031 1582 1082 Elegit.
1606 1028 1656 1080 Y.
1674 1031 1747 1073 Ad
1765 1033 1894 1073 saeri-

1066 1087 1287 1129 ficandum
1307 1088 1346 1129 ei
1365 1087 1552 1130 hostiam
1570 1087 1723 1129 laudis.
1747 1087 1893 1130 Sacer-

1067 1144 1227 1186 dotem.
1259 1144 1409 1187 Gloria
1427 1145 1557 1187 Patri.
1585 1144 1739 1196 Elegit.

1124 1200 1174 1251 Y.
1196 1201 1266 1243 Tu
1294 1214 1341 1243 es
1368 1201 1575 1244 sacerdos
1602 1202 1647 1242 in
1672 1202 1895 1243 aeternum.

1073 1264 1122 1303 R».
1167 1257 1418 1300 Secundum
1469 1258 1667 1300 ordinem
1717 1257 1893 1302 Melchi-

1066 1304 1238 1356 sedech.

1346 1367 1413 1403 Ad
1436 1368 1620 1404 Nonam.

1125 1427 1223 1466 Ant.
1250 1427 1384 1466 Serve
1404 1423 1531 1466 bone.

1178 1489 1437 1542 Capitulum.
1546 1487 1675 1528 Eccli.
1687 1487 1752 1527 45.
1763 1499 1797 1527 c.

1155 1555 1258 1606 ungi
1278 1553 1541 1604 sacerdotio,
1566 1558 1610 1595 et
1627 1553 1790 1595 habere
1807 1552 1896 1595 lau-

1157 1611 1258 1654 dem
1272 1611 1316 1652 in
1331 1611 1506 1652 nomine
1520 1610 1668 1663 ipsius,
1681 1615 1724 1651 et
1739 1609 1896 1652 offerre

1066 1669 1128 1710 illi
1159 1669 1386 1710 incensum
1418 1666 1597 1719 dignum
1632 1667 1676 1707 in
1711 1665 1895 1708 odorem

1066 1725 1306 1768 suavitatis.

1128 1784 1177 1823 R.
1200 1782 1260 1823 br.
1274 1781 1343 1822 Tu
1363 1793 1409 1822 es
1431 1778 1638 1821 sacerdos
1666 1780 1687 1803 *
1701 1780 1753 1820 In
1772 1780 1894 1820 36161-

1066 1852 1179 1880 1111111.
1216 1838 1296 1879 Tu.
1339 1835 1388 1886 V.
1415 1835 1664 1878 Secundum
1696 1835 1895 1877 ordinem

1066 1893 1403 1937 Melchisedech.
1421 1893 1483 1934 In.
1507 1892 1656 1935 Gloria
1669 1891 1798 1933 Patri.
1815 1891 1895 1933 Tu.

1126 1951 1176 2002 V.
1187 1952 1211 1992 J
1214 1956 1359 1993 ustum
1379 1949 1562 1992 deduxit
1577 1948 1792 1990 Dominus
1812 1960 1893 2000 per

1066 2008 1160 2050 vias
1185 2012 1338 2049 rectas.
1381 2012 1431 2061 111.
1453 2006 1510 2047 Ε1
1533 2004 1726 2048 ostendit
1748 2004 1810 2046 1111
1832 2017 1896 2046 16-

1067 2078 1199 2116 gnum
1218 2065 1313 2106 Dei.

1274 2133 1335 2173 In
1358 2132 1420 2173 11.
1435 2130 1687 2182 Vesperis.

1128 2200 1214 2233 Ant.
1235 2198 1280 2232 dc
1300 2197 1417 2231 Laud.
1430 2193 1510 2237 [57],
1540 2196 1601 2230 Ps.
1623 2200 1663 2230 ut
1687 2195 1725 2229 in
1742 2194 1768 2228 I.
1783 2193 1899 2237 Vesp.

1076 2248 1123 2282 de
1140 2246 1342 2282 Communi
1361 2246 1497 2289 Apost.
1509 2241 1556 2285 [2]
1584 2250 1619 2279 et
1635 2244 1721 2278 loco
1739 2242 1861 2276 ultimi

1343 2302 1539 2342 Psalmus
1559 2302 1636 2342 131.

1177 2357 1352 2398 emento
1387 2354 1573 2396 Domine
1605 2351 1764 2401 David,
1796 2353 1819 2377 *
1853 2356 1896 2393 et

1076 2356 1179 2462 M
1198 2412 1339 2454 omnis
1367 2408 1712 2452 mansuetudinis
1742 2409 1851 2460 ejus:

1121 2470 1241 2512 Sicut
1273 2468 1428 2521 juravit
1452 2466 1660 2515 Domino,
1688 2466 1712 2491 *
1745 2470 1896 2506 votum

1070 2527 1192 2569 vovit
1216 2526 1312 2567 Deo
1341 2522 1495 2565 Jacob:

1121 2583 1166 2625 Si
1185 2583 1394 2623 introiero
1412 2580 1456 2620 in
1474 2578 1804 2620 tabernaculum
1821 2577 1895 2619 do-

1069 2653 1167 2680 mus
1186 2650 1308 2686 111636,
1323 2637 1347 2662 *
1363 2637 1399 2678 si
1417 2634 1657 2677 ascendero
1676 2635 1720 2675 in
1735 2634 1896 2676 lectum

1071 2695 1197 2738 strati
1213 2694 1317 2751 mei:
