<?xml version="1.0" encoding="UTF-8"?>
<!DOCTYPE html PUBLIC "-//W3C//DTD XHTML 1.0 Transitional//EN"
    "http://www.w3.org/TR/xhtml1/DTD/xhtml1-transitional.dtd">
<html xmlns="http://www.w3.org/1999/xhtml" xml:lang="en" lang="en">
 <head>
  <title>
</title>
<meta http-equiv="Content-Type" content="text/html;charset=utf-8" />
  <meta name='ocr-system' content='tesseract 3.04.00' />
  <meta name='ocr-capabilities' content='ocr_page ocr_carea ocr_par ocr_line ocrx_word'/>
</head>
<body>
  <div class='ocr_page' id='page_1' title='image "./p4breviariumroma00cathuoft_0487.png"; bbox 0 0 2040 2944; ppageno 0'>
   <div class='ocr_carea' id='block_1_1' title="bbox 552 168 1426 204">
    <p class='ocr_par' dir='ltr' id='par_1_1' title="bbox 552 168 1426 204">
     <span class='ocr_line' id='line_1_1' title="bbox 552 168 1426 204; baseline -0.002 -1"><span class='ocrx_word' id='word_1_1' title='bbox 552 169 624 203; x_wconf 88' lang='lat' dir='ltr'><strong>Die</strong></span> <span class='ocrx_word' id='word_1_2' title='bbox 648 170 701 203; x_wconf 72' lang='lat'><strong>24.</strong></span> <span class='ocrx_word' id='word_1_3' title='bbox 726 169 825 204; x_wconf 83' lang='lat' dir='ltr'><strong>Nov.</strong></span> <span class='ocrx_word' id='word_1_4' title='bbox 872 169 906 203; x_wconf 88' lang='lat' dir='ltr'><strong>S.</strong></span> <span class='ocrx_word' id='word_1_5' title='bbox 932 169 1097 203; x_wconf 84' lang='lat' dir='ltr'><strong>Joannis</strong></span> <span class='ocrx_word' id='word_1_6' title='bbox 1123 179 1142 202; x_wconf 79' lang='lat' dir='ltr'><strong>a</strong></span> <span class='ocrx_word' id='word_1_7' title='bbox 1170 169 1291 203; x_wconf 85' lang='lat' dir='ltr'><strong>Cruce</strong></span> <span class='ocrx_word' id='word_1_8' title='bbox 1318 168 1426 203; x_wconf 82' lang='lat' dir='ltr'><strong>Conf.</strong></span> 
     </span>
    </p>
   </div>
   <div class='ocr_carea' id='block_1_2' title="bbox 137 263 971 1443">
    <p class='ocr_par' dir='ltr' id='par_1_2' title="bbox 137 263 969 477">
     <span class='ocr_line' id='line_1_2' title="bbox 404 263 699 304; baseline -0.003 -1"><span class='ocrx_word' id='word_1_9' title='bbox 404 263 600 304; x_wconf 87' lang='lat' dir='ltr'><strong>Psalmus</strong></span> <span class='ocrx_word' id='word_1_10' title='bbox 620 263 699 303; x_wconf 87' lang='lat'>115.</span> 
     </span>
     <span class='ocr_line' id='line_1_3' title="bbox 139 319 968 428; baseline -0.004 -64"><span class='ocrx_word' id='word_1_11' title='bbox 139 319 376 428; x_wconf 85' lang='lat' dir='ltr'><strong>Credidi,</strong></span> <span class='ocrx_word' id='word_1_12' title='bbox 410 326 594 374; x_wconf 90' lang='lat' dir='ltr'><strong>propter</strong></span> <span class='ocrx_word' id='word_1_13' title='bbox 633 320 754 373; x_wconf 90' lang='lat' dir='ltr'><strong>quod</strong></span> <span class='ocrx_word' id='word_1_14' title='bbox 794 320 968 362; x_wconf 79' lang='lat' dir='ltr'><strong>locutus</strong></span> 
     </span>
     <span class='ocr_line' id='line_1_4' title="bbox 232 376 969 429; baseline -0.004 -9"><span class='ocrx_word' id='word_1_15' title='bbox 232 391 347 420; x_wconf 89' lang='lat' dir='ltr'><strong>sum:</strong></span> <span class='ocrx_word' id='word_1_16' title='bbox 379 378 403 404; x_wconf 89' lang='lat'>*</span> <span class='ocrx_word' id='word_1_17' title='bbox 431 390 514 429; x_wconf 88' lang='lat' dir='ltr'><strong>ego</strong></span> <span class='ocrx_word' id='word_1_18' title='bbox 542 381 688 419; x_wconf 88' lang='lat' dir='ltr'><strong>autem</strong></span> <span class='ocrx_word' id='word_1_19' title='bbox 715 376 969 418; x_wconf 73' lang='lat' dir='ltr'><strong>humiliatus</strong></span> 
     </span>
     <span class='ocr_line' id='line_1_5' title="bbox 137 435 396 477; baseline -0.008 0"><span class='ocrx_word' id='word_1_20' title='bbox 137 449 234 477; x_wconf 91' lang='lat' dir='ltr'><strong>sum</strong></span> <span class='ocrx_word' id='word_1_21' title='bbox 257 435 396 476; x_wconf 90' lang='lat' dir='ltr'><strong>nimis.</strong></span> 
     </span>
    </p>

    <p class='ocr_par' dir='ltr' id='par_1_3' title="bbox 137 488 969 589">
     <span class='ocr_line' id='line_1_6' title="bbox 187 488 969 542; baseline -0.004 -10"><span class='ocrx_word' id='word_1_22' title='bbox 187 492 283 542; x_wconf 89' lang='lat' dir='ltr'><strong>Ego</strong></span> <span class='ocrx_word' id='word_1_23' title='bbox 297 491 388 533; x_wconf 83' lang='lat' dir='ltr'><strong>dixi</strong></span> <span class='ocrx_word' id='word_1_24' title='bbox 402 491 446 531; x_wconf 94' lang='lat' dir='ltr'><strong>in</strong></span> <span class='ocrx_word' id='word_1_25' title='bbox 457 491 643 532; x_wconf 82' lang='lat' dir='ltr'><strong>excessu</strong></span> <span class='ocrx_word' id='word_1_26' title='bbox 656 489 803 531; x_wconf 75' lang='lat' dir='ltr'><strong>mem*</strong></span> <span class='ocrx_word' id='word_1_27' title='bbox 814 488 969 530; x_wconf 90' lang='lat' dir='ltr'><strong>Omnis</strong></span> 
     </span>
     <span class='ocr_line' id='line_1_7' title="bbox 137 546 492 589; baseline -0.003 -1"><span class='ocrx_word' id='word_1_28' title='bbox 137 548 270 589; x_wconf 93' lang='lat' dir='ltr'><strong>homo</strong></span> <span class='ocrx_word' id='word_1_29' title='bbox 290 546 492 589; x_wconf 77' lang='lat' dir='ltr'><strong>mendaX.</strong></span> 
     </span>
    </p>

    <p class='ocr_par' dir='ltr' id='par_1_4' title="bbox 138 601 969 712">
     <span class='ocr_line' id='line_1_8' title="bbox 190 601 969 654; baseline -0.005 -9"><span class='ocrx_word' id='word_1_30' title='bbox 190 604 306 654; x_wconf 89' lang='lat' dir='ltr'>Quid</span> <span class='ocrx_word' id='word_1_31' title='bbox 334 603 573 646; x_wconf 85' lang='lat' dir='ltr'><strong>retribuam</strong></span> <span class='ocrx_word' id='word_1_32' title='bbox 600 601 809 650; x_wconf 91' lang='lat' dir='ltr'><strong>Domino,</strong></span> <span class='ocrx_word' id='word_1_33' title='bbox 835 601 859 626; x_wconf 86' lang='lat'>*</span> <span class='ocrx_word' id='word_1_34' title='bbox 886 613 969 653; x_wconf 92' lang='lat' dir='ltr'><strong>pro</strong></span> 
     </span>
     <span class='ocr_line' id='line_1_9' title="bbox 138 656 848 712; baseline -0.006 -11"><span class='ocrx_word' id='word_1_35' title='bbox 138 659 351 710; x_wconf 86' lang='lat' dir='ltr'><strong>omnibus,</strong></span> <span class='ocrx_word' id='word_1_36' title='bbox 381 672 480 712; x_wconf 88' lang='lat' dir='ltr'><strong>quae</strong></span> <span class='ocrx_word' id='word_1_37' title='bbox 500 657 701 700; x_wconf 83' lang='lat' dir='ltr'><strong>retribuit</strong></span> <span class='ocrx_word' id='word_1_38' title='bbox 719 656 848 698; x_wconf 90' lang='lat' dir='ltr'><strong>mihi?</strong></span> 
     </span>
    </p>

    <p class='ocr_par' dir='ltr' id='par_1_5' title="bbox 138 713 971 815">
     <span class='ocr_line' id='line_1_10' title="bbox 192 713 971 766; baseline -0.006 -8"><span class='ocrx_word' id='word_1_39' title='bbox 192 716 385 758; x_wconf 75' lang='lat' dir='ltr'><strong>Calicem</strong></span> <span class='ocrx_word' id='word_1_40' title='bbox 404 715 607 756; x_wconf 78' lang='lat' dir='ltr'><strong>salutaris</strong></span> <span class='ocrx_word' id='word_1_41' title='bbox 627 713 855 766; x_wconf 84' lang='lat' dir='ltr'>accipiam:</span> <span class='ocrx_word' id='word_1_42' title='bbox 878 713 902 739; x_wconf 93' lang='lat'>*</span> <span class='ocrx_word' id='word_1_43' title='bbox 927 718 971 754; x_wconf 91' lang='lat' dir='ltr'><strong>et</strong></span> 
     </span>
     <span class='ocr_line' id='line_1_11' title="bbox 138 770 744 815; baseline -0.007 0"><span class='ocrx_word' id='word_1_44' title='bbox 138 786 298 815; x_wconf 87' lang='lat' dir='ltr'><strong>nornen</strong></span> <span class='ocrx_word' id='word_1_45' title='bbox 316 771 497 813; x_wconf 90' lang='lat' dir='ltr'><strong>Domini</strong></span> <span class='ocrx_word' id='word_1_46' title='bbox 514 770 744 812; x_wconf 78' lang='lat' dir='ltr'><strong>invocabo.</strong></span> 
     </span>
    </p>

    <p class='ocr_par' dir='ltr' id='par_1_6' title="bbox 139 826 971 995">
     <span class='ocr_line' id='line_1_12' title="bbox 189 826 971 871; baseline -0.005 0"><span class='ocrx_word' id='word_1_47' title='bbox 189 830 308 871; x_wconf 88' lang='lat' dir='ltr'><strong>Vota</strong></span> <span class='ocrx_word' id='word_1_48' title='bbox 339 841 438 869; x_wconf 87' lang='lat' dir='ltr'><strong>mea</strong></span> <span class='ocrx_word' id='word_1_49' title='bbox 469 828 570 868; x_wconf 80' lang='lat' dir='ltr'><strong>Dfio</strong></span> <span class='ocrx_word' id='word_1_50' title='bbox 604 826 789 868; x_wconf 84' lang='lat' dir='ltr'>reddam</span> <span class='ocrx_word' id='word_1_51' title='bbox 821 838 971 867; x_wconf 90' lang='lat' dir='ltr'><strong>coram</strong></span> 
     </span>
     <span class='ocr_line' id='line_1_13' title="bbox 139 883 970 938; baseline -0.006 -11"><span class='ocrx_word' id='word_1_52' title='bbox 139 885 259 927; x_wconf 91' lang='lat' dir='ltr'><strong>omni</strong></span> <span class='ocrx_word' id='word_1_53' title='bbox 272 884 439 938; x_wconf 92' lang='lat' dir='ltr'><strong>populo</strong></span> <span class='ocrx_word' id='word_1_54' title='bbox 456 885 562 936; x_wconf 83' lang='lat' dir='ltr'><strong>ejus:</strong></span> <span class='ocrx_word' id='word_1_55' title='bbox 572 883 596 910; x_wconf 93' lang='lat'>*</span> <span class='ocrx_word' id='word_1_56' title='bbox 608 883 805 936; x_wconf 88' lang='lat' dir='ltr'><strong>pretiosa</strong></span> <span class='ocrx_word' id='word_1_57' title='bbox 815 883 859 923; x_wconf 93' lang='lat' dir='ltr'><strong>in</strong></span> <span class='ocrx_word' id='word_1_58' title='bbox 871 895 970 923; x_wconf 95' lang='lat' dir='ltr'><strong>con—</strong></span> 
     </span>
     <span class='ocr_line' id='line_1_14' title="bbox 139 939 939 995; baseline -0.005 -12"><span class='ocrx_word' id='word_1_59' title='bbox 139 943 294 995; x_wconf 88' lang='lat' dir='ltr'><strong>spectu</strong></span> <span class='ocrx_word' id='word_1_60' title='bbox 312 941 401 981; x_wconf 80' lang='lat' dir='ltr'><strong>Dffi</strong></span> <span class='ocrx_word' id='word_1_61' title='bbox 419 953 540 981; x_wconf 92' lang='lat' dir='ltr'><strong>mors</strong></span> <span class='ocrx_word' id='word_1_62' title='bbox 559 941 811 981; x_wconf 89' lang='lat' dir='ltr'><strong>sanctorum</strong></span> <span class='ocrx_word' id='word_1_63' title='bbox 832 939 939 990; x_wconf 87' lang='lat' dir='ltr'><strong>ejus:</strong></span> 
     </span>
    </p>

    <p class='ocr_par' dir='ltr' id='par_1_7' title="bbox 139 996 970 1103">
     <span class='ocr_line' id='line_1_15' title="bbox 192 996 970 1050; baseline -0.003 -11"><span class='ocrx_word' id='word_1_64' title='bbox 192 998 230 1039; x_wconf 95' lang='grc' dir='ltr'>Ο</span> <span class='ocrx_word' id='word_1_65' title='bbox 241 998 340 1039; x_wconf 80' lang='lat' dir='ltr'><strong>Dfie</strong></span> <span class='ocrx_word' id='word_1_66' title='bbox 352 997 453 1050; x_wconf 86' lang='lat' dir='ltr'><strong>quia</strong></span> <span class='ocrx_word' id='word_1_67' title='bbox 464 1009 546 1047; x_wconf 86' lang='lat' dir='ltr'><strong>ego</strong></span> <span class='ocrx_word' id='word_1_68' title='bbox 558 1009 711 1038; x_wconf 91' lang='lat' dir='ltr'><strong>servus</strong></span> <span class='ocrx_word' id='word_1_69' title='bbox 721 1000 837 1037; x_wconf 89' lang='lat' dir='ltr'><strong>tuus:</strong></span> <span class='ocrx_word' id='word_1_70' title='bbox 853 996 876 1021; x_wconf 90' lang='lat'>*</span> <span class='ocrx_word' id='word_1_71' title='bbox 888 1007 970 1046; x_wconf 88' lang='lat' dir='ltr'><strong>ego</strong></span> 
     </span>
     <span class='ocr_line' id='line_1_16' title="bbox 139 1051 932 1103; baseline -0.005 -7"><span class='ocrx_word' id='word_1_72' title='bbox 139 1067 293 1096; x_wconf 85' lang='lat' dir='ltr'><strong>servus</strong></span> <span class='ocrx_word' id='word_1_73' title='bbox 312 1058 424 1103; x_wconf 84' lang='lat' dir='ltr'><strong>tuus,</strong></span> <span class='ocrx_word' id='word_1_74' title='bbox 445 1058 488 1095; x_wconf 90' lang='lat' dir='ltr'><strong>et</strong></span> <span class='ocrx_word' id='word_1_75' title='bbox 507 1053 624 1094; x_wconf 88' lang='lat' dir='ltr'><strong>filius</strong></span> <span class='ocrx_word' id='word_1_76' title='bbox 643 1051 812 1093; x_wconf 86' lang='lat' dir='ltr'><strong>ancillae</strong></span> <span class='ocrx_word' id='word_1_77' title='bbox 832 1057 932 1093; x_wconf 90' lang='lat' dir='ltr'><strong>tuae.</strong></span> 
     </span>
    </p>

    <p class='ocr_par' dir='ltr' id='par_1_8' title="bbox 139 1107 971 1265">
     <span class='ocr_line' id='line_1_17' title="bbox 191 1107 970 1163; baseline -0.004 -11"><span class='ocrx_word' id='word_1_78' title='bbox 191 1110 407 1163; x_wconf 90' lang='lat' dir='ltr'><strong>Dirupisti</strong></span> <span class='ocrx_word' id='word_1_79' title='bbox 426 1109 599 1151; x_wconf 87' lang='lat' dir='ltr'><strong>vincula</strong></span> <span class='ocrx_word' id='word_1_80' title='bbox 621 1121 735 1150; x_wconf 87' lang='lat' dir='ltr'><strong>mea:</strong></span> <span class='ocrx_word' id='word_1_81' title='bbox 758 1109 781 1134; x_wconf 90' lang='lat'>*</span> <span class='ocrx_word' id='word_1_82' title='bbox 806 1107 886 1150; x_wconf 90' lang='lat' dir='ltr'><strong>tibi</strong></span> <span class='ocrx_word' id='word_1_83' title='bbox 905 1121 970 1149; x_wconf 87' lang='lat' dir='ltr'><strong>sa-</strong></span> 
     </span>
     <span class='ocr_line' id='line_1_18' title="bbox 139 1165 971 1215; baseline -0.004 -6"><span class='ocrx_word' id='word_1_84' title='bbox 139 1166 349 1210; x_wconf 73' lang='lat' dir='ltr'><strong>crificabo</strong></span> <span class='ocrx_word' id='word_1_85' title='bbox 365 1166 556 1208; x_wconf 89' lang='lat' dir='ltr'><strong>hostiam</strong></span> <span class='ocrx_word' id='word_1_86' title='bbox 573 1165 727 1215; x_wconf 85' lang='lat' dir='ltr'><strong>laudis,</strong></span> <span class='ocrx_word' id='word_1_87' title='bbox 749 1170 792 1207; x_wconf 92' lang='lat' dir='ltr'><strong>et</strong></span> <span class='ocrx_word' id='word_1_88' title='bbox 811 1177 971 1207; x_wconf 92' lang='lat' dir='ltr'><strong>nomen</strong></span> 
     </span>
     <span class='ocr_line' id='line_1_19' title="bbox 140 1222 568 1265; baseline -0.005 0"><span class='ocrx_word' id='word_1_89' title='bbox 140 1224 320 1265; x_wconf 92' lang='lat' dir='ltr'><strong>Domini</strong></span> <span class='ocrx_word' id='word_1_90' title='bbox 338 1222 568 1264; x_wconf 72' lang='lat' dir='ltr'><strong>invocabo.</strong></span> 
     </span>
    </p>

    <p class='ocr_par' dir='ltr' id='par_1_9' title="bbox 139 1278 970 1443">
     <span class='ocr_line' id='line_1_20' title="bbox 189 1278 970 1322; baseline -0.005 0"><span class='ocrx_word' id='word_1_91' title='bbox 189 1281 310 1322; x_wconf 87' lang='lat' dir='ltr'><strong>Vota</strong></span> <span class='ocrx_word' id='word_1_92' title='bbox 336 1293 435 1322; x_wconf 86' lang='lat' dir='ltr'><strong>mea</strong></span> <span class='ocrx_word' id='word_1_93' title='bbox 459 1281 560 1321; x_wconf 78' lang='lat' dir='ltr'><strong>Dflo</strong></span> <span class='ocrx_word' id='word_1_94' title='bbox 592 1278 775 1322; x_wconf 85' lang='lat' dir='ltr'>reddam</span> <span class='ocrx_word' id='word_1_95' title='bbox 800 1278 844 1318; x_wconf 94' lang='lat' dir='ltr'><strong>in</strong></span> <span class='ocrx_word' id='word_1_96' title='bbox 871 1290 970 1319; x_wconf 91' lang='lat' dir='ltr'><strong>con-</strong></span> 
     </span>
     <span class='ocr_line' id='line_1_21' title="bbox 139 1334 970 1390; baseline -0.004 -11"><span class='ocrx_word' id='word_1_97' title='bbox 139 1338 294 1390; x_wconf 90' lang='lat' dir='ltr'><strong>spectu</strong></span> <span class='ocrx_word' id='word_1_98' title='bbox 308 1337 451 1378; x_wconf 92' lang='lat' dir='ltr'><strong>omnis</strong></span> <span class='ocrx_word' id='word_1_99' title='bbox 465 1335 621 1389; x_wconf 91' lang='lat' dir='ltr'><strong>populi</strong></span> <span class='ocrx_word' id='word_1_100' title='bbox 635 1337 740 1388; x_wconf 89' lang='lat' dir='ltr'><strong>ejus:</strong></span> <span class='ocrx_word' id='word_1_101' title='bbox 755 1335 832 1376; x_wconf 88' lang='lat' dir='ltr'><strong>*in</strong></span> <span class='ocrx_word' id='word_1_102' title='bbox 848 1334 970 1376; x_wconf 76' lang='lat' dir='ltr'><strong>atriis</strong></span> 
     </span>
     <span class='ocr_line' id='line_1_22' title="bbox 139 1391 970 1443; baseline -0.005 -8"><span class='ocrx_word' id='word_1_103' title='bbox 139 1393 296 1435; x_wconf 92' lang='lat' dir='ltr'><strong>domus</strong></span> <span class='ocrx_word' id='word_1_104' title='bbox 310 1393 409 1443; x_wconf 81' lang='lat' dir='ltr'><strong>Dfii,</strong></span> <span class='ocrx_word' id='word_1_105' title='bbox 419 1393 464 1434; x_wconf 93' lang='lat' dir='ltr'><strong>in</strong></span> <span class='ocrx_word' id='word_1_106' title='bbox 478 1392 625 1434; x_wconf 91' lang='lat' dir='ltr'><strong>medio</strong></span> <span class='ocrx_word' id='word_1_107' title='bbox 638 1392 702 1434; x_wconf 85' lang='lat' dir='ltr'><strong>tui</strong></span> <span class='ocrx_word' id='word_1_108' title='bbox 715 1391 970 1434; x_wconf 78' lang='lat' dir='ltr'><strong>Jerusalem.</strong></span> 
     </span>
    </p>
   </div>
   <div class='ocr_carea' id='block_1_3' title="bbox 134 1457 964 1550">
    <p class='ocr_par' dir='ltr' id='par_1_10' title="bbox 134 1457 964 1550">
     <span class='ocr_line' id='line_1_23' title="bbox 185 1457 964 1501; baseline -0.004 -8"><span class='ocrx_word' id='word_1_109' title='bbox 185 1459 221 1492; x_wconf 92' lang='lat' dir='ltr'>A</span> <span class='ocrx_word' id='word_1_110' title='bbox 242 1458 367 1501; x_wconf 80' lang='lat' dir='ltr'><strong>Capit.</strong></span> <span class='ocrx_word' id='word_1_111' title='bbox 390 1458 432 1492; x_wconf 85' lang='lat' dir='ltr'><strong>fit</strong></span> <span class='ocrx_word' id='word_1_112' title='bbox 456 1457 503 1491; x_wconf 91' lang='lat' dir='ltr'><strong>de</strong></span> <span class='ocrx_word' id='word_1_113' title='bbox 529 1466 635 1500; x_wconf 90' lang='lat' dir='ltr'><strong>sequ.</strong></span> <span class='ocrx_word' id='word_1_114' title='bbox 660 1467 746 1490; x_wconf 90' lang='lat' dir='ltr'><strong>cum</strong></span> <span class='ocrx_word' id='word_1_115' title='bbox 768 1466 964 1490; x_wconf 89' lang='lat' dir='ltr'><strong>commem.</strong></span> 
     </span>
     <span class='ocr_line' id='line_1_24' title="bbox 134 1504 777 1550; baseline -0.005 -9"><span class='ocrx_word' id='word_1_116' title='bbox 134 1516 249 1550; x_wconf 86' lang='lat' dir='ltr'><strong>praec.</strong></span> <span class='ocrx_word' id='word_1_117' title='bbox 275 1510 312 1540; x_wconf 89' lang='lat' dir='ltr'><strong>et</strong></span> <span class='ocrx_word' id='word_1_118' title='bbox 335 1506 371 1540; x_wconf 89' lang='lat' dir='ltr'><strong>S.</strong></span> <span class='ocrx_word' id='word_1_119' title='bbox 397 1505 646 1549; x_wconf 78' lang='lat' dir='ltr'><strong>Chrysogoni</strong></span> <span class='ocrx_word' id='word_1_120' title='bbox 668 1504 777 1538; x_wconf 86' lang='lat' dir='ltr'><strong>Mart.</strong></span> 
     </span>
    </p>
   </div>
   <div class='ocr_carea' id='block_1_4' title="bbox 323 1592 787 1634">
    <p class='ocr_par' dir='ltr' id='par_1_11' title="bbox 323 1592 787 1634">
     <span class='ocr_line' id='line_1_25' title="bbox 323 1592 787 1634; baseline -0.002 -1"><span class='ocrx_word' id='word_1_121' title='bbox 323 1592 408 1634; x_wconf 89' lang='lat' dir='ltr'><strong>Die</strong></span> <span class='ocrx_word' id='word_1_122' title='bbox 426 1593 493 1633; x_wconf 88' lang='lat'><strong>24.</strong></span> <span class='ocrx_word' id='word_1_123' title='bbox 511 1592 787 1634; x_wconf 88' lang='lat' dir='ltr'><strong>Novembris.</strong></span> 
     </span>
    </p>
   </div>
   <div class='ocr_carea' id='block_1_5' title="bbox 233 1659 870 1764">
    <p class='ocr_par' dir='ltr' id='par_1_12' title="bbox 233 1659 870 1764">
     <span class='ocr_line' id='line_1_26' title="bbox 233 1659 870 1702; baseline -0.006 0"><span class='ocrx_word' id='word_1_124' title='bbox 233 1661 277 1702; x_wconf 86' lang='lat' dir='ltr'><strong>S.</strong></span> <span class='ocrx_word' id='word_1_125' title='bbox 296 1661 327 1702; x_wconf 85' lang='lat' dir='ltr'><strong>J</strong></span> <span class='ocrx_word' id='word_1_126' title='bbox 329 1661 508 1702; x_wconf 86' lang='lat' dir='ltr'><strong>oannis</strong></span> <span class='ocrx_word' id='word_1_127' title='bbox 528 1670 559 1702; x_wconf 88' lang='lat' dir='ltr'><strong>a</strong></span> <span class='ocrx_word' id='word_1_128' title='bbox 575 1661 730 1702; x_wconf 79' lang='lat' dir='ltr'><strong>cruce</strong></span> <span class='ocrx_word' id='word_1_129' title='bbox 750 1659 870 1700; x_wconf 89' lang='lat' dir='ltr'><strong>Conf.</strong></span> 
     </span>
     <span class='ocr_line' id='line_1_27' title="bbox 468 1720 635 1764; baseline -0.006 -9"><span class='ocrx_word' id='word_1_130' title='bbox 468 1720 635 1764; x_wconf 84' lang='lat' dir='ltr'><strong>Duplex.</strong></span> 
     </span>
    </p>
   </div>
   <div class='ocr_carea' id='block_1_6' title="bbox 137 1776 966 1870">
    <p class='ocr_par' dir='ltr' id='par_1_13' title="bbox 137 1776 966 1870">
     <span class='ocr_line' id='line_1_28' title="bbox 188 1776 966 1812; baseline -0.004 0"><span class='ocrx_word' id='word_1_131' title='bbox 188 1777 327 1812; x_wconf 89' lang='lat' dir='ltr'><strong>Omnia</strong></span> <span class='ocrx_word' id='word_1_132' title='bbox 362 1778 409 1812; x_wconf 90' lang='lat' dir='ltr'><strong>de</strong></span> <span class='ocrx_word' id='word_1_133' title='bbox 438 1777 582 1812; x_wconf 90' lang='lat' dir='ltr'><strong>Comm.</strong></span> <span class='ocrx_word' id='word_1_134' title='bbox 613 1776 722 1811; x_wconf 86' lang='lat' dir='ltr'><strong>Conf.</strong></span> <span class='ocrx_word' id='word_1_135' title='bbox 750 1786 829 1810; x_wconf 90' lang='lat' dir='ltr'><strong>non</strong></span> <span class='ocrx_word' id='word_1_136' title='bbox 857 1776 966 1810; x_wconf 87' lang='lat' dir='ltr'><strong>Pont.</strong></span> 
     </span>
     <span class='ocr_line' id='line_1_29' title="bbox 137 1826 708 1870; baseline 0 -8"><span class='ocrx_word' id='word_1_137' title='bbox 137 1826 206 1870; x_wconf 84' lang='lat'>[67]</span> <span class='ocrx_word' id='word_1_138' title='bbox 229 1830 371 1870; x_wconf 80' lang='lat' dir='ltr'><strong>praeter</strong></span> <span class='ocrx_word' id='word_1_139' title='bbox 394 1835 500 1869; x_wconf 84' lang='lat' dir='ltr'><strong>sequ.</strong></span> <span class='ocrx_word' id='word_1_140' title='bbox 526 1826 586 1870; x_wconf 90' lang='lat' dir='ltr'><strong>(m.</strong></span> <span class='ocrx_word' id='word_1_141' title='bbox 610 1830 635 1862; x_wconf 86' lang='lat' dir='ltr'><strong>t.</strong></span> <span class='ocrx_word' id='word_1_142' title='bbox 658 1827 708 1870; x_wconf 87' lang='lat' dir='ltr'><strong>v.)</strong></span> 
     </span>
    </p>
   </div>
   <div class='ocr_carea' id='block_1_7' title="bbox 474 1880 638 1921">
    <p class='ocr_par' dir='ltr' id='par_1_14' title="bbox 474 1880 638 1921">
     <span class='ocr_line' id='line_1_30' title="bbox 474 1880 638 1921; baseline -0.006 0"><span class='ocrx_word' id='word_1_143' title='bbox 474 1880 638 1921; x_wconf 88' lang='lat' dir='ltr'><strong>Oratio.</strong></span> 
     </span>
    </p>
   </div>
   <div class='ocr_carea' id='block_1_8' title="bbox 136 1943 970 2725">
    <p class='ocr_par' dir='ltr' id='par_1_15' title="bbox 224 1943 970 1996">
     <span class='ocr_line' id='line_1_31' title="bbox 224 1943 970 1996; baseline 0 -10"><span class='ocrx_word' id='word_1_144' title='bbox 224 1957 313 1994; x_wconf 90' lang='lat' dir='ltr'><strong>eus,</strong></span> <span class='ocrx_word' id='word_1_145' title='bbox 331 1944 406 1996; x_wconf 88' lang='lat' dir='ltr'><strong>qui</strong></span> <span class='ocrx_word' id='word_1_146' title='bbox 421 1947 621 1984; x_wconf 87' lang='lat' dir='ltr'><strong>sanctum</strong></span> <span class='ocrx_word' id='word_1_147' title='bbox 635 1943 660 1983; x_wconf 87' lang='lat' dir='ltr'><strong>J</strong></span> <span class='ocrx_word' id='word_1_148' title='bbox 661 1945 850 1985; x_wconf 75' lang='lat' dir='ltr'><strong>oannem</strong></span> <span class='ocrx_word' id='word_1_149' title='bbox 865 1945 970 1986; x_wconf 93' lang='lat' dir='ltr'><strong>Con·</strong></span> 
     </span>
    </p>

    <p class='ocr_par' dir='ltr' id='par_1_16' title="bbox 136 2000 969 2325">
     <span class='ocr_line' id='line_1_32' title="bbox 241 2000 968 2053; baseline 0.001 -10"><span class='ocrx_word' id='word_1_150' title='bbox 241 2001 456 2043; x_wconf 82' lang='lat' dir='ltr'><strong>sessorem</strong></span> <span class='ocrx_word' id='word_1_151' title='bbox 494 2004 618 2041; x_wconf 85' lang='lat' dir='ltr'><strong>tuum</strong></span> <span class='ocrx_word' id='word_1_152' title='bbox 654 2000 865 2053; x_wconf 78' lang='lat' dir='ltr'><strong>perfectae</strong></span> <span class='ocrx_word' id='word_1_153' title='bbox 901 2002 968 2044; x_wconf 87' lang='lat' dir='ltr'><strong>sui</strong></span> 
     </span>
     <span class='ocr_line' id='line_1_33' title="bbox 137 2055 969 2109; baseline -0.001 -9"><span class='ocrx_word' id='word_1_154' title='bbox 137 2057 460 2109; x_wconf 85' lang='lat' dir='ltr'><strong>abnegationis,</strong></span> <span class='ocrx_word' id='word_1_155' title='bbox 487 2061 531 2098; x_wconf 89' lang='lat' dir='ltr'><strong>et</strong></span> <span class='ocrx_word' id='word_1_156' title='bbox 556 2057 699 2098; x_wconf 90' lang='lat' dir='ltr'><strong>crucis</strong></span> <span class='ocrx_word' id='word_1_157' title='bbox 725 2055 969 2100; x_wconf 77' lang='lat' dir='ltr'><strong>ainatorem</strong></span> 
     </span>
     <span class='ocr_line' id='line_1_34' title="bbox 137 2113 968 2166; baseline 0 -10"><span class='ocrx_word' id='word_1_158' title='bbox 137 2115 346 2156; x_wconf 84' lang='lat' dir='ltr'><strong>eximium</strong></span> <span class='ocrx_word' id='word_1_159' title='bbox 363 2113 570 2155; x_wconf 71' lang='lat' dir='ltr'><strong>effecisti÷</strong></span> <span class='ocrx_word' id='word_1_160' title='bbox 582 2113 792 2164; x_wconf 80' lang='lat' dir='ltr'><strong>concede3</strong></span> <span class='ocrx_word' id='word_1_161' title='bbox 810 2119 859 2156; x_wconf 92' lang='lat' dir='ltr'><strong>ut</strong></span> <span class='ocrx_word' id='word_1_162' title='bbox 876 2115 968 2166; x_wconf 89' lang='lat' dir='ltr'><strong>ejus</strong></span> 
     </span>
     <span class='ocr_line' id='line_1_35' title="bbox 136 2168 967 2222; baseline 0 -10"><span class='ocrx_word' id='word_1_163' title='bbox 136 2170 369 2212; x_wconf 82' lang='lat' dir='ltr'><strong>imitationi</strong></span> <span class='ocrx_word' id='word_1_164' title='bbox 392 2170 550 2222; x_wconf 77' lang='lat' dir='ltr'><strong>jugiter</strong></span> <span class='ocrx_word' id='word_1_165' title='bbox 568 2168 849 2221; x_wconf 79' lang='lat' dir='ltr'><strong>inhaerentes,</strong></span> <span class='ocrx_word' id='word_1_166' title='bbox 876 2171 967 2222; x_wconf 86' lang='lat' dir='ltr'><strong>glo·</strong></span> 
     </span>
     <span class='ocr_line' id='line_1_36' title="bbox 138 2227 968 2278; baseline 0 -10"><span class='ocrx_word' id='word_1_167' title='bbox 138 2227 247 2268; x_wconf 89' lang='lat' dir='ltr'><strong>riam</strong></span> <span class='ocrx_word' id='word_1_168' title='bbox 283 2228 571 2278; x_wconf 75' lang='lat' dir='ltr'><strong>assequamur</strong></span> <span class='ocrx_word' id='word_1_169' title='bbox 608 2227 829 2268; x_wconf 81' lang='lat' dir='ltr'><strong>aeternam.</strong></span> <span class='ocrx_word' id='word_1_170' title='bbox 882 2228 968 2269; x_wconf 91' lang='lat' dir='ltr'><strong>Per</strong></span> 
     </span>
     <span class='ocr_line' id='line_1_37' title="bbox 139 2283 604 2325; baseline -0.002 -1"><span class='ocrx_word' id='word_1_171' title='bbox 139 2283 375 2325; x_wconf 89' lang='lat' dir='ltr'><strong>Dominum</strong></span> <span class='ocrx_word' id='word_1_172' title='bbox 393 2287 604 2325; x_wconf 89' lang='lat' dir='ltr'><strong>nostrum.</strong></span> 
     </span>
    </p>

    <p class='ocr_par' dir='ltr' id='par_1_17' title="bbox 186 2347 687 2391">
     <span class='ocr_line' id='line_1_38' title="bbox 186 2347 687 2391; baseline -0.002 -9"><span class='ocrx_word' id='word_1_173' title='bbox 186 2348 234 2383; x_wconf 89' lang='lat' dir='ltr'><strong>Et</strong></span> <span class='ocrx_word' id='word_1_174' title='bbox 248 2349 290 2383; x_wconf 90' lang='lat' dir='ltr'><strong>fit</strong></span> <span class='ocrx_word' id='word_1_175' title='bbox 306 2359 503 2384; x_wconf 85' lang='lat' dir='ltr'><strong>commem.</strong></span> <span class='ocrx_word' id='word_1_176' title='bbox 522 2347 687 2391; x_wconf 89' lang='lat' dir='ltr'><strong>praeced.</strong></span> 
     </span>
    </p>

    <p class='ocr_par' dir='ltr' id='par_1_18' title="bbox 136 2399 967 2725">
     <span class='ocr_line' id='line_1_39' title="bbox 190 2399 965 2444; baseline 0.001 -4"><span class='ocrx_word' id='word_1_177' title='bbox 190 2400 290 2441; x_wconf 89' lang='lat' dir='ltr'><strong>Ant.</strong></span> <span class='ocrx_word' id='word_1_178' title='bbox 322 2401 498 2444; x_wconf 81' lang='lat' dir='ltr'><strong>Dedisti</strong></span> <span class='ocrx_word' id='word_1_179' title='bbox 522 2400 712 2442; x_wconf 91' lang='lat' dir='ltr'><strong>Domine</strong></span> <span class='ocrx_word' id='word_1_180' title='bbox 742 2399 965 2442; x_wconf 73' lang='lat' dir='ltr'><strong>habitacu-</strong></span> 
     </span>
     <span class='ocr_line' id='line_1_40' title="bbox 136 2456 966 2510; baseline -0.001 -12"><span class='ocrx_word' id='word_1_181' title='bbox 136 2457 226 2498; x_wconf 89' lang='lat' dir='ltr'><strong>lum</strong></span> <span class='ocrx_word' id='word_1_182' title='bbox 244 2457 428 2510; x_wconf 75' lang='lat' dir='ltr'><strong>Martyri</strong></span> <span class='ocrx_word' id='word_1_183' title='bbox 449 2462 527 2499; x_wconf 93' lang='lat' dir='ltr'><strong>tuo</strong></span> <span class='ocrx_word' id='word_1_184' title='bbox 549 2456 762 2498; x_wconf 77' lang='lat' dir='ltr'><strong>Clementi</strong></span> <span class='ocrx_word' id='word_1_185' title='bbox 783 2456 827 2496; x_wconf 93' lang='lat' dir='ltr'><strong>in</strong></span> <span class='ocrx_word' id='word_1_186' title='bbox 845 2456 966 2507; x_wconf 87' lang='lat' dir='ltr'><strong>mari,</strong></span> 
     </span>
     <span class='ocr_line' id='line_1_41' title="bbox 136 2512 966 2566; baseline 0.001 -13"><span class='ocrx_word' id='word_1_187' title='bbox 136 2513 181 2554; x_wconf 91' lang='lat' dir='ltr'><strong>in</strong></span> <span class='ocrx_word' id='word_1_188' title='bbox 197 2512 380 2555; x_wconf 91' lang='lat' dir='ltr'><strong>modum</strong></span> <span class='ocrx_word' id='word_1_189' title='bbox 397 2514 551 2566; x_wconf 89' lang='lat' dir='ltr'><strong>templi</strong></span> <span class='ocrx_word' id='word_1_190' title='bbox 571 2512 817 2562; x_wconf 88' lang='lat' dir='ltr'><strong>marmorei,</strong></span> <span class='ocrx_word' id='word_1_191' title='bbox 839 2514 966 2563; x_wconf 85' lang='lat' dir='ltr'><strong>ange·</strong></span> 
     </span>
     <span class='ocr_line' id='line_1_42' title="bbox 136 2569 967 2623; baseline -0.001 -13"><span class='ocrx_word' id='word_1_192' title='bbox 136 2569 231 2610; x_wconf 92' lang='lat' dir='ltr'><strong>licis</strong></span> <span class='ocrx_word' id='word_1_193' title='bbox 275 2569 476 2612; x_wconf 66' lang='lat' dir='ltr'><strong>manibus</strong></span> <span class='ocrx_word' id='word_1_194' title='bbox 519 2571 838 2623; x_wconf 77' lang='lat' dir='ltr'><strong>praeparatum,</strong></span> <span class='ocrx_word' id='word_1_195' title='bbox 883 2569 967 2610; x_wconf 88' lang='lat' dir='ltr'><strong>iter</strong></span> 
     </span>
     <span class='ocr_line' id='line_1_43' title="bbox 137 2624 966 2678; baseline -0.001 -12"><span class='ocrx_word' id='word_1_196' title='bbox 137 2624 343 2678; x_wconf 89' lang='lat' dir='ltr'><strong>praebens</strong></span> <span class='ocrx_word' id='word_1_197' title='bbox 374 2626 543 2678; x_wconf 91' lang='lat' dir='ltr'><strong>populo</strong></span> <span class='ocrx_word' id='word_1_198' title='bbox 575 2631 725 2674; x_wconf 89' lang='lat' dir='ltr'><strong>terrae,</strong></span> <span class='ocrx_word' id='word_1_199' title='bbox 764 2629 812 2665; x_wconf 91' lang='lat' dir='ltr'><strong>ut</strong></span> <span class='ocrx_word' id='word_1_200' title='bbox 843 2626 966 2666; x_wconf 73' lang='lat' dir='ltr'><strong>enar-</strong></span> 
     </span>
     <span class='ocr_line' id='line_1_44' title="bbox 138 2681 572 2725; baseline 0 -3"><span class='ocrx_word' id='word_1_201' title='bbox 138 2686 235 2724; x_wconf 89' lang='lat' dir='ltr'><strong>rent</strong></span> <span class='ocrx_word' id='word_1_202' title='bbox 251 2681 469 2724; x_wconf 86' lang='lat' dir='ltr'><strong>mirabilia</strong></span> <span class='ocrx_word' id='word_1_203' title='bbox 485 2688 572 2725; x_wconf 89' lang='lat' dir='ltr'><strong>tua.</strong></span> 
     </span>
    </p>
   </div>
   <div class='ocr_carea' id='block_1_9' title="bbox 1785 158 1853 194">
    <p class='ocr_par' dir='ltr' id='par_1_19' title="bbox 1785 158 1853 194">
     <span class='ocr_line' id='line_1_45' title="bbox 1785 158 1853 194; baseline 0.015 -1"><span class='ocrx_word' id='word_1_204' title='bbox 1785 158 1853 194; x_wconf 84' lang='lat'><strong>459</strong></span> 
     </span>
    </p>
   </div>
   <div class='ocr_carea' id='block_1_10' title="bbox 1021 255 1906 1314">
    <p class='ocr_par' dir='ltr' id='par_1_20' title="bbox 1021 255 1906 414">
     <span class='ocr_line' id='line_1_46' title="bbox 1077 255 1856 311; baseline -0.005 -11"><span class='ocrx_word' id='word_1_205' title='bbox 1077 255 1127 307; x_wconf 69' lang='lat' dir='ltr'><strong>V.</strong></span> <span class='ocrx_word' id='word_1_206' title='bbox 1172 259 1323 301; x_wconf 92' lang='lat' dir='ltr'><strong>Justus</strong></span> <span class='ocrx_word' id='word_1_207' title='bbox 1375 264 1423 300; x_wconf 92' lang='lat' dir='ltr'><strong>ut</strong></span> <span class='ocrx_word' id='word_1_208' title='bbox 1470 258 1617 311; x_wconf 89' lang='lat' dir='ltr'><strong>palma</strong></span> <span class='ocrx_word' id='word_1_209' title='bbox 1667 255 1856 298; x_wconf 89' lang='lat' dir='ltr'><strong>florebit.</strong></span> 
     </span>
     <span class='ocr_line' id='line_1_47' title="bbox 1024 312 1906 369; baseline -0.003 -14"><span class='ocrx_word' id='word_1_210' title='bbox 1024 317 1075 369; x_wconf 62' lang='lat' dir='ltr'><strong>R.</strong></span> <span class='ocrx_word' id='word_1_211' title='bbox 1106 315 1228 356; x_wconf 90' lang='lat' dir='ltr'><strong>Sicut</strong></span> <span class='ocrx_word' id='word_1_212' title='bbox 1265 315 1423 357; x_wconf 89' lang='lat' dir='ltr'><strong>cedrus</strong></span> <span class='ocrx_word' id='word_1_213' title='bbox 1455 315 1611 356; x_wconf 87' lang='lat' dir='ltr'><strong>Libani</strong></span> <span class='ocrx_word' id='word_1_214' title='bbox 1646 312 1854 365; x_wconf 91' lang='lat' dir='ltr'><strong>multipli-</strong></span> <span class='ocrx_word' id='word_1_215' title='bbox 1904 341 1906 344; x_wconf 90' lang='lat'>-</span> 
     </span>
     <span class='ocr_line' id='line_1_48' title="bbox 1021 371 1204 414; baseline -0.005 -1"><span class='ocrx_word' id='word_1_216' title='bbox 1021 371 1204 414; x_wconf 75' lang='lat' dir='ltr'><strong>cabitur.</strong></span> 
     </span>
    </p>

    <p class='ocr_par' dir='ltr' id='par_1_21' title="bbox 1078 427 1726 480">
     <span class='ocr_line' id='line_1_49' title="bbox 1078 427 1726 480; baseline -0.003 -12"><span class='ocrx_word' id='word_1_217' title='bbox 1078 431 1241 469; x_wconf 72' lang='lat' dir='ltr'><strong>Orano.</strong></span> <span class='ocrx_word' id='word_1_218' title='bbox 1276 432 1400 477; x_wconf 82' lang='lat' dir='ltr'><strong>Deus,</strong></span> <span class='ocrx_word' id='word_1_219' title='bbox 1425 428 1499 480; x_wconf 93' lang='lat' dir='ltr'><strong>qui</strong></span> <span class='ocrx_word' id='word_1_220' title='bbox 1516 439 1610 468; x_wconf 91' lang='lat' dir='ltr'><strong>nos.</strong></span> <span class='ocrx_word' id='word_1_221' title='bbox 1629 427 1726 467; x_wconf 84' lang='lat'><strong>458.</strong></span> 
     </span>
    </p>

    <p class='ocr_par' dir='ltr' id='par_1_22' title="bbox 1076 490 1693 535">
     <span class='ocr_line' id='line_1_50' title="bbox 1076 490 1693 535; baseline 0.003 -12"><span class='ocrx_word' id='word_1_222' title='bbox 1076 490 1226 524; x_wconf 68' lang='lat' dir='ltr'><strong>Deinde</strong></span> <span class='ocrx_word' id='word_1_223' title='bbox 1253 492 1287 524; x_wconf 69' lang='lat' dir='ltr'><strong>S.</strong></span> <span class='ocrx_word' id='word_1_224' title='bbox 1315 492 1562 535; x_wconf 58' lang='lat' dir='ltr'><strong>Chrysogoni</strong></span> <span class='ocrx_word' id='word_1_225' title='bbox 1588 492 1693 525; x_wconf 71' lang='lat' dir='ltr'><strong>Mart.</strong></span> 
     </span>
    </p>

    <p class='ocr_par' dir='ltr' id='par_1_23' title="bbox 1023 538 1906 807">
     <span class='ocr_line' id='line_1_51' title="bbox 1082 538 1905 592; baseline -0.005 -10"><span class='ocrx_word' id='word_1_226' title='bbox 1082 544 1180 583; x_wconf 80' lang='lat' dir='ltr'><strong>Ant.</strong></span> <span class='ocrx_word' id='word_1_227' title='bbox 1224 543 1309 582; x_wconf 91' lang='lat' dir='ltr'><strong>lste</strong></span> <span class='ocrx_word' id='word_1_228' title='bbox 1339 545 1519 582; x_wconf 87' lang='lat' dir='ltr'><strong>sanctus</strong></span> <span class='ocrx_word' id='word_1_229' title='bbox 1542 552 1626 592; x_wconf 92' lang='lat' dir='ltr'><strong>pro</strong></span> <span class='ocrx_word' id='word_1_230' title='bbox 1656 539 1754 589; x_wconf 88' lang='lat' dir='ltr'><strong>lege</strong></span> <span class='ocrx_word' id='word_1_231' title='bbox 1772 538 1857 579; x_wconf 88' lang='lat' dir='ltr'><strong>Dei</strong></span> <span class='ocrx_word' id='word_1_232' title='bbox 1904 552 1905 555; x_wconf 46' lang='lat'>¹</span> 
     </span>
     <span class='ocr_line' id='line_1_52' title="bbox 1023 594 1906 651; baseline -0.003 -13"><span class='ocrx_word' id='word_1_233' title='bbox 1023 598 1090 639; x_wconf 92' lang='lat' dir='ltr'><strong>sui</strong></span> <span class='ocrx_word' id='word_1_234' title='bbox 1110 597 1296 638; x_wconf 67' lang='lat' dir='ltr'><strong>certavit</strong></span> <span class='ocrx_word' id='word_1_235' title='bbox 1315 609 1456 651; x_wconf 91' lang='lat' dir='ltr'><strong>usque</strong></span> <span class='ocrx_word' id='word_1_236' title='bbox 1476 594 1532 637; x_wconf 85' lang='lat' dir='ltr'><strong>ad</strong></span> <span class='ocrx_word' id='word_1_237' title='bbox 1551 600 1749 644; x_wconf 89' lang='lat' dir='ltr'><strong>mortem,</strong></span> <span class='ocrx_word' id='word_1_238' title='bbox 1769 599 1812 636; x_wconf 85' lang='lat' dir='ltr'><strong>et</strong></span> <span class='ocrx_word' id='word_1_239' title='bbox 1832 607 1856 635; x_wconf 85' lang='lat' dir='ltr'><strong>a</strong></span> <span class='ocrx_word' id='word_1_240' title='bbox 1904 627 1906 630; x_wconf 58' lang='grc'>,</span> 
     </span>
     <span class='ocr_line' id='line_1_53' title="bbox 1023 651 1856 705; baseline -0.005 -10"><span class='ocrx_word' id='word_1_241' title='bbox 1023 654 1170 695; x_wconf 88' lang='lat' dir='ltr'><strong>verbis</strong></span> <span class='ocrx_word' id='word_1_242' title='bbox 1197 653 1433 705; x_wconf 90' lang='lat' dir='ltr'><strong>impiorum</strong></span> <span class='ocrx_word' id='word_1_243' title='bbox 1457 665 1546 694; x_wconf 93' lang='lat' dir='ltr'><strong>non</strong></span> <span class='ocrx_word' id='word_1_244' title='bbox 1571 652 1730 693; x_wconf 88' lang='lat' dir='ltr'><strong>timuit:</strong></span> <span class='ocrx_word' id='word_1_245' title='bbox 1766 651 1856 692; x_wconf 89' lang='lat' dir='ltr'><strong>fun-</strong></span> 
     </span>
     <span class='ocr_line' id='line_1_54' title="bbox 1024 707 1855 761; baseline -0.004 -10"><span class='ocrx_word' id='word_1_246' title='bbox 1024 709 1154 751; x_wconf 75' lang='lat' dir='ltr'><strong>datus</strong></span> <span class='ocrx_word' id='word_1_247' title='bbox 1181 709 1295 750; x_wconf 86' lang='lat' dir='ltr'><strong>enim</strong></span> <span class='ocrx_word' id='word_1_248' title='bbox 1322 714 1416 751; x_wconf 87' lang='lat' dir='ltr'><strong>erat</strong></span> <span class='ocrx_word' id='word_1_249' title='bbox 1441 721 1575 761; x_wconf 88' lang='lat' dir='ltr'><strong>supra</strong></span> <span class='ocrx_word' id='word_1_250' title='bbox 1592 707 1764 748; x_wconf 88' lang='lat' dir='ltr'><strong>firmam</strong></span> <span class='ocrx_word' id='word_1_251' title='bbox 1782 720 1855 759; x_wconf 89' lang='lat' dir='ltr'><strong>pe-</strong></span> 
     </span>
     <span class='ocr_line' id='line_1_55' title="bbox 1024 771 1149 807; baseline -0.008 0"><span class='ocrx_word' id='word_1_252' title='bbox 1024 771 1149 807; x_wconf 87' lang='lat' dir='ltr'><strong>tram.</strong></span> 
     </span>
    </p>

    <p class='ocr_par' dir='ltr' id='par_1_24' title="bbox 1024 820 1857 987">
     <span class='ocr_line' id='line_1_56' title="bbox 1076 820 1856 872; baseline -0.005 -9"><span class='ocrx_word' id='word_1_253' title='bbox 1076 821 1125 872; x_wconf 65' lang='lat' dir='ltr'><strong>V.</strong></span> <span class='ocrx_word' id='word_1_254' title='bbox 1164 822 1316 863; x_wconf 85' lang='lat' dir='ltr'><strong>Gloria</strong></span> <span class='ocrx_word' id='word_1_255' title='bbox 1354 826 1397 863; x_wconf 92' lang='lat' dir='ltr'><strong>et</strong></span> <span class='ocrx_word' id='word_1_256' title='bbox 1429 821 1598 862; x_wconf 81' lang='lat' dir='ltr'><strong>honore</strong></span> <span class='ocrx_word' id='word_1_257' title='bbox 1631 820 1856 860; x_wconf 77' lang='lat' dir='ltr'><strong>coronasti</strong></span> 
     </span>
     <span class='ocr_line' id='line_1_57' title="bbox 1024 876 1857 932; baseline -0.004 -12"><span class='ocrx_word' id='word_1_258' title='bbox 1024 892 1124 920; x_wconf 89' lang='lat' dir='ltr'><strong>eum</strong></span> <span class='ocrx_word' id='word_1_259' title='bbox 1155 878 1356 920; x_wconf 89' lang='lat' dir='ltr'><strong>Domine.</strong></span> <span class='ocrx_word' id='word_1_260' title='bbox 1415 882 1463 932; x_wconf 59' lang='lat' dir='ltr'><strong>K.</strong></span> <span class='ocrx_word' id='word_1_261' title='bbox 1501 878 1558 918; x_wconf 90' lang='lat' dir='ltr'><strong>Et</strong></span> <span class='ocrx_word' id='word_1_262' title='bbox 1590 876 1857 917; x_wconf 89' lang='lat' dir='ltr'><strong>constituisti</strong></span> 
     </span>
     <span class='ocr_line' id='line_1_58' title="bbox 1024 934 1856 987; baseline -0.005 -10"><span class='ocrx_word' id='word_1_263' title='bbox 1024 948 1125 977; x_wconf 90' lang='lat' dir='ltr'><strong>eum</strong></span> <span class='ocrx_word' id='word_1_264' title='bbox 1144 947 1279 987; x_wconf 90' lang='lat' dir='ltr'><strong>super</strong></span> <span class='ocrx_word' id='word_1_265' title='bbox 1298 935 1435 986; x_wconf 87' lang='lat' dir='ltr'><strong>opera</strong></span> <span class='ocrx_word' id='word_1_266' title='bbox 1450 935 1659 974; x_wconf 76' lang='lat' dir='ltr'><strong>manuum</strong></span> <span class='ocrx_word' id='word_1_267' title='bbox 1671 934 1856 974; x_wconf 78' lang='lat' dir='ltr'><strong>tuarum.</strong></span> 
     </span>
    </p>

    <p class='ocr_par' dir='ltr' id='par_1_25' title="bbox 1023 994 1857 1314">
     <span class='ocr_line' id='line_1_59' title="bbox 1351 994 1514 1034; baseline 0 -1"><span class='ocrx_word' id='word_1_268' title='bbox 1351 994 1514 1034; x_wconf 80' lang='lat' dir='ltr'><strong>Oratio.</strong></span> 
     </span>
     <span class='ocr_line' id='line_1_60' title="bbox 1101 1044 1857 1097; baseline -0.004 -9"><span class='ocrx_word' id='word_1_269' title='bbox 1101 1046 1229 1088; x_wconf 89' lang='lat' dir='ltr'><strong>desto</strong></span> <span class='ocrx_word' id='word_1_270' title='bbox 1249 1046 1438 1087; x_wconf 90' lang='lat' dir='ltr'><strong>Domine</strong></span> <span class='ocrx_word' id='word_1_271' title='bbox 1460 1044 1857 1097; x_wconf 87' lang='lat' dir='ltr'><strong>supplicationibus</strong></span> 
     </span>
     <span class='ocr_line' id='line_1_61' title="bbox 1138 1101 1855 1153; baseline -0.003 -9"><span class='ocrx_word' id='word_1_272' title='bbox 1138 1103 1315 1144; x_wconf 90' lang='lat' dir='ltr'><strong>nostris:</strong></span> <span class='ocrx_word' id='word_1_273' title='bbox 1347 1107 1396 1143; x_wconf 90' lang='lat' dir='ltr'><strong>ut</strong></span> <span class='ocrx_word' id='word_1_274' title='bbox 1429 1102 1504 1153; x_wconf 93' lang='lat' dir='ltr'><strong>qui</strong></span> <span class='ocrx_word' id='word_1_275' title='bbox 1537 1114 1591 1142; x_wconf 81' lang='lat' dir='ltr'><strong>ex</strong></span> <span class='ocrx_word' id='word_1_276' title='bbox 1623 1101 1855 1153; x_wconf 72' lang='lat' dir='ltr'><strong>iniquitate</strong></span> 
     </span>
     <span class='ocr_line' id='line_1_62' title="bbox 1024 1157 1855 1208; baseline -0.004 -8"><span class='ocrx_word' id='word_1_277' title='bbox 1024 1164 1175 1200; x_wconf 89' lang='lat' dir='ltr'><strong>nostra</strong></span> <span class='ocrx_word' id='word_1_278' title='bbox 1194 1171 1296 1200; x_wconf 91' lang='lat' dir='ltr'><strong>reos</strong></span> <span class='ocrx_word' id='word_1_279' title='bbox 1315 1171 1396 1199; x_wconf 93' lang='lat' dir='ltr'><strong>nos</strong></span> <span class='ocrx_word' id='word_1_280' title='bbox 1419 1170 1518 1199; x_wconf 89' lang='lat' dir='ltr'><strong>esse</strong></span> <span class='ocrx_word' id='word_1_281' title='bbox 1537 1157 1855 1208; x_wconf 84' lang='lat' dir='ltr'><strong>cognoscimus,</strong></span> 
     </span>
     <span class='ocr_line' id='line_1_63' title="bbox 1023 1213 1855 1267; baseline -0.005 -10"><span class='ocrx_word' id='word_1_282' title='bbox 1023 1215 1143 1257; x_wconf 78' lang='lat' dir='ltr'><strong>beati</strong></span> <span class='ocrx_word' id='word_1_283' title='bbox 1170 1214 1447 1267; x_wconf 86' lang='lat' dir='ltr'><strong>Chrysogoni</strong></span> <span class='ocrx_word' id='word_1_284' title='bbox 1472 1213 1678 1266; x_wconf 77' lang='lat' dir='ltr'><strong>Martyris</strong></span> <span class='ocrx_word' id='word_1_285' title='bbox 1706 1213 1771 1254; x_wconf 91' lang='lat' dir='ltr'><strong>tui</strong></span> <span class='ocrx_word' id='word_1_286' title='bbox 1795 1213 1855 1253; x_wconf 93' lang='lat' dir='ltr'><strong>in-</strong></span> 
     </span>
     <span class='ocr_line' id='line_1_64' title="bbox 1023 1270 1817 1314; baseline -0.004 -1"><span class='ocrx_word' id='word_1_287' title='bbox 1023 1271 1294 1314; x_wconf 89' lang='lat' dir='ltr'><strong>tercessione</strong></span> <span class='ocrx_word' id='word_1_288' title='bbox 1313 1270 1560 1313; x_wconf 82' lang='lat' dir='ltr'><strong>liberemur.</strong></span> <span class='ocrx_word' id='word_1_289' title='bbox 1588 1271 1672 1312; x_wconf 88' lang='lat' dir='ltr'><strong>Per</strong></span> <span class='ocrx_word' id='word_1_290' title='bbox 1690 1270 1817 1310; x_wconf 79' lang='lat' dir='ltr'><strong>Dfim.</strong></span> 
     </span>
    </p>
   </div>
   <div class='ocr_carea' id='block_1_11' title="bbox 1072 1323 1905 1368">
    <p class='ocr_par' dir='ltr' id='par_1_26' title="bbox 1072 1323 1905 1368">
     <span class='ocr_line' id='line_1_65' title="bbox 1072 1323 1905 1368; baseline -0.001 0"><span class='ocrx_word' id='word_1_291' title='bbox 1072 1335 1115 1368; x_wconf 91' lang='lat' dir='ltr'><strong>In</strong></span> <span class='ocrx_word' id='word_1_292' title='bbox 1147 1334 1173 1368; x_wconf 91' lang='lat' dir='ltr'><strong>I.</strong></span> <span class='ocrx_word' id='word_1_293' title='bbox 1204 1334 1403 1368; x_wconf 87' lang='lat' dir='ltr'><strong>Nocturno</strong></span> <span class='ocrx_word' id='word_1_294' title='bbox 1436 1333 1641 1367; x_wconf 85' lang='lat' dir='ltr'><strong>Lectiones</strong></span> <span class='ocrx_word' id='word_1_295' title='bbox 1676 1334 1723 1368; x_wconf 87' lang='lat' dir='ltr'><strong>de</strong></span> <span class='ocrx_word' id='word_1_296' title='bbox 1755 1334 1852 1368; x_wconf 80' lang='lat' dir='ltr'><strong>Seri-</strong></span> <span class='ocrx_word' id='word_1_297' title='bbox 1902 1323 1905 1327; x_wconf 26' lang='lat'>⁸</span> 
     </span>
    </p>
   </div>
   <div class='ocr_carea' id='block_1_12' title="bbox 1020 1386 1392 1426">
    <p class='ocr_par' dir='ltr' id='par_1_27' title="bbox 1020 1386 1392 1426">
     <span class='ocr_line' id='line_1_66' title="bbox 1020 1386 1392 1426; baseline -0.005 -9"><span class='ocrx_word' id='word_1_298' title='bbox 1020 1387 1133 1426; x_wconf 81' lang='lat' dir='ltr'><strong>ptura</strong></span> <span class='ocrx_word' id='word_1_299' title='bbox 1159 1386 1392 1416; x_wconf 81' lang='lat' dir='ltr'><strong>occurrente.</strong></span> 
     </span>
    </p>
   </div>
   <div class='ocr_carea' id='block_1_13' title="bbox 1020 1443 1855 2507">
    <p class='ocr_par' dir='ltr' id='par_1_28' title="bbox 1020 1443 1855 2507">
     <span class='ocr_line' id='line_1_67' title="bbox 1245 1443 1625 1482; baseline -0.003 -1"><span class='ocrx_word' id='word_1_300' title='bbox 1245 1443 1294 1482; x_wconf 91' lang='lat' dir='ltr'><strong>In</strong></span> <span class='ocrx_word' id='word_1_301' title='bbox 1322 1443 1372 1481; x_wconf 88' lang='lat'><strong>11.</strong></span> <span class='ocrx_word' id='word_1_302' title='bbox 1402 1443 1625 1481; x_wconf 81' lang='lat' dir='ltr'><strong>Nocturno.</strong></span> 
     </span>
     <span class='ocr_line' id='line_1_68' title="bbox 1325 1499 1551 1539; baseline -0.004 -1"><span class='ocrx_word' id='word_1_303' title='bbox 1325 1499 1477 1539; x_wconf 85' lang='lat' dir='ltr'><strong>Lectio</strong></span> <span class='ocrx_word' id='word_1_304' title='bbox 1498 1499 1551 1538; x_wconf 68' lang='lat' dir='ltr'><strong>ir.</strong></span> 
     </span>
     <span class='ocr_line' id='line_1_69' title="bbox 1031 1550 1855 1606; baseline -0.006 -10"><span class='ocrx_word' id='word_1_305' title='bbox 1031 1572 1063 1606; x_wconf 61' lang='lat' dir='ltr'><strong>g.</strong></span> <span class='ocrx_word' id='word_1_306' title='bbox 1084 1563 1122 1606; x_wconf 52' lang='lat' dir='ltr'><strong>‘sc</strong></span> <span class='ocrx_word' id='word_1_307' title='bbox 1136 1555 1302 1594; x_wconf 80' lang='lat' dir='ltr'><strong>oannes</strong></span> <span class='ocrx_word' id='word_1_308' title='bbox 1327 1565 1352 1593; x_wconf 88' lang='lat' dir='ltr'><strong>a</strong></span> <span class='ocrx_word' id='word_1_309' title='bbox 1377 1552 1536 1600; x_wconf 87' lang='lat' dir='ltr'><strong>Cruce,</strong></span> <span class='ocrx_word' id='word_1_310' title='bbox 1561 1550 1787 1592; x_wconf 91' lang='lat' dir='ltr'><strong>Fontiberi</strong></span> <span class='ocrx_word' id='word_1_311' title='bbox 1812 1551 1855 1591; x_wconf 93' lang='lat' dir='ltr'><strong>in</strong></span> 
     </span>
     <span class='ocr_line' id='line_1_70' title="bbox 1092 1602 1854 1662; baseline -0.006 -10.399"><span class='ocrx_word' id='word_1_312' title='bbox 1092 1602 1129 1660; x_wconf 93' lang='lat'><em>3</em></span> <span class='ocrx_word' id='word_1_313' title='bbox 1153 1609 1368 1662; x_wconf 73' lang='lat' dir='ltr'><strong>Hispania</strong></span> <span class='ocrx_word' id='word_1_314' title='bbox 1395 1608 1480 1660; x_wconf 91' lang='lat' dir='ltr'><strong>piis</strong></span> <span class='ocrx_word' id='word_1_315' title='bbox 1504 1607 1763 1660; x_wconf 88' lang='lat' dir='ltr'><strong>parentibus</strong></span> <span class='ocrx_word' id='word_1_316' title='bbox 1783 1620 1854 1648; x_wconf 82' lang='lat' dir='ltr'><strong>na-</strong></span> 
     </span>
     <span class='ocr_line' id='line_1_71' title="bbox 1026 1660 1854 1718; baseline -0.006 -10"><span class='ocrx_word' id='word_1_317' title='bbox 1026 1677 1046 1687; x_wconf 49' lang='lat'><em>*</em></span> <span class='ocrx_word' id='word_1_318' title='bbox 1086 1660 1125 1687; x_wconf 40' lang='grc' dir='ltr'><em>ἓ</em></span> <span class='ocrx_word' id='word_1_319' title='bbox 1153 1671 1240 1716; x_wconf 87' lang='lat' dir='ltr'><strong>tus,</strong></span> <span class='ocrx_word' id='word_1_320' title='bbox 1267 1679 1292 1707; x_wconf 88' lang='lat' dir='ltr'><strong>a</strong></span> <span class='ocrx_word' id='word_1_321' title='bbox 1319 1665 1473 1718; x_wconf 92' lang='lat' dir='ltr'><strong>primis</strong></span> <span class='ocrx_word' id='word_1_322' title='bbox 1499 1663 1623 1705; x_wconf 88' lang='lat' dir='ltr'><strong>annis</strong></span> <span class='ocrx_word' id='word_1_323' title='bbox 1648 1668 1770 1705; x_wconf 90' lang='lat' dir='ltr'><strong>certo</strong></span> <span class='ocrx_word' id='word_1_324' title='bbox 1794 1664 1854 1704; x_wconf 93' lang='lat' dir='ltr'><strong>in-</strong></span> 
     </span>
     <span class='ocr_line' id='line_1_72' title="bbox 1022 1719 1852 1775; baseline -0.004 -12"><span class='ocrx_word' id='word_1_325' title='bbox 1022 1722 1180 1773; x_wconf 89' lang='lat' dir='ltr'><strong>notuit,</strong></span> <span class='ocrx_word' id='word_1_326' title='bbox 1210 1735 1342 1775; x_wconf 89' lang='lat' dir='ltr'><strong>quam</strong></span> <span class='ocrx_word' id='word_1_327' title='bbox 1364 1722 1572 1774; x_wconf 89' lang='lat' dir='ltr'><strong>Deiparae</strong></span> <span class='ocrx_word' id='word_1_328' title='bbox 1595 1719 1768 1771; x_wconf 86' lang='lat' dir='ltr'><strong>Virgini</strong></span> <span class='ocrx_word' id='word_1_329' title='bbox 1792 1720 1852 1761; x_wconf 91' lang='lat' dir='ltr'><strong>fu-</strong></span> 
     </span>
     <span class='ocr_line' id='line_1_73' title="bbox 1021 1776 1851 1830; baseline -0.005 -10"><span class='ocrx_word' id='word_1_330' title='bbox 1021 1781 1146 1820; x_wconf 74' lang='lat' dir='ltr'><strong>uirus</strong></span> <span class='ocrx_word' id='word_1_331' title='bbox 1179 1783 1298 1820; x_wconf 90' lang='lat' dir='ltr'><strong>esset</strong></span> <span class='ocrx_word' id='word_1_332' title='bbox 1330 1779 1553 1830; x_wconf 84' lang='lat' dir='ltr'><strong>acceptus3</strong></span> <span class='ocrx_word' id='word_1_333' title='bbox 1595 1789 1697 1817; x_wconf 86' lang='lat' dir='ltr'><strong>nam</strong></span> <span class='ocrx_word' id='word_1_334' title='bbox 1731 1776 1851 1828; x_wconf 92' lang='lat' dir='ltr'><strong>quin-</strong></span> 
     </span>
     <span class='ocr_line' id='line_1_74' title="bbox 1023 1833 1852 1888; baseline -0.004 -12"><span class='ocrx_word' id='word_1_335' title='bbox 1023 1835 1208 1886; x_wconf 91' lang='lat' dir='ltr'><strong>quennis</strong></span> <span class='ocrx_word' id='word_1_336' title='bbox 1242 1835 1287 1876; x_wconf 90' lang='lat' dir='ltr'><strong>in</strong></span> <span class='ocrx_word' id='word_1_337' title='bbox 1323 1837 1507 1888; x_wconf 81' lang='lat' dir='ltr'><strong>puteum</strong></span> <span class='ocrx_word' id='word_1_338' title='bbox 1541 1833 1707 1885; x_wconf 87' lang='lat' dir='ltr'><strong>lapsus,</strong></span> <span class='ocrx_word' id='word_1_339' title='bbox 1745 1833 1852 1884; x_wconf 79' lang='lat' dir='ltr'><strong>ejus-</strong></span> 
     </span>
     <span class='ocr_line' id='line_1_75' title="bbox 1022 1889 1851 1945; baseline -0.004 -13"><span class='ocrx_word' id='word_1_340' title='bbox 1022 1890 1124 1932; x_wconf 89' lang='lat' dir='ltr'><strong>dem</strong></span> <span class='ocrx_word' id='word_1_341' title='bbox 1151 1892 1359 1945; x_wconf 85' lang='lat' dir='ltr'><strong>Deiparae</strong></span> <span class='ocrx_word' id='word_1_342' title='bbox 1388 1903 1520 1932; x_wconf 85' lang='lat' dir='ltr'><strong>manu</strong></span> <span class='ocrx_word' id='word_1_343' title='bbox 1547 1889 1763 1939; x_wconf 77' lang='lat' dir='ltr'><strong>sublatus,</strong></span> <span class='ocrx_word' id='word_1_344' title='bbox 1791 1889 1851 1929; x_wconf 90' lang='lat' dir='ltr'><strong>in-</strong></span> 
     </span>
     <span class='ocr_line' id='line_1_76' title="bbox 1022 1948 1851 1997; baseline -0.005 -8"><span class='ocrx_word' id='word_1_345' title='bbox 1022 1948 1207 1989; x_wconf 89' lang='lat' dir='ltr'><strong>columis</strong></span> <span class='ocrx_word' id='word_1_346' title='bbox 1237 1948 1389 1990; x_wconf 73' lang='lat' dir='ltr'><strong>evasit.</strong></span> <span class='ocrx_word' id='word_1_347' title='bbox 1430 1948 1575 1989; x_wconf 86' lang='lat' dir='ltr'><strong>Tanto</strong></span> <span class='ocrx_word' id='word_1_348' title='bbox 1604 1950 1751 1987; x_wconf 85' lang='lat' dir='ltr'><strong>autem</strong></span> <span class='ocrx_word' id='word_1_349' title='bbox 1778 1957 1851 1997; x_wconf 91' lang='lat' dir='ltr'><strong>pa-</strong></span> 
     </span>
     <span class='ocr_line' id='line_1_77' title="bbox 1020 2002 1851 2054; baseline -0.006 -8"><span class='ocrx_word' id='word_1_350' title='bbox 1020 2005 1160 2046; x_wconf 91' lang='lat' dir='ltr'><strong>tiendi</strong></span> <span class='ocrx_word' id='word_1_351' title='bbox 1192 2003 1415 2046; x_wconf 90' lang='lat' dir='ltr'><strong>desiderio</strong></span> <span class='ocrx_word' id='word_1_352' title='bbox 1448 2002 1669 2054; x_wconf 80' lang='lat' dir='ltr'><strong>flagravit,</strong></span> <span class='ocrx_word' id='word_1_353' title='bbox 1701 2006 1750 2043; x_wconf 91' lang='lat' dir='ltr'><strong>ut</strong></span> <span class='ocrx_word' id='word_1_354' title='bbox 1777 2013 1851 2042; x_wconf 94' lang='lat' dir='ltr'><strong>no-</strong></span> 
     </span>
     <span class='ocr_line' id='line_1_78' title="bbox 1021 2059 1850 2114; baseline -0.006 -11"><span class='ocrx_word' id='word_1_355' title='bbox 1021 2062 1189 2111; x_wconf 89' lang='lat' dir='ltr'><strong>vennis,</strong></span> <span class='ocrx_word' id='word_1_356' title='bbox 1222 2066 1374 2114; x_wconf 89' lang='lat' dir='ltr'><strong>spreto</strong></span> <span class='ocrx_word' id='word_1_357' title='bbox 1403 2059 1594 2102; x_wconf 92' lang='lat' dir='ltr'><strong>molliori</strong></span> <span class='ocrx_word' id='word_1_358' title='bbox 1616 2059 1751 2107; x_wconf 82' lang='lat' dir='ltr'><strong>lecto,</strong></span> <span class='ocrx_word' id='word_1_359' title='bbox 1783 2071 1850 2099; x_wconf 88' lang='lat' dir='ltr'><strong>su-</strong></span> 
     </span>
     <span class='ocr_line' id='line_1_79' title="bbox 1021 2114 1852 2170; baseline -0.005 -11"><span class='ocrx_word' id='word_1_360' title='bbox 1021 2131 1101 2170; x_wconf 90' lang='lat' dir='ltr'><strong>per</strong></span> <span class='ocrx_word' id='word_1_361' title='bbox 1125 2118 1357 2159; x_wconf 80' lang='lat' dir='ltr'><strong>sarmentis</strong></span> <span class='ocrx_word' id='word_1_362' title='bbox 1381 2117 1544 2158; x_wconf 72' lang='lat' dir='ltr'><strong>cubare</strong></span> <span class='ocrx_word' id='word_1_363' title='bbox 1564 2114 1852 2157; x_wconf 89' lang='lat' dir='ltr'><strong>consueverit.</strong></span> 
     </span>
     <span class='ocr_line' id='line_1_80' title="bbox 1021 2173 1851 2226; baseline -0.007 -10"><span class='ocrx_word' id='word_1_364' title='bbox 1021 2174 1296 2216; x_wconf 89' lang='lat' dir='ltr'><strong>Adolescens</strong></span> <span class='ocrx_word' id='word_1_365' title='bbox 1315 2173 1509 2226; x_wconf 90' lang='lat' dir='ltr'><strong>hospitio</strong></span> <span class='ocrx_word' id='word_1_366' title='bbox 1530 2174 1777 2224; x_wconf 81' lang='lat' dir='ltr'><strong>pauperum</strong></span> <span class='ocrx_word' id='word_1_367' title='bbox 1796 2183 1851 2211; x_wconf 70' lang='grc'><strong>36-</strong></span> 
     </span>
     <span class='ocr_line' id='line_1_81' title="bbox 1020 2227 1850 2282; baseline -0.006 -10"><span class='ocrx_word' id='word_1_368' title='bbox 1020 2231 1289 2282; x_wconf 74' lang='lat' dir='ltr'><strong>grotantium</strong></span> <span class='ocrx_word' id='word_1_369' title='bbox 1326 2230 1564 2281; x_wconf 73' lang='lat' dir='ltr'><strong>Metymnae</strong></span> <span class='ocrx_word' id='word_1_370' title='bbox 1599 2227 1755 2280; x_wconf 86' lang='lat' dir='ltr'><strong>Campi</strong></span> <span class='ocrx_word' id='word_1_371' title='bbox 1790 2227 1850 2268; x_wconf 76' lang='lat' dir='ltr'><strong>fa-</strong></span> 
     </span>
     <span class='ocr_line' id='line_1_82' title="bbox 1020 2283 1850 2336; baseline -0.006 -8"><span class='ocrx_word' id='word_1_372' title='bbox 1020 2287 1186 2328; x_wconf 90' lang='lat' dir='ltr'><strong>mulum</strong></span> <span class='ocrx_word' id='word_1_373' title='bbox 1201 2299 1299 2328; x_wconf 89' lang='lat' dir='ltr'><strong>sese</strong></span> <span class='ocrx_word' id='word_1_374' title='bbox 1315 2285 1495 2335; x_wconf 77' lang='lat' dir='ltr'><strong>addixit,</strong></span> <span class='ocrx_word' id='word_1_375' title='bbox 1517 2283 1676 2336; x_wconf 87' lang='lat' dir='ltr'><strong>quibus</strong></span> <span class='ocrx_word' id='word_1_376' title='bbox 1690 2296 1850 2335; x_wconf 87' lang='lat' dir='ltr'><strong>magno</strong></span> 
     </span>
     <span class='ocr_line' id='line_1_83' title="bbox 1021 2340 1850 2392; baseline -0.005 -8"><span class='ocrx_word' id='word_1_377' title='bbox 1021 2342 1216 2384; x_wconf 73' lang='lat' dir='ltr'><strong>caritatis</strong></span> <span class='ocrx_word' id='word_1_378' title='bbox 1241 2342 1402 2384; x_wconf 86' lang='lat' dir='ltr'><strong>ardore</strong></span> <span class='ocrx_word' id='word_1_379' title='bbox 1425 2340 1638 2383; x_wconf 89' lang='lat' dir='ltr'><strong>vilissima</strong></span> <span class='ocrx_word' id='word_1_380' title='bbox 1662 2352 1850 2392; x_wconf 89' lang='lat' dir='ltr'><strong>quaeque</strong></span> 
     </span>
     <span class='ocr_line' id='line_1_84' title="bbox 1021 2396 1850 2452; baseline -0.006 -12"><span class='ocrx_word' id='word_1_381' title='bbox 1021 2399 1322 2452; x_wconf 89' lang='lat' dir='ltr'><strong>complectens</strong></span> <span class='ocrx_word' id='word_1_382' title='bbox 1333 2398 1488 2447; x_wconf 88' lang='lat' dir='ltr'><strong>officia,</strong></span> <span class='ocrx_word' id='word_1_383' title='bbox 1502 2403 1669 2450; x_wconf 77' lang='lat' dir='ltr'><strong>praesto</strong></span> <span class='ocrx_word' id='word_1_384' title='bbox 1686 2396 1850 2438; x_wconf 75' lang='lat' dir='ltr'><strong>aderat.</strong></span> 
     </span>
     <span class='ocr_line' id='line_1_85' title="bbox 1022 2453 1849 2507; baseline -0.004 -11"><span class='ocrx_word' id='word_1_385' title='bbox 1022 2456 1152 2507; x_wconf 88' lang='lat' dir='ltr'><strong>Cujus</strong></span> <span class='ocrx_word' id='word_1_386' title='bbox 1178 2454 1380 2507; x_wconf 83' lang='lat' dir='ltr'><strong>exemplo</strong></span> <span class='ocrx_word' id='word_1_387' title='bbox 1404 2454 1584 2496; x_wconf 79' lang='lat' dir='ltr'><strong>excitati</strong></span> <span class='ocrx_word' id='word_1_388' title='bbox 1603 2453 1755 2502; x_wconf 87' lang='lat' dir='ltr'><strong>ceteri,</strong></span> <span class='ocrx_word' id='word_1_389' title='bbox 1783 2454 1849 2493; x_wconf 86' lang='lat' dir='ltr'><strong>ea-</strong></span> 
     </span>
    </p>
   </div>
   <div class='ocr_carea' id='block_1_14' title="bbox 1022 1559 1104 1691">
    <p class='ocr_par' dir='ltr' id='par_1_29' title="bbox 1022 1559 1104 1691">
     <span class='ocr_line' id='line_1_86' title="bbox 1022 1559 1104 1691; baseline 0 -119"><span class='ocrx_word' id='word_1_390' title='bbox 1022 1559 1104 1691; x_wconf 95' lang='lat' dir='ltr'><strong>  </strong></span> 
     </span>
    </p>
   </div>
   <div class='ocr_carea' id='block_1_15' title="bbox 1018 2509 1849 2730">
    <p class='ocr_par' dir='ltr' id='par_1_30' title="bbox 1018 2509 1849 2730">
     <span class='ocr_line' id='line_1_87' title="bbox 1020 2509 1849 2553; baseline -0.006 0"><span class='ocrx_word' id='word_1_391' title='bbox 1020 2511 1122 2553; x_wconf 90' lang='lat' dir='ltr'><strong>dem</strong></span> <span class='ocrx_word' id='word_1_392' title='bbox 1165 2511 1361 2553; x_wconf 69' lang='lat' dir='ltr'><strong>caritatis</strong></span> <span class='ocrx_word' id='word_1_393' title='bbox 1402 2514 1586 2552; x_wconf 77' lang='lat' dir='ltr'><strong>munera</strong></span> <span class='ocrx_word' id='word_1_394' title='bbox 1626 2509 1849 2551; x_wconf 88' lang='lat' dir='ltr'><strong>ardentius</strong></span> 
     </span>
     <span class='ocr_line' id='line_1_88' title="bbox 1020 2566 1847 2610; baseline -0.005 0"><span class='ocrx_word' id='word_1_395' title='bbox 1020 2568 1213 2610; x_wconf 87' lang='lat' dir='ltr'><strong>obibant.</strong></span> <span class='ocrx_word' id='word_1_396' title='bbox 1254 2568 1422 2610; x_wconf 85' lang='lat' dir='ltr'><strong>Verum</strong></span> <span class='ocrx_word' id='word_1_397' title='bbox 1450 2567 1507 2608; x_wconf 86' lang='lat' dir='ltr'><strong>ad</strong></span> <span class='ocrx_word' id='word_1_398' title='bbox 1534 2566 1692 2608; x_wconf 86' lang='lat' dir='ltr'><strong>altiora</strong></span> <span class='ocrx_word' id='word_1_399' title='bbox 1719 2567 1847 2607; x_wconf 76' lang='lat' dir='ltr'><strong>voca-</strong></span> 
     </span>
     <span class='ocr_line' id='line_1_89' title="bbox 1018 2621 1846 2674; baseline -0.006 -8"><span class='ocrx_word' id='word_1_400' title='bbox 1018 2630 1101 2674; x_wconf 87' lang='lat' dir='ltr'><strong>tus,</strong></span> <span class='ocrx_word' id='word_1_401' title='bbox 1119 2623 1262 2666; x_wconf 78' lang='lat' dir='ltr'><strong>beatae</strong></span> <span class='ocrx_word' id='word_1_402' title='bbox 1277 2624 1428 2665; x_wconf 85' lang='lat' dir='ltr'><strong>Mariae</strong></span> <span class='ocrx_word' id='word_1_403' title='bbox 1444 2623 1637 2674; x_wconf 86' lang='lat' dir='ltr'><strong>Virginis</strong></span> <span class='ocrx_word' id='word_1_404' title='bbox 1656 2622 1711 2664; x_wconf 90' lang='lat' dir='ltr'><strong>de</strong></span> <span class='ocrx_word' id='word_1_405' title='bbox 1725 2621 1846 2662; x_wconf 91' lang='lat' dir='ltr'><strong>Mon-</strong></span> 
     </span>
     <span class='ocr_line' id='line_1_90' title="bbox 1018 2677 1848 2730; baseline -0.008 -7"><span class='ocrx_word' id='word_1_406' title='bbox 1018 2686 1063 2723; x_wconf 90' lang='lat' dir='ltr'><strong>te</strong></span> <span class='ocrx_word' id='word_1_407' title='bbox 1095 2680 1298 2722; x_wconf 84' lang='lat' dir='ltr'><strong>Carmelo</strong></span> <span class='ocrx_word' id='word_1_408' title='bbox 1335 2679 1582 2722; x_wconf 76' lang='lat' dir='ltr'><strong>institutum</strong></span> <span class='ocrx_word' id='word_1_409' title='bbox 1620 2677 1848 2730; x_wconf 85' lang='lat' dir='ltr'><strong>amplexus</strong></span> 
     </span>
    </p>
   </div>
  </div>
 </body>
</html>
