2040 2944
754 209 958 244 Dominica
980 211 1045 246 ΙΠ,
1070 212 1257 248 Octobris.

829 308 887 349 Et
919 308 980 350 ait

151 361 303 403 Judas:
339 362 468 404 Absit
493 363 622 405 istam
645 376 738 404 rem
763 364 906 406 facere
932 369 980 406 ut

150 418 367 470 fugiamus
387 419 442 460 ab
463 420 540 460 eis:
569 425 612 461 et
636 420 673 461 si
697 421 979 473 appropiavit

150 479 325 528 tempus
344 481 558 526 nostrum,
577 477 815 518 moriamur
834 477 878 518 in
897 477 978 517 vir-

149 534 243 573 tute
280 537 464 584 propter
503 532 660 574 fratres
698 538 892 583 nostros,
936 539 980 575 et

149 600 238 629 non
264 588 502 630 inferamus
535 589 700 630 crimen
726 590 879 641 gloriae
904 603 978 631 no-

151 317 233 346 nos
266 309 412 347 autem
443 306 574 358 pauci
607 320 767 349 sumus.

151 649 264 685 strae.
319 646 378 687 Et
409 646 548 687 movit
580 646 798 688 exercitus
828 646 883 688 de
912 660 978 688 ca·
1044 632 1101 683 -J's'i
1138 658 1149 681 ,ε

151 702 269 751 stris,
298 708 342 744 et
366 703 583 743 steterunt
605 702 691 743 illis
717 702 908 744 obviam:
937 709 980 745 et

151 757 280 799 divisi
306 763 406 799 sunt
430 759 602 810 equites
626 759 670 799 in
690 758 799 800 duas
818 765 978 812 partes,

150 819 194 856 et
221 814 522 864 fundibularii,
557 820 600 857 et
628 816 841 866 sagittarii
868 830 978 869 prae-

149 869 271 913 ibant
289 871 540 920 exercitum,
565 876 609 913 et
628 872 759 924 primi
779 874 977 914 certami-

148 927 216 968 nis
237 940 388 969 omnes
408 930 625 980 potentes.

199 996 251 1048 R.
278 992 500 1035 Exaudiat
518 993 745 1034 Dominus.
765 994 851 1034 162.

452 1078 603 1121 Lectio
624 1080 678 1119 iii.

147 1140 438 1246 Bacchides
464 1149 609 1186 autem
635 1149 728 1186 erat
751 1145 795 1186 in
819 1144 976 1187 dextro

251 1214 404 1250 cornu,
432 1206 475 1242 et
499 1201 765 1253 proximavit
787 1201 903 1252 legio
924 1214 978 1243 ex

149 1257 320 1300 duabus
339 1257 557 1310 partibus,
584 1262 628 1298 et
647 1257 896 1299 clamabant
913 1263 977 1300 tu-

147 1314 232 1356 bis:
274 1314 629 1356 exclamaverunt
662 1318 808 1355 autem
841 1319 885 1356 et
915 1314 977 1364 hi,

150 1371 224 1423 qui
261 1375 384 1412 erant
421 1383 475 1411 ex
516 1376 641 1423 parte
678 1370 805 1411 Judae
847 1371 978 1412 etiam

147 1427 249 1481 ipsi,
279 1432 322 1469 et
345 1429 567 1468 commota
592 1432 659 1469 est
682 1432 800 1469 terra
823 1440 849 1468 a
867 1440 977 1469 voce

148 1486 432 1526 exercituum:
486 1488 530 1525 et
579 1486 862 1525 commissum
911 1489 978 1525 est

147 1540 400 1593 praeliuma
424 1553 550 1581 mane
576 1553 716 1592 usque
731 1540 802 1581 ad
827 1542 976 1592 vespe-

147 1610 252 1638 ram.
285 1597 342 1639 Et
361 1596 471 1639 vidit
489 1597 514 1638 J
516 1595 642 1647 udas,
670 1596 790 1648 quod
810 1597 977 1638 firmior

148 1658 216 1695 est
256 1667 359 1707 pars
400 1653 617 1695 exercitus
658 1652 891 1695 Bacchidis
931 1653 975 1693 in

149 1709 332 1761 dextris,
361 1715 404 1752 et
428 1711 728 1751 convenerunt
757 1722 856 1751 cum
878 1709 976 1762 ipso

149 1779 303 1808 omnes
335 1769 589 1808 constantes
623 1765 772 1808 corde:
805 1771 849 1807 et
877 1778 975 1807 con-

147 1824 252 1864 trita
285 1827 353 1865 est
386 1821 567 1865 dextera
597 1836 702 1876 pars
736 1821 791 1864 ab
821 1822 901 1871 eis,
933 1827 978 1863 et

146 1883 406 1933 persecutus
430 1884 498 1921 est
524 1892 601 1921 eos
620 1892 761 1931 usque
781 1878 838 1920 ad
856 1891 975 1920 mon-

146 1941 236 1978 tem
257 1936 398 1978 Azoti.
434 1936 492 1977 Et
516 1936 591 1988 qui
613 1936 657 1976 in
681 1935 857 1977 sinistro
883 1948 975 1976 eor-

146 2006 204 2034 nu
224 1998 360 2043 erant,
379 1992 582 2035 viderunt
603 1992 722 2045 quod
742 1994 977 2033 contritum

147 2054 214 2091 est
234 2048 439 2091 dextrum
462 2062 615 2099 cornu,
645 2053 689 2090 et
712 2047 852 2090 secuti
875 2053 976 2089 sunt

146 2111 250 2158 post
269 2105 443 2155 Judam,
472 2110 516 2147 et
540 2118 634 2155 eos,
664 2105 738 2157 qui
757 2117 857 2146 cum
875 2104 974 2156 ipso

148 2167 287 2212 erant,
319 2175 345 2204 a
370 2167 509 2213 tergo:
542 2167 586 2203 et
608 2162 883 2212 ingravatum
910 2165 976 2201 est

146 2218 362 2271 praelium‚
401 2223 444 2260 et
478 2217 728 2260 ceciderunt
758 2216 975 2258 vulnerati

146 2275 273 2317 multi
297 2288 352 2317 ex
375 2275 459 2325 his,
489 2279 532 2316 et
557 2287 612 2315 ex
629 2274 726 2315 illis.
762 2273 819 2314 Et
838 2272 974 2314 Judas

148 2330 322 2382 cecidit,
348 2336 392 2373 et
416 2331 551 2373 ceteri
574 2330 791 2382 fugerunt.
827 2329 884 2370 Et
903 2329 928 2369 J
931 2330 974 2369 o-

146 2387 316 2437 nathas,
347 2393 390 2429 et
419 2388 569 2429 Simon
595 2386 788 2428 tulerunt
816 2384 974 2426 Judam

145 2445 324 2486 fratrem
345 2458 486 2494 suum,
518 2449 560 2485 et
584 2443 851 2496 sepelierunt
874 2454 973 2482 eum

146 2500 190 2541 in
228 2500 462 2553 sepulchro
499 2506 673 2553 patrum
715 2501 893 2540 suorum
929 2498 973 2538 in

147 2557 323 2598 civitate
350 2556 513 2598 Modin.
547 2557 605 2597 Et
632 2556 846 2596 fleverunt
873 2567 973 2596 eum

147 2613 287 2653 omnis
344 2613 539 2666 populus
596 2611 734 2653 Israel
793 2610 972 2663 planctu

146 2681 317 2720 magno.

197 2737 247 2787 R.
278 2733 539 2785 Congregati
558 2738 668 2775 sunt.
687 2733 773 2774 162.

1793 219 1857 254 175

1265 312 1314 350 In
1332 313 1382 351 ΙΙ.
1402 313 1623 354 Nocturno.

1069 370 1134 409 Ex
1153 369 1263 411 libro
1285 370 1542 412 Officiorum
1561 373 1700 414 sancti
1720 374 1820 415 Am-

1257 425 1393 468 brosii
1411 428 1631 481 Episcopi.

1086 491 1236 533 Lectio
1256 494 1308 534 iv.
1485 497 1575 538 Lib.
1592 499 1620 537 1.
1638 511 1729 550 cap.
1746 500 1803 538 41.

1042 557 1063 577 f
1086 557 1228 610 jvfi'iuia
1260 555 1471 598 fortitudo
1504 571 1592 599 non
1623 559 1765 601 solum
1793 573 1855 602 se-

1068 603 1122 652 ''r-⁶⁸*
1175 611 1329 653 cundis
1348 613 1494 663 rebus,
1523 614 1601 656 sed
1626 616 1756 657 etiam
1783 616 1855 658 ad-

1174 668 1311 709 versis
1344 669 1574 721 probatur,
1607 675 1855 724 spectemus

1031 724 1157 766 Judae
1183 725 1427 767 Machabaei
1453 728 1627 769 exitum.
1668 730 1711 770 Is
1742 730 1856 771 enim

1030 786 1134 834 post
1152 782 1315 823 victum
1334 782 1614 834 Nicanorem,
1638 786 1751 836 regis
1770 786 1853 827 De-

1030 838 1173 879 metrii
1206 838 1380 888 ducem,
1420 841 1614 882 securior
1646 841 1855 883 adversus

1031 895 1183 946 viginti
1201 895 1335 936 millia
1361 897 1578 938 exercitus
1598 899 1729 949 regis,
1757 911 1855 940 cum

1031 951 1292 1002 octingentis
1325 953 1429 993 viris
1461 953 1624 994 bellum
1656 953 1854 1005 adorsus,

1030 1008 1278 1049 volentibus
1302 1008 1368 1049 his
1389 1009 1562 1059 cedere,
1588 1023 1641 1051 ne
1666 1011 1854 1052 multitu-

1031 1064 1130 1106 dine
1142 1065 1504 1118 opprimerentur,
1519 1066 1755 1117 gloriosam
1769 1081 1855 1108 ma-

1029 1121 1095 1172 gis
1122 1126 1318 1170 mortem,
1349 1135 1478 1174 quam
1506 1128 1679 1175 turpem
1709 1124 1854 1174 fugam

1030 1178 1178 1219 suasit.
1214 1177 1282 1219 Ne
1307 1179 1484 1228 crimen,
1510 1180 1667 1231 inquit,
1692 1186 1854 1221 nostrae

1029 1234 1325 1287 relinquemus
1345 1234 1508 1285 gloriae.
1535 1236 1602 1277 Ita
1620 1238 1854 1277 commisso

1029 1291 1202 1344 praelio,
1238 1304 1336 1332 cum
1362 1304 1387 1332 a
1410 1292 1552 1344 primo
1578 1297 1677 1334 ortu
1701 1292 1787 1333 diei
1811 1293 1853 1333 in

1029 1350 1261 1401 vesperam
1307 1347 1603 1398 dimicaretur,
1654 1349 1854 1390 dextrum

1030 1417 1177 1455 cornu,
1192 1406 1235 1446 in
1252 1418 1338 1456 quo
1354 1404 1664 1446 validissimam
1681 1418 1855 1446 manum

1031 1461 1220 1503 advertit
1239 1461 1441 1511 hostium,
1465 1463 1708 1512 aggressus,
1729 1461 1855 1502 facile

1030 1519 1198 1560 avertit.
1235 1517 1322 1559 Sed
1347 1517 1450 1559 dum
1474 1518 1688 1568 fugientes
1714 1518 1854 1569 sequi-

1030 1579 1111 1624 tur,
1131 1588 1156 1615 a
1170 1580 1295 1626 tergo
1312 1574 1480 1615 valneri
1492 1574 1637 1615 locum
1652 1574 1855 1626 praebuit:

1029 1633 1178 1683 itaque
1188 1631 1494 1682 gloriosiorem
1504 1630 1738 1683 triumphis
1751 1643 1856 1671 mor-

1028 1692 1117 1729 tem
1135 1688 1309 1729 invenit.

1078 1751 1129 1802 R».
1156 1749 1375 1801 Impetum
1392 1748 1678 1789 inimicorum.
1697 1749 1782 1788 163.

1333 1825 1483 1866 Lectio
1505 1840 1541 1866 v.

1030 1871 1184 1995 Quid
1208 1887 1232 1928 J
1236 1886 1442 1928 onatham
1470 1887 1648 1928 fratrem
1674 1887 1764 1938 ejus
1792 1891 1851 1927 at-

1126 1946 1287 1993 texam,
1320 1944 1394 1996 qui
1427 1957 1526 1985 cum
1558 1955 1695 1996 parva
1721 1955 1852 1984 manu

1025 2000 1236 2042 adversus
1254 2000 1471 2042 exercitus
1487 2001 1630 2050 regios
1643 2002 1852 2052 pugnans,

1025 2056 1227 2098 desertus
1243 2070 1268 2097 a
1283 2057 1383 2106 suis,
1402 2062 1445 2098 et
1460 2069 1559 2097 eum
1574 2056 1745 2097 duobus
1761 2060 1850 2096 tan-

1025 2117 1118 2154 tum
1163 2112 1358 2161 relictus,
1407 2112 1627 2165 reparavit
1671 2111 1851 2160 bellum,

1027 2169 1184 2211 avertit
1202 2169 1393 2218 hostem,
1417 2169 1651 2219 fugitantes
1671 2179 1774 2208 suos
1795 2166 1851 2208 ad

1026 2226 1284 2267 societatem
1337 2225 1562 2266 revocavit
1614 2223 1850 2276 triumphi?

1025 2282 1177 2324 Habes
1212 2281 1513 2323 fortitudinem
1548 2280 1766 2331 bellicam,
1808 2281 1851 2321 in

1027 2351 1113 2391 qua
1136 2350 1225 2379 non
1247 2336 1483 2379 mediocris
1507 2337 1680 2378 honesti
1707 2350 1758 2378 ac
1778 2336 1849 2378 de-

1026 2394 1118 2435 cori
1137 2394 1276 2434 forma
1296 2398 1378 2443 est,
1408 2393 1527 2445 quod
1551 2398 1739 2435 mortem
1764 2405 1849 2434 ser-

1024 2450 1151 2491 vit1'1ti
1199 2449 1423 2501 praeferat,
1478 2462 1530 2491 ac
1578 2448 1848 2502 turpitudini.

1025 2506 1140 2557 Quid
1174 2510 1319 2547 autem
1347 2505 1402 2547 de
1431 2506 1674 2558 Martyrum
1707 2505 1848 2546 dicam

1023 2561 1323 2615 passionibus?
1351 2562 1407 2603 Et
1430 2574 1485 2603 ne
1504 2562 1676 2612 longius
1696 2562 1845 2610 evage-

1022 2631 1135 2668 mur,
1179 2630 1266 2658 non
1309 2618 1523 2659 minorem
1563 2617 1618 2659 de
1655 2615 1844 2668 superbo

1023 2687 1125 2726 rege
1169 2673 1389 2715 Antiocho
1434 2673 1677 2715 Machabaei
1721 2671 1845 2724 pueri

1022 2732 1282 2772 revexerunt
1304 2729 1590 2783 triumphum,
1619 2741 1747 2781 quam
1769 2739 1841 2779 pa-
