2040 2944
625 176 835 208 Commune
862 175 1110 209 Confessoris
1136 185 1211 208 non
1238 174 1447 209 pontificis.

179 269 378 311 natalitia
410 269 612 319 colimus,
649 269 782 311 etiam
813 269 1011 310 actic'mes

180 327 410 368 imitemur.
443 326 529 367 Per
553 326 802 367 D6minum.

455 398 549 438 Alia
571 398 734 439 Oratio.

255 457 383 498 desto
437 455 627 497 Domine
680 455 1011 508 supplicationi-

290 513 373 554 bus
399 513 581 562 nostris,
611 524 720 564 quas
746 512 790 552 in
815 511 936 554 beati
957 511 1008 551 N.

181 569 457 611 Confessoris
475 569 540 611 tui
559 568 838 610 solemnitate
858 567 1011 609 deferi-

178 639 290 667 mus:
322 631 370 667 ut
402 626 477 678 qui
506 630 671 667 nostrae
698 625 877 677 justitiae
902 623 1011 665 fidu-

179 683 291 724 ciam
316 695 405 724 non
432 681 663 731 habemus,
693 682 801 733 ejus,
831 680 906 733 qui
932 679 1012 721 tibi

178 739 361 792 placuit,
387 738 594 791 precibus
621 737 887 790 adjuvemur.
926 737 1012 778 Per

178 796 417 837 Dominum
436 800 648 837 nostrum.

260 867 301 907 Si
329 866 457 907 fucrit
484 866 647 907 Abbus.
759 867 920 907 Oratio.

230 925 472 968 ntercessio
506 939 606 975 nos,
644 927 896 978 quaesumus
923 923 1012 965 Do-

239 983 366 1032 mine,
386 982 508 1024 beati
520 982 569 1022 N.
586 981 777 1024 Abbatis
795 982 1012 1023 commen-

180 1040 268 1082 det:
303 1044 352 1081 ut
388 1039 509 1091 quod
535 1039 700 1080 nostris
728 1038 897 1080 meritis
924 1050 1013 1078 non

178 1096 391 1146 valemus,
421 1097 512 1148 ejus
535 1096 783 1148 patrocinio
807 1096 1013 1146 assequa-

178 1166 288 1194 mur.
325 1152 409 1194 Per
429 1152 679 1194 D6minum.

360 1238 446 1279 Ad
473 1237 839 1280 matutinum.

232 1304 352 1344 invit.
386 1304 553 1354 Regem
585 1303 900 1345 Confessorum
926 1302 1015 1344 Do-

180 1361 358 1410 minum⁷
374 1362 396 1384 *
418 1361 579 1403 Venite
599 1359 847 1401 adoremus.

239 1416 302 1455 I's.
329 1415 497 1467 Vem'te,
519 1416 799 1458 exsultemus.
818 1416 854 1457 2.

234 1475 442 1525 Hymnus.
474 1476 563 1515 Iste
586 1472 836 1515 Confessor.
855 1471 937 1524 [67]

425 1554 473 1593 In
493 1555 522 1592 I.
542 1554 576 1593 N
580 1555 767 1594 octurno.

236 1623 334 1661 Ant.
376 1621 537 1663 Beatus
574 1621 660 1671 vir,
687 1621 712 1647 *
739 1621 814 1672 qui
847 1620 891 1661 in
918 1620 1016 1671 lege

180 1679 360 1719 Domini
391 1677 647 1720 meditatur:
687 1677 892 1720 voluntas
925 1678 1016 1729 ejus

181 1737 411 1788 permanet
441 1734 512 1785 die
541 1747 592 1776 ac
619 1739 768 1784 nocte,
798 1738 842 1775 et
871 1734 1017 1775 omnia

183 1795 475 1844 quaecumque
490 1791 632 1842 faciet,
648 1803 822 1843 semper
834 1803 1016 1843 prospe-

182 1848 405 1890 rabuntur.

475 1895 672 1935 Psalmus
694 1898 722 1935 1.

195 1996 198 2014 2
218 1978 267 2013 με,
279 1962 421 2005 eatus
435 1961 512 2010 vir,
531 1961 605 2013 qui
623 1973 713 2002 non
732 1960 839 2002 abiit
857 1961 901 2002 in
917 1973 1016 2002 con-

194 2025 198 2065 }
218 2008 288 2073 *gissi
311 2017 409 2059 silio
429 2017 680 2070 impiorum,
701 2022 746 2059 et
764 2018 809 2058 in
828 2018 899 2059 via
917 2030 1016 2071 pec-

188 2069 287 2098 ’ζ’-4]
314 2076 514 2116 catorum
543 2087 632 2115 non
672 2069 809 2124 stetit,
841 2075 865 2100 *
898 2079 943 2116 et
972 2074 1016 2115 in

183 2130 392 2172 cathedra
412 2130 679 2183 pestilentiae
699 2143 787 2172 non
808 2130 938 2172 sedit:

234 2186 322 2228 Sed
337 2187 381 2228 in
395 2187 493 2239 lege
503 2187 682 2228 D6mini
691 2187 898 2229 voluntas
915 2188 1016 2239 ejus,

182 2244 206 2270 *
235 2248 278 2284 et
310 2244 354 2284 in
382 2243 480 2296 lege
511 2245 602 2296 ejus
630 2243 916 2286 meditabitur
944 2243 1016 2286 die

181 2311 234 2340 ac
252 2305 393 2342 nocte.

233 2355 290 2396 Et
317 2356 399 2397 erit
426 2361 652 2408 tamquam
679 2356 864 2407 lignum,
895 2357 1017 2409 quod

182 2407 430 2461 plantatum
442 2413 508 2450 est
519 2421 647 2450 secus
659 2408 872 2450 decursus
884 2411 1015 2460 aqua-

182 2477 289 2513 rum,
301 2465 324 2491 *
337 2464 455 2516 quod
475 2465 665 2507 fructum
684 2478 811 2507 suum
831 2465 954 2507 dabit
972 2466 1015 2506 in

183 2522 385 2572 tempore
405 2533 501 2562 suo:

234 2577 291 2618 Et
316 2576 469 2618 folium
495 2577 585 2628 ejus
611 2590 699 2619 non
726 2578 907 2619 defluet:
926 2579 951 2605 *
971 2583 1015 2619 et

182 2633 328 2674 Omnia
349 2636 638 2685 quaecumque
658 2634 806 2684 faciet,
830 2647 1014 2687 prospe-

181 2689 405 2732 rabuntur.
424 2723 428 2726 .

1114 267 1218 309 Non
1236 267 1299 308 sic
1317 265 1451 319 impii,
1469 278 1560 309 non
1573 266 1777 309 sic:*sed
1790 271 1897 308 tam-

1066 337 1197 376 quam
1215 323 1376 376 pulvis,
1397 335 1529 376 quem
1545 323 1720 376 pr6jicit
1739 327 1897 365 ventus

1065 394 1091 422 a
1109 380 1219 422 facie
1238 384 1381 422 terrae.

1117 437 1226 479 Ideo
1251 449 1340 479 non
1367 439 1600 487 resurgent
1623 435 1747 489 impii
1770 436 1815 477 in
1840 437 1897 488 ju-

1066 494 1196 535 dicio:
1222 495 1246 521 *
1271 505 1416 545 neque
1440 493 1701 546 peccatores
1726 493 1770 534 in
1795 505 1895 535 con·
1930 527 1936 532 .

1065 550 1166 592 cilio
1186 551 1411 602 justarum.

1118 607 1335 657 Qu6niam
1358 606 1482 648 novit
1505 605 1601 646 Dns
1626 605 1743 647 viam
1766 607 1898 658 iusto-

1066 676 1178 704 rum:
1202 664 1226 690 *
1253 668 1296 704 et
1321 663 1403 704 iter
1426 662 1663 715 impiorum
1685 661 1858 715 peribit.

1117 730 1217 769 Ant.
1250 727 1412 768 Beatus
1432 727 1514 777 vir,
1539 727 1613 779 qui
1632 727 1676 767 in
1695 727 1793 778 lege
1811 727 1899 768 Dfii

1065 782 1319 824 meditatur:
1339 783 1544 825 voluntas
1565 784 1655 835 ejus
1671 785 1899 836 permanet

1066 838 1138 881 die
1158 851 1211 880 ac
1225 844 1367 890 nocte,
1384 845 1427 882 et
1447 841 1592 881 Omnia
1608 842 1898 892 quaecumque

1066 895 1208 946 faciet,
1234 909 1411 949 semper
1435 896 1830 950 prosperabuntur.

1120 962 1219 1002 Ant.
1255 962 1416 1003 Beatus
1441 961 1526 1003 iste
1553 965 1748 1012 sanctus,
1774 962 1799 989 *
1825 961 1899 1013 qui

1067 1017 1262 1059 confisus
1278 1022 1346 1059 est
1360 1018 1404 1058 in
1417 1018 1621 1067 D6mino,
1642 1017 1901 1070 praedicavit

1066 1075 1343 1127 praeceptum
1352 1074 1540 1124 Domini,
1558 1075 1822 1117 constitutus
1833 1079 1901 1116 est

1066 1131 1110 1171 in
1126 1136 1278 1173 monte
1298 1135 1452 1173 sancto
1473 1132 1575 1183 eius.

1360 1215 1556 1255 I'salmus
1576 1218 1611 1255 2.

1068 1271 1258 1395 Quare
1291 1283 1563 1326 fremuerunt
1592 1283 1778 1335 Gentes,
1806 1285 1830 1312 *
1859 1288 1903 1326 et

1163 1339 1319 1392 populi
1337 1339 1538 1382 meditati
1557 1345 1659 1382 sunt
1676 1341 1842 1382 inania?

1119 1397 1368 1438 Astiterunt
1394 1408 1522 1447 reges
1545 1401 1692 1447 terrae,
1721 1402 1766 1439 et
1788 1400 1902 1450 prin-

1069 1453 1190 1505 cipes
1220 1454 1520 1494 convenerunt
1544 1453 1589 1494 in
1615 1467 1751 1495 unum
1778 1455 1802 1482 *
1830 1454 1902 1496 ad-

1068 1511 1222 1551 versus
1231 1509 1481 1559 Dominum,
1497 1514 1542 1552 et
1555 1509 1768 1552 adversus
1783 1510 1903 1553 Chri-

1069 1571 1185 1608 stum
1206 1567 1308 1618 ejus.

1119 1622 1435 1675 Dirumpamus
1450 1622 1625 1664 vincula
1639 1625 1807 1665 eorum:
1820 1625 1846 1652 ¹⁸¹
1860 1629 1905 1666 et

1068 1679 1351 1731 projiciamus
1362 1691 1387 1720 a
1398 1679 1526 1721 nobis
1537 1680 1686 1732 jugum
1693 1680 1903 1733 ipsorum.

1122 1736 1208 1786 Qui
1243 1735 1415 1777 habitat
1449 1735 1494 1777 in
1535 1735 1661 1778 coelis
1702 1735 1904 1779 irridebit

1071 1800 1162 1830 eos:
1176 1789 1200 1815 *
1217 1792 1261 1830 et
1276 1787 1494 1830 Dominus
1510 1788 1800 1830 subsannabit
1816 1801 1904 1831 eos.

1122 1844 1248 1885 Tunc
1267 1844 1474 1896 loquetur
1494 1844 1552 1886 ad
1572 1857 1650 1887 eos
1670 1845 1715 1886 in
1733 1845 1799 1887 ira
1813 1852 1903 1895 sua,

1069 1900 1093 1926 *
1114 1905 1158 1942 et
1177 1901 1222 1941 in
1240 1901 1390 1943 furore
1410 1913 1491 1943 suo
1512 1901 1796 1943 conturbabit
1816 1914 1903 1943 eos.

1121 1957 1218 2009 Ego
1244 1962 1392 1999 autem
1414 1958 1684 2000 constitutus
1709 1971 1806 1999 sum
1825 1971 1903 2000 rex

1070 2013 1125 2055 ab
1146 2026 1198 2055 eo
1220 2026 1353 2066 super
1367 2014 1473 2056 Sion
1491 2019 1688 2056 montem
1703 2020 1904 2057 sanctum

1070 2071 1173 2122 ejus,
1191 2071 1215 2096 *
1234 2070 1483 2123 praedicans
1504 2073 1779 2124 praeceptum
1801 2072 1903 2123 ejus.

1120 2127 1338 2168 DOminus
1371 2127 1484 2169 dixit
1512 2127 1570 2169 ad
1597 2140 1686 2169 me:
1713 2127 1738 2154 *
1764 2127 1902 2168 Filius

1068 2196 1193 2224 meus
1214 2196 1260 2224 es
1277 2187 1340 2233 tu,
1365 2196 1448 2235 ego
1466 2183 1600 2225 hodie
1618 2183 1750 2235 genui
1767 2188 1823 2224 te.

1119 2239 1304 2280 Postula
1324 2252 1350 2281 a
1367 2253 1455 2290 me,
1481 2245 1526 2282 et
1546 2239 1663 2281 dabo
1686 2239 1767 2281 tibi
1789 2239 1902 2281 Gen-

1068 2300 1136 2338 tes
1169 2295 1479 2338 haereditatem
1512 2301 1651 2346 tuam,
1678 2296 1702 2322 *
1730 2300 1774 2337 et
1802 2309 1901 2349 pos-

1069 2352 1313 2394 sessiouem
1332 2357 1454 2394 tuam
1473 2352 1686 2394 terminos
1705 2356 1848 2394 terrae.

1122 2409 1270 2460 Reges
1299 2422 1376 2451 eos
1404 2409 1449 2450 in
1476 2409 1601 2460 virga
1626 2408 1783 2459 ferrea,
1808 2410 1831 2435 *
1859 2414 1902 2451 et

1068 2470 1296 2517 tamquam
1310 2478 1388 2506 vas
1404 2464 1527 2516 figuli
1543 2464 1794 2516 confringes
1813 2478 1902 2507 eos.

1119 2522 1177 2563 Et
1201 2534 1316 2563 nunc
1341 2534 1468 2573 reges
1495 2520 1744 2573 intelligite:
1763 2522 1787 2547 *
1807 2535 1900 2564 eru-

1069 2577 1222 2619 dimini
1242 2578 1317 2630 qui
1334 2577 1539 2629 judicatis
1559 2581 1732 2618 terram.

1119 2634 1291 2676 Servite
1315 2633 1509 2674 Domino
1537 2633 1580 2673 in
1608 2634 1782 2676 timore:
1809 2635 1832 2661 *
1858 2639 1901 2676 et

1069 2691 1288 2732 exsultate
1308 2690 1348 2731 ei
1367 2702 1467 2731 cum
1484 2692 1688 2732 tremore.
