2040 2944
651 206 862 239 Commune
888 207 1142 249 plurimorum
1167 207 1387 250 Martyrum.

435 299 635 340 Psalmus
657 302 713 339 14.

194 381 210 416 ς
234 363 432 407 &omine
467 363 563 414 quis
596 362 812 404 habitabit
846 362 890 402 in
926 366 988 403 ta-

193 419 249 472 2;J}‘“
278 410 281 457 Ῐ
313 419 551 460 bernaculo
589 417 689 461 tuo?
722 419 746 444 *
779 423 854 459 aut
891 419 987 470 quis

215 472 221 474 “
258 480 277 495 ⁹⁴³
313 476 560 527 requiescet
584 475 628 516 in
656 479 806 516 monte
833 479 987 516 sancto

153 531 257 574 tuo?

207 589 291 638 Qui
314 587 555 639 ingreditur
578 588 671 629 sine
689 587 872 636 macula,
891 587 915 612 *
944 592 988 628 et

155 647 363 697 operatur
382 644 605 696 justitiam:

209 701 293 751 Qui
315 701 509 753 loquitur
532 701 763 742 veritatem
788 701 831 741 in
851 699 987 742 corde

155 770 247 807 suo,
262 758 285 783 *
301 757 375 809 qui
393 761 485 798 non'
501 757 588 808 egit
608 756 757 798 dolum
776 757 820 797 in
839 756 987 808 lingua

156 827 254 855 sua:

206 869 301 911 Nec
324 870 429 912 fecit
446 870 649 923 proximo
670 882 750 910 suo
770 869 944 918 malum,
963 869 987 894 *

156 930 199 967 et
219 925 507 979 opprobrium
529 938 617 966 non
640 926 811 978 accepit
835 925 986 967 adver-

155 996 229 1024 sus
247 983 474 1035 proximos
494 995 610 1024 suos.

205 1038 278 1080 Ad
297 1038 479 1080 nihilum
498 1038 713 1080 deductus
734 1043 801 1080 est
824 1038 868 1078 in
887 1050 986 1079 con-

154 1097 310 1147 spectu
339 1096 429 1147 ejus
456 1094 686 1145 malignus:
723 1095 746 1120 *
783 1095 986 1136 timentes

155 1156 301 1192 autem
319 1151 559 1192 Deminum
578 1150 811 1201 glorificat:

205 1208 289 1257 Qui
316 1209 429 1259 jurat
456 1208 661 1260 proximo
691 1220 787 1257 suo,
826 1212 870 1248 et
896 1220 985 1248 non

153 1263 332 1316 decipit,
357 1264 381 1290 *
411 1264 484 1316 qui
503 1264 736 1316 pecliniam
756 1277 879 1305 suam
897 1276 985 1304 non

153 1319 276 1362 dedit
294 1319 351 1361 ad
370 1323 559 1370 usuram,
588 1325 632 1362 et
649 1324 833 1361 munera
852 1332 985 1372 super

151 1376 430 1418 innocentem
449 1389 538 1418 non
558 1377 744 1429 accepit:

205 1433 289 1483 Qui
314 1432 419 1474 facit
440 1433 552 1483 haec,
575 1434 598 1459 *
626 1446 714 1475 non
736 1433 985 1475 movebitur

151 1488 195 1529 in
223 1491 447 1530 aeternum.

204 1554 303 1594 Ant.
338 1553 467 1595 Dabo
501 1554 663 1596 sanctis
696 1554 805 1595 meis
838 1554 985 1595 locum

151 1609 423 1651 nominatum
459 1610 505 1651 in
535 1623 673 1662 regno
707 1610 851 1652 Patris
887 1611 984 1660 mei,

153 1663 258 1706 dicit
284 1665 511 1707 Dominus.

206 1729 305 1769 Ant.
338 1729 526 1781 Sanctis,
561 1731 637 1782 qui
663 1731 707 1772 in
735 1736 853 1772 terra
883 1736 982 1772 sunt

153 1785 258 1836 ejus,
279 1786 302 1811 *
330 1786 579 1828 mirificavit
607 1796 759 1829 omnes
787 1787 984 1829 volunta-

151 1845 218 1882 tes
245 1854 366 1883 meas
394 1842 507 1884 inter
534 1842 644 1884 illos.

428 1930 627 1972 Psalmus
648 1933 706 1971 15.

226 1987 412 2027 onserva
436 1998 507 2027 me
535 1986 740 2036 Domine,
778 1988 984 2039 queniam

152 1986 222 2093 C
244 2042 420 2094 speravi
446 2042 490 2082 in
517 2047 573 2083 te.
598 2043 622 2068 *
646 2043 750 2084 Dixi
776 2043 983 2085 Demino:

149 2097 272 2139 Deus
297 2111 421 2140 meus
446 2110 493 2139 es
515 2103 579 2148 tu,
614 2100 822 2151 quoniam
846 2099 982 2142 bono-

150 2166 248 2194 rum
266 2156 465 2196 meorum
484 2167 572 2196 non
592 2167 706 2206 eges.

202 2211 388 2260 Sanctis,
415 2212 488 2263 qui
508 2216 608 2252 sunt
630 2212 674 2252 in
693 2217 810 2254 terra
829 2213 935 2264 ejus,
960 2213 983 2238 *

149 2267 398 2309 mirificavit
422 2280 574 2309 omnes
594 2268 843 2315 voluntates
862 2282 983 2310 meas

150 2323 194 2363 in
214 2323 287 2364 eis.
361 2321 364 2323 ’
823 2335 826 2338 ·

201 2379 503 2432 Multiplicatae
554 2385 655 2422 sunt
707 2381 983 2423 infirmitates

152 2437 319 2476 eorum:
338 2437 361 2462 *
380 2438 538 2489 pestea
557 2436 922 2479 acceleraverunt.

202 2491 304 2533 Non
349 2492 630 2544 congregabo
680 2493 983 2535 conventicula

152 2549 305 2589 e6rum
329 2548 384 2590 de
414 2549 712 2600 sanguinibus,
737 2550 760 2575 *
786 2562 867 2591 nec
896 2563 982 2592 me—

150 2616 248 2644 mor
281 2616 357 2645 ero
385 2606 611 2647 nominum
635 2608 788 2647 eorum
816 2619 896 2658 per
923 2606 982 2647 la-

151 2658 223 2700 bia
241 2672 366 2702 mea..

203 2716 420 2758 Deminus
442 2730 546 2769 pars
570 2717 841 2760 haereditatis
860 2731 983 2769 meae,

1804 204 1875 248 [39]

1040 302 1084 338 et
1104 297 1252 338 calicis
1271 299 1371 339 mei:
1390 298 1414 323 *
1432 303 1482 340 tu
1502 312 1559 348 eS,
1581 299 1655 351 qui
1670 301 1876 341 restitues

1039 353 1347 395 haereditatem
1365 368 1509 396 meam
1528 355 1644 396 mihi.

1092 410 1237 451 Funes
1253 411 1506 453 ceciderunt
1520 411 1626 452 mihi
1639 413 1683 453 in
1693 412 1875 465 praecla-

1039 467 1114 507 ris:
1138 467 1162 491 *
1188 468 1349 508 etenim
1379 467 1616 510 haereditas
1641 482 1740 510 mea
1764 482 1875 521 prae-

1040 522 1158 564 clara
1179 528 1246 564 est
1264 523 1379 564 mihi.

1092 580 1360 621 Benedicam
1395 581 1654 631 Dominum,
1694 582 1768 634 qui
1803 584 1876 623 tri-

1039 635 1134 678 buit
1153 636 1259 677 mihi
1281 637 1566 679 intellectum:
1586 638 1609 663 *
1628 640 1808 691 insuper
1833 643 1877 679 et

1039 706 1180 745 usque
1200 693 1256 734 ad
1275 699 1452 735 noctem
1474 694 1787 746 increpuerunt
1804 708 1875 736 me

1040 762 1167 790 renes
1186 750 1283 791 mei.

1091 805 1387 847 Providebam
1419 807 1658 848 Dominum
1695 808 1738 848 in
1776 820 1875 849 con-

1040 864 1195 914 spectu
1222 875 1321 904 meo
1350 876 1540 916 semper:
1564 864 1588 888 *
1615 864 1822 915 quoniam
1851 877 1876 904 a

1040 918 1207 960 dextris
1228 924 1295 960 est
1314 919 1430 969 mihi,
1450 932 1504 961 ne
1524 922 1818 961 comm6vear.

1090 975 1281 1028 Propter
1322 975 1407 1017 hoc
1448 975 1647 1017 laetatum
1689 982 1756 1018 est
1798 990 1875 1018 cor

1038 1045 1200 1081 meum,
1240 1037 1284 1073 et
1317 1032 1552 1074 exsultavit
1583 1032 1731 1083 lingua
1762 1046 1875 1074 mea:

1038 1089 1062 1114 *
1090 1091 1269 1141 insuper
1298 1094 1342 1130 et
1370 1102 1473 1130 caro
1502 1102 1600 1130 mea
1628 1090 1876 1142 requiescet

1038 1145 1082 1184 in
1101 1157 1191 1197 spe.

1091 1202 1309 1251 Quoniam
1345 1214 1434 1243 non
1472 1202 1750 1255 derelinques
1787 1204 1874 1244 ani-

1038 1271 1156 1298 mam
1183 1271 1328 1299 meam
1356 1258 1399 1299 in
1426 1259 1612 1300 inferno:
1640 1260 1663 1285 *
1690 1273 1772 1301 nec
1801 1260 1873 1302 da—

1038 1314 1106 1355 bis
1143 1320 1343 1356 sanctum
1380 1319 1504 1356 tuum
1540 1315 1691 1357 videre
1726 1329 1872 1358 corru-

1037 1371 1245 1423 ptic'mem.

1089 1427 1231 1468 Notas
1255 1428 1361 1468 mihi
1384 1428 1527 1470 fecisti
1546 1429 1638 1470 vias
1658 1429 1776 1479 vitae,
1800 1429 1872 1471 ad-

1037 1483 1242 1536 implebis
1261 1497 1331 1525 me
1351 1484 1504 1526 laetitia
1523 1498 1623 1526 cum
1638 1486 1762 1527 vultu
1781 1491 1873 1528 tuo:

1037 1541 1061 1566 *
1087 1540 1404 1582 delectationes
1428 1542 1472 1582 in
1498 1541 1681 1583 dextera
1705 1547 1780 1584 tua
1805 1557 1872 1584 us-

1040 1610 1124 1649 que
1143 1597 1187 1637 in
1206 1597 1350 1638 finem.

1092 1662 1191 1701 Ant.
1226 1661 1414 1711 Sanctis,
1452 1663 1526 1713 qui
1551 1663 1595 1703 in
1622 1667 1741 1704 terra
1770 1669 1871 1705 sunt

1038 1718 1147 1768 ejus,
1181 1718 1430 1759 mirificavit
1449 1731 1601 1759 omnes
1622 1719 1871 1762 voluntates

1037 1786 1158 1814 meas
1178 1774 1292 1815 inter
1311 1774 1421 1815 illos.

1092 1839 1190 1879 Ant.
1223 1839 1372 1880 Sancti
1402 1839 1475 1891 qui
1503 1845 1684 1892 sperant
1711 1840 1755 1880 in
1781 1841 1870 1881 Do-

1036 1894 1176 1944 mino,
1218 1895 1241 1920 *
1288 1894 1514 1937 habebunt
1555 1895 1870 1946 fortitudinem,

1037 1953 1262 1993 assument
1284 1964 1451 2004 pennas
1474 1956 1523 1993 ut
1547 1952 1724 2004 aquilae,
1751 1953 1869 1994 vola-

1036 2006 1156 2056 bunt,
1185 2012 1228 2049 et
1246 2020 1334 2049 non
1355 2007 1570 2049 deficient.

1312 2093 1512 2133 Psalmus
1532 2095 1595 2134 23.

1036 2156 1261 2261 Domini
1293 2165 1361 2201 est
1392 2165 1526 2210 terra,
1564 2165 1608 2202 et
1640 2160 1869 2213 plenitudo

1141 2216 1247 2267 ejus:
1269 2216 1293 2241 *
1318 2215 1437 2257 orbis
1457 2218 1690 2266 terrarum,
1717 2222 1761 2259 et
1780 2218 1870 2258 uni-

1036 2272 1152 2312 versi
1173 2272 1246 2324 qui
1265 2271 1466 2314 habitant
1484 2273 1527 2313 in
1548 2285 1612 2314 eo.

1089 2328 1200 2378 Quia
1227 2328 1322 2380 ipse
1353 2341 1485 2380 super
1510 2329 1647 2370 maria
1671 2329 1871 2371 fundavit

1037 2396 1152 2425 eum:
1171 2384 1194 2409 *
1215 2389 1259 2425 et
1287 2397 1420 2436 super
1444 2384 1624 2426 flumina
1648 2388 1869 2438 praepara-

1036 2440 1098 2480 vit
1118 2452 1228 2480 eum.
1292 2473 1294 2475 .

1089 2496 1196 2546 Quis
1230 2495 1439 2537 ascendet
1476 2496 1520 2536 in
1552 2502 1748 2538 montem
1780 2497 1867 2538 Do-

1035 2550 1162 2592 mini?
1182 2552 1206 2577 *
1226 2556 1300 2592 aut
1321 2552 1418 2604 quis
1438 2552 1572 2594 stabit
1590 2553 1634 2593 in
1651 2552 1752 2595 loco
1772 2566 1866 2594 san-

1037 2612 1109 2649 cto
1131 2605 1245 2659 ejus?

1088 2664 1306 2704 Innocens
1355 2664 1558 2706 manibus
1609 2669 1653 2706 et
1701 2662 1865 2704 mundo

1036 2719 1186 2769 corde,
1215 2720 1238 2745 *
1268 2719 1342 2772 qui
1368 2732 1457 2762 non
1482 2721 1652 2772 accepit
1679 2720 1723 2760 in
1750 2731 1864 2760 vano
