2040 2944
818 198 1022 233 Dominicu
1047 197 1095 230 ad
1119 196 1297 230 Primam.

263 304 411 354 Qualis
430 304 572 350 Pater,
597 300 695 342 talis
715 298 866 347 Filius,
885 299 908 323 *
929 297 1029 338 talis

211 361 396 413 Spiritus
416 363 599 400 sanctus.

263 418 484 457 Incredtus
495 415 633 461 Pater,
648 412 867 452 increz'ltus
883 409 1030 457 Filius,

212 474 235 497 *
255 473 469 513 increatus
488 470 673 521 Spiritus
693 472 879 508 sanctus

266 529 501 568 Immensus
530 526 675 573 Pater,
704 525 940 564 immensus
964 522 1031 562 Fiâ€”

213 584 310 630 lius,
329 584 351 607 *
375 583 608 622 immensus
632 580 819 633 Spiritus
844 583 1031 619 sanctus

264 640 469 680 AEternus
498 639 642 686 Pater,
670 638 859 677 aeternus
887 634 1032 683 Filius,

213 697 234 721 *
254 697 440 736 aeternus
458 694 643 746 Spiritus
663 698 848 733 sanctus.

262 751 317 792 Et
340 756 484 791 tamen
508 763 593 790 non
618 755 707 790 tres
727 748 892 796 aeterni,
911 748 933 772 *
955 746 1032 788 sed

213 820 321 848 unus
340 809 539 847 aeternus.

263 863 382 904 Sicut
402 876 486 903 non
511 868 600 903 tres
619 861 814 909 increati,
840 872 919 901 nec
944 864 1033 900 tres

213 919 425 967 immensi,
449 920 471 943 *
498 918 574 959 sed
599 931 708 963 unus
733 918 966 964 increatus,
991 920 1034 956 et

214 989 323 1016 unus
343 976 587 1015 immensus.

262 1030 1034 1082 SimiliteromnipotensPater,omni-

216 1092 371 1140 potens
396 1087 543 1135 Filius,
563 1088 585 1111 *
605 1089 881 1138 omnipotens
905 1085 1035 1137 Spiri-

215 1149 284 1184 tus
305 1149 490 1184 sanctus.

266 1200 322 1240 Et
337 1204 479 1240 tamen
496 1211 583 1239 non
598 1204 687 1239 tres
704 1198 1035 1250 omnipotentes,

214 1256 237 1280 *
257 1255 335 1296 sed
355 1269 464 1295 unus
485 1257 771 1307 omnipotens.

266 1313 332 1352 Ita
361 1312 481 1352 Deus
510 1312 655 1360 Pater,
687 1311 807 1351 Deus
836 1311 985 1360 Filius,
1013 1311 1036 1335 *

215 1368 336 1408 Deus
354 1368 538 1419 Spiritus
559 1372 744 1408 sanctus.

267 1423 322 1464 Et
362 1429 506 1464 tamen
543 1436 629 1464 non
666 1429 755 1464 tres
787 1423 871 1463 Dii:
903 1424 926 1449 *
959 1423 1038 1464 sed

217 1492 327 1519 unus
347 1485 413 1520 est
432 1480 562 1520 Deus.

268 1536 333 1576 Ita
353 1536 565 1576 Deminus
580 1536 719 1585 Pater,
738 1536 952 1576 Deminus
972 1536 1038 1576 Fi-

217 1591 309 1639 lius,
329 1592 351 1615 *
370 1592 583 1632 Deminus
602 1592 786 1644 Spiritus
806 1597 992 1633 sanctus.

268 1647 323 1688 Et
342 1653 485 1688 tamen
502 1660 588 1689 non
603 1653 692 1689 tres
708 1648 897 1689 Demini:
917 1649 940 1673 *
961 1648 1039 1690 sed

218 1717 327 1744 unus
348 1709 414 1745 est
431 1704 655 1745 Deminus.

269 1760 397 1810 Quia,
446 1760 557 1801 sicut
602 1760 849 1811 singillatim
894 1774 1040 1802 unam-

220 1818 436 1868 quamque
460 1818 694 1868 personam
717 1817 859 1858 Deum
884 1830 934 1858 ac
953 1818 1040 1858 Do-

219 1872 381 1912 minum
401 1873 595 1913 confiteri
611 1873 844 1914 christiana
859 1874 1042 1915 veritate

221 1928 534 1980 compellimur:
561 1929 584 1953 *
611 1929 671 1970 ita
702 1935 792 1970 tres
820 1930 940 1971 Deos
969 1936 1043 1971 aut

221 1984 434 2025 Dominos
450 1984 594 2026 dicere
610 1985 823 2027 catholica
835 1986 1042 2036 religione

222 2039 512 2091 prohibemur.

273 2097 401 2138 Pater
429 2110 453 2137 a
481 2097 599 2138 nullo
634 2103 700 2139 est
732 2098 885 2140 factus:
912 2100 935 2124 *
963 2112 1044 2140 nee

223 2154 404 2201 creatus,
424 2166 503 2195 nec
520 2154 700 2203 genitus.

274 2208 407 2249 Filius
427 2222 451 2250 a
470 2210 598 2251 Patre
618 2210 714 2251 solo
739 2216 819 2252 est:
838 2212 861 2236 *
881 2224 968 2252 non
986 2212 1043 2252 fa-

224 2269 330 2313 etus,
348 2278 427 2306 nec
447 2268 629 2316 creatus,
650 2266 727 2308 sed
747 2268 927 2317 genitus.

274 2321 459 2373 Spiritus
479 2328 654 2364 sanctus
674 2336 698 2364 a
713 2324 842 2365 Patre
863 2329 905 2365 et
920 2324 1043 2365 Filio:

223 2377 246 2401 *
266 2389 352 2417 non
372 2377 525 2426 factus,
554 2392 634 2420 nec
657 2381 844 2428 creatus,
872 2393 952 2421 nec
975 2382 1045 2431 ge-

224 2432 349 2481 nitus,
370 2433 447 2474 sed
466 2435 718 2486 procedens.

275 2488 396 2530 Unus
412 2503 515 2539 ergo
526 2491 666 2540 Pater,
681 2505 767 2533 non
778 2498 867 2533 tres
878 2493 1045 2534 Patres:

223 2557 334 2585 unus
359 2545 507 2593 Filius,
536 2559 621 2587 non
645 2552 733 2588 tres
758 2548 868 2588 Filii:
888 2550 910 2574 *
935 2562 1046 2590 unus

223 2601 408 2652 Spiritus
429 2608 618 2651 sanctus,
642 2616 728 2644 non
751 2610 840 2645 tres
860 2605 1046 2657 Spiritus

225 2657 372 2698 sancti.

275 2712 331 2754 Et
362 2713 404 2754 in
436 2713 518 2755 hac
545 2714 757 2758 Trinitate
789 2717 893 2758 nihil
925 2718 1046 2770 prius

1083 300 1158 336 aut
1185 293 1422 346 posterius,
1450 291 1555 333 nihil
1578 292 1717 343 majus
1742 296 1818 333 aut
1840 291 1916 331 mi-

1083 364 1179 392 nus:
1203 351 1226 375 *
1253 349 1332 391 sed
1359 354 1466 390 totae
1494 353 1585 390 tres
1612 349 1817 400 persenae
1846 359 1916 389 co-

1085 409 1261 449 aeternae
1282 405 1364 447 sibi
1385 410 1486 446 sunt
1505 409 1549 446 et
1567 403 1830 456 coaequales.

1136 465 1203 504 Ita
1222 468 1271 504 ut
1284 475 1365 515 per
1381 461 1537 510 omnia,
1558 461 1671 502 sicut
1684 461 1770 512 jam
1785 472 1919 513 supra

1086 520 1251 562 dictum
1270 524 1348 567 est,
1363 519 1386 543 *
1403 524 1446 559 et
1465 518 1609 558 unitas
1628 517 1672 557 in
1691 517 1918 566 Trinitate,

1086 582 1130 618 et
1149 576 1342 616 Trinitas
1356 575 1400 615 in
1411 575 1577 615 unitate
1588 572 1839 615 veneranda
1852 573 1919 614 sit.

1139 633 1223 682 Qui
1247 631 1340 673 vult
1364 643 1470 681 ergo
1495 630 1643 671 salvus
1673 642 1788 679 esse,
1811 630 1835 655 *
1859 629 1920 670 ita

1087 689 1142 731 de
1162 689 1377 729 Trinitate
1398 687 1567 728 sentiat.

1138 745 1226 787 Sed
1240 744 1539 786 necessarium
1555 748 1623 785 est
1638 742 1694 784 ad
1710 744 1921 784 aeternam

1088 803 1289 851 salutem,
1313 803 1336 827 *
1365 806 1413 842 ut
1437 800 1789 841 Incarnatic'mem
1815 812 1920 851 quo-

1089 872 1173 911 que
1192 858 1371 899 Domini
1394 857 1535 898 nostri
1558 857 1582 897 J
1586 869 1664 898 esu
1690 855 1850 897 Christi
1874 855 1921 896 fi-

1088 915 1244 957 deliter
1264 913 1426 958 credat.

1139 972 1221 1012 Est
1249 983 1355 1021 ergo
1384 969 1495 1011 fides
1523 974 1660 1019 recta,
1697 973 1745 1010 ut
1772 967 1922 1010 creda-

1087 1041 1185 1069 mus
1211 1032 1254 1069 et
1279 1027 1585 1075 confiteamur,
1604 1026 1628 1051 *
1649 1025 1750 1077 quia
1773 1025 1923 1066 Demi-

1088 1098 1169 1125 nus
1194 1089 1345 1125 noster
1368 1083 1392 1124 J
1395 1096 1497 1124 esus
1524 1082 1724 1124 Christus
1747 1082 1832 1123 Dei
1855 1081 1923 1122 Fi-

1090 1142 1183 1190 lius,
1202 1141 1324 1181 Deus
1345 1144 1389 1181 et
1407 1139 1541 1180 homo
1563 1143 1640 1180 est.

1141 1198 1263 1238 Deus
1301 1201 1368 1237 est
1405 1208 1459 1237 ex
1498 1194 1744 1236 substantia
1779 1193 1924 1234 Patris

1090 1258 1190 1295 ante
1228 1252 1390 1294 saecula
1426 1252 1614 1302 genitus:
1650 1251 1674 1276 *
1712 1255 1756 1292 et
1790 1250 1924 1291 homo

1091 1315 1158 1351 est
1182 1323 1237 1351 ex
1262 1308 1507 1351 substantia
1525 1308 1678 1349 matris
1697 1307 1741 1347 in
1761 1305 1924 1348 saeculo

1089 1371 1229 1407 natus.

1141 1423 1368 1464 Perfectus
1383 1422 1516 1471 Deus,
1535 1421 1758 1474 perfectus
1777 1420 1926 1462 homo:

1090 1481 1113 1505 *
1147 1493 1202 1521 ex
1235 1479 1379 1520 anima
1411 1478 1628 1528 rationali,
1661 1482 1704 1519 et
1735 1477 1926 1519 humana

1092 1549 1222 1577 carne
1243 1535 1500 1577 subsistens.

1144 1592 1347 1645 AEquzilis
1365 1591 1486 1633 Patri
1510 1590 1752 1632 secundum
1776 1589 1927 1632 divini-

1091 1651 1243 1690 tatem:
1279 1649 1302 1674 *
1338 1648 1481 1689 minor
1515 1648 1646 1688 Patre
1684 1645 1928 1688 secundum

1092 1705 1418 1746 humanitatem.

1146 1762 1240 1812 Qui,
1254 1761 1357 1803 licet
1371 1762 1493 1803 Deus
1510 1761 1566 1802 sit
1581 1765 1625 1802 et
1638 1759 1785 1809 homo,
1799 1760 1824 1785 Â¹â¸Â¹
1837 1771 1928 1801 non

1095 1818 1182 1860 duo
1201 1824 1363 1867 tamen,
1388 1817 1468 1860 sed
1492 1830 1605 1859 unus
1629 1821 1697 1858 est
1717 1815 1928 1858 Christus.

1146 1875 1268 1917 Unus
1289 1880 1435 1916 autem
1454 1887 1542 1916 non
1562 1873 1852 1915 conversione
1867 1871 1928 1914 dj-

1095 1931 1287 1972 vinitatis
1315 1932 1358 1971 in
1387 1943 1578 1980 carnemÍ¾
1603 1931 1627 1955 *
1655 1929 1736 1971 sed
1764 1941 1929 1970 assum-

1095 1988 1245 2040 ptione
1265 1987 1548 2029 humanitatis
1567 1987 1611 2027 in
1630 1986 1785 2028 Deum.

1147 2044 1270 2086 Unus
1307 2046 1505 2093 omnino,
1547 2055 1636 2084 non
1673 2042 1930 2084 confusi6ne

1097 2100 1366 2149 substantiae,
1385 2101 1408 2126 *
1429 2099 1508 2142 sed
1527 2100 1694 2141 unitate
1713 2100 1930 2152 personae.

1147 2157 1262 2197 Nam
1301 2157 1413 2198 sicut
1450 2157 1594 2197 anima
1626 2154 1854 2197 rationailis
1887 2159 1931 2196 et

1097 2226 1200 2254 caro
1226 2227 1337 2254 unus
1364 2218 1431 2255 est
1453 2212 1603 2254 homo:
1622 2213 1645 2238 *
1664 2212 1726 2253 ita
1744 2212 1867 2253 Deus
1887 2215 1931 2253 et

1096 2269 1229 2311 homo
1249 2283 1361 2311 unus
1381 2275 1448 2311 est
1469 2269 1679 2311 Christus.

1150 2326 1233 2376 Qui
1252 2339 1409 2378 passus
1430 2331 1497 2367 est
1511 2338 1593 2378 pro
1610 2325 1750 2366 salute
1765 2328 1931 2366 nostra:

1098 2381 1327 2423 descendit
1360 2382 1415 2424 ad
1448 2383 1628 2423 inferos:
1651 2382 1674 2407 *
1698 2381 1828 2423 tertia
1860 2379 1930 2422 die

1098 2439 1337 2480 resurrexit
1356 2452 1381 2479 a
1399 2439 1596 2480 mertuis.

1151 2494 1364 2536 Ascendit
1400 2494 1457 2536 ad
1498 2494 1658 2544 coeIOS,
1708 2493 1834 2536 sedet
1875 2492 1932 2534 ad

1099 2550 1325 2592 dexteram
1344 2551 1428 2592 Dei
1443 2551 1587 2592 Patris
1603 2550 1931 2603 omnipotentis:

1098 2606 1241 2648 *inde
1260 2611 1472 2648 venturus
1498 2613 1565 2649 est
1588 2607 1782 2660 judicare
1806 2607 1931 2648 vivos

1100 2668 1143 2704 et
1162 2666 1372 2705 mortuos.

1152 2719 1223 2761 Ad
1251 2720 1372 2771 cujus
1402 2719 1643 2762 adventum
1675 2731 1828 2761 omnes
1856 2718 1932 2760 ho-
