2040 2944
619 157 690 191 Die
718 156 766 190 14.
790 156 891 199 Sept.
939 155 981 188 ln
1006 154 1252 188 Exaltatione
1277 153 1311 187 S.
1338 153 1483 187 Crucis.

194 257 218 282 *
237 255 412 307 justitia,
432 259 476 295 et
498 252 702 304 judicium
721 253 936 294 correctio
958 265 1021 294 se-

197 311 264 354 dis
284 313 385 363 ejus.

247 368 364 419 Ignis
392 372 492 407 ante
520 365 663 417 ipsum
682 365 916 416 praecedet,
935 366 958 391 *
979 371 1022 407 et

195 423 435 465 inflamabit
449 422 492 462 in
507 421 691 464 circuitu
706 421 904 463 inimicos
920 423 1021 474 ejus.

247 480 488 521 llluxe'runt
512 478 683 529 fulgura
707 479 798 530 ejus
823 478 919 519 orbi
939 483 1021 519 ter-

196 550 271 578 rae:
297 537 319 561 *
343 534 463 584 vidit,
491 539 535 576 et
561 537 779 576 commota
805 540 871 576 est
895 540 1022 576 terra.

246 593 435 641 Montes,
469 591 580 633 sicut
614 604 714 632 cera
746 591 964 632 fluxerunt
998 604 1022 632 a

195 649 303 690 facie
341 648 539 689 Domini:
576 648 599 673 *
638 660 663 688 a
699 647 808 688 facie
845 647 1022 688 Domini

195 705 335 746 omnis
354 710 480 746 terra.

248 760 629 802 Annuntiaverunt
674 759 774 801 coeli
816 759 1023 811 justitiam

196 819 303 869 ejus:
331 818 354 843 *
383 822 427 858 et
455 816 658 858 viderunt
686 828 839 857 omnes
870 815 1024 868 populi

194 874 379 925 gloriam
398 874 499 924 ejus.

248 928 581 972 Confundantur
623 941 791 978 omneS,
837 929 911 982 qui
952 929 1023 970 ad-

197 990 322 1028 orant
350 986 584 1038 sculptilia:
611 986 635 1010 *
665 990 707 1026 et
737 985 810 1037 qui
838 986 1024 1037 glorian-

195 1051 266 1086 tur
283 1044 326 1083 in
346 1042 591 1083 simulacris
614 1042 714 1083 suis.

247 1099 446 1141 Adorate
467 1111 567 1139 eum
583 1111 735 1140 omnes
748 1098 905 1149 Angeli
920 1099 1025 1150 ejus:

197 1158 220 1182 *
240 1156 418 1204 audivit,
438 1160 482 1196 et
500 1155 649 1196 laetata
669 1160 736 1196 est
755 1155 871 1196 Sion.

249 1214 305 1255 Et
338 1212 666 1254 exsultaverunt
698 1212 800 1252 filiae
832 1211 975 1261 Judae,
1003 1212 1026 1237 *

198 1275 382 1322 propter
401 1268 559 1320 judicia
578 1273 653 1309 tua
672 1269 876 1310 Domine:

251 1326 469 1376 Quc'miam
482 1330 529 1366 tu
544 1325 758 1366 D6minus
774 1325 1028 1366 Altissimus

199 1395 331 1435 super
356 1394 531 1424 omnem
555 1386 731 1423 terram:
757 1384 780 1408 *
805 1382 934 1423 nimis
958 1395 1028 1424 ex-

201 1440 360 1481 altatus
381 1452 428 1480 es
449 1451 580 1491 super
599 1450 752 1480 omnes
773 1438 892 1480 deos.

252 1496 336 1546 Qui
383 1495 563 1546 diligitis
607 1496 861 1546 D6minum,
908 1495 1028 1537 odite

199 1553 375 1594 malum:
407 1553 430 1578 *
463 1552 657 1594 custodit
689 1553 903 1593 Dominus
942 1553 1028 1593 ani-

199 1622 293 1650 mas
319 1611 571 1650 sanctorum
596 1611 792 1659 suorum,
818 1609 873 1651 de
898 1622 1030 1650 manu

200 1666 447 1718 peccatoris
465 1665 669 1707 liberabit
689 1679 777 1707 eos.

251 1723 348 1763 Lux
380 1728 477 1764 orta
511 1727 579 1764 est
609 1723 735 1774 justo,
766 1724 790 1748 *
823 1728 867 1765 et
898 1722 1030 1764 rectis

201 1778 335 1821 corde
354 1778 516 1820 laetitia.

254 1835 486 1877 Laetamini
510 1836 610 1887 justi
633 1837 677 1876 in
703 1837 911 1878 Domino:
937 1838 961 1864 *
987 1842 1032 1878 et

202 1892 469 1933 confitemini
515 1893 739 1934 memo‘riae
789 1893 1031 1935 sanctifica-

201 1949 333 1990 tionis
353 1950 454 2001 ejus.

257 2007 355 2047 Ant.
388 2007 468 2047 Per
497 2005 662 2056 lignum
690 2006 806 2047 servi
833 2006 936 2048 facti
964 2018 1032 2046 su-

203 2075 315 2111 mus,
341 2067 384 2103 et
406 2075 486 2114 per
505 2067 701 2104 sanctam
722 2063 908 2104 Crucem
928 2062 1032 2105 libe-

204 2119 286 2160 rati
304 2132 468 2160 sumus:
491 2119 657 2161 fructus
673 2119 842 2161 arboris
858 2119 1034 2161 seduxit

205 2188 302 2216 nos:
327 2176 463 2217 Filius
483 2176 568 2218 Dei
592 2176 779 2218 redemit
797 2190 894 2227 nos,
921 2177 1033 2218 allel.

260 2235 358 2276 Ant.
393 2233 594 2274 Salvator
619 2233 769 2275 mundi
794 2234 914 2275 salva
938 2247 1034 2275 nos:

207 2289 278 2340 qui
305 2301 384 2340 per
408 2290 593 2331 Crucem
618 2294 662 2331 et
686 2291 942 2340 sanguinem
968 2295 1032 2332 tu-

207 2357 279 2385 um
298 2344 521 2388 redemisti
540 2359 639 2396 nos,
666 2346 877 2388 auxiliare
895 2347 1034 2396 nobis,

206 2406 250 2442 te
270 2401 558 2454 deprecamur
577 2404 698 2445 Deus
717 2409 878 2446 noster.

476 2460 673 2501 Psalmus
702 2462 765 2501 97.

210 2509 436 2618 Cantate
467 2514 657 2556 Domino
701 2516 919 2556 canticum
958 2529 1033 2557 no-

302 2583 419 2611 vum:
446 2571 469 2595 *
500 2571 600 2622 quia
629 2571 846 2612 mirabilia
874 2572 987 2613 fecit.

258 2627 453 2668 Salvavit
481 2627 563 2668 sibi
592 2627 772 2669 dextera
802 2629 909 2680 ejus:
939 2630 962 2655 *
991 2634 1035 2669 et

208 2683 435 2725 brachium
455 2689 653 2725 sanctum
673 2685 774 2735 ejus.

1126 251 1294 293 Notum
1328 251 1430 293 fecit
1462 250 1679 292 Dominus
1715 250 1907 292 salut-§re

1076 321 1218 349 suum:
1242 309 1266 335 *
1288 307 1334 348 in
1353 309 1596 360 conspectu
1616 307 1823 349 Gentium
1842 319 1905 348 re-

1076 364 1237 406 velavit
1255 365 1464 416 justitiam
1485 376 1620 405 suam.

1127 421 1406 463 Recordams
1466 425 1533 462 est
1591 418 1907 462 misericordiae

1077 491 1183 528 suae,
1211 479 1235 505 *
1264 483 1308 520 et
1331 477 1530 520 veritatis
1554 489 1646 518 suae
1672 475 1823 518 domui
1846 476 1906 517 Is-

1077 535 1178 576 rael.

1130 591 1350 634 Viderunt
1370 604 1523 633 omnes
1542 590 1717 633 termini
1734 595 1866 632 terrae
1885 589 1908 614 *

1077 649 1268 691 salutare
1287 649 1371 691 Dei
1390 648 1542 690 nostri.

1128 705 1152 746 J
1154 705 1319 747 ubilate
1338 706 1436 747 Deo
1457 705 1599 746 omnis
1618 709 1748 746 terra:
1767 704 1791 731 *
1811 715 1907 744 can-

1077 764 1179 812 tate,
1199 766 1243 803 et
1262 761 1490 811 exsultate,
1511 767 1555 804 et
1574 761 1762 814 psallite.

1128 818 1310 860 Psallite
1337 818 1530 860 Domino
1564 819 1609 859 in
1646 816 1832 866 cithara,
1866 816 1910 857 in

1078 875 1246 917 cithara
1270 880 1314 917 et
1338 887 1450 917 voce
1474 875 1647 928 psalmi:
1673 875 1697 900 *
1723 874 1766 915 in
1792 872 1910 915 tubis

1080 931 1327 982 ductilibus,
1347 936 1392 974 et
1409 944 1520 973 voce
1538 931 1658 974 tubae
1679 933 1864 972 corneae.

1130 988 1323 1030 Jubilate
1347 988 1391 1029 in
1418 990 1661 1041 conspectu
1686 987 1804 1038 regis
1823 987 1911 1028 Do-

1079 1045 1202 1085 mini:
1230 1045 1254 1070 *
1279 1046 1511 1086 moveatur
1537 1056 1677 1093 mare,
1707 1048 1751 1086 et
1777 1042 1911 1096 pleni-

1079 1100 1189 1143 tudo
1218 1102 1324 1153 ejus:
1357 1100 1478 1143 orbis
1505 1102 1737 1150 terrarum,
1767 1104 1811 1141 et
1838 1098 1911 1151 qui

1079 1156 1280 1199 habitant
1298 1157 1343 1198 in
1363 1169 1429 1199 eo.

1132 1213 1332 1255 Flumina
1364 1213 1576 1266 plaudent
1604 1225 1755 1261 manu,
1787 1209 1915 1252 simul

1081 1276 1254 1313 montes
1291 1270 1575 1312 exsultabunt
1609 1282 1635 1310 a
1671 1269 1915 1321 conspectu

1082 1328 1275 1369 Domini:
1299 1329 1323 1355 *
1347 1327 1556 1380 queniam
1579 1325 1700 1368 venit
1720 1324 1915 1377 judicare

1082 1389 1255 1426 terram.

1133 1441 1357 1483 Judicabit
1381 1440 1534 1482 orbem
1557 1441 1774 1482 terrarum
1794 1438 1838 1478 in
1857 1438 1914 1490 ju-

1082 1499 1210 1549 stitia,
1229 1499 1254 1526 *
1274 1503 1319 1540 et
1336 1497 1530 1551 pepulos
1547 1497 1592 1538 in
1611 1495 1832 1548 aequitate.

1139 1555 1239 1596 Ant.
1273 1555 1476 1596 Salvator
1502 1552 1654 1595 mundi
1677 1551 1799 1593 salva
1822 1563 1919 1592 nos:

1085 1612 1158 1664 qui
1182 1624 1263 1664 per
1285 1612 1472 1653 Crucem
1500 1615 1544 1652 et
1571 1609 1829 1660 sanguinem
1855 1612 1919 1650 tu-

1083 1682 1157 1709 um
1175 1667 1401 1710 redemisti
1418 1680 1517 1718 nOS,
1544 1666 1756 1709 auxiliare
1778 1664 1920 1716 nobis,

1083 1730 1128 1767 te
1148 1725 1440 1778 deprecamur
1459 1724 1581 1765 Deus
1600 1727 1764 1764 noster.

1140 1779 1190 1831 V.
1209 1781 1362 1823 Omnis
1378 1786 1497 1823 terra
1511 1779 1669 1822 adoret
1682 1783 1738 1829 te,
1756 1782 1800 1820 et
1813 1777 1921 1843 psal:

1085 1838 1147 1880 lat
1165 1838 1259 1880 tibi.
1295 1839 1346 1891 R.
1369 1837 1594 1879 Psalmum
1617 1810 1738 1878 dicat'
1755 1834 1919 1876 nomini

1085 1900 1163 1937 tuo
1183 1895 1385 1936 Domine.

1088 1970 1243 2012 Lectio
1263 1969 1404 2012 sancti
1423 1966 1652 2019 Evangelii
1673 1965 1918 2008 secundum

1391 2026 1415 2067 J
1418 2027 1617 2067 oannem.

1166 2087 1319 2128 Lectio
1335 2085 1402 2127 vii.
1614 2083 1719 2134 Cap.
1734 2082 1791 2122 12.
1807 2093 1842 2121 e.

1135 2163 1163 2189 n
1188 2148 1264 2189 illo
1289 2149 1506 2200 tempore:
1532 2145 1657 2187 Dixit
1680 2145 1706 2186 J
1708 2157 1808 2186 esus
1832 2149 1919 2186 tur-

1158 2205 1227 2247 bis
1254 2204 1528 2246 Judaeorum:
1558 2202 1687 2244 Nunc
1713 2200 1921 2253 judicium

1089 2267 1156 2304 est
1190 2260 1356 2303 mundi:
1401 2273 1516 2302 nunc
1552 2259 1758 2312 princeps
1794 2257 1920 2308 hujus

1087 2318 1239 2360 mundi
1260 2318 1454 2371 ejicietur
1473 2317 1603 2358 foras.
1632 2315 1687 2356 Et
1706 2313 1886 2366 re‘liqua.

1154 2393 1303 2434 Homil
1316 2396 1350 2434 'a
1369 2391 1509 2433 sancti
1527 2390 1689 2432 Leonis
1708 2390 1854 2442 Papae.

1113 2456 1230 2491 Serm.
1248 2455 1282 2490 8.
1305 2454 1352 2488 de
1369 2453 1478 2488 Pass.
1496 2450 1669 2492 Domini,
1688 2453 1778 2493 post
1799 2448 1898 2483 med.

1097 2519 1105 2537 ’Ἰ
1206 2514 1390 2563 ΧειΙῒέιῒο,
1410 2511 1698 2560 dilectissimi,
1717 2524 1798 2564 per
1817 2511 1920 2552 Cru-

1097 2605 1106 2626 ¹
1128 2566 1199 2636 ἐξῆ
1223 2583 1317 2612 cem
1340 2545 1531 2619 Christo,
1550 2581 1638 2609 non
1658 2543 1732 2608 il'la
1750 2573 1919 2609 tantum

1094 2648 1199 2653 ψ*-
1222 2627 1395 2680 species
1427 2625 1624 2678 aspectui
1655 2622 1819 2666 mentis
1850 2636 1920 2665 oc-

1088 2688 1250 2734 currat,
1283 2696 1382 2736 quae
1415 2683 1495 2723 fuit
1528 2682 1571 2722 in
1600 2681 1739 2723 Oculis
1767 2680 1919 2732 impio-
