2040 2944
642 202 744 235 Infra
769 202 1064 237 Hebdomadam
1086 204 1134 238 iv.
1160 204 1346 239 Octobris.

144 293 435 335 Heliodorum
453 294 705 346 instigasset
724 295 780 337 ad
799 295 905 346 haec,
926 301 969 338 et

143 350 239 403 ipse
290 350 443 393 fuisset
492 351 689 393 incentor
740 351 968 394 malorum:

143 406 506 459 provisoremque
526 407 730 458 civitatis,
755 421 806 450 ac
824 408 967 450 defen-

145 464 290 504 sorem
308 464 451 514 gentis
471 477 579 515 suae,
606 469 650 506 et
669 464 969 506 aemulatorem

143 517 252 569 legis
270 519 355 560 Dei
373 518 564 562 audebat
586 519 887 563 insidiatorem
904 533 968 562 re-

143 574 216 626 gni
236 574 394 618 dicere.
425 576 527 627 Sed,
553 589 652 619 cum
670 577 907 619 inimicitiae
925 577 969 618 in

143 635 312 674 tantum
331 632 640 684 procederent,
665 639 714 676 ut
737 634 867 676 etiam
890 647 969 686 per

145 688 362 739 quosdam
384 689 572 732 Simonis
595 691 869 732 necessarios
893 690 968 732 ho-

143 744 320 786 micidia
338 745 508 788 fierent:
533 747 815 789 considerans
835 747 969 789 Onias

144 801 387 853 periculum
420 804 729 855 contentionis,
762 809 806 846 et
833 804 968 857 Apol-

144 857 309 899 lonium
324 859 523 911 insanire,
541 863 696 913 atpote
713 861 868 903 ducem
883 861 971 902 Coe·

136 913 325 966 ›lesyriae,
346 921 389 958 et
402 916 634 968 Phoenicis,
652 917 709 959 ad
724 917 969 968 augendam

144 970 354 1013 malitiam
391 972 595 1024 Simonis,
637 973 694 1016 ad
734 987 881 1025 regem
922 987 970 1016 se

145 1027 344 1079 contulit,
369 1043 457 1071 non
479 1035 527 1072 ut
551 1031 710 1072 civium
729 1033 968 1081 accusator,

145 1083 224 1125 sed
265 1089 540 1128 communem
580 1087 814 1129 utilitatem
850 1087 967 1140 apud

144 1143 429 1194 semetipsum
446 1143 661 1185 universae
680 1143 968 1195 multitudinis

143 1196 437 1239 considerans.

198 1253 250 1304 Rz.
273 1253 514 1307 Adaperiat
531 1256 756 1298 Dominus
775 1258 868 1298 180.

453 1310 605 1351 Lectio
626 1311 665 1351 ii.

234 1366 386 1409 idebat
409 1368 523 1409 enim
548 1369 642 1411 sine
665 1370 801 1421 regali
823 1371 967 1424 provi-

247 1424 394 1466 dentia
412 1425 685 1478 impossibile
703 1440 800 1469 esse
814 1441 968 1480 pacem

144 1480 275 1522 rebus
312 1480 423 1532 dari,
462 1495 542 1524 nec
574 1483 795 1526 Simonem
834 1498 968 1538 posse

145 1539 318 1579 cessare
345 1550 371 1579 a
397 1539 582 1581 stultitia
614 1553 702 1582 sua.
747 1540 835 1583 Sed
866 1547 969 1594 post

144 1593 314 1636 Seleuci
327 1595 430 1636 vitae
449 1598 689 1647 excessum,
709 1610 807 1639 cum
825 1611 968 1640 susce-

143 1652 282 1703 pisset
304 1663 486 1702 regnum
504 1653 762 1704 Antiochus,
789 1655 862 1707 qui
880 1655 967 1697 No-

142 1706 243 1749 bilis
262 1708 577 1762 appellabatur,
589 1710 816 1753 'ambiebat
834 1712 859 1753 J
861 1724 968 1753 ason

143 1763 276 1806 frater
291 1764 416 1806 Oniae
431 1778 646 1807 summum
662 1767 968 1810 sacerdotium:

143 1818 263 1862 adito
294 1833 414 1872 rege,
445 1825 706 1875 promittens
735 1824 774 1866 ei
802 1825 968 1876 argenti

142 1875 306 1919 talenta
331 1879 529 1921 trecenta
560 1882 804 1931 sexaginta,
842 1886 886 1923 et
913 1894 968 1923 ex

142 1931 354 1975 reditibus
394 1934 488 1976 aliis
528 1935 693 1978 talenta
728 1939 967 1988 octoginta,

144 2001 276 2042 super
292 1989 389 2032 haec
407 1991 694 2044 promittebat
712 1998 755 2035 et
772 1993 856 2034 alia
871 2006 966 2035 cen-

143 2049 236 2087 tum
255 2047 579 2099 quinquaginta,
599 2049 635 2089 si
651 2050 862 2101 potestati
877 2051 967 2102 ejus

143 2101 456 2145 concederetur
474 2105 757 2156 gymnasium,
777 2110 820 2148 et
839 2105 967 2158 ephe-

142 2157 260 2200 biam
284 2159 367 2201 sibi
393 2161 678 2212 constitaere,
704 2167 747 2204 et
772 2174 867 2212 eos,
894 2163 968 2215 qui

142 2214 186 2255 in
204 2215 229 2256 J
231 2216 490 2269 erosolymis
509 2222 647 2268 erant,
667 2218 967 2260 Antiochenos

143 2271 344 2314 scribere.

199 2326 250 2378 R.
272 2327 492 2371 Exaudiat
510 2329 734 2372 Dominus.
752 2332 831 2372 181.

446 2383 598 2424 Lectio
618 2383 673 2424 iii.

226 2440 317 2483 uod
340 2455 438 2483 cum
460 2454 538 2484 rex
564 2444 802 2492 annuisset,
828 2447 872 2484 et
891 2442 965 2484 ob-

245 2498 446 2540 tinuisset
478 2499 787 2551 principatum,
820 2499 966 2540 statim

143 2551 202 2594 ad
252 2554 471 2596 Gentilem
521 2555 652 2597 ritum
702 2554 966 2596 contribules

143 2621 248 2650 suos
274 2610 508 2652 transferre
536 2611 681 2663 coepit.
726 2612 782 2652 Et
809 2611 966 2652 amotis

143 2664 222 2714 his,
242 2677 340 2716 quae
357 2665 637 2710 humanitatis
657 2680 787 2709 causa
803 2667 827 2707 J
828 2665 966 2708 udaeis

145 2733 170 2762 a
197 2721 372 2772 regibus
400 2723 570 2766 fuerant
601 2724 854 2772 constituta,
886 2736 966 2776 per

297 2861 360 2886 Pars
375 2862 545 2887 Autumnalis.

1780 203 1846 238 185

1021 296 1046 336 J
1049 299 1234 338 oannem
1270 303 1440 350 patrem
1475 299 1724 351 Eupolemi,
1770 299 1843 350 qui

1021 351 1140 405 apud
1158 354 1382 396 Romanos
1403 353 1457 396 de
1477 355 1682 405 amicitia,
1707 360 1750 397 et
1776 368 1842 396 so-

1022 409 1179 450 cietate
1210 410 1382 452 functus
1409 417 1475 454 est
1499 412 1717 463 legatione
1742 411 1843 462 legi-

1020 465 1135 515 tima,
1155 466 1313 507 civium
1331 469 1422 519 iura
1439 468 1689 518 destituens,
1708 481 1844 520 prava

1020 521 1217 563 institata
1236 523 1467 566 sanciebat.

1024 605 1025 608 =
1078 585 1128 636 R.
1152 583 1416 635 Congregati
1436 590 1544 626 sunt.
1564 586 1644 626 181.

1227 706 1261 742 F
1279 717 1302 743 e
1319 717 1339 742 r
1354 707 1367 742 i
1385 717 1410 743 a
1444 706 1472 743 S
1490 718 1512 743 e
1531 718 1556 742 x
1573 710 1589 742 t
1605 718 1641 744 a.

1024 766 1090 806 De
1117 763 1228 806 libro
1263 763 1456 806 secundo
1483 763 1844 806 Machabaeorum.

1129 831 1280 872 Lectio
1302 831 1324 870 i.
1586 830 1687 881 Cap.
1708 831 1743 870 5.

1051 894 1241 946 &odem
1272 897 1472 948 tempore
1504 895 1746 937 Antiochus
1781 909 1843 938 se-

1128 950 1315 993 cundam
1338 951 1655 1004 profectionem
1674 953 1844 1005 paravit

1021 1009 1065 1050 in
1089 1008 1341 1061 AEgyptum.
1381 1008 1574 1059 Contigit
1597 1014 1742 1051 autem
1766 1023 1844 1062 per

1021 1065 1267 1107 universam
1295 1065 1319 1106 J
1322 1065 1670 1118 erosolymorum
1697 1066 1843 1107 civita-

1020 1128 1110 1164 tem
1130 1121 1268 1163 videri
1288 1121 1442 1163 diebus
1462 1121 1747 1174 quadraginta
1765 1135 1844 1175 per

1022 1180 1124 1219 aera
1143 1177 1311 1230 equites
1336 1178 1643 1228 discurrenteS,
1669 1181 1843 1220 auratas

1022 1234 1158 1276 stolas
1188 1234 1417 1285 habenteS,
1455 1239 1498 1276 et
1529 1234 1682 1285 hastis,
1722 1236 1844 1288 quasi

1023 1290 1238 1342 cohortes,
1258 1294 1460 1341 armatos,
1480 1297 1522 1334 et
1541 1305 1691 1333 cursus
1712 1294 1841 1344 equo-

1021 1360 1116 1389 rum
1138 1361 1218 1400 per
1242 1348 1417 1390 ordines
1442 1348 1654 1399 digestos,
1683 1353 1725 1390 et
1744 1361 1842 1390 con-

1020 1405 1267 1455 gressiones
1285 1405 1380 1446 fieri
1399 1405 1609 1454 cominuS,
1634 1410 1677 1446 et
1702 1407 1842 1447 scuto-

1021 1474 1117 1502 rum
1135 1466 1291 1512 motus,
1311 1467 1354 1503 et
1369 1462 1639 1512 galeatorum
1654 1462 1840 1504 multitu-

1023 1517 1167 1559 dinem
1185 1517 1342 1569 gladiis
1362 1517 1581 1568 districtiS,
1601 1524 1643 1561 et
1658 1519 1843 1560 telorum

1021 1576 1167 1626 iactuS,
1179 1580 1222 1616 et
1233 1577 1463 1617 aureorum
1473 1578 1693 1617 armorum
1701 1575 1841 1627 splen-

1022 1630 1193 1681 dorem,
1226 1634 1455 1684 omnisque
1486 1632 1656 1683 generis
1688 1632 1841 1673 lorica-

1020 1699 1127 1728 rum.
1161 1688 1440 1740 Quapropter
1460 1701 1611 1729 omnes
1630 1688 1843 1739 rogabant

1020 1743 1063 1783 in
1082 1742 1245 1785 bonum
1263 1749 1458 1786 monstra
1477 1745 1683 1786 converti.

1075 1802 1126 1854 Ra.
1149 1805 1367 1857 Impetum
1385 1805 1666 1847 inimicorum.
1685 1807 1764 1846 181.

1326 1873 1478 1915 Lectio
1500 1873 1539 1913 ii.

1096 1939 1152 1981 ed
1183 1952 1281 1981 cum
1318 1940 1453 1981 falsus
1485 1953 1633 1982 rumor
1665 1943 1840 1990 exisset,

1107 2001 1330 2048 tamquam
1355 1997 1445 2038 vita
1469 1999 1730 2039 excessisset
1754 1997 1841 2037 An-

1019 2052 1209 2102 tiochus,
1238 2053 1473 2105 assumptis
1496 2053 1629 2094 Jason
1657 2066 1743 2094 non
1765 2053 1839 2094 mi-

1019 2122 1100 2149 nus
1123 2108 1240 2149 mille
1259 2108 1378 2158 viris,
1404 2111 1584 2161 repente
1610 2111 1840 2160 aggressus

1021 2170 1086 2206 est
1106 2165 1340 2206 civitatem:
1361 2170 1404 2206 et
1419 2165 1585 2207 civibus
1600 2164 1656 2207 ad
1670 2179 1840 2207 murum

1020 2220 1368 2271 convolantibus,
1395 2220 1451 2262 ad
1469 2221 1669 2262 ultimum
1687 2234 1839 2274 appre-

1020 2277 1156 2318 hensa
1187 2276 1378 2326 civitate,
1411 2277 1635 2318 Menelaus
1662 2277 1771 2328 fugit
1797 2278 1841 2319 in

1020 2345 1178 2374 arcem:
1197 2332 1222 2373 J
1225 2345 1332 2373 ason
1350 2345 1454 2374 vero
1474 2345 1561 2374 non
1575 2333 1784 2385 parcebat
1797 2334 1840 2374 in

1020 2388 1142 2429 caede
1174 2387 1341 2429 civibus
1373 2388 1477 2438 suis,
1508 2402 1590 2431 nec
1618 2390 1841 2440 cogitabat

1019 2444 1359 2496 prosperitatem
1377 2444 1609 2486 adversum
1629 2448 1839 2496 cognatos

1018 2499 1180 2540 malum
1212 2511 1307 2540 esse
1340 2500 1592 2550 maximum,
1625 2501 1839 2544 arbitrans

1017 2554 1210 2597 hostium
1228 2560 1272 2596 et
1290 2567 1377 2596 non
1396 2556 1554 2597 civium
1574 2569 1621 2598 se
1638 2557 1839 2610 trophaea

1019 2615 1258 2664 capturum.
1285 2611 1342 2652 Et
1355 2612 1646 2665 principatum
1663 2612 1854 2665 quidem(

1018 2680 1105 2709 non
1137 2667 1339 2717 obtinuit,
1370 2668 1501 2710 finem
1529 2681 1634 2710 vero
1666 2667 1836 2708 insidia-

1017 2737 1115 2765 rum
1136 2725 1312 2765 suarum
1335 2724 1634 2766 confusionem
1656 2723 1836 2775 accepit,

1593 2852 1633 2884 13
