2040 2944
613 214 815 249 Dominica
840 215 942 249 XIV.
969 223 1058 259 post
1082 218 1345 253 Pentecosten.

137 305 259 347 illum
284 318 308 346 a
332 305 457 358 lepra
476 306 781 358 mundaverat,
809 309 879 350 cui
903 308 963 351 di-

135 363 216 405 xit:
234 361 373 412 Vade,
391 362 573 404 ostende
588 367 631 404 te
647 363 962 416 sacerdotibus,

136 423 180 460 et
208 419 317 461 offer
344 431 426 471 pro
453 424 498 460 te
526 419 804 470 sacrificium,
842 422 963 473 quod

135 475 348 528 praecepit
372 475 566 528 Moyses,
592 475 637 516 in
663 477 962 519 testimonium

134 531 229 572 illis.
266 530 562 582 Quaerendum
587 532 718 584 igitur
746 538 828 584 est,
856 534 961 586 quid

133 587 229 640 ipsa
247 588 370 641 lepra
389 588 620 639 significet:
645 601 734 630 non
758 590 872 630 enim
896 604 960 632 sa-

133 645 239 693 nati,
260 644 339 686 sed
358 645 555 686 mundati
573 644 791 695 dicuntur,
816 647 890 698 qui
909 660 960 689 ea

134 703 375 743 caruerunt.
414 701 586 743 Coloris
616 702 779 754 quippe
807 704 959 745 vitium

133 762 214 807 est,
237 770 325 799 non
344 757 620 808 valetudinis,
646 763 720 800 aut
738 758 957 810 integrita-

131 813 188 855 tis
208 815 413 855 sensuum
431 819 563 866 atque
581 814 889 857 membrorum.

415 886 567 928 Lectio
587 888 669 928 viii.

128 946 342 1052 Leprosi
374 965 478 1004 ergo
505 966 594 995 non
619 953 809 997 absurde
834 956 956 997 intel-

221 1009 296 1060 ligi
314 1006 516 1062 possunt,
543 1010 616 1062 qui
642 1011 867 1053 scientiam
886 1025 955 1053 ve—

128 1078 189 1106 rae
215 1064 320 1107 fidei
342 1079 432 1108 non
455 1066 686 1118 habentes,
714 1069 858 1110 varias
880 1069 954 1110 do-

128 1124 288 1163 ctrinas
324 1123 587 1175 profitentur
623 1125 793 1166 erroris.
853 1126 954 1167 Non

128 1178 241 1219 enim
255 1178 531 1221 abscondunt
542 1180 804 1233 imperitiam
815 1195 952 1224 suam:

127 1235 207 1277 sed
233 1248 314 1288 pro
342 1249 512 1277 summa
540 1237 698 1290 peritia
726 1239 954 1290 proferunt

127 1293 171 1334 in
183 1292 342 1342 lucem,
365 1297 408 1334 et
427 1294 633 1345 jactantia
652 1295 864 1336 sermonis
885 1309 951 1337 os-

126 1351 306 1392 tentant.
332 1349 464 1391 Nulla
482 1362 616 1402 porro
631 1350 740 1392 falsa
755 1351 953 1394 doctrina

127 1410 210 1456 est,
238 1418 336 1458 quae
361 1418 448 1447 non
472 1406 617 1458 aliqua
635 1420 739 1448 vera
763 1409 951 1450 intermi-

126 1466 258 1504 sceat.
292 1462 411 1504 Vera
434 1475 539 1513 ergo
563 1463 682 1504 falsis
704 1464 951 1507 inordinate

125 1520 357 1570 permixta,
384 1519 429 1559 in
454 1532 541 1560 una
565 1518 863 1572 disputatione
882 1522 951 1563 vel

124 1574 372 1616 narratione
407 1574 612 1626 hominis,
647 1580 872 1628 tamquam
908 1578 951 1619 in

124 1632 251 1671 unius
280 1631 479 1684 corporis
507 1631 656 1674 colore
682 1635 950 1686 apparentia,

125 1686 369 1738 significant
386 1688 570 1740 lepram,
593 1694 819 1742 tamquam
837 1691 950 1732 veris

125 1743 334 1796 falsisque
375 1744 574 1786 colorum
614 1746 724 1787 fucis
760 1746 950 1788 humana

124 1801 313 1853 corpora
348 1801 590 1843 variantem
633 1807 765 1854 atque
805 1816 949 1845 macu-

122 1854 297 1898 lantem.

425 1925 578 1968 Lectio
600 1927 652 1967 ix.

125 1983 230 2090 Hi
258 1995 406 2033 autem
432 1996 524 2034 tam
551 1992 716 2035 vitandi
745 1999 845 2036 sunt
867 1994 946 2036 Ec-

226 2046 388 2098 clesiae,
415 2053 464 2090 ut
488 2049 525 2090 si
548 2049 644 2091 fieri
665 2055 830 2102 potest,
858 2050 947 2091 lon-

122 2103 218 2153 gius
236 2105 409 2154 remoti,
432 2118 590 2156 magno
615 2106 807 2148 clamore
827 2106 946 2148 Chri-

122 2163 238 2201 stum
254 2160 548 2213 interpellent:
573 2163 686 2204 sicut
703 2163 775 2204 isti
794 2161 947 2204 decem

123 2217 337 2258 steterunt
371 2230 398 2259 a
433 2217 578 2269 longe,
616 2223 660 2260 et
694 2218 949 2261 levaverunt

122 2284 293 2323 vocem,
322 2272 534 2316 dicentes:
561 2275 586 2315 J
589 2288 666 2316 esu
686 2277 948 2328 praeceptor,

121 2328 328 2371 miserere
342 2331 491 2372 nostri.
515 2331 630 2372 Nam
644 2336 687 2373 et
703 2330 824 2383 quod
838 2345 947 2384 prae·
1059 2350 1111 2391 ἦ

122 2387 350 2438 ceptorem
367 2392 543 2438 vocant,
571 2400 657 2439 quo
680 2387 854 2428 nomine
877 2390 946 2428 ne·
1005 2394 1011 2439 ζ,
1037 2397 1099 2449 ,ζ
1121 2394 1126 2410 ³

123 2441 213 2482 scio
229 2446 374 2483 utrum
390 2444 621 2496 quisquam
635 2444 872 2485 Dominum
886 2444 946 2484 in-

122 2497 423 2549 terpellaverit
445 2513 529 2552 pro
552 2500 769 2542 medicina
793 2511 947 2551 eorpo-

121 2553 216 2604 rali3
242 2555 347 2597 satis
366 2562 477 2609 puto
497 2557 752 2608 significare,
778 2557 947 2611 lepram

121 2609 276 2651 falsam
300 2624 398 2654 esse
423 2613 682 2663 doctrinam,
717 2626 847 2666 quam
870 2614 945 2656 bo-

122 2678 204 2707 nus
224 2670 474 2721 praeceptor
493 2669 716 2721 abstergit.

180 2732 241 2772 Te
259 2733 403 2774 Deum
419 2733 658 2776 laudamus.
677 2735 735 2775 14.

1064 314 1135 354 Ad
1160 314 1321 357 Bened.
1360 318 1457 356 Ant.
1502 318 1610 357 Cum
1635 321 1839 361 transiret

1015 366 1142 407 Jesus
1173 368 1197 393 *
1231 368 1454 420 quoddam
1487 372 1728 424 castellum,
1767 387 1837 416 oc-

1016 425 1241 466 currerunt
1278 426 1317 466 ei
1355 426 1508 468 decem
1542 428 1623 469 viri
1659 429 1837 482 leprosi:

1015 479 1090 530 qui
1121 482 1335 523 steterunt
1366 495 1391 523 a
1416 483 1559 534 longe,
1593 490 1636 526 et
1667 485 1835 528 levave-

1014 540 1114 576 runt
1132 549 1301 587 vocem,
1322 537 1533 581 dicentes:
1553 541 1577 581 J
1580 553 1656 582 esu
1673 545 1836 594 praece-

1012 596 1125 644 ptor,
1144 593 1349 635 miserere
1367 596 1514 636 nostri.

1062 645 1110 696 V.
1145 649 1359 690 Dominus
1388 652 1600 702 regnavit,
1629 653 1834 695 decorem

1012 704 1162 746 induit.
1220 709 1270 759 R.
1300 706 1445 748 Induit
1472 708 1685 750 Dominus
1714 710 1833 751 forti-

1011 760 1217 811 tudinem,
1239 767 1281 804 et
1300 764 1529 815 praecinxit
1547 777 1594 806 se
1613 765 1782 807 virtute.

1063 819 1131 859 Ad
1158 821 1330 867 Magnis.
1365 822 1464 861 Ant.
1499 822 1618 862 Unus
1642 826 1786 863 autem
1809 824 1833 849 *

1011 887 1065 915 ex
1097 874 1201 925 illis,
1234 880 1282 917 ut
1308 875 1418 918 vidit
1451 877 1571 928 quod
1598 877 1832 920 mundatus

1011 936 1087 981 est,
1106 934 1331 983 regressus
1352 938 1418 974 est
1438 946 1535 974 cum
1553 947 1709 984 magna
1724 947 1832 976 voce

1008 988 1290 1038 magnificans
1309 989 1461 1039 Deum,
1482 990 1663 1042 alleluja.

1059 1040 1108 1090 V.
1125 1045 1348 1096 Dirigatur
1363 1046 1550 1087 Domine
1566 1046 1707 1088 oratio
1723 1059 1831 1087 mea.

1007 1101 1056 1151 Rg.
1093 1101 1212 1143 Sicut
1251 1102 1475 1143 incensum
1510 1103 1553 1143 in
1590 1104 1830 1155 conspectu

1006 1162 1095 1199 tuo.

1354 1217 1546 1242 ψ

1203 1289 1477 1339 Dominica
1498 1290 1635 1340 XIV.

1123 1360 1261 1405 post
1293 1355 1716 1396 Pentecosten.

1342 1419 1504 1461 Oratio.

1007 1473 1231 1581 Custodi
1250 1476 1450 1526 Domine,
1471 1479 1730 1528 quaesumus,
1749 1479 1828 1520 Ec-

1097 1532 1274 1573 clesiam
1284 1537 1403 1573 tuam
1417 1534 1730 1586 propitiatione
1741 1547 1830 1586 per-

1006 1590 1153 1641 petua:
1185 1593 1228 1629 et
1257 1589 1357 1640 quia
1383 1589 1474 1630 sine
1500 1594 1544 1630 te
1569 1589 1728 1631 labitur
1753 1590 1826 1631 hu-

1003 1647 1132 1685 mana
1157 1644 1418 1694 mortalitas,
1446 1645 1533 1686 tuis
1559 1658 1731 1698 semper
1756 1659 1826 1687 au-

1002 1701 1115 1742 xiliis
1136 1706 1179 1742 et
1198 1701 1475 1743 abstrahatur
1494 1714 1519 1742 a
1537 1702 1689 1751 noxiis,
1709 1707 1752 1743 et
1771 1702 1827 1743 ad

1003 1757 1210 1799 salutaria
1229 1757 1449 1808 dirigatur.
1476 1757 1560 1798 Per
1579 1758 1825 1799 Dominum.

1004 1826 1153 1867 Lectio
1180 1827 1317 1867 sancti
1338 1827 1563 1877 Evangelii
1586 1827 1826 1868 secundum

1279 1882 1546 1924 Matthaeum.

1107 1946 1255 1986 Lectio
1279 1946 1344 1985 vii.
1519 1947 1619 1998 Cap.
1636 1950 1671 1987 6.
1688 1962 1720 1987 c.

1000 1999 1077 2106 In
1106 2004 1181 2046 illo
1213 2005 1429 2056 tempore:
1458 2004 1580 2047 Dixit
1605 2005 1732 2046 Jesus
1765 2004 1824 2047 di-

1067 2060 1245 2113 scipulis
1264 2061 1367 2102 suis:
1391 2061 1532 2102 Nemo
1551 2066 1700 2113 potest
1713 2061 1823 2102 duo·

1000 2116 1083 2158 bus
1103 2116 1289 2158 dominis
1309 2119 1482 2158 servire.
1509 2117 1566 2158 Et
1584 2117 1763 2169 reliqua.

1002 2181 1193 2223 Homilia
1208 2181 1346 2223 sancti
1361 2181 1593 2232 Augustini
1603 2181 1823 2233 Episcopi.

1002 2242 1117 2275 Liber
1132 2243 1161 2274 2.
1186 2241 1231 2274 de
1249 2240 1429 2274 Sermone
1448 2241 1601 2274 Domini
1625 2242 1661 2274 in
1685 2250 1820 2276 monte.

1336 2298 1416 2330 cap.
1445 2288 1491 2322 14.

1134 2353 1230 2383 emo
1258 2345 1407 2393 potest
1434 2339 1606 2381 duobus
1635 2339 1822 2382 dominis

1150 2399 1324 2438 servire.
1361 2394 1434 2437 Ad
1458 2395 1570 2437 hanc
1596 2396 1738 2449 ipsam
1762 2397 1820 2437 in-

1004 2460 1006 2475 ¹
1031 2452 1073 2472 Ψ
1120 2433 1126 2472 Ψ
1148 2452 1390 2494 tentionem
1434 2452 1710 2494 referendum
1754 2458 1820 2494 est

1001 2508 1121 2561 quod
1157 2509 1476 2559 consequenter
1516 2508 1712 2560 exponit,
1759 2508 1818 2550 di-

1000 2578 1117 2606 cens:
1149 2565 1249 2605 Aut*
1266 2564 1379 2604 enim
1403 2577 1535 2605 unum
1561 2563 1663 2606 odio
1690 2563 1817 2605 habe-

998 2621 1072 2670 bit,
1093 2626 1135 2662 et
1155 2619 1338 2661 alterum
1358 2619 1522 2670 diliget:
1542 2625 1616 2661 aut
1636 2620 1818 2661 alterum

998 2677 1204 2730 patietur,
1250 2681 1293 2717 et
1335 2676 1519 2718 alterum
1560 2677 1817 2718 contemnet.

999 2735 1107 2784 Quae
1131 2731 1265 2775 verba
1290 2731 1520 2784 diligenter
1543 2731 1815 2773 consideran-
