2040 2944
666 216 768 250 Infra
794 213 1088 248 Ilebdomadam
1115 212 1162 245 iv.
1187 203 1435 255 Septembris.

186 316 310 368 jussit
341 320 389 357 ut
420 316 613 356 mitteret
644 310 754 353 illud
785 310 829 351 in
859 322 1013 363 peram

185 386 552 483 suffbenedicat
571 430 616 467 te
634 424 860 467 Dominus.
879 425 974 465 150.

390 537 424 573 F
443 547 467 573 e
485 535 533 572 ri
549 546 575 572 a
603 536 631 573 S
651 546 674 572 e
692 546 719 571 x
735 538 752 570 t
770 544 806 570 a.

412 598 472 636 De
491 593 605 636 libro
623 594 649 634 J
651 592 788 635 udith.

287 663 438 703 Lectio
460 662 482 700 i.
727 659 829 710 Cap.
850 659 907 698 15.

186 731 430 777 :fisumque
457 724 598 766 omnis
625 723 842 766 exercitus
868 722 1013 764 decol-

187 770 263 827 ΚΛ
290 782 428 824 latum
473 781 762 823 Holofernem
807 779 1013 829 audisset,

183 840 292 891 fugit
313 852 437 880 mens
462 843 506 880 et
530 837 760 879 consilium
785 836 840 878 ab
860 836 942 886 eis,
970 840 1014 877 et

184 897 280 939 solo
300 898 492 938 tremore
512 900 556 937 et
574 899 694 937 metu
714 893 875 946 agitati,
899 893 1014 943 fugae

184 952 440 1007 praesidium
473 956 665 1002 sumunt,
698 951 759 992 ita
791 956 838 992 ut
870 949 1014 991 nullus

184 1010 439 1062 loqueretur
463 1022 561 1050 cum
583 1008 788 1061 proximo
809 1020 907 1056 suo,
935 1004 1016 1047 sed

184 1066 393 1108 inclinato
422 1065 582 1118 capite,
612 1065 775 1107 relictis
802 1063 1016 1113 omnibus,

185 1123 372 1165 evadere
383 1121 650 1164 festinabant
660 1121 889 1171 Hebraeos,
904 1132 1015 1178 quos

186 1181 378 1221 armatos
393 1192 525 1231 super
541 1191 588 1221 se
603 1181 752 1230 venire
768 1177 1016 1228 audiebant,

186 1236 399 1292 fugientes
436 1248 516 1288 per
548 1236 642 1277 vias
680 1237 936 1289 camporum
974 1240 1017 1276 et

186 1293 364 1334 semitas
394 1293 582 1335 collium.
622 1292 837 1334 Videntes
867 1294 1016 1343 itaque

185 1349 264 1390 filii
297 1349 435 1391 Israel
467 1349 702 1400 fugientes,
743 1349 884 1391 secuti
915 1352 1017 1389 sunt

185 1406 296 1448 illos.
323 1405 747 1458 Descenderuntque
767 1406 1018 1456 clangentes

186 1463 314 1513 tubis,
334 1468 378 1504 et
398 1463 616 1505 ululantes
635 1467 740 1516 post
759 1463 894 1515 ipsos.

241 1522 291 1574 Rg.
315 1520 412 1561 Nos
433 1520 566 1561 alium
584 1520 740 1562 Deum.
759 1520 853 1560 150.

498 1591 649 1632 Lectio
671 1591 709 1630 ii.

191 1652 367 1757 Misit
394 1658 544 1708 itaque
572 1655 703 1697 Ozias
735 1655 912 1697 nuntios
938 1667 1019 1708 per

319 1725 472 1754 omnes
506 1712 707 1754 civitates
740 1717 783 1754 et
815 1711 1019 1762 regiones

187 1769 336 1810 Israel.
366 1769 519 1811 Omnis
537 1772 687 1822 itaque
706 1769 839 1820 regio,
860 1771 1018 1810 omnis-

190 1839 274 1879 que
306 1826 412 1868 urbs
444 1826 629 1868 electam
656 1827 927 1878 juventutem
954 1838 1018 1867 ar-

188 1885 353 1924 matam
385 1883 503 1926 misit
535 1888 640 1936 post
673 1895 765 1933 eos,
798 1888 842 1925 et
873 1895 1020 1935 perse-

189 1939 278 1981 cuti
299 1944 399 1981 sunt
419 1952 497 1981 eos
516 1940 559 1980 in
585 1952 662 1981 ore
681 1938 832 1990 gladii,
860 1942 1019 1991 quous-

191 2008 276 2048 que
303 1998 583 2048 pervenirent
612 1996 669 2037 ad
698 1996 1021 2037 extremitatem

190 2052 341 2093 finium
360 2055 550 2094 suorum.
577 2052 755 2105 Reliqui
770 2057 926 2102 autem,
947 2052 1022 2104 qui

192 2114 315 2151 erant
334 2109 378 2150 in
393 2109 608 2159 Bethulia‚
628 2109 814 2161 ingressi
833 2114 934 2150 sunt
953 2121 1020 2151 ca-

191 2170 283 2207 stra
294 2166 590 2219 Assyriorum,
605 2171 649 2209 et
665 2165 874 2220 praedam,
891 2179 1023 2218 quam

191 2222 406 2273 fugientes
426 2223 597 2276 Assyrii
615 2223 899 2276 reliquerant,
925 2222 1021 2264 abs-

191 2278 396 2330 tulerunt,
416 2285 459 2322 et
479 2280 673 2322 onustati
692 2285 792 2322 sunt
810 2277 951 2321 valde.

248 2337 298 2387 R.
322 2335 584 2380 Dominator
602 2337 802 2378 Domine.
821 2336 915 2377 150.

497 2403 648 2443 Lectio
670 2403 725 2442 iii.

265 2467 406 2508 oacim
430 2472 575 2509 autem
602 2480 797 2509 summus
826 2467 1024 2520 pontifex

283 2522 338 2564 de
366 2523 607 2565 Jerusalem
640 2524 760 2566 venit
790 2523 834 2565 in
861 2523 1023 2565 Bethu-

195 2580 299 2622 liam
344 2592 444 2621 cum
493 2581 708 2622 universis
753 2579 1025 2634 presbyteris

197 2637 303 2686 suiS,
327 2642 376 2678 ut
400 2636 570 2678 videret
592 2637 752 2678 Judith.
791 2637 900 2687 Quae
926 2649 1025 2677 cum

198 2695 360 2735 exisset
375 2692 432 2734 ad
448 2692 580 2742 illum,
595 2692 914 2735 benedixerunt
930 2705 1026 2734 eam

198 2761 350 2791 omnes
369 2762 455 2791 una
473 2761 594 2798 voce,
614 2749 827 2791 dicentes:
846 2749 916 2790 Tu
934 2748 1026 2800 glo-

1065 309 1130 350 ria
1146 308 1405 359 Jerusalem,
1431 312 1479 350 tu
1497 307 1651 349 laetitia
1668 307 1821 358 Israel,
1845 311 1894 349 tu

1065 365 1400 408 honorificentia
1426 364 1582 418 populi
1607 364 1764 406 nostri:
1793 364 1895 417 quia

1067 423 1210 465 fecisti
1228 422 1425 472 viriliter,
1452 426 1495 463 et
1515 421 1810 463 confortatum
1827 426 1895 463 est

1067 492 1144 522 cor
1157 484 1292 530 tuum,
1311 491 1363 521 eo
1381 478 1501 531 quod
1517 478 1765 520 castitatem
1780 479 1893 519 ama-

1065 536 1192 586 veris
1213 541 1256 578 et
1276 540 1381 589 post
1396 535 1538 577 virum
1555 540 1691 584 tuum,
1710 533 1896 576 alterum

1066 593 1289 635 nescieris:
1321 592 1422 634 ideo
1457 597 1499 634 et
1531 603 1685 633 manus
1717 590 1897 632 Domini

1067 649 1332 692 confortavit
1358 654 1419 700 te,
1451 654 1496 691 et
1522 647 1624 690 ideo
1654 647 1739 689 eris
1765 646 1895 689 bene-

1067 706 1184 748 dicta
1208 707 1253 747 in
1276 708 1500 748 aeternum.
1536 705 1594 747 Et
1621 703 1731 747 dixit
1756 703 1897 746 omnis

1066 763 1273 816 p6pulus:
1291 763 1401 813 Fiat,
1420 763 1508 805 fiat.

1316 947 1345 984 S
1371 958 1396 984 a
1418 948 1444 984 b
1469 947 1495 983 b
1522 958 1548 983 a
1571 951 1588 982 t
1612 957 1649 983 0.

1285 1007 1353 1046 De
1379 1003 1493 1046 libro
1520 1003 1684 1046 Judith.

1087 1111 1093 1116 .
1146 1072 1299 1113 Lectio
1324 1072 1348 1111 i.
1584 1068 1688 1122 Cap.
1708 1070 1767 1109 16.
1787 1081 1821 1109 c.

1080 1141 1177 1185 Vtut
1204 1135 1368 1177 factum
1396 1140 1463 1177 est
1486 1140 1591 1188 post
1615 1134 1728 1185 haec,
1757 1134 1899 1176 omnis

1083 1195 1149 1231 ῳ
1176 1193 1370 1246 populus
1397 1198 1502 1245 post
1526 1192 1756 1234 victoriam
1779 1191 1900 1233 venit

1070 1251 1114 1291 in
1148 1249 1392 1291 Jerusalem
1429 1249 1616 1291 adorare
1648 1248 1901 1290 D6minum:

1071 1312 1115 1348 et
1140 1319 1246 1348 mox
1269 1311 1318 1348 ut
1343 1305 1563 1358 purificati
1588 1310 1705 1355 sunt,
1734 1305 1900 1347 obtule-

1070 1369 1172 1405 runt
1191 1375 1343 1406 omnes
1362 1362 1634 1412 holocausta,
1659 1367 1703 1404 et
1722 1367 1838 1412 vota,
1858 1367 1902 1404 et

1069 1420 1436 1474 repromissiones
1455 1432 1567 1461 suas.
1594 1419 1734 1461 Porro
1749 1419 1773 1460 J
1775 1418 1902 1461 udith

1070 1477 1274 1519 universa
1305 1489 1411 1518 vasa
1442 1475 1602 1519 bellica
1635 1476 1902 1526 Holoffimis,

1072 1547 1172 1587 quae
1204 1533 1328 1576 dedit
1359 1533 1423 1574 illi
1454 1533 1660 1587 populus,
1694 1538 1738 1575 et
1770 1546 1901 1576 cono-

1071 1594 1219 1645 peum,
1240 1590 1362 1643 quod
1379 1591 1478 1644 ipsa
1497 1590 1736 1632 sustulerat
1756 1590 1811 1632 de
1831 1603 1901 1632 cu-

1070 1648 1148 1690 bili
1162 1649 1313 1701 ipsius,
1333 1646 1492 1690 obtulit
1512 1648 1557 1689 in
1576 1647 1808 1690 anathema
1827 1647 1903 1690 ob-

1070 1706 1257 1748 livionis.

1126 1766 1177 1815 R.
1204 1763 1414 1805 Consorta
1431 1774 1502 1804 me
1519 1762 1629 1804 Rex.
1647 1763 1729 1803 151.

1383 1832 1537 1873 Lectio
1558 1831 1597 1871 ii.

1075 1893 1223 1999 Erat
1267 1904 1414 1940 autem
1457 1898 1650 1952 populus
1691 1897 1904 1950 jucundus

1170 1955 1412 1997 secundum
1448 1955 1604 1997 faciem
1637 1957 1904 2005 sanctorum,

1074 2016 1118 2054 et
1141 2024 1221 2065 per
1244 2017 1335 2054 tres
1358 2024 1533 2054 menses
1551 2011 1761 2062 gaudium
1779 2010 1905 2064 hujus

1073 2069 1271 2110 victoriae
1307 2068 1578 2111 celebratum
1611 2074 1678 2111 est
1706 2082 1806 2110 cum
1834 2069 1904 2110 Ju-

1074 2125 1179 2167 dith.
1223 2126 1332 2167 Post
1358 2124 1452 2168 dies
1479 2130 1626 2168 autem
1651 2125 1751 2168 illos
1775 2139 1904 2168 unus-

1075 2185 1262 2234 quisque
1281 2182 1411 2224 rediit
1429 2182 1474 2224 in
1498 2183 1679 2225 domum
1698 2195 1837 2233 suam,
1862 2187 1906 2225 et

1074 2239 1098 2280 J
1101 2238 1227 2280 udjth
1251 2252 1410 2291 magna
1435 2239 1551 2281 facta
1581 2245 1649 2282 est
1674 2239 1719 2281 in
1742 2239 1906 2282 Bethu-

1074 2295 1148 2346 lia,
1192 2300 1237 2337 et
1271 2296 1528 2349 praeclarior
1561 2301 1657 2338 erat
1688 2297 1906 2338 universae

1074 2357 1206 2394 terrae
1243 2353 1391 2394 Israel.
1444 2353 1552 2395 Erat
1588 2353 1720 2395 etiam
1754 2353 1907 2395 virtuti

1077 2406 1256 2451 castitas
1281 2409 1502 2461 adjuncta,
1531 2410 1592 2451 ita
1616 2414 1665 2451 ut
1691 2422 1780 2451 non
1805 2422 1906 2461 cog-

1075 2467 1280 2508 nosceret
1322 2466 1465 2507 virum
1507 2465 1709 2508 omnibus
1751 2464 1906 2507 diebus

1076 2523 1180 2564 vitae
1213 2535 1322 2573 suae,
1368 2535 1423 2565 ex
1456 2535 1543 2576 quo
1575 2522 1807 2566 defunctus
1840 2528 1907 2565 est

1076 2580 1305 2622 Manasses
1341 2580 1408 2621 vir
1445 2581 1548 2632 ejus
1616 2579 1724 2621 Erat
1760 2585 1907 2622 autem

1078 2636 1233 2679 diebus
1260 2636 1383 2678 festis
1410 2635 1659 2689 procedens
1691 2649 1792 2677 cum
1818 2650 1906 2679 ma-

1077 2706 1162 2744 gna
1180 2693 1330 2745 gloria.

1133 2751 1184 2801 R.
1206 2748 1546 2791 Tribulationes.
1566 2749 1654 2790 149.
