2040 2944
424 176 495 209 Die
522 175 570 209 17.
596 175 694 209 Nov.
741 174 776 208 S.
802 174 983 215 Gregorii
1006 173 1287 215 Thaumaturgi
1312 173 1439 216 Episc.
1466 178 1502 207 et
1526 173 1634 207 Conf.

174 268 248 320 qui
281 267 429 309 statim
461 267 675 308 virentem
703 267 843 308 crevit
869 266 913 307 in
941 269 1006 308 ar-

173 324 343 373 borem,
378 323 590 372 coercuit,
623 328 671 364 ut
701 325 861 375 postea
892 323 1007 365 ultra

174 393 275 422 eum
303 380 538 422 terminum
566 392 655 421 non
684 379 913 422 effluxerit.

226 444 275 494 R.
302 440 454 482 Inveni
478 439 626 482 David
653 453 829 482 servum
852 453 1008 490 meum,

174 497 274 538 oleo
289 502 443 539 sancto
457 509 558 538 meo
571 497 676 538 unxi
692 509 805 538 eum:
817 499 839 522 *
853 497 1009 538 Manus

173 554 289 594 enim
313 566 411 595 mea
435 553 716 595 auxiliabitur
740 553 791 594 ei.
818 550 868 600 V.
886 553 1006 594 Nihil

172 610 378 662 proficiet
411 610 613 651 inimicus
647 610 691 650 in
725 622 794 659 eo,
823 614 867 651 et
894 609 1009 650 filius

174 666 416 718 iniquitatis
435 679 524 707 non
543 665 722 708 nocebit
741 666 791 707 ei.
817 666 984 707 Manus.

484 732 636 774 Lectio
656 746 694 772 v.

246 792 467 844 aepissime
514 791 741 833 daemones
779 802 834 831 ex
870 789 1009 832 idolo-

278 861 375 889 rum
402 847 659 896 simulacris,
688 851 822 898 atque
853 859 908 888 ex
933 846 1009 889 ho-

173 905 338 946 minum
376 904 639 957 corporibus
677 903 820 954 ejecit,
856 902 1010 945 multa-

175 974 260 1014 que
285 960 370 1002 alia
388 960 649 1002 mirabiliter
670 959 825 1009 effecit,
850 959 1010 1011 quibus

173 1016 512 1058 innumerabiles
545 1015 746 1057 homines
783 1015 918 1057 traxit
953 1015 1010 1057 ad

172 1074 197 1114 J
201 1086 278 1115 esu
295 1073 458 1115 Christi
472 1072 617 1122 fidem,
639 1085 739 1113 cum
759 1072 890 1113 etiam
909 1084 1009 1124 pro-

173 1129 353 1182 phetico
382 1129 541 1182 spiritu
563 1128 711 1170 futura
734 1127 1010 1180 praediceret.

173 1186 258 1235 Qui
284 1186 553 1237 migraturus
580 1197 604 1227 e
628 1185 735 1234 vita,
766 1197 865 1226 cum
892 1197 1008 1236 quae-

173 1245 304 1284 sisset
330 1247 439 1294 quot
463 1242 507 1283 in
532 1241 711 1284 civitate
735 1241 1008 1282 Neocaesari-

173 1299 266 1340 ensi
303 1298 461 1351 reliqui
497 1302 646 1340 essent
682 1297 902 1347 infideles,
943 1310 1007 1339 re-

171 1358 475 1408 sponsumque
495 1359 614 1396 esset
632 1358 803 1396 tantum
824 1366 923 1396 esse
942 1366 1006 1396 se-

170 1411 459 1464 ptemdecim;
504 1411 603 1452 Deo
648 1410 814 1461 gratias
861 1423 1008 1462 agens,

171 1467 391 1517 Totidem,
410 1467 562 1520 inquit,
583 1471 706 1509 erant
722 1466 889 1516 fideles,
908 1479 1009 1508 cum

173 1525 291 1577 coepi
311 1524 631 1577 episcopatum.
663 1523 796 1564 Plura
819 1523 1008 1576 scripsit,

174 1580 332 1632 quibus
351 1581 494 1630 etiam,
513 1593 602 1621 non
617 1579 761 1621 solum
774 1579 1008 1629 miraculis,

172 1637 257 1679 Dei
276 1637 525 1678 Ecclesiam
543 1636 790 1678 illustravit.

228 1705 277 1756 Rg.
332 1698 470 1740 Posui
491 1696 758 1750 adjutorium
778 1709 912 1750 super
930 1709 1007 1750 po-

171 1756 355 1804 tentem,
401 1760 446 1797 et
488 1754 680 1797 exaltavi
721 1754 911 1796 electum
953 1753 1009 1796 de

172 1811 303 1863 plebe
340 1824 458 1853 mea:
502 1817 523 1840 *
556 1811 714 1852 Manus
753 1811 869 1852 enim
910 1823 1009 1852 mea

172 1867 456 1910 auxiliabitur
493 1868 543 1910 ei.
594 1866 644 1917 V.
674 1867 829 1909 Inveni
861 1865 1009 1909 David

174 1936 350 1965 servum
386 1937 550 1974 meum,
588 1924 688 1966 oleo
722 1928 876 1965 sancto
908 1936 1008 1965 meo

174 1980 278 2021 unxi
298 1993 409 2022 eum.
439 1981 606 2022 Manus.

324 2056 476 2096 Sermo
506 2054 646 2096 sancti
673 2054 854 2095 Maximi

479 2111 704 2163 Episcopi.

178 2178 236 2212 Ex
255 2178 364 2213 Hom.
384 2179 451 2220 59„
475 2188 563 2221 quae
581 2183 639 2212 est
654 2178 684 2213 2.
710 2179 757 2213 de
775 2177 810 2212 S.
828 2177 1009 2212 Eusebio.

483 2240 637 2281 Lectio
657 2240 710 2280 vi.

180 2293 350 2398 Beati
368 2295 512 2336 Patris
528 2294 733 2345 Gregorii
751 2294 907 2336 merita
926 2295 1011 2346 jam

278 2351 322 2392 in
348 2356 446 2393 tuto
471 2351 620 2403 posita
646 2351 790 2393 securi
817 2351 1011 2402 magnifi-

177 2409 342 2449 cemus:
368 2408 443 2459 qui
461 2407 809 2458 gubernaculum
827 2407 934 2450 fidei
952 2408 1012 2449 vi-

176 2463 315 2505 rssiter
334 2468 499 2513 tenens,
523 2463 763 2506 anchoram
782 2464 878 2516 spei
897 2469 1012 2505 tran-

178 2519 314 2572 quilla
346 2521 431 2571 jam
459 2520 503 2560 in
531 2521 722 2562 statione
750 2521 1012 2572 composuit,

177 2580 222 2618 et
240 2575 417 2628 plenam
436 2575 690 2618 coelestibus
710 2576 875 2619 divitiis
894 2581 939 2618 et
958 2589 1012 2618 ae-

177 2632 313 2673 ternis
343 2631 565 2673 mercibus
596 2645 755 2674 navem
784 2634 942 2684 optato
969 2633 1013 2673 in

177 2688 327 2730 littore
338 2687 588 2729 collocavit:
606 2689 679 2740 qui
693 2694 848 2730 contra
859 2700 1013 2730 omnes

1057 266 1338 308 adversarios
1383 271 1556 308 scutum
1599 266 1770 308 timoris
1807 265 1892 307 Dei

1057 322 1226 365 tamdiu
1240 322 1569 374 infatigabiliter
1582 322 1734 371 tenuit,
1749 322 1892 363 donec

1057 378 1113 420 ad
1125 379 1354 420 victoriam
1366 381 1628 431 perveniret.
1648 377 1765 428 Quid
1775 378 1892 419 enim

1056 436 1137 477 fuit
1165 440 1285 477 totus
1318 436 1422 477 vitae
1456 434 1573 476 illius
1605 447 1777 484 cursus,
1808 434 1892 475 nisi

1056 505 1168 533 unus
1202 505 1302 533 cum
1330 491 1451 542 vigili
1479 491 1608 533 hoste
1636 489 1892 532 conflictus?

1114 557 1165 608 R.
1179 557 1271 599 Iste
1290 561 1358 598 est
1378 556 1462 608 qui.
1482 555 1566 608 [54]

1286 643 1336 683 In
1354 642 1426 682 111.
1446 642 1670 694 Nocturno.

1062 708 1216 750 Lectio
1240 708 1382 749 sancti
1400 706 1629 757 Evangelii
1652 706 1894 748 secundum

1372 764 1582 805 Marcum.

1142 829 1295 871 Lectio
1317 829 1385 869 vii.
1596 829 1700 880 Cap.
1714 829 1766 868 11.
1782 840 1816 868 c.

1059 884 1136 990 In
1160 889 1235 930 illo
1259 891 1480 941 tempore:
1506 886 1804 940 Respondens
1827 886 1894 927 Je-

1127 958 1202 986 sus
1222 944 1452 997 discipulis
1478 944 1579 993 suis,
1605 944 1666 985 ait
1684 943 1784 984 illis:
1808 942 1895 984 Ha-

1060 1001 1163 1043 bete
1187 1001 1322 1043 fidem
1341 1001 1436 1043 Dei.
1469 1002 1614 1042 Amen
1637 999 1738 1041 dico
1758 998 1896 1047 vobis,

1063 1058 1166 1109 quia
1177 1057 1444 1110 quicumque
1459 1056 1620 1099 dixerit
1632 1055 1733 1097 huic
1742 1055 1898 1097 monti:

1061 1113 1252 1163 Tollere,
1277 1118 1321 1155 et
1339 1115 1515 1155 mittere
1534 1112 1578 1153 in
1596 1124 1728 1161 mare,
1749 1116 1793 1153 et
1809 1123 1897 1152 non

1061 1169 1333 1212 haesitaverit
1358 1170 1404 1210 in
1428 1168 1563 1211 corde
1588 1181 1680 1218 suo,
1707 1167 1788 1210 sed
1806 1180 1897 1209 cre-

1063 1225 1225 1268 diderit
1257 1227 1360 1278 quia
1393 1225 1706 1279 quodcumque
1739 1223 1899 1266 dixerit

1062 1283 1150 1333 fiat,
1170 1283 1247 1325 fiet
1269 1284 1319 1325 ei.
1347 1283 1403 1325 Et
1422 1283 1602 1335 reliqua.

1161 1361 1354 1405 Homilia
1372 1359 1637 1402 venerabilis
1656 1360 1794 1402 Bedae

1347 1416 1611 1469 Prestteri.

1099 1492 1182 1527 Lib.
1206 1492 1237 1526 3.
1262 1491 1474 1526 Comment.
1499 1490 1539 1524 in
1560 1489 1676 1524 Marc.
1701 1498 1783 1532 cap.
1810 1488 1859 1522 11.

1070 1557 1154 1608 Vx
1168 1551 1289 1593 olent
1310 1551 1519 1600 Gentiles,
1547 1551 1623 1602 qui
1641 1555 1798 1593 contra
1815 1551 1897 1594 Ec·

1068 1621 1162 1691 ³
1185 1607 1898 1716 ffigsszsseffissssedsszasffipsfia

1712 1695 1722 1713 7

1062 1733 1151 1763 non
1177 1720 1414 1762 habuerint
1439 1721 1617 1772 plenam
1645 1720 1780 1762 fidem
1802 1721 1899 1771 Dei,

1064 1778 1166 1830 quia
1197 1789 1436 1829 numquam
1461 1781 1635 1818 montes
1659 1777 1898 1819 transferre

1061 1834 1298 1886 potuerint.
1341 1832 1512 1883 Quibus
1537 1831 1898 1885 respondendum

1062 1895 1140 1940 est,
1160 1903 1247 1931 non
1263 1889 1411 1931 omnia
1427 1889 1592 1942 scripta
1610 1901 1720 1939 esse,
1739 1902 1839 1941 quae
1854 1889 1898 1930 in

1062 1947 1263 1989 Ecclesia
1282 1951 1384 1988 sunt
1402 1951 1538 1998 gesta,
1557 1946 1671 1987 sicut
1691 1946 1823 1988 etiam
1843 1945 1898 1988 de

1062 2004 1192 2045 factis
1216 2003 1356 2055 ipsius
1378 2002 1540 2044 Christi
1564 2007 1608 2044 et
1626 2002 1805 2043 Domini
1823 2015 1897 2044 no-

1063 2060 1143 2103 stri
1180 2060 1409 2112 Scriptura
1444 2061 1645 2101 testatur.
1690 2058 1819 2100 Unde
1855 2064 1900 2101 et

1062 2117 1149 2158 hoc
1165 2128 1344 2168 quoque
1356 2115 1452 2157 fieri
1466 2117 1699 2168 potuisset,
1713 2119 1762 2157 ut
1771 2127 1899 2156 mons

1063 2172 1237 2215 ablatus
1250 2171 1306 2214 de
1322 2177 1442 2214 terra
1451 2171 1698 2214 mitteretur
1712 2171 1756 2212 in
1765 2184 1899 2221 mare,

1064 2229 1101 2270 si
1127 2229 1370 2271 necessitas
1402 2228 1448 2270 id
1481 2228 1576 2270 fieri
1606 2229 1900 2280 poposcisset.

1065 2285 1301 2336 Quomodo
1338 2285 1524 2336 legimus
1560 2284 1724 2325 factum
1759 2284 1899 2336 preci-

1063 2341 1147 2384 bus
1172 2341 1293 2384 beati
1315 2341 1460 2383 Patris
1487 2339 1693 2391 Gregorii
1716 2339 1900 2382 Neocae-

1065 2400 1204 2440 sareae
1228 2398 1360 2440 Ponti
1386 2396 1594 2439 antistitis
1620 2396 1705 2438 viri
1732 2397 1900 2438 meritis

1065 2459 1109 2497 et
1141 2453 1377 2497 virtutibus
1414 2453 1580 2501 eximii,
1616 2457 1666 2494 ut
1697 2465 1825 2494 mons
1855 2453 1899 2494 in

1065 2517 1183 2553 terra
1209 2516 1381 2553 tantum
1407 2509 1509 2551 loco
1538 2508 1734 2559 cederet,
1768 2522 1900 2561 quan—

1065 2573 1159 2610 tum
1169 2566 1327 2609 incolae
1338 2566 1530 2608 civitatis
1542 2578 1656 2618 opus
1667 2565 1900 2608 habebant.

1124 2631 1175 2682 R.
1196 2630 1376 2672 Amavit
1395 2643 1495 2672 eum
1514 2630 1746 2680 Dominus,
1769 2634 1813 2672 et
1832 2642 1898 2671 or-

1066 2688 1188 2730 navit
1223 2700 1337 2729 eum:
1379 2686 1539 2728 stolam
1574 2686 1727 2737 gloriae
1760 2684 1901 2728 induit
