2040 2944
550 187 727 221 Officium
751 186 926 219 votivum
952 186 998 219 dc
1023 185 1211 219 Passionc
1237 185 1278 218 l).
1303 185 1345 218 N.
1369 185 1400 218 ¹J.
1423 185 1461 218 C.

199 277 301 319 Non
326 275 520 318 declines
546 288 622 316 cor
647 288 794 316 meum
819 275 863 315 in
886 287 979 316 ver-

149 333 206 377 ba
223 332 415 381 malitiae,
434 332 457 357 *
478 331 535 372 ad
554 330 828 372 excusandas
852 343 980 372 excu-

150 389 342 430 sationes
360 388 404 428 in
422 387 630 440 peccatis.

202 444 312 486 Cum
329 443 582 485 hominibus
601 442 889 495 operantibus
905 442 980 482 ini-

152 501 382 553 quitatem:
407 499 432 525 *
460 503 504 540 61
530 511 619 540 11011
647 498 981 540 communicabo

151 569 251 598 cum
270 555 421 598 electis
441 557 603 596 eorum.

202 611 422 664 Corripiet
438 623 509 652 me
527 611 664 662 justus
678 610 722 650 in
737 609 980 651 misericor-

151 668 240 717 dia,
265 671 309 709 et
327 666 574 719 increpabit
596 679 682 708 me:
701 666 725 692 *
745 665 891 707 oleum
910 678 980 706 au-

150 729 240 765 tem
265 723 515 776 peccatoris
539 735 628 764 non
652 722 894 774 impinguet
914 733 982 762 ca-

149 784 230 832 put
248 792 404 820 meum.

152 863 165 870 a
200 835 419 886 Quoniam
451 834 596 876 adhuc
629 838 673 875 et
710 834 852 875 oratio
885 846 983 874 mea

150 892 194 932 in
222 890 511 943 beneplacitis
540 892 708 931 eorum:
733 890 757 915 *
784 889 983 941 absorpti

152 952 253 989 sunt
270 946 404 999 juncti
422 951 564 999 petrae
583 945 748 997 judices
769 947 931 987 eorum.

203 1002 399 1044 Audient
418 1002 554 1044 verba
570 1014 668 1043 mea
686 1001 892 1054 quoniam
907 1013 983 1053 po-

150 1061 342 1101 tuerunt:
374 1059 397 1084 *
430 1059 543 1100 sicut
574 1057 821 1099 crassitudo
852 1062 983 1099 terrae

153 1118 311 1167 erupta
330 1118 398 1156 est
417 1127 549 1167 super
568 1119 743 1155 terram.

202 1171 430 1223 Dissipata
449 1175 549 1212 sunt
569 1182 671 1211 ossa
688 1174 839 1211 nostra
857 1181 984 1210 secus

153 1227 384 1268 infernum:
414 1226 438 1252 *
472 1225 667 1278 quia-ad
702 1230 748 1267 te
783 1224 983 1273 Domine,

153 1283 342 1324 Domine
371 1282 489 1328 oculi
515 1282 617 1323 mei:
651 1282 696 1322 in
723 1286 768 1323 te
799 1280 984 1334 speravi,

154 1351 245 1380 non
263 1338 436 1380 auferas
456 1338 644 1379 animam
662 1350 816 1379 meam.

207 1393 391 1436 Custodi
408 1406 479 1435 me
503 1406 529 1434 a
547 1393 724 1445 laqueo,
750 1405 881 1444 quem
901 1396 985 1432 sta-

154 1452 332 1493 tuerunt
350 1450 470 1491 mihi:
489 1450 513 1475 *
533 1453 578 1491 et
596 1462 621 1490 a
644 1448 864 1491 scandalis
883 1460 985 1537 ope-

154 1506 346 1548 rantium
363 1505 652 1557 iniquitatem.

207 1561 378 1603 Cadent
403 1561 449 1602 in
476 1560 690 1603 retiaculo
715 1561 806 1612 ejus
833 1572 986 1612 pecca-

155 1619 291 1659 tores:
317 1618 342 1643 *
369 1617 647 1668 singulariter
675 1629 772 1657 sum
799 1628 882 1666 ego
911 1615 986 1656 do-

157 1686 239 1715 nec
255 1675 488 1715 transeam.

209 1742 308 1781 Ant.
328 1737 515 1780 Custodi
532 1750 603 1779 me
623 1750 648 1778 a
664 1737 837 1788 laqueo,
858 1747 988 1787 quem

156 1795 403 1835 statuerunt
416 1793 532 1844 mihi,
552 1798 596 1835 et
610 1806 636 1834 a
652 1791 869 1834 scandalis
886 1803 987 1843 ope-

156 1850 347 1891 rantium
364 1850 650 1902 iniquitatem.

211 1919 310 1958 Ant.
339 1913 699 1956 Considerabam.

426 1999 626 2038 l'sulmus
648 1998 725 2034 141.

159 2062 331 2167 Voce
350 2077 448 2106 mea
467 2064 524 2105 ad
538 2063 776 2104 Dominum
792 2061 991 2102 clamavi:

263 2121 288 2146 *
306 2132 417 2161 voce
444 2132 543 2161 mea
570 2119 627 2160 ad
651 2118 890 2159 Dominum
919 2116 990 2157 de-

160 2178 367 2228 precatus
387 2188 497 2216 sum:

213 2231 404 2272 Effundo
433 2231 477 2270 in
510 2231 751 2281 conspectu
779 2225 869 2279 ejus
898 2240 991 2268 ora-

162 2288 330 2328 tionem
356 2298 515 2335 meam,
542 2286 566 2311 *
595 2289 640 2326 61
665 2284 993 2325 tribulationem

163 2355 307 2384 meam
326 2346 427 2383 ante
445 2341 591 2393 ipsum
608 2339 859 2392 pronuntio.

214 2399 266 2438 In
303 2396 550 2439 deficiendo
589 2408 643 2437 ex
681 2408 752 2436 me
790 2394 992 2446 spiritum

166 2466 327 2502 meum,
350 2453 374 2479 *
398 2457 442 2494 et
468 2457 517 2494 tu
545 2451 790 2502 cognovisti
816 2449 994 2491 semitas

165 2521 297 2549 meas.

218 2564 270 2603 In
300 2564 372 2605 via
403 2563 501 2612 hac,
534 2575 621 2614 qua
649 2560 944 2607 ambulabam,
971 2560 1013 2584 *'

167 2617 491 2660 absconderunt
509 2618 714 2670 laqueum
734 2615 848 2656 mihi.

223 2673 567 2716 Considerabam
593 2671 651 2735 ad
678 2671 921 2718 dexteram,
954 2674 997 2710 et

1771 176 1861 220 [231]

1031 272 1253 315 videbam:
1271 275 1295 301 *
1315 278 1359 315 et
1382 285 1470 313 non
1495 276 1588 313 erat
1608 272 1683 324 qui
1702 273 1862 321 cogno-

1032 334 1175 371 sceret
1192 343 1274 371 me.

1081 386 1217 427 Periit
1247 386 1350 437 fuga
1382 398 1407 426 a
1438 397 1524 434 me,
1549 386 1572 410 *
1598 389 1642 425 61
1676 396 1763 424 11011
1797 388 1864 425 681

1035 442 1109 494 qui
1128 444 1323 494 requirat
1342 442 1531 483 animam
1549 453 1703 481 meam.

1086 497 1282 539 Clamavi
1316 497 1376 539 ad
1399 503 1444 539 te
1470 497 1678 544 Domine,
1705 496 1728 521 *
1757 494 1865 536 dixi:

1033 554 1103 595 Tu
1122 567 1169 595 es
1189 567 1292 606 spes
1311 566 1419 602 mea,
1439 553 1585 606 portio
1605 563 1703 592 mea
1721 551 1765 591 in
1781 555 1863 592 ter-

1034 623 1082 650 ra
1100 610 1353 651 viventium.

1086 665 1270 707 Intende
1303 664 1360 706 ad
1393 664 1749 717 deprecationem
1778 675 1864 703 me-

1035 736 1119 763 am:
1137 723 1161 748 *
1182 722 1284 774 quia
1301 721 1554 762 humiliatus
1573 733 1670 761 sum
1687 719 1826 759 nimis.

1087 777 1247 819 Libera
1264 790 1335 819 me
1354 790 1380 818 a
1398 775 1764 829 persequentibus
1779 787 1864 816 me:

1036 835 1058 860 *
1080 834 1182 886 quia
1201 833 1436 875 confortati
1455 837 1556 873 sunt
1576 844 1708 884 super
1726 843 1807 871 me.

1088 888 1214 931 Educ
1234 889 1289 931 de
1304 887 1506 930 custodia
1521 888 1710 928 animam
1724 899 1868 927 meam

1038 946 1095 987 ad
1118 945 1415 987 confitendum
1438 944 1603 985 nomini
1625 948 1721 984 tuo:
1749 943 1772 967 *
1797 954 1868 983 1116

1037 1003 1295 1054 exspectant
1322 1001 1437 1053 justi,
1475 998 1616 1041 donec
1650 997 1867 1040 retribuas

1036 1058 1152 1099 mihi.

1094 1121 1193 1159 Ant.
1228 1112 1578 1156 Considerabam
1618 1110 1675 1152 ad
1716 1109 1863 1151 dexte-

1037 1183 1147 1219 ram,
1176 1174 1220 1210 et
1243 1168 1464 1217 videbam,
1494 1173 1537 1210 et
1561 1180 1649 1209 non
1675 1171 1768 1208 erat
1794 1165 1868 1217 qui

1038 1228 1326 1277 cognosceret
1344 1237 1425 1266 me.

1119 1287 1377 1338 Capitulum.
1555 1284 1736 1333 Philipp.
1757 1284 1791 1319 2.

1129 1346 1283 1383 ratres:
1302 1341 1402 1382 Hoc
1423 1340 1538 1382 enim
1553 1341 1711 1380 sentite
1732 1338 1776 1378 in
1794 1349 1868 1378 vo-

1141 1397 1227 1446 bis,
1256 1396 1377 1448 quod
1406 1401 1450 1437 et
1476 1395 1521 1436 in
1548 1394 1723 1436 Christo
1749 1394 1774 1434 J
1777 1406 1870 1434 esu:

1040 1455 1115 1507 qui
1145 1466 1244 1495 cum
1271 1454 1315 1493 in
1343 1452 1484 1493 forma
1509 1452 1594 1492 Dei
1621 1455 1754 1499 esset,
1783 1461 1871 1489 non

1039 1513 1238 1564 rapinam
1263 1508 1501 1550 arbitratus
1526 1512 1594 1548 est
1620 1518 1718 1547 esse
1743 1517 1791 1546 se
1816 1517 1870 1545 36-

1041 1566 1215 1618 qualem
1234 1565 1347 1606 Deo:
1377 1563 1456 1604 sed
1478 1563 1763 1614 semetipsum
1786 1560 1871 1602 exi-

1040 1622 1217 1671 nanivit,
1236 1621 1422 1661 formam
1441 1619 1559 1660 servi
1578 1617 1810 1669 accipiens,
1828 1616 1871 1656 in

1041 1676 1369 1718 similitudinem
1394 1674 1621 1715 hominum
1644 1672 1802 1720 factus,
1829 1676 1873 1712 et

1039 1733 1195 1775 habitu
1211 1732 1413 1772 inventus
1429 1734 1476 1771 ut
1491 1729 1635 1770 homo.
1663 1703 1871 1768 Humilia-

1040 1789 1103 1830 vit
1139 1789 1443 1838 semetipsum,
1480 1785 1623 1826 factus
1660 1782 1872 1824 obediens

1041 1856 1181 1896 usque
1205 1843 1262 1884 ad
1285 1846 1489 1890 mortem,
1514 1844 1702 1882 mortem
1726 1843 1872 1880 autem

1042 1913 1196 1942 cruols’
1355 1934 1370 1971 l
1379 1933 1392 1970 Ι
1398 1947 1421 1982 y
1429 1945 1498 1970 11111
1506 1945 1564 1969 us.

1173 1995 1364 2035 oerentes
1386 1991 1512 2040 oculi,
1535 1990 1728 2043 spargite
1747 1988 1868 2030 lacri-

1121 2106 1178 2146 Et
1210 2105 1330 2145 luctu
1353 2059 1568 2166 1ifleassgnent
1599 2101 1752 2142 intima
1779 2100 1871 2139 cor-

1122 2216 1273 2256 Illatas
1295 2158 1635 2255 refgl‘lfflklumini
1656 2210 1711 2251 ab
1730 2209 1874 2260 impiis

1200 2271 1371 2319 Poenas⁷
1391 2274 1435 2310 61
1453 2269 1545 2310 fera
1564 2266 1756 2308 vulnera.

1070 2337 1297 2383 Accincta‚
1326 2332 1430 2373 heu!
1466 2331 1622 2383 gladiis
1649 2329 1779 2371 turba
1807 2341 1870 2369 83-

1355 2387 1542 2429 tellitum

1124 2446 1361 2496 Arreptum
1405 2443 1643 2484 Dominum
1687 2439 1873 2482 fustibus

1357 2499 1541 2551 impetit,

1126 2557 1252 2597 Nunc
1268 2555 1401 2597 caedit
1416 2554 1626 2606 colaphis,
1645 2564 1759 2593 nunc
1774 2561 1875 2601 qua-

1358 2611 1412 2651 tit
1429 2609 1619 2650 horridis

1206 2667 1415 2707 Divinum
1434 2669 1567 2716 caput
1584 2662 1753 2705 ictibus.
1804 2696 1810 2698 ,
1861 2682 1869 2696 ÷
