2040 2944
654 218 701 241 ex
725 207 903 241 Rubricis
927 207 1181 241 Generalibus
1208 215 1407 251 excerptae.

221 290 398 324 Notandum,
413 289 490 324 quod
502 284 614 323 Du'plex
628 286 832 321 quodcumque,
848 286 932 313 etiam
946 287 994 313 Pa-

170 331 246 359 troni
267 333 295 358 et
313 329 402 356 Tituli
421 327 565 361 Ecclesiae,
589 327 634 354 vel
653 325 844 353 Dedicationis
867 325 998 359 ejusdem,
1049 336 1070 344 :⁷

171 376 321 398 occurrens
343 368 372 395 in
389 367 491 402 Vigilia
510 365 668 394 Nativitatis
686 364 799 391 Domini
822 368 849 391 et
867 365 998 391 Penteco-

173 413 239 442 stes,
257 408 285 435 in
300 407 345 434 die
358 405 588 435 Circumcisionis,
606 405 635 431 in
650 404 694 431 die
709 403 815 431 Octava
828 403 1000 438 Epiphaniae,

171 450 202 476 in
219 447 301 475 Feria
318 449 419 480 quarta
438 445 580 478 Cinerum,
600 451 632 471 ac
650 443 678 469 in
697 445 755 469 tota
773 442 871 475 majori
889 443 1001 469 Hebdo-

174 488 271 520 mada,
293 489 320 512 et
338 484 412 511 infra
431 485 565 511 Octavam
583 483 700 510 Paschae
719 485 746 509 et
765 482 956 515 Pentecostes,
974 482 1003 508 in

173 525 346 556 Ascensione
368 523 495 557 Domini,
522 523 550 549 in
573 522 656 549 Festo
680 521 812 555 Corporis
833 520 951 554 Christi,
974 521 1002 547 in

174 568 258 595 Festo
276 562 485 598 Assumptionis
503 565 531 589 et
548 561 738 588 Immaculatae
756 560 951 594 Conceptionis
970 560 1001 586 Β.

174 604 307 639 Virginis,
324 603 354 630 in
371 602 453 629 Festo
471 601 498 629 S.
514 601 629 635 Joseph‚
647 599 689 627 Ss.
705 599 907 634 Apostolorum
925 599 1002 626 Petri

175 648 203 672 et
215 643 303 676 Pauli,
318 646 345 670 et
357 641 488 669 Omnium
499 640 673 674 Sanctorum,
687 638 864 672 transfertur,
877 638 901 665 si
913 642 1000 665 trans-

175 683 243 711 ferri
261 682 360 715 valeat,
379 681 460 707 aliter
478 679 513 706 de
530 687 564 706 eo
582 679 614 706 fit
629 677 862 706 Commemoratio
880 678 941 712 ipso
958 677 1002 703 die

176 729 233 757 quo
251 721 338 755 cadit,
357 720 402 747 vel
419 718 529 754 penitus
547 718 695 751 omittitur,
715 720 746 744 ut
763 717 877 751 ponitur
892 717 921 742 in
939 723 1001 750 pro-

176 761 246 796 priis
264 759 404 788 Rubi-icis.

231 801 310 829 Infra
323 800 457 827 Octavam
472 796 636 832 Epiphaniae
651 796 682 822 fit
699 798 808 822 tantum
823 795 858 821 de
872 795 1002 826 Patrono,

177 843 223 870 vel
240 839 359 868 'Pitulari
378 837 523 870 Ecclesiae,
541 840 569 863 et
587 835 710 870 ejusdem
727 834 921 867 Dedicatione‚
940 841 1003 860 cum

178 877 449 909 Commemoratione
467 876 593 903 octavae:
619 875 673 901 alia
692 875 775 901 Festa
796 873 1004 900 transferuntur

178 923 243 956 post
258 919 401 950 Octavam,
419 919 467 943 aut
482 916 517 942 de
532 915 571 942 eis
586 915 617 941 fit
632 913 846 946 Comemoratio,
865 916 896 939 ut
911 920 1003 946 supra.

232 958 311 986 Infra
330 957 465 984 Octavam
482 954 615 989 Corporis
634 952 748 986 Christi,
772 953 807 979 de
826 951 1005 985 Semiduplici
1024 946 1028 981 1
1055 955 1077 979 3.
1088 954 1180 978 Totum
1192 955 1222 978 de
1234 956 1354 986 sequenti,
1371 951 1450 989 ωσι-ξ

180 1000 342 1028 occurrente
360 996 392 1022 fit
415 998 523 1022 tantum
542 992 788 1025 Commemoratio,
812 999 902 1025 neque
921 990 952 1017 fit
970 990 1006 1016 de

181 1038 284 1073 duplici
302 1035 445 1068 translato,
463 1034 515 1060 nisi
531 1033 567 1060 sit
581 1033 678 1067 primae
694 1031 738 1058 vel
757 1030 886 1057 secundae
901 1029 1006 1063 classis,

180 1081 208 1105 et
225 1077 261 1104 de
282 1084 326 1110 ea,
349 1081 526 1109 quocumque
549 1071 713 1099 adveniente
735 1070 852 1104 duplici,
876 1069 907 1095 fit
925 1068 1005 1096 Com-

178 1116 350 1144 memoratio.

231 1156 310 1183 Infra
327 1154 390 1181 illas
404 1153 532 1185 Octavas,
549 1151 578 1178 in
592 1150 694 1184 quibus
710 1149 741 1175 fit
757 1149 791 1175 de
805 1147 894 1174 Festis
912 1154 1005 1173 occur-

175 1197 311 1227 rentibuS,
330 1194 365 1220 de
379 1190 565 1225 Semiduplici,
584 1189 667 1217 etiam
686 1190 848 1215 occurrente
866 1187 894 1212 in
909 1185 1003 1212 Domi-

176 1238 247 1270 nica,
266 1235 298 1261 fit
316 1230 559 1264 Commemoratio,
577 1229 618 1256 uti
636 1228 704 1255 alias
722 1227 799 1261 juxta
817 1225 962 1252 Rubricas.

228 1276 273 1303 De
286 1273 392 1300 Octava
403 1269 564 1298 Nativitatis
576 1267 697 1300 Domini,
712 1265 883 1300 Epiphaniae,
897 1267 925 1291 et
937 1264 1003 1291 Cor-

176 1315 253 1351 poris
266 1311 377 1345 Chn'sti,
395 1316 504 1344 semper
520 1308 551 1335 fit
565 1305 809 1338 Commemoratio,
827 1311 1004 1338 quocumque

177 1355 262 1382 Festo
279 1352 309 1379 in
326 1351 381 1378 illis
400 1351 569 1376 occurrente.

229 1393 274 1420 De
295 1390 356 1418 aliis
375 1388 500 1422 Octavis,
523 1394 587 1421 quae
610 1392 667 1412 non
688 1386 755 1411 sunt
777 1383 806 1409 in
823 1381 1003 1415 Kalendario,

176 1432 246 1460 nihil
264 1431 296 1458 fit
313 1438 330 1457 a
347 1428 429 1456 Feria
448 1430 549 1462 quarta
567 1425 698 1452 Cinerum
716 1430 806 1457 usque
825 1421 862 1448 ad
879 1420 1003 1447 Domini<

177 1479 239 1499 cam
266 1471 295 1497 in
317 1469 412 1502 Albis,
440 1470 467 1494 et
493 1474 510 1493 a
531 1464 631 1498 Vigilia
654 1464 832 1490 Pentecostes
855 1467 945 1493 usque
968 1459 1004 1485 ad

177 1511 291 1538 Festum
308 1508 351 1536 Ss.
366 1506 510 1534 Trinitatis
528 1503 670 1536 inclusive,
688 1505 715 1529 et
734 1509 751 1528 a
768 1500 814 1527 die
832 1500 873 1527 17.
888 1499 1003 1526 Decem-

176 1549 236 1583 bris
254 1555 343 1582 usque
360 1546 397 1574 ad
414 1544 606 1580 Epiphaniam.

229 1587 297 1615 Dies
316 1587 429 1614 Octavae
451 1590 605 1617 numquam
623 1580 804 1608 transfertur:
827 1579 890 1605 ideo
908 1585 1003 1612 quam-

177 1636 263 1663 quam
276 1625 414 1654 Nativitas
429 1623 456 1652 S.
470 1621 588 1650 Joannis
601 1620 736 1655 Baptistae
751 1625 900 1645 occurrens
917 1617 946 1643 in
960 1616 1004 1642 die

177 1666 310 1702 Corporis
329 1663 447 1697 Christi,
473 1661 660 1689 transferatur
680 1659 709 1685 in
732 1657 806 1684 diem
828 1659 1002 1690 sequentem3

177 1714 234 1733 non
251 1709 344 1732 tamen
362 1702 531 1731 transfertur
545 1700 659 1732 Octava,
677 1698 727 1725 sed
743 1698 778 1724 de
796 1704 829 1724 ea
846 1696 878 1722 fit
894 1698 1002 1722 tantum

178 1743 413 1773 commemoratio
427 1742 456 1768 in
468 1740 568 1768 Officio
582 1739 616 1765 de
629 1739 735 1765 Octava
747 1735 879 1770 Corporis
892 1733 1001 1761 Christi.

213 1777 219 1779 ”
231 1784 261 1812 Si
284 1785 425 1815 occurrat,
451 1784 483 1807 ut
501 1779 654 1811 Patronus,
680 1776 726 1803 vel
744 1775 854 1802 Titulus
871 1773 1003 1800 Ecclesiae

179 1823 335 1858 descriptus
358 1821 395 1848 sit
417 1820 515 1847 eodem
539 1818 584 1844 die
608 1817 637 1843 in
659 1814 830 1843 Kalendario
853 1821 917 1841 cum
941 1812 1003 1838 aliis

179 1862 301 1896 Sanctis,
323 1861 352 1888 in
371 1868 404 1887 ea
422 1858 546 1886 Ecclesia
564 1857 595 1884 fit
616 1859 724 1883 tantum
747 1854 782 1881 de
800 1855 936 1887 Patrono,
960 1851 1005 1878 vel

180 1901 307 1930 Titulari.
342 1899 399 1927 Alii
420 1899 444 1926 si
463 1898 492 1925 in
511 1897 585 1924 dicto
604 1895 775 1923 Kalendario
799 1892 931 1927 descripti
950 1891 1005 1918 sint

179 1941 233 1969 sub
252 1939 345 1967 officio
364 1937 478 1973 Duplici
497 1936 609 1970 minori,
631 1943 688 1962 non
707 1937 800 1961 tamen
823 1932 937 1965 alicujus
954 1931 1004 1957 Ec-

180 1979 271 2008 eiesioe
286 1978 426 2011 Doctoris,
443 1976 488 2003 vel
506 1974 694 2009 Semiduplici,
713 1974 748 2000 de
765 1973 805 2000 eis
822 1971 891 1999 nihil
908 1970 947 1997 fit.
975 1969 1004 1996 Si

180 2022 273 2046 autem
288 2018 343 2044 sint
357 2017 392 2044 de
406 2015 557 2050 Majoribus
571 2014 661 2041 Festis
675 2017 723 2040 aut
736 2013 898 2043 Doctorum,
916 2013 1004 2036 trans-

181 2058 317 2091 feruntur,
334 2057 373 2083 ita
390 2059 422 2083 ut
437 2055 471 2082 de
489 2054 624 2081 translato
643 2053 692 2080 fiat
706 2051 837 2079 Officium
855 2057 887 2075 ac
904 2048 928 2075 si
942 2055 1004 2082 pro-

180 2097 242 2132 prio
258 2096 303 2123 die
320 2095 514 2123 celebraretur.
545 2093 574 2120 Si
592 2100 660 2120 vero
678 2091 707 2118 in
721 2088 893 2117 Kalendario
909 2093 1005 2114 omnes

181 2136 236 2164 sint
248 2139 392 2170 tamquam
403 2134 516 2162 Festum
529 2132 660 2167 Simplex,
674 2130 757 2157 etiam
769 2129 805 2156 de
817 2128 872 2155 illis
884 2125 953 2153 nihil
965 2125 1004 2152 fit.

232 2180 276 2207 De
289 2178 377 2206 Feriis
390 2178 538 2206 Adventus
551 2179 579 2204 et
593 2174 826 2210 Quadragesimae‚
842 2170 955 2205 quando
970 2169 1005 2195 de

182 2220 222 2248 eis
239 2227 295 2247 non
315 2219 347 2245 fit
365 2217 507 2251 Officium,
530 2216 562 2244 fit
579 2212 812 2243 Commemoratio
831 2211 861 2238 in
879 2209 1005 2243 utrisque

181 2259 325 2293 Vesperis,
347 2261 374 2286 et
391 2256 537 2284 Laudibus
555 2255 752 2290 cuiuscumque
770 2251 857 2279 Festi:
880 2250 915 2276 de
933 2249 1004 2282 Qua-

181 2301 246 2326 tuor
264 2297 459 2332 Temporibus,
478 2299 505 2323 et
519 2295 601 2322 FerIa
619 2292 741 2320 secunda
758 2290 954 2325 Rogationum,
972 2296 1005 2315 ac

181 2337 296 2371 Vigiliis,
314 2337 342 2363 in
357 2336 502 2363 Laudibus
519 2337 634 2361 tantum.
666 2332 695 2359 Si
713 2339 779 2358 vero
798 2330 891 2363 aliqua
905 2327 1004 2362 Vigilia

182 2379 309 2405 occurrat
321 2377 350 2403 in
359 2375 500 2408 Adventu,
513 2371 739 2408 Quadragesima,
752 2374 780 2397 et
789 2370 915 2403 Quatuor
925 2368 1005 2394 Tem-

182 2415 311 2450 poribus,
334 2415 380 2442 vel
397 2414 426 2441 in
449 2413 547 2440 diebus
564 2413 710 2439 Festorum
728 2409 892 2444 Duplicium
907 2409 1004 2443 primae

181 2454 287 2488 classis,
304 2454 363 2481 sive
377 2453 500 2487 Patroni,
519 2452 564 2479 vel
577 2451 672 2485 Tituli,
690 2454 738 2478 aut
751 2449 941 2478 Dedicationis
954 2450 1004 2476 Ec-

182 2494 282 2528 clesiae,
301 2494 336 2520 de
353 2501 387 2521 ea
403 2493 472 2520 nihil
490 2493 529 2527 fit,
546 2500 597 2519 uec
615 2491 698 2518 etiam
715 2490 744 2517 in
762 2488 914 2516 Laudibus.

1259 289 1419 323 QUANDO
1438 290 1667 319 CONCURRIT.

1284 337 1299 338 γ’
1353 344 1365 345 ’
1427 338 1430 339 ⁷
1560 344 1579 346 ‘⁴
1615 345 1719 380 [1513

1622 386 1719 434 4ῗ3ἶ3

1622 445 1719 501 4j4i4

1049 356 1152 396 pomin.
1163 357 1179 381 i.
1190 361 1214 382 et
1225 357 1251 381 ii.
1262 344 1334 382 class.
1445 357 1446 389 j
1457 357 1473 380 ο
1486 350 1487 371 ³
1528 354 1529 360 ¹
1541 372 1546 379 .
1581 356 1596 379 4

1050 404 1185 428 Dominica
1195 411 1241 435 per
1253 412 1353 436 annum,

1053 451 1156 482 Duplex
1167 451 1182 475 i.
1195 451 1291 482 classis,

1049 490 1193 529 Dupleiii.
1207 499 1303 530 classis,

1053 546 1186 576 Patronus,
1196 553 1239 570 seu
1247 546 1296 570 Tit.
1306 547 1435 578 Ecclesiae,
1460 549 1474 571 2

1050 585 1158 625 Duplex
1169 585 1214 625 per
1225 585 1318 618 annum
1331 595 1419 625 majus,
1447 575 1449 631 l,
1460 597 1475 619 4

1056 641 1160 672 Duplex
1169 648 1215 672 per
1226 649 1318 665 annum
1330 642 1420 672 minus,
1447 633 1450 641 ’
1461 644 1476 666 4
1488 634 1490 646 ¹
1529 634 1532 642 ’

1056 680 1228 720 semiduple}

1050 728 1242 767 'mesoaga
1259 730 1262 731 ⁷
1449 718 1491 763 '43

1571 404 1598 813 ›hubac—›czahmussmuz

1744 339 1760 813 μι-*ν-Δι-ιι-ιῷωφι-ιωμ

1780 346 1811 816 μωμωωκιεερι-ιωζ

1826 346 1845 815 ν-ν-ν-ι-μ-ιοωσιι-ιω,

1059 784 1121 808 Dies
1132 785 1198 809 infra
1208 776 1338 816 octavam,
1462 788 1477 811 Ο
1490 778 1491 808 ἦ

1052 824 1080 856 ῑ
1091 823 1182 856 iffi,
1194 824 1359 869 zie-suffia,
1373 826 1437 857 mn
1456 850 1467 864 ἶ
1490 819 1507 856 L
1531 839 1532 842 =

1088 863 1119 886 de
1130 864 1288 894 praecedenti.

1056 894 1078 917 2.
1089 893 1181 917 Totum
1191 894 1221 918 de
1230 895 1389 926 praecedenti,
1400 896 1437 919 ni-

1087 924 1122 947 hil
1133 924 1163 947 de
1175 925 1296 955 sequenti.

1576 893 1606 1017 enudans
1577 851 1588 865 “

1616 895 1647 1068 'loudnmms
1617 854 1628 867 “
1623 829 1633 831 ¹

1652 1172 1687 1295 ,Quonim
1665 1067 1681 1160 mnuue
1657 1011 1680 1056 aad
1657 896 1687 999 gentina
1658 854 1669 868 ‘⁴
1670 830 1681 831 η
1663 711 1668 717 ”
1651 686 1652 691 ⁴
1650 637 1674 669 ’ἶ
1650 602 1684 614 J

1086 986 1232 1009 memoratio
1245 986 1275 1009 de
1286 987 1393 1017 praeced.
1449 992 1450 1017 ἢ

1055 1016 1077 1040 4.
1087 1016 1179 1039 Totum
1191 1017 1222 1039 de
1236 1017 1350 1047 praeced.,
1370 1024 1436 1040 com·
1449 1019 1450 1026 ¹

1086 1047 1234 1070 memoratio
1246 1047 1276 1070 de
1288 1048 1408 1078 sequenti.

1055 1077 1077 1100 5.
1090 1077 1234 1107 Capitulum
1243 1077 1273 1100 de
1285 1085 1361 1108 sequ„
1374 1085 1437 1101 com·
1449 1078 1450 1108 ᾖ

1086 1108 1233 1131 memoratio
1245 1108 1275 1131 de
1287 1109 1393 1138 praeced.

1542 956 1565 1066 maeno
1543 895 1566 943 :³1ss
1531 853 1548 869 ἶ(
1530 806 1548 831 ’Ἃ

1699 1172 1727 1272 molem
1705 1066 1721 1159 mnuue
1698 1012 1720 1057 ,iad
1698 896 1727 1000 3:³31an
1698 854 1710 869 ⁴⁴

1742 894 1769 1292 misopoflomufflnas‘ouoxuzd
1740 852 1750 866 “

1826 1037 1849 1134 ·sisse1o
1827 1010 1848 1024 Ὶ
1819 895 1849 999 ioqdnss
1819 853 1830 866 ‘⁴

1860 1051 1883 1215 ·onbmnoenb
1866 840 1889 1039 eoguimossumo
1867 792 1882 815 οι
1866 744 1882 767 ῆι
1867 695 1881 718 ιιι
1866 647 1882 669 »cz
1867 598 1881 621 us
1867 550 1882 573 a>
1867 501 1882 524 ,μ
1868 455 1883 478 ,μ
1867 407 1882 430 0
1867 340 1885 382 0„

1502 1034 1525 1155 mansino
1502 955 1526 1021 equ!
1503 895 1526 943 ΘΚ]
1497 859 1507 866 ⁴

1779 896 1809 1146 'sissviviiivudnss
1779 854 1790 868 ‘¹

1055 1138 1077 1161 6.
1089 1137 1181 1161 Totum
1193 1138 1223 1161 de
1235 1138 1354 1168 digniori,
1371 1146 1436 1162 com·
1449 1149 1450 1152 ¹

1086 1175 1189 1192 memor.
1201 1168 1231 1191 de
1243 1169 1326 1192 minus
1337 1169 1421 1198 digno.
1449 1171 1450 1198 i

1056 1199 1183 1229 Simplex,
1214 1203 1238 1222 et
1260 1199 1284 1223 S.
1306 1199 1386 1223 Maria
1410 1199 1436 1222 in
1449 1201 1450 1219 ἒ

1085 1229 1203 1259 sabbato,
1220 1230 1294 1253 Feria
1306 1235 1330 1254 et
1340 1230 1436 1260 Vigilia
1449 1226 1450 1288 ἢ
1461 1224 1477 1246 9

1449 1120 1484 1222 ieqqe§
1449 1088 1477 1114 ui
1449 996 1485 1077 eiiam
1461 892 1485 984 moueg

1084 1267 1135 1283 non
1147 1265 1306 1284 concurrunt.

1108 1315 1284 1348 Notandum,
1302 1314 1379 1348 quod
1396 1314 1423 1340 in
1441 1314 1537 1348 primis
1552 1315 1682 1349 Vesperis
1699 1315 1751 1341 diei
1767 1315 1879 1342 Octavae

1057 1354 1236 1383 Ascensionis
1258 1357 1286 1380 et
1303 1354 1435 1388 Corporis
1454 1354 1569 1387 Christi,
1592 1357 1681 1380 totum
1700 1354 1830 1380 Officium
1849 1355 1880 1381 fit

1058 1395 1092 1422 de
1111 1395 1224 1427 Octava,
1242 1401 1305 1420 cum
1324 1392 1593 1419 Commemoratione
1610 1393 1790 1426 praecedentis
1806 1394 1879 1420 Festi

1058 1434 1192 1468 Duplicis,
1212 1433 1264 1459 nisi
1284 1432 1367 1459 fuerit
1385 1432 1498 1458 Festum
1517 1432 1638 1458 solemne
1657 1432 1815 1466 principale,
1836 1432 1880 1458 vel

1057 1473 1155 1508 primae
1170 1473 1214 1499 vel
1229 1472 1357 1499 secundae
1372 1471 1482 1504 classis3
1498 1471 1563 1504 quia
1578 1474 1644 1498 tunc
1658 1471 1693 1498 de
1706 1471 1788 1498 Festo
1803 1471 1880 1498 fieret

1058 1512 1202 1546 Officium3
1221 1515 1246 1538 et
1265 1510 1498 1538 commemoratio
1518 1510 1552 1537 de
1571 1510 1684 1537 Octava.

1109 1551 1142 1577 In
1159 1550 1288 1577 secundis
1302 1549 1432 1584 Vesperis
1447 1549 1500 1576 diei
1514 1549 1626 1576 Octavae
1640 1549 1810 1583 Epiphaniae,
1829 1550 1880 1575 Pa-

1059 1591 1145 1623 schae,
1163 1589 1354 1622 Ascensionis,
1374 1592 1401 1615 et
1419 1588 1550 1622 Corporis
1569 1589 1683 1624 Christi,
1702 1588 1737 1614 de
1755 1588 1880 1622 sequenti

1060 1629 1172 1663 Duplici
1191 1628 1222 1654 fit
1244 1632 1351 1654 tantum
1370 1628 1615 1661 Commemoratio,
1638 1627 1690 1653 nisi
1709 1627 1778 1653 illud
1797 1627 1880 1653 fuerit

1058 1669 1155 1703 primae
1174 1667 1218 1694 vel
1236 1667 1365 1694 secundae
1383 1667 1488 1700 elassis,
1508 1675 1556 1693 seu
1575 1667 1722 1700 Patronus,
1741 1666 1784 1692 vel
1804 1666 1879 1692 Titu-

1058 1708 1110 1741 lus,
1123 1710 1172 1734 aut
1185 1706 1330 1734 Dedicatio
1343 1706 1485 1732 Ecclesiae:
1500 1706 1566 1739 quia
1579 1710 1644 1732 tunc
1658 1705 1692 1732 dc
1706 1706 1787 1732 Festo
1802 1705 1879 1731 fieret

1059 1746 1197 1779 Officium,
1215 1748 1242 1772 et
1260 1745 1295 1771 de
1309 1745 1414 1772 Octava
1429 1745 1670 1772 Commemoratio,
1702 1745 1737 1770 Et
1755 1744 1879 1771 similiter

1057 1785 1102 1812 die
1125 1785 1231 1812 Octava
1255 1784 1387 1818 Corporis
1411 1784 1513 1810 Christi
1540 1784 1568 1810 in
1595 1784 1723 1810 secundis
1747 1784 1878 1818 Vesperis

1056 1827 1237 1851 concurrente
1263 1831 1326 1850 cum
1354 1823 1398 1849 die
1422 1823 1527 1850 Octava
1551 1823 1577 1850 S.
1597 1823 1714 1850 ,Ioannis
1737 1823 1878 1857 Baptistae,

1056 1864 1187 1898 Vesperae
1214 1867 1295 1891 erunt
1322 1863 1356 1889 de
1383 1862 1488 1889 Octava
1515 1860 1646 1897 Corporis
1671 1861 1786 1895 Christi,
1815 1870 1878 1888 cum

1056 1903 1325 1930 Commemoratione
1344 1902 1456 1929 Octavae
1474 1902 1499 1929 S.
1520 1902 1644 1929 Joannis.

1108 1943 1141 1969 In
1163 1942 1292 1969 secundis
1310 1941 1440 1976 Vesperis
1458 1941 1585 1975 Duplicis
1609 1941 1706 1975 primae
1728 1940 1823 1967 classis
1847 1940 1877 1966 fit

1055 1981 1282 2009 commemoratio
1300 1981 1335 2008 de
1352 1981 1442 2007 Festis
1460 1980 1625 2015 Duplicibus
1643 1983 1670 2006 et
1685 1979 1878 2013 ,Semiduplici-

1055 2021 1108 2048 bus
1130 2021 1251 2047 reductis
1274 2021 1311 2047 ad
1333 2020 1446 2046 modum
1466 2019 1603 2053 Simplicis
1626 2018 1829 2048 tantummodo.
1853 2018 1877 2044 si

1055 2060 1214 2094 hujusmodi
1230 2058 1463 2086 Commemoratio
1483 2058 1609 2085 facienda
1626 2058 1662 2084 sit
1680 2057 1725 2084 die
1742 2057 1876 2090 sequenti.

1056 2099 1089 2125 In
1103 2099 1270 2132 Duplicibus
1285 2102 1378 2125 tamen
1394 2097 1523 2124 secundae
1537 2096 1631 2123 classis
1645 2097 1680 2122 de
1693 2096 1774 2122 dictis
1788 2095 1877 2122 Festis

1056 2138 1088 2164 fit
1114 2138 1340 2164 commemoratio
1367 2137 1395 2164 in
1422 2137 1548 2170 utrisque
1570 2135 1700 2170 Vesperis
1727 2135 1762 2161 ad
1790 2134 1877 2160 instar

1057 2177 1170 2204 Octavae
1192 2180 1220 2203 et
1237 2176 1405 2204 Dominicae:
1430 2183 1486 2202 non
1506 2175 1537 2201 fit
1558 2182 1625 2201 vero
1643 2173 1876 2201 Commemoratio

1056 2217 1091 2243 de
1104 2217 1149 2242 die
1167 2216 1241 2243 infra
1255 2215 1396 2249 Octavam,
1414 2215 1468 2242 nisi
1481 2214 1593 2249 quando
1608 2214 1643 2240 de
1656 2221 1689 2240 ea
1703 2213 1763 2240 fieri
1777 2213 1876 2239 debeat

1057 2256 1187 2284 Officium
1206 2255 1251 2282 die
1268 2255 1402 2289 sequenti.

1108 2295 1179 2322 Cum
1192 2294 1286 2328 plures
1301 2294 1371 2321 fiunt
1383 2293 1675 2326 Commemorationes,
1693 2294 1819 2318 servetur
1831 2291 1876 2318 hic

1057 2334 1141 2361 ordo:
1165 2334 1209 2360 De
1228 2332 1354 2367 Duplici,
1377 2332 1441 2359 licet
1463 2335 1562 2365 agatur
1583 2334 1724 2365 tamquam
1744 2330 1875 2364 Simplex,

1057 2373 1091 2399 de
1109 2372 1264 2405 Dominica,
1282 2372 1317 2398 de
1335 2371 1522 2404 Semiduplici‚
1540 2370 1623 2397 etiam
1641 2369 1752 2404 quando
1770 2369 1875 2395 reduci-

1057 2415 1103 2438 tur
1121 2411 1157 2437 ad
1174 2411 1287 2437 modum
1306 2410 1452 2444 simplicis,
1472 2410 1506 2436 de
1525 2409 1570 2436 die
1588 2409 1661 2435 infra
1680 2408 1820 2440 Octavam,
1840 2407 1875 2433 de

1056 2450 1136 2478 Feria
1154 2449 1264 2483 majori,
1287 2457 1338 2476 seu
1354 2449 1468 2483 Vigilia,
1491 2448 1526 2475 de
1543 2450 1638 2475 sancta
1656 2447 1743 2474 Maria
1762 2446 1790 2472 in
1808 2446 1874 2473 Sab-

1055 2490 1130 2523 bato,
1148 2488 1183 2515 de
1199 2487 1330 2523 Simplici.
