2040 2944
694 207 806 242 Feria
831 208 964 251 quinta

185 301 254 343 Ne
278 303 484 354 projicias
509 316 580 345 me
608 305 652 345 in
676 308 878 359 tempore
901 320 964 348 se-

133 358 339 399 nectsttis:
379 360 403 386 *
439 372 540 400 cum
577 360 788 403 defecerit
825 363 964 404 virtus

132 427 241 464 mea,
269 427 325 456 ne
354 415 635 468 derelinquas
662 431 744 459 me.

185 471 298 521 Quia
325 471 531 514 dixerunt
554 472 718 514 inimici
737 474 825 515 mei
842 474 964 515 mihi:

133 528 157 554 *
177 531 221 568 et
241 527 316 579 qui
336 528 650 570 custodiebant
667 530 858 571 animam
877 544 964 572 me-

133 596 215 633 am,
236 584 469 625 consilium
496 585 694 627 fecerunt
721 586 766 626 in
793 600 939 627 unum.

183 640 407 682 Dicentes:
440 641 562 682 Deus
591 641 827 694 dereliquit
854 656 964 692 eum,

131 697 467 748 persequimini,
509 702 553 738 et
601 699 964 751 comprehendite

132 765 246 794 eum:
265 754 289 780 *
317 753 420 805 quia
449 766 539 795 non
568 759 636 796 est
667 755 742 806 qui
771 755 938 808 eripiat.

182 809 305 851 Deus
328 822 384 851 ne
408 809 627 862 elongeris
652 824 678 852 a
694 824 780 853 me:
800 813 823 838 *
842 812 963 853 Deus

131 878 254 907 meus
274 866 319 906 in
338 866 549 907 auxilium
565 880 712 908 meum
731 868 914 920 respice.

184 921 527 972 Confundantur,
540 928 583 964 et
598 924 806 965 deficiant
822 924 962 966 detra-

130 978 286 1020 hentes
315 979 474 1020 animae
499 992 626 1021 meae:
654 982 677 1007 *
707 981 963 1033 operiantur

130 1035 400 1085 confusffine,
416 1040 460 1077 et
474 1036 646 1088 pud6re
665 1037 739 1088 qui
759 1041 963 1088 quaerunt

130 1091 247 1133 mala
273 1091 391 1132 mihi.

182 1148 278 1199 Ego
299 1153 446 1190 autem
466 1162 640 1202 semper
661 1148 865 1201 sperabo:
879 1150 903 1176 *
919 1154 963 1191 et

130 1203 334 1256 adjiciam
382 1218 515 1257 super
563 1218 739 1247 omnem
786 1204 962 1246 laudem

129 1265 261 1303 tuam.

182 1317 245 1358 Os
273 1330 420 1359 meum
447 1317 724 1359 annuntiabit
751 1319 962 1370 justitiam

128 1377 267 1415 tuam:
295 1375 319 1401 *
346 1378 442 1415 tota
470 1374 542 1416 die
571 1374 764 1416 salutare
791 1379 926 1415 tuum.

181 1430 399 1480 Qudniam
422 1443 512 1472 non
536 1431 725 1482 cognavi
746 1430 960 1472 litteratu—

128 1498 233 1536 ram,
255 1486 450 1528 introibo
468 1487 513 1527 in
528 1487 752 1539 potentias
766 1487 961 1528 Damini:

128 1543 153 1570 *
166 1542 357 1584 D6mine
374 1543 654 1585 memorabor
673 1544 852 1595 justitiae
871 1548 960 1585 tuae

129 1598 276 1640 solius.

179 1655 302 1697 Deus
339 1655 533 1697 docuisti
567 1669 638 1698 me
674 1669 700 1697 a
735 1657 960 1708 juventute

127 1724 242 1762 mea3
262 1713 286 1739 *
304 1716 348 1753 et
365 1724 507 1764 usque
526 1725 642 1754 nunc
662 1711 959 1764 pronuntiabo

127 1767 347 1810 mirabilia
374 1773 461 1810 tua.

179 1824 237 1866 Et
255 1837 396 1877 usque
415 1825 460 1865 in
475 1826 699 1866 senectam
717 1829 761 1866 et
775 1824 959 1866 senium:

127 1881 151 1907 *
178 1880 300 1922 Deus
325 1893 381 1922 ne
410 1880 689 1932 derelinquas
716 1894 797 1922 me.

179 1937 336 1979 Donec
358 1937 613 1979 annuntiem
640 1937 869 1979 brachium
895 1941 958 1978 tu-

127 2006 202 2034 um
225 1994 250 2020 *
272 1994 547 2045 generatic'mi
575 1994 705 2044 omni,
733 2006 832 2046 quae
859 2007 959 2035 ven-

126 2053 226 2091 tura
254 2054 336 2091 est:

179 2106 431 2148 Potentiam
449 2111 582 2156 tuam,
602 2111 646 2148 et
665 2107 876 2158 justitiam
894 2111 958 2147 tu-

128 2175 200 2204 am
218 2163 342 2204 Deus
367 2175 509 2214 usque
533 2162 578 2203 in
606 2163 831 2212 altissima,
859 2175 959 2214 quae

128 2219 272 2261 fecisti
290 2218 523 2270 magnalia:
542 2220 567 2246 *
584 2219 706 2260 Deus
727 2219 825 2270 quis
845 2219 959 2260 simi-

128 2274 183 2316 lis
210 2275 318 2317 tibi?

182 2331 379 2382 Quantas
403 2331 638 2373 ostendisti
655 2331 763 2372 mihi
781 2331 959 2372 tribula-

128 2388 272 2429 tidnes
291 2388 453 2429 multas
473 2392 517 2429 et
535 2387 691 2428 malas:
715 2392 758 2429 et
782 2389 959 2429 conver-

130 2457 205 2485 sus
227 2444 462 2485 vivificasti
482 2457 567 2485 me:
591 2445 615 2470 *
639 2448 683 2485 et
707 2443 763 2485 de
787 2443 958 2495 aby'ssis

129 2505 260 2542 terrae
287 2503 447 2542 iterum
474 2500 691 2542 reduxisti
717 2512 803 2541 me:

181 2557 489 2610 Multiplicasti
507 2555 876 2608 magnificentiam
894 2559 958 2596 tu-

131 2625 217 2654 am:
239 2615 263 2640 *
290 2618 334 2654 et
361 2615 601 2654 conversus
630 2611 883 2654 consolatus
913 2624 959 2653 es

130 2681 212 2710 me.

182 2725 299 2767 Nam
331 2730 375 2768 et
408 2738 491 2778 ego
525 2724 770 2767 confitebor
801 2723 883 2766 tibi
915 2723 960 2764 in

285 2866 350 2891 Pars
365 2866 535 2891 Autumnaiis.

990 210 1039 243 ad
1063 210 1299 246 Matutinum.

1017 308 1135 348 vasis
1173 309 1332 360 psalmi
1374 310 1606 352 veritatem
1647 316 1786 352 tuam:
1823 314 1846 339 *

1017 363 1138 404 Deus
1164 366 1350 417 psallam
1377 366 1458 407 tibi
1482 367 1527 407 in
1554 367 1732 417 cithara,
1752 381 1845 409 san-

1017 424 1115 460 ctus
1143 421 1292 462 Israel.

1069 477 1366 519 Exsultabunt
1384 478 1501 520 labia
1519 493 1618 521 mea
1633 493 1732 521 cum
1749 494 1844 522 can-

1016 534 1170 574 tavero
1190 533 1286 574 tibi:
1310 535 1334 562 *
1357 539 1401 575 et
1422 535 1566 577 anima
1584 550 1692 587 mea,
1714 550 1845 588 quam

1016 588 1253 630 redemisti.

1067 645 1155 686 Sed
1184 650 1227 686 et
1251 645 1400 697 lingua
1423 660 1520 688 mea
1544 652 1639 688 tota
1667 648 1739 690 die
1758 662 1843 690 me-

1017 700 1229 742 ditabitur
1270 703 1481 754 justitiam
1516 708 1652 744 tuam:
1685 707 1708 731 *
1745 718 1844 746 cum

1016 757 1188 798 confusi
1204 763 1247 800 et
1263 759 1442 800 reveriti
1455 759 1626 810 fuerint,
1643 761 1717 812 qui
1729 774 1843 812 quae-

1016 818 1118 855 runt
1145 815 1260 856 mala
1287 815 1404 855 mihi.

1296 899 1493 941 l‘salmus
1521 902 1577 941 71.

1019 971 1185 1075 Deus
1213 982 1419 1034 judicium
1446 987 1569 1024 tuum
1596 985 1688 1035 regi
1721 984 1792 1026 da:
1821 987 1844 1012 *

1134 1043 1178 1080 et
1205 1040 1415 1091 justitiam
1444 1044 1564 1080 tuam
1591 1041 1684 1082 filio
1713 1042 1843 1092 regis:

1066 1094 1091 1135 J
1092 1094 1272 1136 udicare
1289 1096 1503 1148 papulum
1520 1101 1644 1138 tuum
1663 1098 1707 1137 in
1726 1099 1842 1149 justi-

1014 1151 1087 1200 tia,
1107 1152 1130 1178 *
1154 1155 1197 1192 et
1216 1155 1435 1204 pauperes
1453 1157 1554 1194 tuos
1573 1153 1617 1193 in
1635 1153 1808 1205 judicio.

1066 1207 1315 1260 Suscipiant
1333 1213 1507 1250 montes
1530 1222 1686 1261 pacem
1704 1212 1842 1263 papu-

1014 1263 1076 1304 lo:
1103 1265 1127 1290 *
1156 1269 1200 1305 et
1228 1264 1362 1305 colles
1390 1265 1609 1316 justitiam.

1065 1320 1288 1361 Judicabit
1327 1324 1546 1373 pauperes
1586 1322 1757 1374 papuli,
1799 1327 1842 1364 et

1015 1377 1162 1417 salvos
1185 1377 1315 1418 faciet
1339 1377 1454 1418 filios
1475 1381 1734 1430 pauperum:
1754 1380 1778 1405 *
1799 1383 1842 1419 et

1013 1432 1262 1474 humiliabit
1290 1434 1662 1476 calumniatarem.

1064 1489 1122 1530 Et
1141 1490 1416 1541 permanebit
1436 1503 1535 1532 cum
1555 1491 1660 1541 sole,
1679 1496 1722 1532 et
1742 1496 1842 1532 ante

1012 1545 1177 1595 lunam,
1205 1547 1229 1572 *
1257 1546 1301 1585 in
1330 1547 1614 1597 generatidne
1644 1553 1688 1589 et
1715 1560 1841 1599 gene-

1012 1602 1239 1643 rati6nem.

1064 1657 1317 1699 Descendet
1335 1659 1449 1700 sicut
1463 1659 1612 1711 pluvia
1627 1660 1671 1700 in
1686 1659 1840 1700 vellus:

1012 1715 1036 1741 *
1052 1718 1095 1755 et
1110 1714 1224 1755 sicut
1239 1714 1463 1756 stillicidia
1477 1715 1687 1757 stillantia
1707 1728 1839 1767 super

1012 1775 1185 1811 terram.

1066 1826 1243 1867 Orietur
1276 1826 1321 1867 in
1356 1826 1511 1868 diebus
1544 1828 1634 1879 ejus
1666 1828 1839 1879 justitia,

1013 1886 1057 1924 et
1076 1882 1346 1924 abundantia
1362 1883 1500 1935 pacis:
1520 1884 1544 1911 *
1564 1883 1705 1926 donec
1723 1885 1838 1926 aufe-

1010 1940 1133 1980 ratur
1160 1938 1272 1979 luna.

1063 1995 1121 2036 Et
1163 1994 1460 2036 dominabitur
1493 2009 1519 2036 a
1554 1997 1664 2037 mari
1700 2010 1840 2049 usque

1012 2051 1070 2092 ad
1091 2064 1226 2092 mare:
1253 2052 1277 2079 *
1295 2056 1339 2093 et
1366 2064 1392 2092 a
1416 2052 1594 2093 flumine
1618 2064 1758 2104 usque
1782 2052 1839 2094 ad

1011 2107 1224 2149 terminos
1255 2107 1376 2149 orbis
1404 2110 1631 2148 terrarum.

1064 2163 1224 2204 Coram
1266 2163 1342 2204 illo
1391 2163 1624 2216 pracident
1669 2164 1839 2205 AEthio—

1012 2232 1109 2272 pes:
1140 2221 1164 2246 *
1195 2224 1239 2261 et
1266 2219 1429 2260 inimici
1454 2221 1544 2271 ejus
1571 2225 1734 2261 terram
1762 2220 1838 2261 lin-

1012 2279 1126 2327 gent.

1063 2332 1210 2382 Reges
1221 2331 1414 2380 Tharsis,
1431 2335 1475 2372 et
1489 2330 1644 2372 insulae
1659 2334 1840 2372 munera

1013 2387 1211 2428 afferent:
1239 2388 1263 2414 *
1290 2399 1417 2438 reges
1437 2386 1634 2428 Arabum
1661 2391 1705 2428 et
1723 2387 1839 2428 Saba

1013 2442 1129 2484 dona
1156 2442 1388 2483 adducent.

1063 2499 1120 2540 Et
1142 2498 1389 2540 adorabunt
1415 2511 1514 2540 eum
1538 2511 1691 2540 omnes
1711 2510 1837 2549 reges

1012 2560 1158 2596 terrae:
1178 2556 1201 2581 *
1220 2567 1373 2596 omnes
1389 2555 1554 2596 Gentes
1570 2555 1762 2596 servient
1783 2554 1836 2595 ei:

1066 2611 1178 2661 Quia
1207 2610 1413 2652 liberabit
1439 2614 1679 2663 pauperem
1711 2623 1736 2650 a
1762 2621 1836 2661 po-

1012 2669 1147 2709 tente:
1164 2668 1187 2693 *
1209 2671 1252 2708 et
1270 2670 1521 2719 paliperem‚
1543 2667 1613 2708 cui
1636 2678 1723 2707 non
1744 2668 1836 2706 erat

1013 2723 1196 2775 adjutor.
