2040 2944
204 186 276 220 240

420 283 696 333 Dominica
722 281 814 331 ΙΙΙ.

264 363 350 395 quae
375 350 564 394 superfuit
588 353 677 392 post
701 348 972 392 Epiphaniam.

548 410 710 452 Oratio.

292 465 542 514 mnipotens
589 460 853 512 sempiterne
900 459 1036 508 Deus,

313 518 609 559 infirmitatem
651 521 847 558 nostram
889 517 1035 568 propi-

205 576 291 617 tius
324 574 510 626 respice:
554 578 686 624 atque
719 572 776 613 ad
806 573 1036 624 protegen-

207 632 310 673 dum
329 644 421 680 nos,
445 629 671 671 dexteram
689 634 778 670 tuae
797 628 1037 680 maiestatis

207 687 407 729 extende.
434 687 518 727 Per
536 686 785 727 Dominum.

208 762 360 805 Lectio
388 760 527 802 sancti
546 758 772 810 Evangelii
798 757 1039 800 secundum

492 816 762 858 Matthaeum.

282 882 434 923 Lectio
456 881 523 921 vii.
799 879 903 930 Cap.
921 879 958 918 8.

207 935 282 1042 In
307 939 383 980 illo
410 940 626 991 tempore:
654 938 763 979 Cum
790 935 1035 980 descendis-

271 1001 338 1037 set
353 996 374 1036 J
380 1008 481 1036 esus
501 994 556 1036 de
573 999 734 1044 monte,
755 997 920 1036 secutae
941 997 1041 1034 sunt

208 1065 308 1093 eum
332 1051 474 1093 turbae
500 1051 666 1101 multae;
695 1055 738 1092 et
765 1063 867 1092 ecce
896 1049 1039 1102 lepro-

210 1121 283 1148 sus
304 1107 497 1157 veniens,
521 1106 739 1148 adorabat
759 1120 868 1148 eum.
902 1106 959 1147 Et
978 1106 1040 1146 re-

208 1164 337 1216 liqua.

306 1231 497 1278 Homilia
526 1231 666 1272 sancti
693 1231 952 1284 Hieronymi

494 1288 757 1340 Presbyteri.

326 1359 408 1392 Lib.
428 1358 454 1392 1.
474 1358 619 1392 Comm.
637 1356 677 1390 in
695 1367 723 1390 c.
742 1356 774 1390 S.
792 1354 924 1390 Matth.

219 1410 364 1461 ,5¹⁷3
390 1406 540 1443 monte
559 1402 752 1443 Domino
765 1402 1043 1443 'descenden-

221 1463 223 1466 ’
247 1454 313 1516 χ)
356 1465 410 1508 te,
431 1462 668 1501 occurrunt
686 1459 840 1508 turbae,
867 1459 969 1511 quia
989 1458 1044 1499 ad

268 1517 288 1521 ”
358 1516 514 1557 altiora
545 1515 786 1557 ascendere
814 1528 903 1556 non
927 1515 1044 1557 valu-

214 1573 350 1613 erunt.
379 1573 436 1613 Et
455 1572 622 1625 primus
640 1572 679 1613 ei
696 1573 887 1614 occurrit
902 1572 1044 1625 lepro-

213 1642 302 1669 sus:
327 1628 516 1670 necdum
541 1629 655 1671 enim
675 1631 851 1681 poterat
871 1642 970 1670 cum
988 1629 1045 1670 le-

213 1698 293 1737 pra
312 1690 402 1726 tam
421 1685 708 1741 multiplicem
725 1686 769 1726 in
787 1685 1046 1730 monteSal-

215 1742 380 1783 vatoris
409 1742 560 1783 audire
587 1745 846 1784 sermonem.
888 1742 946 1784 Et
970 1755 1045 1783 no-

213 1798 395 1839 tandum
421 1798 540 1851 quod
563 1799 634 1840 hic
657 1799 824 1851 primus
849 1798 1045 1851 speciali-

214 1860 281 1896 ter
300 1857 478 1896 curatus
499 1856 570 1897 sit:
590 1855 797 1905 secundo,
816 1868 928 1908 puer
949 1868 1044 1897 cen-

214 1911 416 1952 turionis:
455 1912 604 1961 tertio,
647 1924 802 1953 socrus
836 1912 956 1954 Petri
988 1912 1045 1953 fe-

214 1967 361 2009 briens
418 1969 461 2008 in
510 1968 832 2021 Capharnaum:
888 1974 1047 2020 quarto

215 2025 326 2074 loco,
347 2026 421 2076 qui
441 2025 578 2067 oblati
599 2031 698 2067 sunt
721 2026 761 2067 ei
781 2039 806 2066 a
827 2025 1047 2066 daemonio

216 2081 376 2122 vexati:
404 2095 591 2134 quorum
616 2082 795 2134 spiritus
816 2081 952 2123 verbo
978 2082 1046 2133 eji-

217 2137 374 2188 ciebat,
402 2138 578 2189 quando
605 2143 649 2180 et
669 2151 821 2180 omnes
841 2138 955 2179 male
975 2138 1046 2179 ha-

215 2194 370 2235 bentes
390 2195 570 2237 curavit.

503 2256 655 2297 Lectio
676 2256 760 2297 viii.

295 2312 313 2348 t
337 2321 439 2349 ecce
462 2308 666 2360 leprosus
690 2308 870 2350 veniens
894 2308 1048 2350 adora-

313 2363 388 2405 bat
418 2377 533 2413 eum,
562 2365 723 2406 dicens.
778 2366 917 2407 Recte
945 2370 1050 2418 post

218 2419 579 2472 praedicationem
626 2427 757 2473 atque
805 2421 1050 2462 doctrinam

219 2476 330 2527 signi
356 2476 538 2517 offertur
562 2479 755 2528 occasio,
784 2483 832 2519 ut
860 2491 940 2530 per
967 2479 1048 2519 vir-

219 2536 358 2574 tutem
401 2533 596 2574 miraculi
639 2535 890 2586 praeteritus
932 2534 1051 2586 apud

221 2589 447 2630 audientes
466 2602 610 2630 sermo
626 2590 832 2632 firmetur.
852 2590 1051 2639 Domine,

222 2647 257 2687 si
277 2646 359 2695 vis,
380 2650 511 2697 potes
530 2658 600 2686 me
620 2646 843 2687 mundare.
875 2646 958 2696 Qui
978 2659 1051 2686 vo-

222 2703 433 2744 luntatem
454 2707 594 2752 rogat,
615 2702 669 2743 de
690 2703 848 2744 virtute
868 2716 955 2743 non
975 2701 1050 2743 du-

546 189 748 224 Dominica
771 187 834 221 ΙΙΙ.
861 197 948 230 quae
973 185 1163 229 superfuit
1188 188 1278 227 post
1302 183 1573 227 Epiphaniam.

1087 275 1210 317 bitat.
1246 275 1303 316 Et
1327 273 1570 316 extendens
1589 273 1613 314 J
1616 285 1716 315 esus
1735 285 1923 321 manum,

1088 331 1232 382 tetigit
1247 344 1357 381 eum,
1375 330 1539 372 dicens:
1553 329 1684 379 Volo,
1699 327 1923 371 mundare.

1088 387 1366 429 Extendente
1394 399 1572 428 manum
1595 386 1806 435 Domino,
1839 390 1922 427 sta-

1090 445 1168 486 tim
1199 444 1324 497 lepra
1356 443 1478 494 fugit.
1523 442 1750 495 Simi'ssque
1783 443 1923 484 consi-

1091 500 1213 551 dera,
1241 513 1373 552 quam
1391 499 1567 541 humilis
1588 503 1632 540 et
1652 498 1745 540 sine
1764 499 1922 550 jactan-

1090 557 1152 598 tia
1176 557 1418 609 responsio.
1455 555 1536 597 Ille
1561 555 1749 609 dixerat,
1777 554 1823 596 Si
1841 554 1924 595 vis:

1091 613 1307 655 Dominus
1352 611 1601 665 respondit,
1647 611 1778 652 Volo.
1844 609 1924 652 Ille

1091 671 1383 722 praemiserat,
1421 669 1556 710 Potes
1592 680 1663 709 me
1694 666 1926 708 mundare:

1092 726 1307 767 Dominus
1327 725 1475 778 jungit,
1500 730 1544 766 et
1563 723 1680 773 dicit,
1699 723 1926 765 Mundare.

1091 782 1194 824 Non
1218 795 1342 833 ergo,
1370 787 1418 823 ut
1443 781 1644 834 plerique
1667 779 1926 822 Latinorum

1092 844 1265 892 putant,
1306 838 1574 892 jungendum
1607 842 1675 879 est
1707 842 1751 879 et
1782 836 1925 887 legen-

1094 896 1214 946 dum,
1242 895 1361 937 Volo
1387 893 1615 936 mundare:
1644 893 1724 935 sed
1750 894 1926 946 separa-

1093 953 1188 1002 tim,
1213 956 1263 993 ut
1281 951 1471 1004 primum
1490 951 1626 1000 dicat,
1645 950 1780 992 Volo:
1809 948 1926 991 dein-

1094 1008 1150 1050 de
1170 1010 1368 1061 imperet,
1389 1006 1616 1050 Mundare.

1396 1070 1549 1112 Lectio
1568 1070 1623 1112 ix.

1176 1126 1195 1163 t
1213 1121 1275 1163 ait
1292 1120 1355 1161 illi
1373 1120 1397 1160 J
1400 1132 1515 1161 esus:
1532 1119 1666 1170 Vide,
1686 1119 1849 1161 nemini
1868 1118 1928 1161 di-

1190 1177 1319 1219 xeris.
1355 1177 1412 1218 Et
1436 1178 1590 1219 revera
1615 1175 1720 1229 quid
1745 1180 1840 1218 erat
1858 1188 1929 1217 ne-

1097 1236 1220 1276 cesse
1254 1237 1303 1275 ut
1335 1235 1538 1274 sermone
1571 1234 1770 1286 jactaret,
1809 1231 1931 1284 quod

1097 1293 1285 1342 corpore
1326 1288 1613 1342 praeferebat?
1669 1288 1757 1330 Sed
1802 1287 1931 1337 vade,

1098 1345 1283 1389 ostende
1315 1350 1360 1387 te
1394 1345 1627 1387 sacerdoti.
1680 1345 1844 1387 Varias
1873 1343 1931 1386 ob

1098 1416 1254 1445 causas
1277 1402 1411 1444 mittit
1436 1415 1535 1444 eum
1560 1401 1617 1444 ad
1640 1401 1932 1443 sacerdotem:

1098 1460 1288 1513 primum
1320 1464 1506 1513 propter
1538 1458 1845 1508 humilitatem,
1883 1462 1933 1499 ut

1099 1515 1406 1558 sacerdotibus
1434 1514 1605 1558 deferre
1633 1515 1848 1556 honorem
1873 1514 1932 1555 vi-

1099 1573 1266 1614 deatur.
1285 1573 1393 1614 Erat
1409 1573 1525 1614 enim
1538 1571 1636 1623 lege
1646 1573 1933 1625 praeceptum,

1098 1635 1147 1671 ut
1168 1629 1241 1681 qui
1260 1628 1460 1671 mundati
1478 1629 1653 1671 fuerant
1672 1641 1698 1670 a
1715 1628 1851 1681 lepra,
1873 1627 1934 1669 of-

1099 1687 1262 1727 ferrent
1287 1689 1469 1727 munera
1495 1684 1814 1727 sacerdotibus,
1849 1684 1934 1726 De-

1099 1742 1201 1784 inde
1219 1748 1268 1784 ut
1290 1741 1553 1784 mundatum
1571 1741 1773 1784 videntes
1791 1741 1934 1794 lepro-

1100 1812 1213 1849 sum,
1244 1803 1320 1840 aut
1347 1797 1578 1840 crederent
1597 1798 1834 1847 Salvatori,
1860 1802 1936 1839 aut

1100 1868 1188 1896 non
1207 1853 1454 1897 crederent:
1476 1855 1515 1895 si
1534 1854 1776 1903 crederent,
1796 1853 1934 1895 salva-

1099 1914 1264 1953 rentur:
1285 1911 1322 1952 si
1340 1924 1430 1953 non
1449 1910 1691 1961 crederent,
1710 1911 1934 1951 inexcusa-

1100 1968 1212 2009 biles
1231 1967 1387 2009 forent.
1419 1968 1476 2009 Et
1497 1966 1641 2016 simul,
1659 1978 1731 2016 ne,
1752 1965 1873 2018 quod
1891 1962 1951 2006 in*

1101 2038 1154 2066 eo
1194 2024 1439 2076 saepissime
1476 2022 1836 2073 criminabantur,
1877 2022 1935 2064 le-

1099 2094 1197 2132 gem
1219 2080 1444 2122 videretur
1462 2081 1710 2131 infringere.

1155 2140 1220 2180 Te
1239 2138 1384 2179 Deum
1402 2136 1644 2179 laudamus.
1663 2137 1723 2177 14.

1151 2195 1224 2237 Ad
1254 2194 1420 2237 Bened.
1464 2195 1565 2236 Ant.
1614 2194 1726 2236 Cum
1758 2193 1935 2235 deseen—

1102 2251 1240 2293 disset
1264 2251 1288 2277 *
1307 2251 1332 2291 J
1335 2255 1437 2292 esus
1465 2250 1521 2292 de
1548 2254 1714 2300 monte,
1749 2262 1852 2291 ecce
1878 2249 1935 2290 10-

1101 2310 1262 2361 prosus
1282 2307 1462 2348 veniens
1488 2305 1706 2348 adorabat
1730 2318 1845 2355 eum,
1873 2304 1934 2346 di-

1103 2377 1222 2406 cens:
1260 2363 1467 2413 Domine,
1504 2362 1540 2403 si
1577 2362 1662 2412 vis,
1698 2367 1829 2414 potes
1866 2375 1936 2403 me

1102 2420 1332 2470 mundare3
1379 2424 1423 2461 et
1468 2417 1710 2460 extendens
1750 2430 1937 2465 manum,

1102 2477 1246 2527 tetigit
1279 2489 1397 2526 eum,
1438 2475 1604 2517 dicens:
1643 2474 1779 2520 Volo,
1817 2488 1936 2515 mun-

1104 2533 1221 2575 dare.

1154 2588 1208 2639 V.
1236 2589 1453 2630 Dominus
1481 2588 1695 2638 regnavit‚
1730 2589 1938 2628 decorem

1104 2646 1258 2687 induit.
1316 2646 1369 2697 R.
1400 2643 1549 2685 Induit
1576 2644 1792 2684 Dominus
1820 2643 1938 2684 forti-

1105 2702 1312 2751 tudinem,
1332 2705 1376 2742 et
1394 2699 1626 2752 'praecinxit
1646 2713 1694 2742 se
1713 2700 1886 2741 virtute.
