2040 2944
715 201 828 235 Feria
854 200 1023 234 secunda
1048 200 1097 234 ad
1122 200 1284 234 Laudes.

144 296 189 337 in
225 295 295 338 die
329 295 418 337 illa:
460 295 735 338 Confitemini
767 295 968 345 Domino,

146 357 190 394 et
215 352 417 394 invocate
444 365 603 394 nomen
632 352 738 404 ejus:

195 413 335 455 Notas
359 413 488 454 facite
511 413 554 453 in
572 411 747 465 populis
766 411 968 452 adinven-

144 469 284 511 tiones
305 470 410 522 ejus:
429 470 452 495 *
470 470 735 510 mementote
764 468 969 520 quoniam

145 525 366 567 excelsum
394 531 460 568 est
486 538 645 567 nomen
674 525 775 576 ejus.

198 586 380 628 Cantate
414 586 604 627 Domino
642 585 846 638 quoniam
881 597 967 625 ma-

143 643 300 693 gnifice
328 643 446 684 fecit:
472 643 496 668 *
524 642 775 683 annuntiate
807 640 892 682 hoc
925 641 968 681 in

143 699 345 740 universa
375 704 502 740 terra.

196 759 389 809 Exsulta⁷
411 764 455 801 et
472 759 602 801 lauda
620 758 831 800 habitatio
851 758 968 799 Sion:

143 817 167 842 *
196 816 297 869 quia
322 829 504 867 magnus
532 816 575 856 in
602 814 748 856 medio
779 815 842 856 tui
874 827 967 855 san-

145 878 239 914 ctus
267 872 414 914 Israel.
461 878 466 881 '
510 885 512 887 ’

198 940 295 980 Ant.
333 939 578 980 Conversus
615 942 680 978 est
715 936 834 977 furor
867 940 968 976 tuus

143 994 341 1044 Domine,
370 999 414 1036 et
441 993 692 1035 consolatus
720 1006 767 1034 es
794 1005 875 1033 me.

196 1062 294 1103 Ant.
335 1059 532 1101 Laudate
573 1060 596 1085 *
636 1058 872 1100 Dominum
913 1056 968 1098 de

145 1116 278 1158 coelis.

197 1181 258 1216 Ps.
283 1182 394 1226 idem,
419 1187 460 1217 ut
485 1192 601 1226 supra
626 1181 676 1216 16.

198 1242 321 1287 Capit.
338 1254 503 1287 sequens
518 1243 659 1277 dicitur
672 1243 709 1277 in
724 1243 847 1277 feriali
862 1243 967 1277 Offic.

146 1291 193 1325 ab
220 1291 298 1325 Oct.
329 1291 576 1326 Pentecostes
607 1302 729 1335 usque
760 1292 809 1325 ad
840 1292 968 1326 Domi-

144 1339 270 1374 nicam
293 1339 320 1375 1.
344 1340 558 1375 Adventus.

197 1398 454 1452 Capitulum.
658 1401 780 1441 Rom.
802 1401 857 1440 13.
878 1399 916 1440 d.

143 1463 297 1571 Nox
324 1468 564 1522 praecessit,
597 1467 690 1509 dies
723 1473 867 1509 autem
895 1481 968 1520 ap-

255 1525 577 1579 propinquavit.
588 1524 853 1576 Abjiciamus
863 1537 968 1575 ergo

146 1583 280 1635 opera
319 1581 615 1631 tenebrarum,
657 1586 700 1623 et
739 1580 969 1622 induamur

144 1651 265 1680 arma
297 1638 416 1680 lucis.
469 1639 590 1680 Sicut
618 1638 661 1678 in
689 1637 759 1679 die
786 1637 969 1679 honeste

144 1694 424 1737 ambulemus.

451 1764 660 1816 Hymnus.

241 1824 426 1877 plendor
453 1826 648 1877 paternae
675 1823 838 1875 gloriae,

262 1881 331 1923 De
358 1881 455 1923 luce
482 1880 624 1922 lucem
651 1880 889 1933 proferens,

220 1937 317 1980 Lux
343 1937 462 1987 lucis,
492 1942 535 1979 et
562 1937 659 1979 fons
686 1936 869 1987 luminis,

219 1994 349 2036 Diem
377 1993 470 2036 dies
497 1993 760 2035 illuminans:

178 2067 402 2121 Verusque
430 2067 497 2109 sol
523 2066 714 2116 illabere,

220 2124 386 2166 Micans
413 2124 554 2166 nitore
582 2123 768 2176 perpeti:

220 2180 443 2234 Jubarque
471 2180 609 2222 sancti
636 2180 820 2233 Spiritus

220 2237 406 2279 Infunde
433 2237 593 2279 nostris
621 2235 830 2278 sensibus.

180 2309 298 2353 Votis
326 2312 533 2352 vocemus
561 2315 605 2352 et
630 2310 816 2358 Patrem,

221 2368 396 2410 Patrem
423 2366 614 2420 potentis
641 2366 805 2417 gratiae,

221 2425 396 2466 Patrem
424 2423 626 2476 perennis
653 2421 821 2473 gloriae:

225 2480 406 2534 Culpam
434 2479 598 2530 releget
625 2478 846 2520 lubricam.

171 2554 410 2596 Confirmet
437 2558 559 2595 actus
587 2554 803 2594 strenuos:

221 2611 387 2652 Dentes
414 2609 618 2652 retundat
646 2607 795 2649 invidi:

223 2667 358 2708 Casus
386 2665 597 2708 secundet
625 2667 822 2717 asperos:

222 2722 407 2774 Agenda
434 2727 552 2764 recte
580 2721 748 2772 dirigat.

1053 295 1239 337 Mentem
1266 296 1478 347 gubernet
1506 302 1550 338 et
1576 301 1713 347 regat:

1098 352 1162 393 Sit
1187 366 1297 404 pura
1323 352 1449 394 nobis
1478 353 1670 394 castitas:

1099 407 1229 449 Fides
1258 408 1402 450 calore
1431 410 1606 458 ferveat,

1099 464 1282 506 Fraudis
1310 467 1475 506 venena
1501 466 1675 507 nesciat.

1047 542 1332 596 Christusque
1359 543 1485 585 nobis
1513 544 1568 585 sit
1595 543 1726 593 cibus,

1097 600 1321 652 Potusque
1348 605 1496 642 noster
1524 601 1578 641 sit
1606 599 1731 641 fides:

1098 656 1208 697 Laeti
1235 655 1435 697 bibamus
1463 656 1653 697 sobriam

1097 712 1400 754 Profusionem
1427 713 1622 764 Spiritus.

1046 789 1194 832 Laetus
1223 790 1315 832 dies
1342 790 1412 832 hic
1439 792 1647 832 transeat:

1097 847 1245 889 Pudor
1273 847 1328 888 sit
1356 851 1403 888 ut
1431 846 1682 888 diluculum:

1098 903 1228 945 Fides
1257 903 1375 945 velut
1401 902 1620 944 meridies:

1099 959 1413 1013 Crepusculum
1440 973 1562 1001 mens
1590 960 1763 1002 nesciat.

1051 1039 1221 1079 Aurora
1247 1038 1388 1080 lucem
1415 1038 1626 1091 provehit,

1100 1095 1208 1136 Cum
1235 1094 1331 1136 luce
1358 1094 1484 1136 nobis
1511 1094 1696 1147 prodeat

1097 1152 1148 1191 In
1175 1152 1304 1192 Patre
1331 1156 1450 1192 totus
1478 1150 1622 1199 Filius,

1098 1208 1155 1249 Et
1181 1212 1299 1249 totus
1326 1208 1370 1248 in
1397 1207 1547 1249 Verbo
1575 1207 1715 1249 Pater.

1048 1285 1143 1327 Deo
1170 1286 1290 1327 Patri
1317 1285 1372 1327 sit
1399 1285 1546 1335 gloria,

1098 1342 1288 1395 Eiusque
1317 1341 1398 1383 soli
1425 1341 1546 1391 Filio,

1100 1399 1208 1440 Cum
1235 1399 1398 1451 Spiritu
1425 1398 1653 1447 Paraclito,

1097 1455 1224 1496 Nunc
1253 1460 1295 1496 et
1323 1468 1402 1507 per
1430 1467 1556 1496 omne
1585 1454 1800 1495 saeculum.

1330 1511 1482 1552 Amen.

1075 1578 1158 1618 Per
1188 1579 1370 1617 Annum.
1416 1569 1465 1620 Y.
1493 1576 1667 1629 Repleti
1694 1588 1841 1616 sumus

1020 1647 1146 1675 mane
1173 1632 1470 1674 misericordia
1497 1638 1581 1674 tua.
1619 1632 1668 1683 R.
1691 1631 1840 1672 Exsul-

1019 1690 1217 1739 tavimus,
1246 1695 1289 1731 et
1317 1689 1521 1730 delectati
1549 1701 1706 1729 sumus.

1073 1755 1144 1796 Ad
1179 1754 1339 1796 Bened.
1374 1755 1471 1795 Ant.
1527 1752 1789 1794 Benedictus
1817 1753 1840 1778 *

1019 1810 1232 1852 Dominus
1258 1810 1378 1851 Deus
1406 1809 1552 1851 Israel.

1075 1879 1118 1913 In
1153 1879 1275 1913 Feriis
1312 1879 1483 1919 Quatuor
1517 1877 1764 1919 Temporum‚
1809 1878 1844 1907 et

1023 1928 1254 1971 Vigiliarum
1280 1937 1366 1970 quae
1396 1926 1610 1967 jejunantur
1642 1928 1730 1967 post
1757 1923 1842 1955 Ant.

1024 1976 1073 2010 ad
1093 1976 1234 2010 Bened.
1258 1975 1435 2010 dicuntur
1455 1984 1559 2016 sequ.
1578 1972 1715 2006 Preces
1735 1969 1843 2003 flexis

1023 2024 1201 2066 genibus:
1218 2023 1304 2057 aliis
1321 2021 1558 2065 temporibus
1568 2030 1644 2054 non
1659 2019 1843 2053 dicuntur.

1117 2089 1208 2141 yrie
1238 2088 1411 2130 eleison.
1462 2087 1633 2128 Christe
1666 2085 1838 2127 eleison.

1148 2145 1279 2197 Kyrie
1307 2144 1480 2186 eleison.

1075 2202 1200 2244 Pater
1218 2206 1377 2243 noster.
1399 2206 1539 2240 totum
1556 2197 1710 2238 dicitur
1729 2196 1844 2237 clara

1022 2270 1131 2298 voce
1161 2257 1290 2297 etiam
1318 2255 1360 2294 in
1388 2254 1607 2306 Vesperis.

1074 2313 1125 2364 V.
1147 2319 1203 2360 Et
1230 2331 1283 2360 ne
1311 2330 1390 2359 nos
1418 2315 1596 2356 inducas
1628 2314 1671 2354 in
1700 2317 1835 2355 tenta-

1018 2376 1190 2417 tionem.
1222 2374 1272 2425 R.
1295 2372 1381 2415 Sed
1403 2371 1540 2413 libera
1564 2383 1643 2411 nos
1668 2382 1693 2410 a
1710 2368 1836 2410 malo.

1075 2425 1124 2476 V.
1146 2431 1240 2481 Ego
1273 2429 1378 2471 dixi:
1411 2428 1597 2469 Domine
1630 2426 1836 2467 miserere

1017 2488 1112 2529 mei.
1145 2487 1194 2538 Ην.
1217 2487 1330 2528 Sana
1353 2485 1539 2526 animam
1556 2495 1707 2531 meam,
1737 2481 1835 2533 quia

1018 2543 1198 2597 peccavi
1223 2542 1312 2584 tibi.

1075 2598 1122 2650 V.
1159 2604 1423 2645 Convertere
1458 2599 1644 2642 Domine
1680 2601 1832 2648 usque-

1019 2675 1116 2714 quo.
1144 2660 1193 2710 R.
1209 2660 1265 2701 Et
1284 2656 1571 2711 deprecabilis
1591 2659 1685 2696 esto
1704 2663 1832 2704 super

1017 2730 1167 2759 servos
1194 2721 1304 2757 tuos.
