2040 2944
732 204 935 238 Dominica
962 204 1011 237 ad
1035 205 1273 238 Matutinum.
1840 200 1862 234 3

199 296 388 336 Nostras
407 308 564 348 preces
582 299 631 336 ut
650 294 812 343 audiat,

250 351 472 403 Suamque
494 351 697 393 dextram
715 350 926 403 porrigat,

251 408 309 448 Et
329 409 532 461 expiatos
553 407 761 449 sordibus

251 464 431 506 Reddat
449 464 654 517 polorum
675 462 875 504 sedibus:

200 545 272 591 Ut,
293 542 456 593 quique
476 540 775 582 sacratissimo

251 598 394 649 Hujus
416 597 503 638 diei
523 598 726 649 tempore

250 654 387 695 Horis
407 653 568 705 quietis
587 652 828 705 psallimus,

251 710 391 750 Donis
409 709 553 750 beatis
571 712 783 750 muneret.

200 791 223 830 J
226 801 297 828 am
316 800 442 836 nunc,
461 787 647 839 paterna
667 786 855 835 claritas,

253 844 318 885 Te
338 843 615 896 postulamus
635 842 816 884 affatim:

252 899 415 941 Absint
435 899 553 940 faces
573 899 780 948 libidinis,

252 956 310 997 Et
330 956 474 997 omnis
494 961 618 997 actus
638 955 807 996 nexius.

200 1036 268 1076 Ne
288 1032 407 1074 foeda
428 1033 496 1083 sit,
515 1033 586 1074 vel
606 1033 776 1074 lubrica

253 1090 480 1142 Compago
500 1090 642 1130 nostri
662 1089 875 1141 corporis,

256 1146 325 1187 Ob
346 1147 468 1198 eujus
488 1146 611 1197 ignes
630 1145 806 1196 ignibus

253 1203 457 1243 Avernus
476 1207 576 1244 urat
597 1202 751 1243 acrius.

201 1279 355 1322 Mundi
374 1280 651 1332 Redemptor
671 1282 936 1332 quaesumus,

254 1337 323 1377 Tu
340 1336 507 1389 probra
526 1342 679 1378 nostra
699 1337 855 1378 diluas:

252 1393 486 1445 Nobisque
504 1393 653 1444 largus
673 1393 908 1434 commoda

252 1449 371 1491 Vitae
391 1450 598 1502 perennis
618 1450 830 1491 conferas.

201 1528 384 1576 Praesta,
402 1527 534 1568 Pater
554 1526 763 1579 piissime,

253 1583 464 1634 Patrique
486 1596 668 1635 compar
687 1583 839 1632 Unice,

256 1639 366 1680 Cum
385 1640 553 1692 Spiritu
571 1639 794 1680 Paraclito

254 1696 461 1747 Regnans
481 1709 561 1748 per
581 1708 711 1737 omne
732 1695 954 1736 saeculum.

463 1752 618 1793 Amen.

382 1839 431 1877 In
459 1839 488 1877 I.
518 1839 741 1878 Nocturno.

196 1917 279 1957 Per
310 1916 497 1956 Annum.
536 1916 635 1956 Ant.
674 1916 843 1956 Servite
871 1915 982 1956 Dfio.

196 1981 418 2015 Asteriscus
445 1981 583 2014 *notat
599 1991 762 2024 pausam
782 1986 916 2015 cantus
937 1982 975 2014 in

145 2029 285 2063 Choro.

430 2081 632 2120 Psalmus
662 2081 690 2119 1.

403 2145 480 2194 vir,
497 2145 571 2195 qui
591 2157 680 2186 non
695 2144 803 2185 abiit
818 2145 862 2185 in
882 2157 983 2186 con-

164 2212 168 2253 {
191 2203 257 2257 {43:14
281 2201 379 2242 silio
400 2201 647 2253 impierum,
668 2205 711 2242 et
730 2201 774 2241 in
793 2201 864 2241 via
883 2214 982 2253 pec-

164 2261 170 2284 1
217 2263 225 2284 ²
256 2259 257 2263 ’
281 2258 480 2298 caterum
514 2270 602 2298 non
635 2257 771 2306 stetit,
803 2257 827 2282 *
862 2262 905 2298 et
938 2257 983 2297 in

153 2312 364 2354 cathedra
382 2313 646 2366 pestilentiae
666 2325 754 2354 non
774 2312 901 2354 sedit:

205 2368 292 2410 Sed
306 2370 351 2409 in
365 2369 461 2420 lege
472 2369 652 2410 Demini
663 2369 867 2410 voluntas
881 2370 983 2421 ejus,

152 2425 176 2450 *
197 2430 241 2466 et
259 2425 304 2465 in
321 2425 416 2477 lege
433 2427 523 2478 ejus
543 2424 827 2466 meditabitur
845 2425 916 2466 die
931 2437 983 2465 ac

154 2486 295 2522 nocte.

204 2538 262 2578 Et
289 2538 372 2579 erit
398 2542 624 2589 tamquam
652 2536 835 2588 lignum,
864 2536 984 2588 quod

153 2593 400 2645 plantatum
411 2598 477 2635 est
492 2606 619 2634 secus
631 2593 842 2634 decursus
853 2594 983 2643 aqua-

154 2662 262 2698 rum,
289 2650 312 2674 *
341 2649 462 2701 quod
489 2650 679 2691 fructum
708 2662 835 2689 suum
861 2647 984 2689 dabit

154 2704 199 2744 in
218 2706 419 2758 tempore
440 2718 535 2747 suo:

1082 294 1139 335 Et
1166 294 1320 345 folium
1349 296 1439 346 ejus
1468 308 1557 336 non
1577 295 1754 337 defluet:
1773 296 1796 321 *
1818 300 1861 337 et

1032 350 1179 391 emnia
1199 355 1488 403 quaecumque
1508 352 1655 401 faciet,
1680 364 1859 404 prospe-

1031 406 1253 448 rabuntur.

1082 467 1185 508 Non
1219 467 1282 508 sic
1314 468 1457 520 impii,
1491 481 1579 509 non
1613 469 1694 509 sic:
1726 469 1749 493 *
1783 468 1861 510 sed

1031 528 1257 575 tamquam
1302 523 1466 576 pulvis,
1510 537 1641 576 quern
1686 525 1862 576 prejicit

1031 585 1188 620 ventus
1208 593 1233 620 a
1251 580 1362 621 facie
1381 585 1522 621 terrae.

1083 640 1192 681 Ideo
1217 653 1306 681 non
1332 644 1561 691 resurgent
1586 641 1709 693 impii
1735 642 1779 682 in
1803 643 1860 693 ju-

1032 696 1163 738 dicio:
1189 697 1212 722 *
1239 710 1382 748 neque
1410 699 1668 749 peccatores
1692 698 1737 737 in
1761 711 1862 739 con-

1033 753 1134 794 cilio
1156 754 1379 804 justOrum.

1085 814 1305 863 Quoniam
1341 814 1464 854 novit
1495 813 1712 854 Deminus
1746 814 1862 854 viam

1033 871 1260 922 justOrum:
1284 871 1307 895 *
1333 875 1377 911 et
1400 871 1482 911 iter
1507 869 1743 921 impiorum
1766 884 1862 922 per-

1032 926 1123 967 ibit.

1085 987 1239 1028 Gloria
1263 987 1401 1037 Patri,
1432 991 1475 1028 et
1502 987 1634 1038 Filio,
1658 988 1681 1013 *
1703 993 1746 1029 et
1768 988 1860 1040 Spi-

1032 1044 1134 1084 ritui
1155 1049 1318 1084 sancto.

1084 1104 1206 1145 Sicut
1231 1109 1324 1145 erat
1347 1104 1391 1144 in
1411 1104 1645 1157 principio,
1670 1110 1714 1146 et
1737 1118 1863 1154 nunc,

1034 1165 1077 1201 et
1102 1173 1293 1213 semper:
1317 1160 1339 1185 *
1367 1165 1410 1201 et
1438 1160 1481 1200 in
1502 1161 1664 1202 saecula
1683 1161 1863 1202 saeculo·
1907 1212 1909 1214 Ι

1032 1229 1140 1256 rum.
1177 1216 1332 1257 Amen.

1084 1291 1158 1324 Hie
1190 1301 1326 1324 versus
1360 1290 1504 1324 Gloria.
1538 1302 1688 1333 semper
1722 1291 1861 1325 dicitur

1030 1339 1066 1372 in
1091 1340 1163 1372 tine
1186 1339 1353 1372 omnium
1375 1339 1625 1375 l‘sulmorum,
1651 1339 1724 1371 nisi
1752 1340 1861 1372 aliter
1908 1362 1909 1367 ,

1028 1392 1192 1430 notetur.

1318 1438 1515 1478 I'salmus
1544 1440 1579 1477 2.

1121 1515 1225 1542 uare
1254 1502 1524 1542 fremuerunt
1553 1501 1735 1550 Gentes,
1768 1502 1790 1526 *
1820 1506 1863 1542 et

1138 1557 1293 1610 populi
1318 1557 1517 1598 meditati
1547 1562 1648 1598 sunt
1677 1557 1845 1597 inania?

1086 1615 1334 1655 Astiterunt
1358 1626 1484 1664 reges
1512 1618 1658 1662 terrae,
1682 1618 1726 1654 et
1749 1616 1863 1665 prin-

1034 1671 1156 1722 cipes
1181 1671 1482 1711 convenerunt
1508 1670 1551 1709 in
1576 1682 1710 1709 unum
1739 1670 1762 1695 *
1790 1669 1863 1710 ad-

1034 1728 1187 1766 versus
1238 1726 1502 1774 Dominum⁷
1556 1730 1599 1766 et
1652 1724 1863 1766 adversus

1035 1782 1255 1823 Christum
1284 1783 1385 1833 ejus.

1086 1843 1401 1894 Dirumpamus
1435 1841 1608 1882 vincula
1642 1843 1812 1882 eerum:
1840 1842 1863 1866 *

1035 1904 1078 1940 et
1105 1899 1388 1951 projiciamus
1417 1911 1442 1938 a
1471 1897 1599 1938 nobis
1627 1898 1774 1949 jugum
1802 1897 1863 1949 ip-

1035 1957 1195 1996 sorum.

1087 2016 1172 2066 Qui
1204 2015 1374 2056 habitat
1405 2014 1450 2054 in
1483 2013 1627 2063 coelis,
1664 2013 1863 2054 irridebit

1035 2084 1126 2113 eos:
1141 2072 1164 2097 *
1182 2076 1226 2112 et
1239 2070 1457 2112 Dominus
1474 2069 1761 2110 subsannabit
1776 2082 1862 2110 eos.

1085 2132 1211 2172 Tunc
1252 2131 1457 2182 loquetur
1498 2129 1555 2170 ad
1597 2141 1673 2170 eos
1714 2129 1758 2169 in
1799 2129 1863 2169 ira

1035 2201 1124 2237 sua,
1151 2188 1175 2213 *
1204 2192 1247 2228 et
1275 2187 1319 2227 in
1347 2186 1493 2227 furore
1523 2197 1602 2226 suo
1631 2184 1862 2226 conturba-

1034 2243 1099 2285 bit
1122 2256 1209 2284 eos.

1085 2304 1180 2354 Ego
1201 2308 1348 2344 autem
1367 2301 1632 2344 constitutus
1652 2314 1749 2342 sum
1763 2301 1861 2342 Rex

1034 2359 1089 2401 ab
1110 2372 1163 2400 eo
1184 2372 1315 2411 super
1330 2359 1435 2400 Sion
1451 2361 1646 2398 montem
1662 2361 1862 2397 sanctum

1035 2417 1136 2466 ejus,
1155 2415 1179 2440 *
1198 2414 1447 2467 praedicans
1466 2414 1740 2466 praeceptum
1760 2413 1860 2463 ejus.

1085 2475 1302 2515 Dominus
1330 2474 1442 2515 dixit
1469 2473 1526 2515 ad
1553 2486 1641 2514 me:
1669 2473 1692 2498 *
1725 2471 1860 2512 Filius

1034 2543 1157 2572 meus
1178 2543 1224 2571 es
1242 2535 1301 2579 tu,
1321 2543 1402 2580 ego
1421 2529 1554 2570 hodie
1574 2528 1703 2579 genui
1722 2533 1776 2569 te.

1086 2590 1266 2632 Pestula
1291 2603 1317 2630 a
1340 2603 1422 2639 me,
1447 2595 1490 2631 et
1511 2588 1626 2630 dabo
1647 2587 1727 2629 tibi
1747 2587 1859 2630 Gen·
1920 2601 1927 2606 ·

1033 2652 1100 2688 tes
1119 2646 1423 2688 haereditatem
1442 2651 1574 2694 tuam,
1588 2645 1611 2670 *
1631 2649 1674 2685 et
1689 2654 1859 2695 posses-

1034 2704 1204 2744 si6nem
1222 2708 1342 2744 tuam
1361 2702 1572 2743 terminos
1590 2705 1730 2741 terrae.

1611 2825 1652 2858 1*
