<?xml version="1.0" encoding="UTF-8"?>
<!DOCTYPE html PUBLIC "-//W3C//DTD XHTML 1.0 Transitional//EN"
    "http://www.w3.org/TR/xhtml1/DTD/xhtml1-transitional.dtd">
<html xmlns="http://www.w3.org/1999/xhtml" xml:lang="en" lang="en">
 <head>
  <title>
</title>
<meta http-equiv="Content-Type" content="text/html;charset=utf-8" />
  <meta name='ocr-system' content='tesseract 3.04.00' />
  <meta name='ocr-capabilities' content='ocr_page ocr_carea ocr_par ocr_line ocrx_word'/>
</head>
<body>
  <div class='ocr_page' id='page_1' title='image "./p4breviariumroma00cathuoft_0073.png"; bbox 0 0 2040 2944; ppageno 0'>
   <div class='ocr_carea' id='block_1_1' title="bbox 670 201 1307 235">
    <p class='ocr_par' dir='ltr' id='par_1_1' title="bbox 670 201 1307 235">
     <span class='ocr_line' id='line_1_1' title="bbox 670 201 1307 235; baseline -0.002 -1"><span class='ocrx_word' id='word_1_1' title='bbox 670 201 779 235; x_wconf 79' lang='lat' dir='ltr'>Fcria</span> <span class='ocrx_word' id='word_1_2' title='bbox 806 201 973 235; x_wconf 78' lang='lat' dir='ltr'>secunda</span> <span class='ocrx_word' id='word_1_3' title='bbox 1000 202 1046 234; x_wconf 84' lang='lat' dir='ltr'>ad</span> <span class='ocrx_word' id='word_1_4' title='bbox 1075 201 1307 234; x_wconf 79' lang='lat' dir='ltr'>Matutinum.</span> 
     </span>
    </p>
   </div>
   <div class='ocr_carea' id='block_1_2' title="bbox 119 298 978 2710">
    <p class='ocr_par' dir='ltr' id='par_1_2' title="bbox 145 298 967 407">
     <span class='ocr_line' id='line_1_2' title="bbox 195 298 966 350; baseline -0.003 -10"><span class='ocrx_word' id='word_1_5' title='bbox 195 299 471 350; x_wconf 86' lang='lat' dir='ltr'>Magnificate</span> <span class='ocrx_word' id='word_1_6' title='bbox 485 299 721 339; x_wconf 91' lang='lat' dir='ltr'>Dominum</span> <span class='ocrx_word' id='word_1_7' title='bbox 739 311 925 339; x_wconf 90' lang='lat' dir='ltr'>mecum:</span> <span class='ocrx_word' id='word_1_8' title='bbox 943 298 966 323; x_wconf 89' lang='lat'>*</span> 
     </span>
     <span class='ocr_line' id='line_1_3' title="bbox 145 354 967 407; baseline -0.004 -10"><span class='ocrx_word' id='word_1_9' title='bbox 145 360 188 397; x_wconf 91' lang='lat' dir='ltr'>et</span> <span class='ocrx_word' id='word_1_10' title='bbox 199 355 437 397; x_wconf 90' lang='lat' dir='ltr'>exaltemus</span> <span class='ocrx_word' id='word_1_11' title='bbox 447 368 606 396; x_wconf 90' lang='lat' dir='ltr'>nomen</span> <span class='ocrx_word' id='word_1_12' title='bbox 615 355 704 407; x_wconf 90' lang='lat' dir='ltr'>ejus</span> <span class='ocrx_word' id='word_1_13' title='bbox 714 355 758 395; x_wconf 93' lang='lat' dir='ltr'>in</span> <span class='ocrx_word' id='word_1_14' title='bbox 768 354 857 407; x_wconf 88' lang='lat' dir='ltr'>idip</span> <span class='ocrx_word' id='word_1_15' title='bbox 862 367 967 395; x_wconf 76' lang='lat' dir='ltr'>sum,</span> 
     </span>
    </p>

    <p class='ocr_par' dir='ltr' id='par_1_3' title="bbox 143 415 968 582">
     <span class='ocr_line' id='line_1_4' title="bbox 195 415 968 469; baseline -0.001 -12"><span class='ocrx_word' id='word_1_16' title='bbox 195 417 421 469; x_wconf 90' lang='lat' dir='ltr'>Exquisivi</span> <span class='ocrx_word' id='word_1_17' title='bbox 430 416 676 466; x_wconf 90' lang='lat' dir='ltr'>Dominum,</span> <span class='ocrx_word' id='word_1_18' title='bbox 692 420 735 457; x_wconf 94' lang='lat' dir='ltr'>et</span> <span class='ocrx_word' id='word_1_19' title='bbox 748 415 968 456; x_wconf 80' lang='lat' dir='ltr'>exaudivit</span> 
     </span>
     <span class='ocr_line' id='line_1_5' title="bbox 143 471 968 514; baseline -0.002 0"><span class='ocrx_word' id='word_1_20' title='bbox 143 486 213 514; x_wconf 90' lang='lat' dir='ltr'>me</span> <span class='ocrx_word' id='word_1_21' title='bbox 223 489 231 513; x_wconf 92' lang='lat'>:</span> <span class='ocrx_word' id='word_1_22' title='bbox 241 474 264 499; x_wconf 89' lang='lat'>*</span> <span class='ocrx_word' id='word_1_23' title='bbox 276 478 320 514; x_wconf 91' lang='lat' dir='ltr'>et</span> <span class='ocrx_word' id='word_1_24' title='bbox 335 486 389 514; x_wconf 87' lang='lat' dir='ltr'>ex</span> <span class='ocrx_word' id='word_1_25' title='bbox 404 472 603 514; x_wconf 91' lang='lat' dir='ltr'>omnibus</span> <span class='ocrx_word' id='word_1_26' title='bbox 617 471 968 513; x_wconf 70' lang='lat' dir='ltr'>tribulationibus</span> 
     </span>
     <span class='ocr_line' id='line_1_6' title="bbox 144 530 530 582; baseline -0.005 -11"><span class='ocrx_word' id='word_1_27' title='bbox 144 530 252 571; x_wconf 90' lang='lat' dir='ltr'>meis</span> <span class='ocrx_word' id='word_1_28' title='bbox 272 530 431 582; x_wconf 82' lang='lat' dir='ltr'>eripuit</span> <span class='ocrx_word' id='word_1_29' title='bbox 449 542 530 570; x_wconf 91' lang='lat' dir='ltr'>me.</span> 
     </span>
    </p>

    <p class='ocr_par' dir='ltr' id='par_1_4' title="bbox 144 588 968 745">
     <span class='ocr_line' id='line_1_7' title="bbox 197 588 968 639; baseline -0.004 -7"><span class='ocrx_word' id='word_1_30' title='bbox 197 590 407 632; x_wconf 88' lang='lat' dir='ltr'>Accedite</span> <span class='ocrx_word' id='word_1_31' title='bbox 444 589 500 631; x_wconf 91' lang='lat' dir='ltr'>ad</span> <span class='ocrx_word' id='word_1_32' title='bbox 531 603 648 639; x_wconf 92' lang='lat' dir='ltr'>eum,</span> <span class='ocrx_word' id='word_1_33' title='bbox 687 594 730 630; x_wconf 92' lang='lat' dir='ltr'>et</span> <span class='ocrx_word' id='word_1_34' title='bbox 760 588 968 630; x_wconf 89' lang='lat' dir='ltr'>illumina-</span> 
     </span>
     <span class='ocr_line' id='line_1_8' title="bbox 144 647 968 688; baseline -0.002 -1"><span class='ocrx_word' id='word_1_35' title='bbox 144 647 266 687; x_wconf 89' lang='lat' dir='ltr'>mini:</span> <span class='ocrx_word' id='word_1_36' title='bbox 293 648 316 673; x_wconf 88' lang='lat'>*</span> <span class='ocrx_word' id='word_1_37' title='bbox 346 652 389 688; x_wconf 90' lang='lat' dir='ltr'>et</span> <span class='ocrx_word' id='word_1_38' title='bbox 416 647 548 687; x_wconf 85' lang='lat' dir='ltr'>facies</span> <span class='ocrx_word' id='word_1_39' title='bbox 568 650 726 687; x_wconf 82' lang='lat' dir='ltr'>vestrae</span> <span class='ocrx_word' id='word_1_40' title='bbox 754 658 842 686; x_wconf 93' lang='lat' dir='ltr'>non</span> <span class='ocrx_word' id='word_1_41' title='bbox 870 658 968 686; x_wconf 94' lang='lat' dir='ltr'>con-</span> 
     </span>
     <span class='ocr_line' id='line_1_9' title="bbox 145 703 389 745; baseline 0 -1"><span class='ocrx_word' id='word_1_42' title='bbox 145 703 389 745; x_wconf 91' lang='lat' dir='ltr'>fundentur.</span> 
     </span>
    </p>

    <p class='ocr_par' dir='ltr' id='par_1_5' title="bbox 146 759 970 924">
     <span class='ocr_line' id='line_1_10' title="bbox 197 759 970 813; baseline -0.004 -12"><span class='ocrx_word' id='word_1_43' title='bbox 197 761 287 801; x_wconf 89' lang='lat' dir='ltr'>Iste</span> <span class='ocrx_word' id='word_1_44' title='bbox 297 773 464 813; x_wconf 86' lang='lat' dir='ltr'>pauper</span> <span class='ocrx_word' id='word_1_45' title='bbox 480 759 693 809; x_wconf 89' lang='lat' dir='ltr'>clamavit,</span> <span class='ocrx_word' id='word_1_46' title='bbox 705 763 747 800; x_wconf 90' lang='lat' dir='ltr'>et</span> <span class='ocrx_word' id='word_1_47' title='bbox 757 759 970 799; x_wconf 92' lang='lat' dir='ltr'>Dominus</span> 
     </span>
     <span class='ocr_line' id='line_1_11' title="bbox 147 815 970 858; baseline -0.002 -1"><span class='ocrx_word' id='word_1_48' title='bbox 147 816 369 858; x_wconf 72' lang='lat' dir='ltr'>exaudivit</span> <span class='ocrx_word' id='word_1_49' title='bbox 384 829 497 857; x_wconf 90' lang='lat' dir='ltr'>eum:</span> <span class='ocrx_word' id='word_1_50' title='bbox 512 816 535 841; x_wconf 90' lang='lat'>*</span> <span class='ocrx_word' id='word_1_51' title='bbox 550 821 594 857; x_wconf 92' lang='lat' dir='ltr'>et</span> <span class='ocrx_word' id='word_1_52' title='bbox 609 815 663 856; x_wconf 92' lang='lat' dir='ltr'>de</span> <span class='ocrx_word' id='word_1_53' title='bbox 680 815 880 856; x_wconf 91' lang='lat' dir='ltr'>omnibus</span> <span class='ocrx_word' id='word_1_54' title='bbox 899 815 970 856; x_wconf 93' lang='lat' dir='ltr'>tri-</span> 
     </span>
     <span class='ocr_line' id='line_1_12' title="bbox 146 872 881 924; baseline -0.003 -10"><span class='ocrx_word' id='word_1_55' title='bbox 146 872 439 914; x_wconf 83' lang='lat' dir='ltr'>bulationibus</span> <span class='ocrx_word' id='word_1_56' title='bbox 460 873 549 924; x_wconf 91' lang='lat' dir='ltr'>ejus</span> <span class='ocrx_word' id='word_1_57' title='bbox 570 872 754 913; x_wconf 87' lang='lat' dir='ltr'>salvavit</span> <span class='ocrx_word' id='word_1_58' title='bbox 773 885 881 913; x_wconf 92' lang='lat' dir='ltr'>eum.</span> 
     </span>
    </p>

    <p class='ocr_par' dir='ltr' id='par_1_6' title="bbox 147 932 972 1091">
     <span class='ocr_line' id='line_1_13' title="bbox 198 932 970 984; baseline -0.004 -9"><span class='ocrx_word' id='word_1_59' title='bbox 198 934 408 975; x_wconf 90' lang='lat' dir='ltr'>Immittet</span> <span class='ocrx_word' id='word_1_60' title='bbox 423 933 617 984; x_wconf 84' lang='lat' dir='ltr'>Angelus</span> <span class='ocrx_word' id='word_1_61' title='bbox 635 932 812 973; x_wconf 93' lang='lat' dir='ltr'>Domini</span> <span class='ocrx_word' id='word_1_62' title='bbox 831 932 874 972; x_wconf 91' lang='lat' dir='ltr'>in</span> <span class='ocrx_word' id='word_1_63' title='bbox 894 932 970 973; x_wconf 93' lang='lat' dir='ltr'>cir-</span> 
     </span>
     <span class='ocr_line' id='line_1_14' title="bbox 148 989 972 1041; baseline -0.004 -9"><span class='ocrx_word' id='word_1_64' title='bbox 148 991 266 1032; x_wconf 90' lang='lat' dir='ltr'>cuitu</span> <span class='ocrx_word' id='word_1_65' title='bbox 283 990 525 1032; x_wconf 89' lang='lat' dir='ltr'>timentium</span> <span class='ocrx_word' id='word_1_66' title='bbox 550 1002 667 1031; x_wconf 86' lang='lat' dir='ltr'>eum:</span> <span class='ocrx_word' id='word_1_67' title='bbox 694 990 718 1015; x_wconf 86' lang='lat'>*</span> <span class='ocrx_word' id='word_1_68' title='bbox 747 994 790 1030; x_wconf 90' lang='lat' dir='ltr'>et</span> <span class='ocrx_word' id='word_1_69' title='bbox 818 989 972 1041; x_wconf 89' lang='lat' dir='ltr'>eripiet</span> 
     </span>
     <span class='ocr_line' id='line_1_15' title="bbox 147 1059 349 1091; baseline 0.015 -3"><span class='ocrx_word' id='word_1_70' title='bbox 147 1059 234 1088; x_wconf 92' lang='lat' dir='ltr'>eos.</span> <span class='ocrx_word' id='word_1_71' title='bbox 347 1089 349 1091; x_wconf 79' lang='grc'><strong>,</strong></span> 
     </span>
    </p>

    <p class='ocr_par' dir='ltr' id='par_1_7' title="bbox 149 1101 971 1258">
     <span class='ocr_line' id='line_1_16' title="bbox 201 1101 971 1155; baseline -0.005 -10"><span class='ocrx_word' id='word_1_72' title='bbox 201 1103 384 1145; x_wconf 86' lang='lat' dir='ltr'>Gustate</span> <span class='ocrx_word' id='word_1_73' title='bbox 399 1108 442 1144; x_wconf 93' lang='lat' dir='ltr'>et</span> <span class='ocrx_word' id='word_1_74' title='bbox 452 1103 597 1144; x_wconf 90' lang='lat' dir='ltr'>videte</span> <span class='ocrx_word' id='word_1_75' title='bbox 612 1102 817 1155; x_wconf 91' lang='lat' dir='ltr'>quoniam</span> <span class='ocrx_word' id='word_1_76' title='bbox 828 1101 971 1142; x_wconf 89' lang='lat' dir='ltr'>suavis</span> 
     </span>
     <span class='ocr_line' id='line_1_17' title="bbox 149 1158 971 1210; baseline -0.004 -9"><span class='ocrx_word' id='word_1_77' title='bbox 149 1165 216 1201; x_wconf 92' lang='lat' dir='ltr'>est</span> <span class='ocrx_word' id='word_1_78' title='bbox 230 1160 461 1201; x_wconf 88' lang='lat' dir='ltr'>Dominus:</span> <span class='ocrx_word' id='word_1_79' title='bbox 480 1160 503 1185; x_wconf 89' lang='lat'>*</span> <span class='ocrx_word' id='word_1_80' title='bbox 521 1159 677 1201; x_wconf 90' lang='lat' dir='ltr'>beatus</span> <span class='ocrx_word' id='word_1_81' title='bbox 691 1159 767 1208; x_wconf 92' lang='lat' dir='ltr'>vir,</span> <span class='ocrx_word' id='word_1_82' title='bbox 789 1158 862 1210; x_wconf 93' lang='lat' dir='ltr'>qui</span> <span class='ocrx_word' id='word_1_83' title='bbox 878 1171 971 1210; x_wconf 90' lang='lat' dir='ltr'>spe-</span> 
     </span>
     <span class='ocr_line' id='line_1_18' title="bbox 150 1217 363 1258; baseline 0.005 -1"><span class='ocrx_word' id='word_1_84' title='bbox 150 1221 218 1257; x_wconf 85' lang='lat' dir='ltr'>rat</span> <span class='ocrx_word' id='word_1_85' title='bbox 236 1217 278 1257; x_wconf 93' lang='lat' dir='ltr'>in</span> <span class='ocrx_word' id='word_1_86' title='bbox 299 1229 363 1258; x_wconf 91' lang='lat' dir='ltr'>eo.</span> 
     </span>
    </p>

    <p class='ocr_par' dir='ltr' id='par_1_8' title="bbox 147 1275 974 1432">
     <span class='ocr_line' id='line_1_19' title="bbox 200 1275 974 1319; baseline -0.003 -2"><span class='ocrx_word' id='word_1_87' title='bbox 200 1277 370 1319; x_wconf 92' lang='lat' dir='ltr'>Timete</span> <span class='ocrx_word' id='word_1_88' title='bbox 393 1277 629 1318; x_wconf 90' lang='lat' dir='ltr'>Dominum</span> <span class='ocrx_word' id='word_1_89' title='bbox 654 1288 805 1317; x_wconf 90' lang='lat' dir='ltr'>omnes</span> <span class='ocrx_word' id='word_1_90' title='bbox 834 1275 974 1316; x_wconf 90' lang='lat' dir='ltr'>sancti</span> 
     </span>
     <span class='ocr_line' id='line_1_20' title="bbox 150 1332 974 1387; baseline -0.004 -12"><span class='ocrx_word' id='word_1_91' title='bbox 150 1334 256 1385; x_wconf 85' lang='lat' dir='ltr'>ejus:</span> <span class='ocrx_word' id='word_1_92' title='bbox 297 1334 320 1360; x_wconf 88' lang='lat'>*</span> <span class='ocrx_word' id='word_1_93' title='bbox 359 1334 564 1387; x_wconf 89' lang='lat' dir='ltr'>quoniam</span> <span class='ocrx_word' id='word_1_94' title='bbox 599 1346 687 1374; x_wconf 93' lang='lat' dir='ltr'>non</span> <span class='ocrx_word' id='word_1_95' title='bbox 724 1337 790 1373; x_wconf 89' lang='lat' dir='ltr'>est</span> <span class='ocrx_word' id='word_1_96' title='bbox 826 1332 974 1384; x_wconf 91' lang='lat' dir='ltr'>inopia</span> 
     </span>
     <span class='ocr_line' id='line_1_21' title="bbox 147 1389 529 1432; baseline -0.003 -1"><span class='ocrx_word' id='word_1_97' title='bbox 147 1389 399 1432; x_wconf 90' lang='lat' dir='ltr'>timentibus</span> <span class='ocrx_word' id='word_1_98' title='bbox 420 1403 529 1432; x_wconf 90' lang='lat' dir='ltr'>eum.</span> 
     </span>
    </p>

    <p class='ocr_par' dir='ltr' id='par_1_9' title="bbox 148 1449 974 1606">
     <span class='ocr_line' id='line_1_22' title="bbox 199 1449 973 1502; baseline -0.004 -11"><span class='ocrx_word' id='word_1_99' title='bbox 199 1451 369 1492; x_wconf 92' lang='lat' dir='ltr'>Divites</span> <span class='ocrx_word' id='word_1_100' title='bbox 398 1453 610 1502; x_wconf 90' lang='lat' dir='ltr'>eguerunt</span> <span class='ocrx_word' id='word_1_101' title='bbox 640 1455 683 1492; x_wconf 92' lang='lat' dir='ltr'>et</span> <span class='ocrx_word' id='word_1_102' title='bbox 711 1449 973 1490; x_wconf 93' lang='lat' dir='ltr'>esurierunt:</span> 
     </span>
     <span class='ocr_line' id='line_1_23' title="bbox 148 1506 974 1560; baseline -0.002 -13"><span class='ocrx_word' id='word_1_103' title='bbox 148 1507 172 1532; x_wconf 88' lang='grc'>*</span> <span class='ocrx_word' id='word_1_104' title='bbox 190 1507 458 1560; x_wconf 91' lang='lat' dir='ltr'>inquirentes</span> <span class='ocrx_word' id='word_1_105' title='bbox 474 1512 620 1549; x_wconf 90' lang='grc'><strong>31116111</strong></span> <span class='ocrx_word' id='word_1_106' title='bbox 634 1506 870 1547; x_wconf 90' lang='lat' dir='ltr'>Dominum</span> <span class='ocrx_word' id='word_1_107' title='bbox 886 1518 974 1546; x_wconf 94' lang='lat' dir='ltr'>non</span> 
     </span>
     <span class='ocr_line' id='line_1_24' title="bbox 148 1563 680 1606; baseline -0.002 -2"><span class='ocrx_word' id='word_1_108' title='bbox 148 1563 395 1605; x_wconf 89' lang='lat' dir='ltr'>minuentur</span> <span class='ocrx_word' id='word_1_109' title='bbox 415 1564 533 1605; x_wconf 92' lang='lat' dir='ltr'>omni</span> <span class='ocrx_word' id='word_1_110' title='bbox 551 1563 680 1606; x_wconf 91' lang='lat' dir='ltr'>bono.</span> 
     </span>
    </p>

    <p class='ocr_par' dir='ltr' id='par_1_10' title="bbox 149 1623 975 1723">
     <span class='ocr_line' id='line_1_25' title="bbox 200 1623 975 1675; baseline -0.004 -9"><span class='ocrx_word' id='word_1_111' title='bbox 200 1625 360 1666; x_wconf 90' lang='lat' dir='ltr'>Venite</span> <span class='ocrx_word' id='word_1_112' title='bbox 376 1624 462 1675; x_wconf 90' lang='lat' dir='ltr'>filii,</span> <span class='ocrx_word' id='word_1_113' title='bbox 478 1624 626 1666; x_wconf 90' lang='lat' dir='ltr'>audite</span> <span class='ocrx_word' id='word_1_114' title='bbox 636 1636 721 1665; x_wconf 89' lang='lat' dir='ltr'>me:</span> <span class='ocrx_word' id='word_1_115' title='bbox 735 1623 758 1649; x_wconf 89' lang='lat'>*</span> <span class='ocrx_word' id='word_1_116' title='bbox 774 1623 975 1664; x_wconf 90' lang='lat' dir='ltr'>timorem</span> 
     </span>
     <span class='ocr_line' id='line_1_26' title="bbox 149 1680 626 1723; baseline 0 -2"><span class='ocrx_word' id='word_1_117' title='bbox 149 1680 327 1722; x_wconf 93' lang='lat' dir='ltr'>Domini</span> <span class='ocrx_word' id='word_1_118' title='bbox 345 1680 515 1723; x_wconf 91' lang='lat' dir='ltr'>docebo</span> <span class='ocrx_word' id='word_1_119' title='bbox 535 1693 626 1722; x_wconf 93' lang='lat' dir='ltr'>vos.</span> 
     </span>
    </p>

    <p class='ocr_par' dir='ltr' id='par_1_11' title="bbox 151 1739 974 1848">
     <span class='ocr_line' id='line_1_27' title="bbox 203 1739 974 1793; baseline -0.005 -10"><span class='ocrx_word' id='word_1_120' title='bbox 203 1741 309 1792; x_wconf 92' lang='lat' dir='ltr'>Quis</span> <span class='ocrx_word' id='word_1_121' title='bbox 330 1746 397 1783; x_wconf 91' lang='lat' dir='ltr'>est</span> <span class='ocrx_word' id='word_1_122' title='bbox 415 1741 547 1783; x_wconf 90' lang='lat' dir='ltr'>homo</span> <span class='ocrx_word' id='word_1_123' title='bbox 572 1741 646 1793; x_wconf 91' lang='lat' dir='ltr'>qui</span> <span class='ocrx_word' id='word_1_124' title='bbox 669 1740 762 1782; x_wconf 94' lang='lat' dir='ltr'>vult</span> <span class='ocrx_word' id='word_1_125' title='bbox 781 1740 932 1781; x_wconf 91' lang='lat' dir='ltr'>vitam:</span> <span class='ocrx_word' id='word_1_126' title='bbox 951 1739 974 1764; x_wconf 88' lang='lat'>*</span> 
     </span>
     <span class='ocr_line' id='line_1_28' title="bbox 151 1795 757 1848; baseline 0 -11"><span class='ocrx_word' id='word_1_127' title='bbox 151 1796 290 1848; x_wconf 80' lang='lat' dir='ltr'>diligit</span> <span class='ocrx_word' id='word_1_128' title='bbox 310 1797 402 1839; x_wconf 87' lang='lat' dir='ltr'>dies</span> <span class='ocrx_word' id='word_1_129' title='bbox 421 1797 571 1839; x_wconf 90' lang='lat' dir='ltr'>videre</span> <span class='ocrx_word' id='word_1_130' title='bbox 589 1795 757 1839; x_wconf 89' lang='lat' dir='ltr'>bonos?</span> 
     </span>
    </p>

    <p class='ocr_par' dir='ltr' id='par_1_12' title="bbox 151 1855 975 1967">
     <span class='ocr_line' id='line_1_29' title="bbox 201 1855 975 1909; baseline -0.004 -10"><span class='ocrx_word' id='word_1_131' title='bbox 201 1858 392 1900; x_wconf 91' lang='lat' dir='ltr'>Prohibe</span> <span class='ocrx_word' id='word_1_132' title='bbox 411 1857 603 1909; x_wconf 87' lang='lat' dir='ltr'>linguam</span> <span class='ocrx_word' id='word_1_133' title='bbox 616 1865 736 1899; x_wconf 92' lang='lat' dir='ltr'>tuam</span> <span class='ocrx_word' id='word_1_134' title='bbox 755 1870 781 1898; x_wconf 87' lang='lat' dir='ltr'>a</span> <span class='ocrx_word' id='word_1_135' title='bbox 798 1855 933 1897; x_wconf 89' lang='lat' dir='ltr'>malo:</span> <span class='ocrx_word' id='word_1_136' title='bbox 951 1856 975 1881; x_wconf 90' lang='lat'>*</span> 
     </span>
     <span class='ocr_line' id='line_1_30' title="bbox 151 1912 928 1967; baseline -0.003 -12"><span class='ocrx_word' id='word_1_137' title='bbox 151 1919 194 1956; x_wconf 93' lang='lat' dir='ltr'>et</span> <span class='ocrx_word' id='word_1_138' title='bbox 212 1913 328 1956; x_wconf 91' lang='lat' dir='ltr'>labia</span> <span class='ocrx_word' id='word_1_139' title='bbox 347 1919 422 1956; x_wconf 88' lang='lat' dir='ltr'>tua</span> <span class='ocrx_word' id='word_1_140' title='bbox 440 1928 494 1956; x_wconf 89' lang='grc'>116</span> <span class='ocrx_word' id='word_1_141' title='bbox 513 1914 748 1967; x_wconf 79' lang='lat' dir='ltr'>loquantur</span> <span class='ocrx_word' id='word_1_142' title='bbox 768 1912 928 1955; x_wconf 87' lang='lat' dir='ltr'>dolum.</span> 
     </span>
    </p>

    <p class='ocr_par' dir='ltr' id='par_1_13' title="bbox 119 1973 975 2084">
     <span class='ocr_line' id='line_1_31' title="bbox 202 1973 975 2025; baseline -0.003 -10"><span class='ocrx_word' id='word_1_143' title='bbox 202 1975 382 2017; x_wconf 91' lang='lat' dir='ltr'>Diverte</span> <span class='ocrx_word' id='word_1_144' title='bbox 407 1988 432 2016; x_wconf 87' lang='lat' dir='ltr'>a</span> <span class='ocrx_word' id='word_1_145' title='bbox 450 1975 582 2025; x_wconf 86' lang='lat' dir='ltr'>malo,</span> <span class='ocrx_word' id='word_1_146' title='bbox 603 1979 646 2016; x_wconf 94' lang='lat' dir='ltr'>et</span> <span class='ocrx_word' id='word_1_147' title='bbox 664 1975 733 2016; x_wconf 88' lang='lat' dir='ltr'>fac</span> <span class='ocrx_word' id='word_1_148' title='bbox 751 1973 933 2015; x_wconf 92' lang='lat' dir='ltr'>bonum:</span> <span class='ocrx_word' id='word_1_149' title='bbox 952 1973 975 1998; x_wconf 88' lang='lat'>*</span> 
     </span>
     <span class='ocr_line' id='line_1_32' title="bbox 119 2031 975 2084; baseline -0.002 -13"><span class='ocrx_word' id='word_1_150' title='bbox 119 2044 121 2049; x_wconf 66' lang='lat'><strong><em>¹</em></strong></span> <span class='ocrx_word' id='word_1_151' title='bbox 150 2031 320 2084; x_wconf 85' lang='lat' dir='ltr'>inquire</span> <span class='ocrx_word' id='word_1_152' title='bbox 339 2044 505 2084; x_wconf 90' lang='lat' dir='ltr'>pacem,</span> <span class='ocrx_word' id='word_1_153' title='bbox 526 2036 569 2073; x_wconf 91' lang='lat' dir='ltr'>et</span> <span class='ocrx_word' id='word_1_154' title='bbox 583 2033 849 2084; x_wconf 83' lang='lat' dir='ltr'>persequere</span> <span class='ocrx_word' id='word_1_155' title='bbox 869 2042 975 2071; x_wconf 90' lang='lat' dir='ltr'>eam.</span> 
     </span>
    </p>

    <p class='ocr_par' dir='ltr' id='par_1_14' title="bbox 152 2090 976 2201">
     <span class='ocr_line' id='line_1_33' title="bbox 204 2090 976 2144; baseline -0.004 -11"><span class='ocrx_word' id='word_1_156' title='bbox 204 2092 330 2134; x_wconf 89' lang='lat' dir='ltr'>Oculi</span> <span class='ocrx_word' id='word_1_157' title='bbox 354 2092 531 2133; x_wconf 89' lang='lat' dir='ltr'>Domini</span> <span class='ocrx_word' id='word_1_158' title='bbox 550 2105 681 2144; x_wconf 90' lang='lat' dir='ltr'>super</span> <span class='ocrx_word' id='word_1_159' title='bbox 705 2092 861 2143; x_wconf 91' lang='lat' dir='ltr'>justos:</span> <span class='ocrx_word' id='word_1_160' title='bbox 884 2090 908 2115; x_wconf 86' lang='lat'>*</span> <span class='ocrx_word' id='word_1_161' title='bbox 933 2094 976 2131; x_wconf 93' lang='lat' dir='ltr'>et</span> 
     </span>
     <span class='ocr_line' id='line_1_34' title="bbox 152 2149 805 2201; baseline -0.005 -11"><span class='ocrx_word' id='word_1_162' title='bbox 152 2161 278 2190; x_wconf 89' lang='lat' dir='ltr'>aures</span> <span class='ocrx_word' id='word_1_163' title='bbox 298 2149 388 2201; x_wconf 91' lang='lat' dir='ltr'>ejus</span> <span class='ocrx_word' id='word_1_164' title='bbox 407 2149 451 2189; x_wconf 91' lang='lat' dir='ltr'>in</span> <span class='ocrx_word' id='word_1_165' title='bbox 469 2161 623 2201; x_wconf 90' lang='lat' dir='ltr'>preces</span> <span class='ocrx_word' id='word_1_166' title='bbox 644 2150 805 2189; x_wconf 93' lang='lat' dir='ltr'>eorum.</span> 
     </span>
    </p>

    <p class='ocr_par' dir='ltr' id='par_1_15' title="bbox 152 2207 977 2363">
     <span class='ocr_line' id='line_1_35' title="bbox 203 2207 975 2260; baseline -0.004 -9"><span class='ocrx_word' id='word_1_167' title='bbox 203 2209 362 2251; x_wconf 90' lang='lat' dir='ltr'>Vultus</span> <span class='ocrx_word' id='word_1_168' title='bbox 388 2214 533 2251; x_wconf 86' lang='lat' dir='ltr'>autem</span> <span class='ocrx_word' id='word_1_169' title='bbox 558 2209 731 2250; x_wconf 91' lang='lat' dir='ltr'>Domini</span> <span class='ocrx_word' id='word_1_170' title='bbox 763 2221 893 2260; x_wconf 92' lang='lat' dir='ltr'>super</span> <span class='ocrx_word' id='word_1_171' title='bbox 917 2207 975 2248; x_wconf 88' lang='lat' dir='ltr'>fa-</span> 
     </span>
     <span class='ocr_line' id='line_1_36' title="bbox 153 2263 977 2318; baseline -0.004 -11"><span class='ocrx_word' id='word_1_172' title='bbox 153 2266 316 2307; x_wconf 82' lang='lat' dir='ltr'>cientes</span> <span class='ocrx_word' id='word_1_173' title='bbox 335 2265 467 2306; x_wconf 91' lang='lat' dir='ltr'>mala:</span> <span class='ocrx_word' id='word_1_174' title='bbox 490 2266 514 2291; x_wconf 89' lang='lat'>*</span> <span class='ocrx_word' id='word_1_175' title='bbox 539 2270 586 2306; x_wconf 92' lang='lat' dir='ltr'>ut</span> <span class='ocrx_word' id='word_1_176' title='bbox 609 2264 767 2318; x_wconf 89' lang='lat' dir='ltr'>perdat</span> <span class='ocrx_word' id='word_1_177' title='bbox 786 2263 841 2306; x_wconf 88' lang='lat' dir='ltr'>de</span> <span class='ocrx_word' id='word_1_178' title='bbox 859 2269 977 2305; x_wconf 90' lang='lat' dir='ltr'>terra</span> 
     </span>
     <span class='ocr_line' id='line_1_37' title="bbox 152 2335 590 2363; baseline -0.002 0"><span class='ocrx_word' id='word_1_179' title='bbox 152 2335 408 2363; x_wconf 79' lang='lat' dir='ltr'>memoriam</span> <span class='ocrx_word' id='word_1_180' title='bbox 428 2335 590 2363; x_wconf 87' lang='lat' dir='ltr'>eorum.</span> 
     </span>
    </p>

    <p class='ocr_par' dir='ltr' id='par_1_16' title="bbox 153 2381 976 2537">
     <span class='ocr_line' id='line_1_38' title="bbox 206 2381 976 2434; baseline -0.005 -10"><span class='ocrx_word' id='word_1_181' title='bbox 206 2382 512 2424; x_wconf 88' lang='lat' dir='ltr'>Clamaverunt</span> <span class='ocrx_word' id='word_1_182' title='bbox 540 2382 657 2434; x_wconf 87' lang='lat' dir='ltr'>justi,</span> <span class='ocrx_word' id='word_1_183' title='bbox 694 2387 737 2423; x_wconf 90' lang='lat' dir='ltr'>et</span> <span class='ocrx_word' id='word_1_184' title='bbox 763 2381 976 2422; x_wconf 90' lang='lat' dir='ltr'>Dominus</span> 
     </span>
     <span class='ocr_line' id='line_1_39' title="bbox 155 2436 976 2480; baseline -0.005 0"><span class='ocrx_word' id='word_1_185' title='bbox 155 2438 376 2480; x_wconf 82' lang='lat' dir='ltr'>exaudivit</span> <span class='ocrx_word' id='word_1_186' title='bbox 395 2452 490 2480; x_wconf 86' lang='lat' dir='ltr'>eos:</span> <span class='ocrx_word' id='word_1_187' title='bbox 509 2439 532 2464; x_wconf 90' lang='lat'>*</span> <span class='ocrx_word' id='word_1_188' title='bbox 553 2443 596 2479; x_wconf 92' lang='grc'>61</span> <span class='ocrx_word' id='word_1_189' title='bbox 616 2451 670 2479; x_wconf 89' lang='lat' dir='ltr'>ex</span> <span class='ocrx_word' id='word_1_190' title='bbox 686 2437 885 2479; x_wconf 90' lang='lat' dir='ltr'>omnibus</span> <span class='ocrx_word' id='word_1_191' title='bbox 905 2436 976 2477; x_wconf 92' lang='lat' dir='ltr'>tri-</span> 
     </span>
     <span class='ocr_line' id='line_1_40' title="bbox 153 2493 948 2537; baseline -0.006 0"><span class='ocrx_word' id='word_1_192' title='bbox 153 2494 449 2537; x_wconf 87' lang='lat' dir='ltr'>bulationibus</span> <span class='ocrx_word' id='word_1_193' title='bbox 472 2497 623 2536; x_wconf 92' lang='lat' dir='ltr'>eorum</span> <span class='ocrx_word' id='word_1_194' title='bbox 640 2493 843 2535; x_wconf 89' lang='lat' dir='ltr'>liberavit</span> <span class='ocrx_word' id='word_1_195' title='bbox 862 2505 948 2533; x_wconf 92' lang='lat' dir='ltr'>eos.</span> 
     </span>
    </p>

    <p class='ocr_par' dir='ltr' id='par_1_17' title="bbox 154 2552 978 2710">
     <span class='ocr_line' id='line_1_41' title="bbox 205 2552 977 2606; baseline -0.006 -8"><span class='ocrx_word' id='word_1_196' title='bbox 205 2557 338 2597; x_wconf 85' lang='lat' dir='ltr'>Juxta</span> <span class='ocrx_word' id='word_1_197' title='bbox 357 2561 423 2597; x_wconf 92' lang='lat' dir='ltr'>est</span> <span class='ocrx_word' id='word_1_198' title='bbox 437 2556 651 2596; x_wconf 91' lang='lat' dir='ltr'>Dominus</span> <span class='ocrx_word' id='word_1_199' title='bbox 671 2555 732 2604; x_wconf 92' lang='lat' dir='ltr'>iis,</span> <span class='ocrx_word' id='word_1_200' title='bbox 754 2554 827 2606; x_wconf 91' lang='lat' dir='ltr'>qui</span> <span class='ocrx_word' id='word_1_201' title='bbox 845 2552 977 2594; x_wconf 88' lang='lat' dir='ltr'>tribu-</span> 
     </span>
     <span class='ocr_line' id='line_1_42' title="bbox 154 2609 978 2708; baseline -0.004 -56"><span class='ocrx_word' id='word_1_202' title='bbox 154 2611 244 2708; x_wconf 72' lang='lat' dir='ltr'>latlo</span> <span class='ocrx_word' id='word_1_203' title='bbox 261 2617 361 2654; x_wconf 92' lang='lat' dir='ltr'>sunt</span> <span class='ocrx_word' id='word_1_204' title='bbox 378 2611 511 2653; x_wconf 92' lang='lat' dir='ltr'>corde</span> <span class='ocrx_word' id='word_1_205' title='bbox 522 2628 530 2651; x_wconf 70' lang='grc' dir='ltr'>ε</span> <span class='ocrx_word' id='word_1_206' title='bbox 540 2612 563 2637; x_wconf 85' lang='grc'><em>*</em></span> <span class='ocrx_word' id='word_1_207' title='bbox 575 2616 618 2652; x_wconf 87' lang='grc'>61</span> <span class='ocrx_word' id='word_1_208' title='bbox 628 2610 812 2652; x_wconf 83' lang='lat' dir='ltr'>humiles</span> <span class='ocrx_word' id='word_1_209' title='bbox 823 2609 978 2661; x_wconf 89' lang='lat' dir='ltr'>spiritu</span> 
     </span>
     <span class='ocr_line' id='line_1_43' title="bbox 156 2668 351 2710; baseline 0.005 -2"><span class='ocrx_word' id='word_1_210' title='bbox 156 2681 204 2708; x_wconf 89' lang='lat' dir='ltr'>sa</span> <span class='ocrx_word' id='word_1_211' title='bbox 222 2668 351 2710; x_wconf 88' lang='lat' dir='ltr'>vabit.</span> 
     </span>
    </p>
   </div>
   <div class='ocr_carea' id='block_1_3' title="bbox 207 2720 977 2774">
    <p class='ocr_par' dir='ltr' id='par_1_18' title="bbox 207 2720 977 2774">
     <span class='ocr_line' id='line_1_44' title="bbox 207 2720 977 2774; baseline -0.005 -10"><span class='ocrx_word' id='word_1_212' title='bbox 207 2724 359 2766; x_wconf 88' lang='lat' dir='ltr'>Multae</span> <span class='ocrx_word' id='word_1_213' title='bbox 378 2724 682 2766; x_wconf 92' lang='lat' dir='ltr'>tribulationes</span> <span class='ocrx_word' id='word_1_214' title='bbox 701 2723 930 2774; x_wconf 87' lang='lat' dir='ltr'>justorum:</span> <span class='ocrx_word' id='word_1_215' title='bbox 954 2720 977 2746; x_wconf 91' lang='lat'>*</span> 
     </span>
    </p>
   </div>
   <div class='ocr_carea' id='block_1_4' title="bbox 308 2862 554 2888">
    <p class='ocr_par' dir='ltr' id='par_1_19' title="bbox 308 2862 554 2888">
     <span class='ocr_line' id='line_1_45' title="bbox 308 2862 554 2888; baseline -0.012 0"><span class='ocrx_word' id='word_1_216' title='bbox 308 2863 371 2888; x_wconf 88' lang='lat' dir='ltr'>Pars</span> <span class='ocrx_word' id='word_1_217' title='bbox 383 2862 554 2887; x_wconf 77' lang='lat' dir='ltr'>Aununnalis.</span> 
     </span>
    </p>
   </div>
   <div class='ocr_carea' id='block_1_5' title="bbox 1019 295 1847 1527">
    <p class='ocr_par' dir='ltr' id='par_1_20' title="bbox 1019 295 1838 393">
     <span class='ocr_line' id='line_1_46' title="bbox 1020 295 1838 338; baseline -0.001 -1"><span class='ocrx_word' id='word_1_218' title='bbox 1020 301 1064 337; x_wconf 91' lang='lat' dir='ltr'>et</span> <span class='ocrx_word' id='word_1_219' title='bbox 1077 296 1132 337; x_wconf 91' lang='lat' dir='ltr'>de</span> <span class='ocrx_word' id='word_1_220' title='bbox 1148 296 1347 338; x_wconf 92' lang='lat' dir='ltr'>omnibus</span> <span class='ocrx_word' id='word_1_221' title='bbox 1362 297 1428 337; x_wconf 91' lang='lat' dir='ltr'>his</span> <span class='ocrx_word' id='word_1_222' title='bbox 1443 295 1646 338; x_wconf 80' lang='lat' dir='ltr'>liberabit</span> <span class='ocrx_word' id='word_1_223' title='bbox 1661 308 1736 336; x_wconf 91' lang='lat' dir='ltr'>eos</span> <span class='ocrx_word' id='word_1_224' title='bbox 1751 295 1838 336; x_wconf 92' lang='lat' dir='ltr'>Do-</span> 
     </span>
     <span class='ocr_line' id='line_1_47' title="bbox 1019 353 1171 393; baseline 0.007 -1"><span class='ocrx_word' id='word_1_225' title='bbox 1019 353 1171 393; x_wconf 83' lang='lat' dir='ltr'>minus.</span> 
     </span>
    </p>

    <p class='ocr_par' dir='ltr' id='par_1_21' title="bbox 1021 408 1840 562">
     <span class='ocr_line' id='line_1_48' title="bbox 1073 408 1840 450; baseline -0.003 0"><span class='ocrx_word' id='word_1_226' title='bbox 1073 408 1274 450; x_wconf 88' lang='lat' dir='ltr'>Custodit</span> <span class='ocrx_word' id='word_1_227' title='bbox 1304 409 1517 450; x_wconf 91' lang='lat' dir='ltr'>Dominus</span> <span class='ocrx_word' id='word_1_228' title='bbox 1555 408 1699 449; x_wconf 92' lang='lat' dir='ltr'>omnia</span> <span class='ocrx_word' id='word_1_229' title='bbox 1739 421 1840 449; x_wconf 90' lang='lat' dir='ltr'>ossa</span> 
     </span>
     <span class='ocr_line' id='line_1_49' title="bbox 1022 465 1839 506; baseline -0.001 0"><span class='ocrx_word' id='word_1_230' title='bbox 1022 467 1191 506; x_wconf 91' lang='lat' dir='ltr'>eorum:</span> <span class='ocrx_word' id='word_1_231' title='bbox 1218 466 1241 491; x_wconf 85' lang='lat'>*</span> <span class='ocrx_word' id='word_1_232' title='bbox 1268 479 1401 506; x_wconf 91' lang='lat' dir='ltr'>unum</span> <span class='ocrx_word' id='word_1_233' title='bbox 1424 478 1478 506; x_wconf 92' lang='lat' dir='ltr'>ex</span> <span class='ocrx_word' id='word_1_234' title='bbox 1501 465 1567 505; x_wconf 91' lang='lat' dir='ltr'>his</span> <span class='ocrx_word' id='word_1_235' title='bbox 1586 477 1674 506; x_wconf 93' lang='lat' dir='ltr'>non</span> <span class='ocrx_word' id='word_1_236' title='bbox 1695 469 1839 505; x_wconf 87' lang='lat' dir='ltr'>conte-</span> 
     </span>
     <span class='ocr_line' id='line_1_50' title="bbox 1021 523 1816 562; baseline 0 0"><span class='ocrx_word' id='word_1_237' title='bbox 1021 523 1151 562; x_wconf 81' lang='lat' dir='ltr'>retur.</span> <span class='ocrx_word' id='word_1_238' title='bbox 1811 539 1816 543; x_wconf 95' lang='lat'>·</span> 
     </span>
    </p>

    <p class='ocr_par' dir='ltr' id='par_1_22' title="bbox 1024 574 1841 686">
     <span class='ocr_line' id='line_1_51' title="bbox 1072 574 1841 630; baseline -0.003 -11"><span class='ocrx_word' id='word_1_239' title='bbox 1072 579 1192 619; x_wconf 93' lang='lat' dir='ltr'>Mors</span> <span class='ocrx_word' id='word_1_240' title='bbox 1212 580 1493 630; x_wconf 79' lang='lat' dir='ltr'>peccaterum</span> <span class='ocrx_word' id='word_1_241' title='bbox 1512 578 1718 630; x_wconf 88' lang='lat' dir='ltr'>pessima:</span> <span class='ocrx_word' id='word_1_242' title='bbox 1746 577 1768 602; x_wconf 91' lang='lat'>*</span> <span class='ocrx_word' id='word_1_243' title='bbox 1789 574 1841 617; x_wconf 63' lang='lat' dir='ltr'>&#39;et</span> 
     </span>
     <span class='ocr_line' id='line_1_52' title="bbox 1024 633 1771 686; baseline -0.004 -10"><span class='ocrx_word' id='word_1_244' title='bbox 1024 635 1096 686; x_wconf 91' lang='lat' dir='ltr'>qui</span> <span class='ocrx_word' id='word_1_245' title='bbox 1116 634 1303 675; x_wconf 89' lang='lat' dir='ltr'>oderunt</span> <span class='ocrx_word' id='word_1_246' title='bbox 1322 635 1489 685; x_wconf 87' lang='lat' dir='ltr'>justum,</span> <span class='ocrx_word' id='word_1_247' title='bbox 1510 633 1771 685; x_wconf 84' lang='lat' dir='ltr'>delinquent.</span> 
     </span>
    </p>

    <p class='ocr_par' dir='ltr' id='par_1_23' title="bbox 1022 690 1843 856">
     <span class='ocr_line' id='line_1_53' title="bbox 1074 690 1841 732; baseline -0.004 0"><span class='ocrx_word' id='word_1_248' title='bbox 1074 690 1277 732; x_wconf 88' lang='lat' dir='ltr'>Redimet</span> <span class='ocrx_word' id='word_1_249' title='bbox 1309 690 1520 730; x_wconf 92' lang='lat' dir='ltr'>Dominus</span> <span class='ocrx_word' id='word_1_250' title='bbox 1558 690 1721 730; x_wconf 89' lang='lat' dir='ltr'>animas</span> <span class='ocrx_word' id='word_1_251' title='bbox 1757 702 1841 730; x_wconf 90' lang='lat' dir='ltr'>ser-</span> 
     </span>
     <span class='ocr_line' id='line_1_54' title="bbox 1022 745 1843 798; baseline -0.004 -9"><span class='ocrx_word' id='word_1_252' title='bbox 1022 750 1177 789; x_wconf 92' lang='lat' dir='ltr'>vorum</span> <span class='ocrx_word' id='word_1_253' title='bbox 1191 749 1386 788; x_wconf 91' lang='lat' dir='ltr'>suorum:</span> <span class='ocrx_word' id='word_1_254' title='bbox 1401 747 1424 771; x_wconf 92' lang='lat'>*</span> <span class='ocrx_word' id='word_1_255' title='bbox 1436 751 1479 787; x_wconf 92' lang='lat' dir='ltr'>et</span> <span class='ocrx_word' id='word_1_256' title='bbox 1493 759 1581 787; x_wconf 92' lang='lat' dir='ltr'>non</span> <span class='ocrx_word' id='word_1_257' title='bbox 1591 745 1843 798; x_wconf 81' lang='lat' dir='ltr'>delinquent</span> 
     </span>
     <span class='ocr_line' id='line_1_55' title="bbox 1024 803 1612 856; baseline -0.003 -12"><span class='ocrx_word' id='word_1_258' title='bbox 1024 817 1175 845; x_wconf 92' lang='lat' dir='ltr'>omnes</span> <span class='ocrx_word' id='word_1_259' title='bbox 1196 804 1269 856; x_wconf 92' lang='lat' dir='ltr'>qui</span> <span class='ocrx_word' id='word_1_260' title='bbox 1288 807 1466 855; x_wconf 87' lang='lat' dir='ltr'>sperant</span> <span class='ocrx_word' id='word_1_261' title='bbox 1486 803 1529 842; x_wconf 89' lang='lat' dir='ltr'>in</span> <span class='ocrx_word' id='word_1_262' title='bbox 1549 815 1612 843; x_wconf 92' lang='lat' dir='ltr'>eo.</span> 
     </span>
    </p>

    <p class='ocr_par' dir='ltr' id='par_1_24' title="bbox 1080 857 1804 901">
     <span class='ocr_line' id='line_1_56' title="bbox 1080 857 1804 901; baseline -0.001 -2"><span class='ocrx_word' id='word_1_263' title='bbox 1080 860 1177 900; x_wconf 81' lang='lat' dir='ltr'>Ant.</span> <span class='ocrx_word' id='word_1_264' title='bbox 1207 860 1365 901; x_wconf 83' lang='lat' dir='ltr'>Rectos</span> <span class='ocrx_word' id='word_1_265' title='bbox 1386 858 1513 900; x_wconf 92' lang='lat' dir='ltr'>decet</span> <span class='ocrx_word' id='word_1_266' title='bbox 1533 857 1804 899; x_wconf 80' lang='lat' dir='ltr'>collaudatio.</span> 
     </span>
    </p>

    <p class='ocr_par' dir='ltr' id='par_1_25' title="bbox 1079 917 1428 968">
     <span class='ocr_line' id='line_1_57' title="bbox 1079 917 1428 968; baseline 0 -12"><span class='ocrx_word' id='word_1_267' title='bbox 1079 918 1175 956; x_wconf 71' lang='lat' dir='ltr'>Ant.</span> <span class='ocrx_word' id='word_1_268' title='bbox 1206 917 1428 968; x_wconf 82' lang='lat' dir='ltr'>Expugna.</span> 
     </span>
    </p>

    <p class='ocr_par' dir='ltr' id='par_1_26' title="bbox 1025 972 1845 1138">
     <span class='ocr_line' id='line_1_58' title="bbox 1293 972 1576 1011; baseline -0.004 0"><span class='ocrx_word' id='word_1_269' title='bbox 1293 972 1491 1011; x_wconf 80' lang='lat' dir='ltr'>Psalmus</span> <span class='ocrx_word' id='word_1_270' title='bbox 1512 974 1576 1010; x_wconf 65' lang='lat'>34.</span> 
     </span>
     <span class='ocr_line' id='line_1_59' title="bbox 1025 1025 1845 1131; baseline -0.004 -61"><span class='ocrx_word' id='word_1_271' title='bbox 1025 1025 1217 1131; x_wconf 75' lang='lat' dir='ltr'>Judica</span> <span class='ocrx_word' id='word_1_272' title='bbox 1248 1029 1435 1070; x_wconf 82' lang='lat' dir='ltr'>Domine</span> <span class='ocrx_word' id='word_1_273' title='bbox 1468 1029 1676 1068; x_wconf 90' lang='lat' dir='ltr'>nocentes</span> <span class='ocrx_word' id='word_1_274' title='bbox 1708 1040 1794 1077; x_wconf 92' lang='lat' dir='ltr'>me,</span> <span class='ocrx_word' id='word_1_275' title='bbox 1822 1028 1845 1053; x_wconf 85' lang='lat'>*</span> 
     </span>
     <span class='ocr_line' id='line_1_60' title="bbox 1112 1085 1735 1138; baseline -0.005 -12"><span class='ocrx_word' id='word_1_276' title='bbox 1112 1089 1314 1138; x_wconf 90' lang='lat' dir='ltr'>expugna</span> <span class='ocrx_word' id='word_1_277' title='bbox 1331 1085 1636 1137; x_wconf 78' lang='lat' dir='ltr'>impugnantes</span> <span class='ocrx_word' id='word_1_278' title='bbox 1655 1096 1735 1124; x_wconf 90' lang='grc'><strong>1116.</strong></span> 
     </span>
    </p>

    <p class='ocr_par' dir='ltr' id='par_1_27' title="bbox 1026 1140 1846 1249">
     <span class='ocr_line' id='line_1_61' title="bbox 1077 1140 1846 1195; baseline -0.005 -12"><span class='ocrx_word' id='word_1_279' title='bbox 1077 1141 1373 1195; x_wconf 88' lang='lat' dir='ltr'>Apprehende</span> <span class='ocrx_word' id='word_1_280' title='bbox 1401 1153 1521 1182; x_wconf 90' lang='lat' dir='ltr'>arma</span> <span class='ocrx_word' id='word_1_281' title='bbox 1541 1145 1584 1181; x_wconf 93' lang='lat' dir='ltr'>et</span> <span class='ocrx_word' id='word_1_282' title='bbox 1612 1144 1799 1180; x_wconf 89' lang='lat' dir='ltr'>scutum:</span> <span class='ocrx_word' id='word_1_283' title='bbox 1823 1140 1846 1165; x_wconf 90' lang='lat'>*</span> 
     </span>
     <span class='ocr_line' id='line_1_62' title="bbox 1026 1195 1746 1249; baseline -0.006 -9"><span class='ocrx_word' id='word_1_284' title='bbox 1026 1204 1069 1240; x_wconf 93' lang='lat' dir='ltr'>et</span> <span class='ocrx_word' id='word_1_285' title='bbox 1088 1202 1273 1249; x_wconf 84' lang='lat' dir='ltr'>exsurge</span> <span class='ocrx_word' id='word_1_286' title='bbox 1292 1198 1335 1238; x_wconf 92' lang='lat' dir='ltr'>in</span> <span class='ocrx_word' id='word_1_287' title='bbox 1355 1197 1614 1249; x_wconf 89' lang='lat' dir='ltr'>adjutorium</span> <span class='ocrx_word' id='word_1_288' title='bbox 1632 1195 1746 1236; x_wconf 88' lang='lat' dir='ltr'>mihi.</span> 
     </span>
    </p>

    <p class='ocr_par' dir='ltr' id='par_1_28' title="bbox 1025 1251 1847 1465">
     <span class='ocr_line' id='line_1_63' title="bbox 1076 1251 1846 1303; baseline -0.003 -7"><span class='ocrx_word' id='word_1_289' title='bbox 1076 1254 1263 1296; x_wconf 87' lang='lat' dir='ltr'>Effunde</span> <span class='ocrx_word' id='word_1_290' title='bbox 1297 1254 1524 1303; x_wconf 84' lang='lat' dir='ltr'>frameam,</span> <span class='ocrx_word' id='word_1_291' title='bbox 1559 1257 1602 1293; x_wconf 94' lang='lat' dir='ltr'>et</span> <span class='ocrx_word' id='word_1_292' title='bbox 1634 1251 1846 1294; x_wconf 83' lang='lat' dir='ltr'>conclude</span> 
     </span>
     <span class='ocr_line' id='line_1_64' title="bbox 1026 1311 1847 1362; baseline -0.005 -10"><span class='ocrx_word' id='word_1_293' title='bbox 1026 1311 1235 1353; x_wconf 92' lang='lat' dir='ltr'>adversus</span> <span class='ocrx_word' id='word_1_294' title='bbox 1250 1323 1337 1360; x_wconf 87' lang='lat' dir='ltr'>eos,</span> <span class='ocrx_word' id='word_1_295' title='bbox 1351 1311 1423 1362; x_wconf 93' lang='lat' dir='ltr'>qui</span> <span class='ocrx_word' id='word_1_296' title='bbox 1433 1312 1752 1362; x_wconf 89' lang='lat' dir='ltr'>persequuntur</span> <span class='ocrx_word' id='word_1_297' title='bbox 1763 1322 1847 1350; x_wconf 90' lang='lat' dir='ltr'>me:</span> 
     </span>
     <span class='ocr_line' id='line_1_65' title="bbox 1025 1365 1846 1415; baseline -0.005 -6"><span class='ocrx_word' id='word_1_298' title='bbox 1025 1369 1048 1393; x_wconf 86' lang='grc'>*</span> <span class='ocrx_word' id='word_1_299' title='bbox 1077 1368 1146 1409; x_wconf 91' lang='lat' dir='ltr'>dic</span> <span class='ocrx_word' id='word_1_300' title='bbox 1171 1368 1326 1408; x_wconf 85' lang='lat' dir='ltr'>animae</span> <span class='ocrx_word' id='word_1_301' title='bbox 1353 1379 1481 1407; x_wconf 82' lang='lat' dir='ltr'>meae:</span> <span class='ocrx_word' id='word_1_302' title='bbox 1509 1365 1634 1407; x_wconf 87' lang='lat' dir='ltr'>Salus</span> <span class='ocrx_word' id='word_1_303' title='bbox 1661 1370 1736 1406; x_wconf 93' lang='lat' dir='ltr'>tua</span> <span class='ocrx_word' id='word_1_304' title='bbox 1765 1377 1846 1415; x_wconf 88' lang='lat' dir='ltr'>ego</span> 
     </span>
     <span class='ocr_line' id='line_1_66' title="bbox 1027 1438 1133 1465; baseline -0.009 0"><span class='ocrx_word' id='word_1_305' title='bbox 1027 1438 1133 1465; x_wconf 90' lang='lat' dir='ltr'>sum.</span> 
     </span>
    </p>

    <p class='ocr_par' dir='ltr' id='par_1_29' title="bbox 1080 1477 1847 1527">
     <span class='ocr_line' id='line_1_67' title="bbox 1080 1477 1847 1527; baseline -0.005 -6"><span class='ocrx_word' id='word_1_306' title='bbox 1080 1479 1409 1522; x_wconf 88' lang='lat' dir='ltr'>Confundantur</span> <span class='ocrx_word' id='word_1_307' title='bbox 1437 1483 1480 1520; x_wconf 92' lang='lat' dir='ltr'>et</span> <span class='ocrx_word' id='word_1_308' title='bbox 1503 1480 1800 1527; x_wconf 89' lang='lat' dir='ltr'>revereantur,</span> <span class='ocrx_word' id='word_1_309' title='bbox 1824 1477 1847 1502; x_wconf 89' lang='lat'>*</span> 
     </span>
    </p>
   </div>
   <div class='ocr_carea' id='block_1_6' title="bbox 1010 1536 1649 1589">
    <p class='ocr_par' dir='ltr' id='par_1_30' title="bbox 1010 1536 1649 1589">
     <span class='ocr_line' id='line_1_68' title="bbox 1010 1536 1649 1589; baseline -0.006 -11"><span class='ocrx_word' id='word_1_310' title='bbox 1010 1566 1012 1570; x_wconf 86' lang='lat'><em>.</em></span> <span class='ocrx_word' id='word_1_311' title='bbox 1029 1539 1273 1589; x_wconf 83' lang='lat' dir='ltr'>quaerentes</span> <span class='ocrx_word' id='word_1_312' title='bbox 1294 1536 1479 1577; x_wconf 89' lang='lat' dir='ltr'>animam</span> <span class='ocrx_word' id='word_1_313' title='bbox 1497 1547 1649 1575; x_wconf 89' lang='lat' dir='ltr'>meam.</span> 
     </span>
    </p>
   </div>
   <div class='ocr_carea' id='block_1_7' title="bbox 1026 1593 1848 2770">
    <p class='ocr_par' dir='ltr' id='par_1_31' title="bbox 1026 1593 1847 1698">
     <span class='ocr_line' id='line_1_69' title="bbox 1079 1593 1846 1640; baseline -0.005 -7"><span class='ocrx_word' id='word_1_314' title='bbox 1079 1593 1346 1634; x_wconf 86' lang='lat' dir='ltr'>Avertantur</span> <span class='ocrx_word' id='word_1_315' title='bbox 1379 1593 1637 1640; x_wconf 90' lang='lat' dir='ltr'>retrorsum,</span> <span class='ocrx_word' id='word_1_316' title='bbox 1671 1594 1714 1631; x_wconf 89' lang='lat' dir='ltr'>et</span> <span class='ocrx_word' id='word_1_317' title='bbox 1748 1602 1846 1630; x_wconf 95' lang='lat' dir='ltr'>con-</span> 
     </span>
     <span class='ocr_line' id='line_1_70' title="bbox 1026 1645 1847 1698; baseline -0.007 -7"><span class='ocrx_word' id='word_1_318' title='bbox 1026 1649 1262 1691; x_wconf 89' lang='lat' dir='ltr'>fundantur</span> <span class='ocrx_word' id='word_1_319' title='bbox 1285 1650 1308 1674; x_wconf 88' lang='lat'>*</span> <span class='ocrx_word' id='word_1_320' title='bbox 1334 1648 1575 1698; x_wconf 89' lang='lat' dir='ltr'>cogitantes</span> <span class='ocrx_word' id='word_1_321' title='bbox 1602 1646 1706 1687; x_wconf 90' lang='lat' dir='ltr'>mihi</span> <span class='ocrx_word' id='word_1_322' title='bbox 1723 1645 1847 1686; x_wconf 88' lang='lat' dir='ltr'>mala.</span> 
     </span>
    </p>

    <p class='ocr_par' dir='ltr' id='par_1_32' title="bbox 1028 1702 1848 1861">
     <span class='ocr_line' id='line_1_71' title="bbox 1078 1702 1847 1757; baseline -0.007 -10"><span class='ocrx_word' id='word_1_323' title='bbox 1078 1707 1205 1747; x_wconf 89' lang='lat' dir='ltr'>Fiant</span> <span class='ocrx_word' id='word_1_324' title='bbox 1231 1710 1455 1757; x_wconf 91' lang='lat' dir='ltr'>tamquam</span> <span class='ocrx_word' id='word_1_325' title='bbox 1482 1703 1625 1756; x_wconf 92' lang='lat' dir='ltr'>pulvis</span> <span class='ocrx_word' id='word_1_326' title='bbox 1658 1707 1756 1743; x_wconf 90' lang='lat' dir='ltr'>ante</span> <span class='ocrx_word' id='word_1_327' title='bbox 1789 1702 1847 1742; x_wconf 90' lang='lat' dir='ltr'>fa-</span> 
     </span>
     <span class='ocr_line' id='line_1_72' title="bbox 1028 1758 1848 1811; baseline -0.007 -7"><span class='ocrx_word' id='word_1_328' title='bbox 1028 1763 1138 1804; x_wconf 91' lang='lat' dir='ltr'>ciem</span> <span class='ocrx_word' id='word_1_329' title='bbox 1165 1762 1301 1803; x_wconf 89' lang='lat' dir='ltr'>venti:</span> <span class='ocrx_word' id='word_1_330' title='bbox 1328 1762 1351 1786; x_wconf 90' lang='lat'>*</span> <span class='ocrx_word' id='word_1_331' title='bbox 1381 1766 1424 1802; x_wconf 92' lang='lat' dir='ltr'>et</span> <span class='ocrx_word' id='word_1_332' title='bbox 1451 1759 1646 1811; x_wconf 88' lang='lat' dir='ltr'>Angelus</span> <span class='ocrx_word' id='word_1_333' title='bbox 1673 1758 1848 1800; x_wconf 80' lang='lat' dir='ltr'>Domini</span> 
     </span>
     <span class='ocr_line' id='line_1_73' title="bbox 1028 1821 1364 1861; baseline -0.009 0"><span class='ocrx_word' id='word_1_334' title='bbox 1028 1821 1256 1861; x_wconf 89' lang='lat' dir='ltr'>coarctans</span> <span class='ocrx_word' id='word_1_335' title='bbox 1277 1831 1364 1859; x_wconf 87' lang='lat' dir='ltr'>eos.</span> 
     </span>
    </p>

    <p class='ocr_par' dir='ltr' id='par_1_33' title="bbox 1028 1871 1847 2041">
     <span class='ocr_line' id='line_1_74' title="bbox 1079 1871 1847 1917; baseline -0.007 -1"><span class='ocrx_word' id='word_1_336' title='bbox 1079 1876 1176 1917; x_wconf 89' lang='lat' dir='ltr'>Fiat</span> <span class='ocrx_word' id='word_1_337' title='bbox 1194 1875 1263 1916; x_wconf 92' lang='lat' dir='ltr'>via</span> <span class='ocrx_word' id='word_1_338' title='bbox 1286 1874 1460 1915; x_wconf 91' lang='lat' dir='ltr'>illorum</span> <span class='ocrx_word' id='word_1_339' title='bbox 1483 1872 1676 1914; x_wconf 83' lang='lat' dir='ltr'>tenebrae</span> <span class='ocrx_word' id='word_1_340' title='bbox 1696 1876 1739 1912; x_wconf 90' lang='grc'>61</span> <span class='ocrx_word' id='word_1_341' title='bbox 1757 1871 1847 1912; x_wconf 90' lang='lat' dir='ltr'>lub-</span> 
     </span>
     <span class='ocr_line' id='line_1_75' title="bbox 1028 1928 1847 1981; baseline -0.007 -8"><span class='ocrx_word' id='word_1_342' title='bbox 1028 1932 1183 1973; x_wconf 90' lang='lat' dir='ltr'>ricum:</span> <span class='ocrx_word' id='word_1_343' title='bbox 1209 1932 1232 1957; x_wconf 90' lang='lat'>*</span> <span class='ocrx_word' id='word_1_344' title='bbox 1261 1935 1304 1972; x_wconf 93' lang='lat' dir='ltr'>et</span> <span class='ocrx_word' id='word_1_345' title='bbox 1332 1929 1526 1981; x_wconf 89' lang='lat' dir='ltr'>Angelus</span> <span class='ocrx_word' id='word_1_346' title='bbox 1553 1928 1728 1970; x_wconf 92' lang='lat' dir='ltr'>Domini</span> <span class='ocrx_word' id='word_1_347' title='bbox 1755 1929 1847 1980; x_wconf 89' lang='lat' dir='ltr'>per-</span> 
     </span>
     <span class='ocr_line' id='line_1_76' title="bbox 1028 2000 1322 2041; baseline -0.01 -11"><span class='ocrx_word' id='word_1_348' title='bbox 1028 2002 1215 2041; x_wconf 91' lang='lat' dir='ltr'>sequens</span> <span class='ocrx_word' id='word_1_349' title='bbox 1236 2000 1322 2029; x_wconf 91' lang='lat' dir='ltr'>eos.</span> 
     </span>
    </p>

    <p class='ocr_par' dir='ltr' id='par_1_34' title="bbox 1027 2039 1848 2255">
     <span class='ocr_line' id='line_1_77' title="bbox 1080 2039 1848 2095; baseline -0.008 -9"><span class='ocrx_word' id='word_1_350' title='bbox 1080 2045 1293 2095; x_wconf 90' lang='lat' dir='ltr'>Quoniam</span> <span class='ocrx_word' id='word_1_351' title='bbox 1343 2042 1477 2094; x_wconf 87' lang='lat' dir='ltr'>gratis</span> <span class='ocrx_word' id='word_1_352' title='bbox 1527 2039 1848 2082; x_wconf 88' lang='lat' dir='ltr'>absconderunt</span> 
     </span>
     <span class='ocr_line' id='line_1_78' title="bbox 1028 2096 1847 2150; baseline -0.009 -8"><span class='ocrx_word' id='word_1_353' title='bbox 1028 2101 1132 2142; x_wconf 91' lang='lat' dir='ltr'>mihi</span> <span class='ocrx_word' id='word_1_354' title='bbox 1163 2101 1384 2142; x_wconf 89' lang='lat' dir='ltr'>interitum</span> <span class='ocrx_word' id='word_1_355' title='bbox 1420 2097 1566 2150; x_wconf 91' lang='lat' dir='ltr'>laquei</span> <span class='ocrx_word' id='word_1_356' title='bbox 1598 2096 1681 2137; x_wconf 93' lang='lat' dir='ltr'>sui:</span> <span class='ocrx_word' id='word_1_357' title='bbox 1718 2097 1740 2121; x_wconf 88' lang='lat'>*</span> <span class='ocrx_word' id='word_1_358' title='bbox 1781 2109 1847 2136; x_wconf 92' lang='lat' dir='ltr'>su-</span> 
     </span>
     <span class='ocr_line' id='line_1_79' title="bbox 1027 2152 1848 2211; baseline -0.011 -11"><span class='ocrx_word' id='word_1_359' title='bbox 1027 2159 1245 2211; x_wconf 88' lang='lat' dir='ltr'>pervacue</span> <span class='ocrx_word' id='word_1_360' title='bbox 1265 2154 1640 2208; x_wconf 88' lang='lat' dir='ltr'>exprobraverunt</span> <span class='ocrx_word' id='word_1_361' title='bbox 1660 2152 1848 2192; x_wconf 90' lang='lat' dir='ltr'>animam</span> 
     </span>
     <span class='ocr_line' id='line_1_80' title="bbox 1028 2227 1180 2255; baseline -0.013 0"><span class='ocrx_word' id='word_1_362' title='bbox 1028 2227 1180 2255; x_wconf 91' lang='lat' dir='ltr'>meam.</span> 
     </span>
    </p>

    <p class='ocr_par' dir='ltr' id='par_1_35' title="bbox 1029 2264 1846 2488">
     <span class='ocr_line' id='line_1_81' title="bbox 1079 2264 1846 2318; baseline -0.009 -7"><span class='ocrx_word' id='word_1_363' title='bbox 1079 2270 1238 2311; x_wconf 91' lang='lat' dir='ltr'>Veniat</span> <span class='ocrx_word' id='word_1_364' title='bbox 1265 2268 1326 2309; x_wconf 91' lang='lat' dir='ltr'>illi</span> <span class='ocrx_word' id='word_1_365' title='bbox 1352 2267 1544 2318; x_wconf 80' lang='lat' dir='ltr'>laqueus,</span> <span class='ocrx_word' id='word_1_366' title='bbox 1575 2277 1703 2317; x_wconf 90' lang='lat' dir='ltr'>quem</span> <span class='ocrx_word' id='word_1_367' title='bbox 1731 2264 1846 2314; x_wconf 93' lang='lat' dir='ltr'>igno-</span> 
     </span>
     <span class='ocr_line' id='line_1_82' title="bbox 1029 2319 1846 2377; baseline -0.01 -9"><span class='ocrx_word' id='word_1_368' title='bbox 1029 2331 1113 2368; x_wconf 86' lang='lat' dir='ltr'>rat:</span> <span class='ocrx_word' id='word_1_369' title='bbox 1150 2331 1193 2367; x_wconf 91' lang='lat' dir='ltr'>et</span> <span class='ocrx_word' id='word_1_370' title='bbox 1229 2324 1393 2377; x_wconf 88' lang='lat' dir='ltr'>captio,</span> <span class='ocrx_word' id='word_1_371' title='bbox 1437 2335 1565 2374; x_wconf 90' lang='lat' dir='ltr'>quam</span> <span class='ocrx_word' id='word_1_372' title='bbox 1605 2319 1846 2369; x_wconf 86' lang='lat' dir='ltr'>abscondit,</span> 
     </span>
     <span class='ocr_line' id='line_1_83' title="bbox 1029 2375 1846 2434; baseline -0.01 -11"><span class='ocrx_word' id='word_1_373' title='bbox 1029 2380 1328 2434; x_wconf 91' lang='lat' dir='ltr'>apprehendat</span> <span class='ocrx_word' id='word_1_374' title='bbox 1348 2392 1464 2420; x_wconf 92' lang='lat' dir='ltr'>eum:</span> <span class='ocrx_word' id='word_1_375' title='bbox 1482 2378 1504 2403; x_wconf 89' lang='lat'><strong>*</strong></span> <span class='ocrx_word' id='word_1_376' title='bbox 1525 2382 1567 2418; x_wconf 92' lang='lat' dir='ltr'>et</span> <span class='ocrx_word' id='word_1_377' title='bbox 1588 2377 1630 2417; x_wconf 89' lang='lat' dir='ltr'>in</span> <span class='ocrx_word' id='word_1_378' title='bbox 1644 2375 1846 2428; x_wconf 89' lang='lat' dir='ltr'>laqueum</span> 
     </span>
     <span class='ocr_line' id='line_1_84' title="bbox 1030 2437 1458 2488; baseline -0.014 -8"><span class='ocrx_word' id='word_1_379' title='bbox 1030 2437 1157 2479; x_wconf 91' lang='lat' dir='ltr'>cadat</span> <span class='ocrx_word' id='word_1_380' title='bbox 1175 2437 1219 2477; x_wconf 93' lang='lat' dir='ltr'>in</span> <span class='ocrx_word' id='word_1_381' title='bbox 1237 2437 1389 2488; x_wconf 90' lang='lat' dir='ltr'>ipsum.</span> <span class='ocrx_word' id='word_1_382' title='bbox 1454 2477 1458 2480; x_wconf 22' lang='lat'><em>⁷</em></span> 
     </span>
    </p>

    <p class='ocr_par' dir='ltr' id='par_1_36' title="bbox 1029 2488 1845 2648">
     <span class='ocr_line' id='line_1_85' title="bbox 1081 2488 1845 2537; baseline -0.009 -3"><span class='ocrx_word' id='word_1_383' title='bbox 1081 2493 1238 2534; x_wconf 89' lang='lat' dir='ltr'>Anima</span> <span class='ocrx_word' id='word_1_384' title='bbox 1265 2496 1409 2533; x_wconf 88' lang='lat' dir='ltr'>autem</span> <span class='ocrx_word' id='word_1_385' title='bbox 1432 2503 1528 2531; x_wconf 89' lang='lat' dir='ltr'>mea</span> <span class='ocrx_word' id='word_1_386' title='bbox 1554 2488 1786 2537; x_wconf 86' lang='lat' dir='ltr'>exsultabit</span> <span class='ocrx_word' id='word_1_387' title='bbox 1804 2488 1845 2527; x_wconf 94' lang='lat' dir='ltr'>in</span> 
     </span>
     <span class='ocr_line' id='line_1_86' title="bbox 1029 2544 1845 2595; baseline -0.01 -4"><span class='ocrx_word' id='word_1_388' title='bbox 1029 2550 1236 2591; x_wconf 87' lang='lat' dir='ltr'>Domino:</span> <span class='ocrx_word' id='word_1_389' title='bbox 1271 2549 1294 2574; x_wconf 91' lang='lat'>*</span> <span class='ocrx_word' id='word_1_390' title='bbox 1332 2551 1375 2589; x_wconf 92' lang='lat' dir='ltr'>et</span> <span class='ocrx_word' id='word_1_391' title='bbox 1403 2544 1689 2588; x_wconf 83' lang='lat' dir='ltr'>delectabitur</span> <span class='ocrx_word' id='word_1_392' title='bbox 1716 2555 1845 2595; x_wconf 89' lang='lat' dir='ltr'>super</span> 
     </span>
     <span class='ocr_line' id='line_1_87' title="bbox 1030 2605 1317 2648; baseline -0.01 -1"><span class='ocrx_word' id='word_1_393' title='bbox 1030 2605 1208 2648; x_wconf 89' lang='lat' dir='ltr'>salutari</span> <span class='ocrx_word' id='word_1_394' title='bbox 1227 2617 1317 2645; x_wconf 92' lang='lat' dir='ltr'>suo.</span> 
     </span>
    </p>

    <p class='ocr_par' dir='ltr' id='par_1_37' title="bbox 1029 2653 1843 2770">
     <span class='ocr_line' id='line_1_88' title="bbox 1082 2653 1843 2703; baseline -0.011 -1"><span class='ocrx_word' id='word_1_395' title='bbox 1082 2661 1237 2703; x_wconf 90' lang='lat' dir='ltr'>Omnia</span> <span class='ocrx_word' id='word_1_396' title='bbox 1256 2673 1355 2701; x_wconf 90' lang='lat' dir='ltr'>ossa</span> <span class='ocrx_word' id='word_1_397' title='bbox 1368 2672 1465 2700; x_wconf 91' lang='lat' dir='ltr'>mea</span> <span class='ocrx_word' id='word_1_398' title='bbox 1480 2657 1641 2699; x_wconf 86' lang='lat' dir='ltr'>dicent:</span> <span class='ocrx_word' id='word_1_399' title='bbox 1659 2657 1682 2681; x_wconf 88' lang='lat'>*</span> <span class='ocrx_word' id='word_1_400' title='bbox 1699 2653 1843 2695; x_wconf 90' lang='lat' dir='ltr'>Domi-</span> 
     </span>
     <span class='ocr_line' id='line_1_89' title="bbox 1029 2713 1495 2770; baseline -0.011 -10"><span class='ocrx_word' id='word_1_401' title='bbox 1029 2731 1094 2768; x_wconf 91' lang='lat' dir='ltr'>ne,</span> <span class='ocrx_word' id='word_1_402' title='bbox 1115 2717 1209 2770; x_wconf 87' lang='lat' dir='ltr'>quis</span> <span class='ocrx_word' id='word_1_403' title='bbox 1228 2716 1376 2757; x_wconf 89' lang='lat' dir='ltr'>similis</span> <span class='ocrx_word' id='word_1_404' title='bbox 1394 2713 1495 2756; x_wconf 86' lang='lat' dir='ltr'>tibi?</span> 
     </span>
    </p>
   </div>
   <div class='ocr_carea' id='block_1_8' title="bbox 51 143 1917 2830">
    <p class='ocr_par' dir='ltr' id='par_1_38' title="bbox 51 143 1917 2830">
     <span class='ocr_line' id='line_1_90' title="bbox 51 143 1917 2830; baseline 0 0"><span class='ocrx_word' id='word_1_405' title='bbox 51 143 1917 2830; x_wconf 95' lang='lat' dir='ltr'> </span> 
     </span>
    </p>
   </div>
   <div class='ocr_carea' id='block_1_9' title="bbox 1596 2837 1639 2870">
    <p class='ocr_par' dir='ltr' id='par_1_39' title="bbox 1596 2837 1639 2870">
     <span class='ocr_line' id='line_1_91' title="bbox 1596 2837 1639 2870; baseline 0 -13"><span class='ocrx_word' id='word_1_406' title='bbox 1596 2837 1639 2870; x_wconf 74' lang='grc'>4*</span> 
     </span>
    </p>
   </div>
  </div>
 </body>
</html>
