2040 2944
762 203 939 237 Officium
963 204 1247 239 Defunctorum.

118 295 121 306 ²
158 295 256 345 tuis,
274 294 331 336 ad
344 289 570 347 perpetuae
584 294 867 336 beatitudinis
882 307 981 336 con-

159 351 342 397 sortium
358 352 588 404 pervenire
609 350 837 392 concedas.

156 412 414 518 Fidelium
430 415 552 456 Deus
571 415 765 456 omnium
783 415 983 458 conditor

248 476 292 513 et
310 471 577 525 redemptor,
603 470 830 512 animabus
848 472 982 513 famu-

156 527 299 569 lorum
336 528 682 580 famularumque
712 530 886 570 tuarum
918 541 981 570 re-

156 585 408 626 missionem
433 586 692 626 cunctorum
716 584 860 626 tribue
882 597 982 637 pec-

157 642 368 683 catorum:
411 646 460 683 ut
499 640 814 692 indulgentiam
852 653 982 692 quam

157 709 330 750 semper
349 699 630 750 optaverunt,
655 697 740 750 piis
765 697 980 750 supplica-

155 753 347 796 tionibus
381 755 721 806 consequantur:
755 754 840 804 Qui
871 754 981 794 vivis

156 814 200 852 et
235 822 392 862 regnas
430 811 475 852 in
510 810 672 852 saecula
708 809 981 851 saeculorum.

155 869 206 921 Rz.
228 866 381 909 Amen.

205 928 248 963 In
273 930 335 964 die
357 941 449 965 vero
472 930 639 965 Coffiem.
665 930 834 964 omnium
858 930 977 964 Fidel.

154 975 328 1012 Defunct.
370 979 525 1022 quando
562 978 633 1012 dic.
672 978 756 1012 haec
792 979 856 1012 ult.
888 983 979 1012 tant.

155 1024 287 1060 Oratio
312 1026 399 1061 dic:
432 1022 507 1064 Qui
529 1022 633 1058 vivis
662 1026 699 1057 et
726 1032 866 1066 regnas
896 1033 982 1058 cum

155 1070 239 1106 Deo
267 1070 381 1106 Patre
412 1071 453 1105 in
482 1071 628 1106 unitate
659 1070 825 1115 Spiritus
858 1070 981 1106 sancti

154 1118 278 1163 Deus,
309 1129 380 1163 per
408 1119 538 1154 omnia
568 1118 711 1153 saecula
740 1119 980 1154 saeculorum.

153 1168 198 1212 R.
223 1166 359 1202 Amen.

222 1222 271 1261 In
292 1221 362 1262 die
384 1221 671 1274 depositionis
691 1222 906 1262 Defuncti.

485 1278 649 1319 Oratio.

229 1330 396 1382 bsolve,
411 1332 660 1383 quaesumus
675 1331 876 1381 Domine,
893 1331 980 1372 ani-

265 1400 382 1429 mam
406 1387 557 1429 famuli
580 1388 644 1430 tui
664 1389 732 1438 N.‚
760 1393 808 1429 ut
832 1387 980 1429 defim-

155 1448 252 1485 ctus
272 1443 435 1486 saeculo
454 1443 533 1486 tibi
551 1444 683 1486 vivat:
709 1449 753 1486 et
780 1457 878 1497 quae
902 1457 981 1496 per

154 1499 436 1552 fragilitatem
475 1501 616 1542 carnis
656 1501 845 1543 humana
881 1513 980 1542 con-

154 1557 402 1599 versatione
426 1558 659 1608 commisit,
685 1562 734 1599 tu
758 1558 883 1599 venia
905 1557 980 1598 mi-

155 1613 512 1656 sericordissimae
550 1614 727 1668 pietatis
767 1614 980 1666 absterge.

154 1669 240 1712 Per
257 1670 505 1712 Dominum.

208 1731 249 1766 Si
280 1731 394 1767 fuerit
425 1732 584 1772 femina,
623 1733 694 1767 die.
729 1731 896 1766 animam
927 1730 980 1766 fa—

154 1778 269 1814 mulae
291 1782 369 1818 tuae
386 1780 447 1823 N.‚
469 1783 512 1815 ut
535 1779 725 1815 defuncta.

316 1832 366 1871 In
394 1832 704 1874 Anniversario
735 1832 815 1873 die.

242 1953 318 1982 eus
363 1891 732 1993 indulgergfilajrum
775 1942 978 1984 Domine:

257 1996 314 2038 da
356 1998 582 2040 animabus
624 1999 885 2040 famulorum
921 1999 978 2040 fa-

155 2053 459 2107 mularumque
477 2054 668 2106 tuarum,
697 2068 881 2108 quorum
909 2069 979 2097 an-

155 2109 442 2152 niversarium
509 2111 796 2164 depositionis
864 2112 980 2154 diem

157 2169 565 2217 commemoramus,
588 2168 798 2219 refrigerii
818 2167 979 2218 sedem,

158 2222 314 2274 quietis
349 2222 682 2274 beatitudinem,
727 2230 770 2266 et
805 2224 980 2266 luminis

157 2277 408 2320 claritatem.
435 2280 520 2321 Per
538 2281 786 2331 Dominum.

207 2343 248 2379 Si
281 2354 352 2388 pro
384 2355 462 2379 uno
495 2349 641 2379 tantum
675 2345 715 2379 fit
744 2345 977 2379 Anniversa-

155 2392 263 2435 rium,
287 2393 358 2427 dic.
384 2393 423 2427 in
448 2393 635 2436 singulari
658 2403 827 2427 numero.

186 2445 305 2486 Ριο
334 2458 420 2486 uno
450 2446 671 2497 Episcopo
701 2445 918 2486 defuncto

491 2502 653 2543 Oratio.

157 2548 339 2654 Deus,
372 2556 445 2608 qui
476 2556 588 2598 inter
618 2556 886 2609 apostolicos
914 2569 977 2597 sa-

276 2610 479 2662 cerdotes
520 2613 730 2654 famulum
770 2618 892 2654 tuum
925 2613 975 2653 N.

158 2666 398 2717 pontificali
421 2668 562 2709 fecisti
588 2669 799 2720 dignitate
818 2669 978 2719 vigere:

1035 301 1214 348 praesta,
1234 300 1497 350 quaesumus3
1516 306 1565 342 ut
1584 303 1736 343 eorum
1757 316 1860 355 quo—

1038 365 1122 404 que
1148 356 1363 406 perpetuo
1397 359 1657 409 aggregetur
1685 362 1860 401 consor-

1034 409 1107 450 tio.
1135 409 1219 451 Per
1236 410 1482 454 Dominum.

1087 472 1127 507 Si
1160 473 1273 507 fuerit
1306 475 1510 513 Sacerdos,
1552 478 1701 511 dicatur
1735 486 1859 511 sacer-

1037 516 1158 551 dotali
1181 517 1316 562 fecisti,
1340 523 1408 554 etc.

1086 569 1160 602 Pro
1196 570 1377 604 nati-ibus
1408 582 1499 606 vero
1528 578 1563 606 et
1593 574 1710 607 f¹1mili
1716 574 1857 609 aribus,

1034 617 1095 649 vel
1120 618 1446 657 benefactoribus
1478 621 1548 655 dic
1575 622 1639 655 Or
1641 622 1716 655 ιιιο
1742 621 1859 663 Deus,

1035 660 1160 695 Veniae
1183 661 1352 706 largitor.
1375 672 1415 701 ut
1440 679 1533 711 supi
1536 680 1566 702 ἰ.
1593 665 1683 710 [161]

1207 725 1291 765 Pro
1320 732 1443 777 patre
1473 732 1515 767 et
1542 732 1690 765 matre.

1368 787 1531 828 Oratio.

1034 838 1208 943 Deus,
1232 842 1305 894 qui
1323 855 1404 884 nos
1422 848 1594 896 patrem
1614 850 1657 886 et
1675 851 1860 888 matrem

1131 897 1349 940 honorare
1368 902 1633 953 praecepisti:
1652 903 1859 946 miserere

1036 953 1272 996 clementer
1296 956 1521 998 animabus
1545 958 1682 1010 patris
1707 964 1750 1001 et
1772 973 1858 1001 ma-

1034 1010 1113 1051 tris
1145 1024 1272 1061 meae,
1311 1016 1550 1066 eoramque
1583 1018 1766 1067 peccata
1799 1016 1858 1058 di-

1034 1069 1171 1118 mitte3
1199 1081 1356 1121 meque
1381 1082 1457 1111 eos
1482 1070 1525 1110 in
1545 1073 1719 1113 aeternae
1740 1073 1859 1114 clari-

1033 1124 1138 1165 tatis
1162 1124 1324 1175 gaudio
1347 1126 1415 1167 fac
1438 1126 1597 1169 videre.
1631 1128 1715 1170 Per
1732 1129 1859 1170 Dfim.

1086 1186 1126 1219 Si
1159 1187 1199 1220 fit
1233 1197 1303 1230 pro
1339 1188 1514 1230 pluribus
1550 1189 1620 1223 dic.
1657 1189 1859 1225 animabus

1033 1232 1235 1275 parentum
1268 1234 1505 1277 nostrorum,
1545 1242 1580 1270 et
1616 1238 1681 1270 ubi
1718 1238 1858 1271 dicitur

1033 1289 1180 1324 meque,
1204 1282 1352 1317 dicatur
1376 1292 1535 1327 nosque.

1086 1329 1125 1362 Si
1148 1340 1217 1371 pro
1240 1336 1347 1384 patre
1365 1336 1525 1366 tanturn
1551 1332 1626 1366 dic
1628 1338 1700 1366 ltu}
1720 1334 1859 1369 animae

1035 1377 1157 1420 patris
1178 1377 1268 1421 mei,
1288 1389 1313 1412 v
1317 1380 1351 1412 el
1372 1380 1506 1414 nostri.

1085 1425 1123 1458 Si
1142 1436 1212 1467 pro
1230 1432 1348 1460 matre
1366 1432 1389 1461 t·
1383 1433 1527 1464 Mintum
1551 1429 1624 1463 dic
1617 1434 1701 1462 ιιῒιιι
1722 1430 1860 1465 animae

1034 1472 1169 1507 matris
1185 1483 1292 1518 meae,
1315 1486 1337 1508 v
1343 1476 1377 1509 el
1395 1466 1550 1511 nostrae.

1220 1530 1302 1571 Pro
1333 1545 1419 1572 uno
1447 1533 1676 1574 Defuncto.

1366 1593 1531 1634 Oratio.

1033 1639 1225 1746 Inclina
1248 1646 1437 1688 Domine
1470 1661 1619 1690 aurem
1650 1654 1770 1691 tuam
1802 1650 1858 1691 ad

1107 1714 1261 1753 preces
1288 1708 1479 1754 nostras,
1514 1704 1670 1756 quibus
1697 1706 1858 1748 miseri-

1035 1757 1228 1799 cordiam
1256 1764 1375 1800 tuam
1404 1760 1625 1813 supplices
1654 1760 1858 1814 depreca-

1034 1826 1144 1854 mur:
1171 1819 1219 1855 ut
1242 1815 1430 1856 animam
1451 1816 1599 1858 famuli
1618 1818 1698 1867 tui,
1728 1831 1858 1870 quam

1036 1869 1091 1911 de
1113 1869 1198 1912 hoc
1221 1871 1383 1913 saeculo
1406 1873 1593 1924 migrare
1613 1874 1788 1926 jussisti,
1813 1875 1857 1915 in

1034 1926 1157 1978 pacis
1184 1939 1235 1968 ac
1262 1927 1370 1969 lucis
1398 1929 1576 1979 regione
1605 1932 1855 1980 constituas,

1034 1987 1077 2023 et
1100 1982 1359 2025 Sanctorum
1383 1987 1560 2026 tuorum
1584 1985 1734 2038 jubeas
1760 1999 1856 2028 esse

1033 2041 1293 2081 consortem.
1319 2041 1404 2082 Per
1421 2041 1668 2083 Dominum.

1217 2107 1304 2148 Pro
1333 2119 1418 2147 una
1444 2107 1672 2147 Defuncta.

1362 2167 1525 2208 Oratio.

1033 2202 1337 2326 Quaesumus
1354 2221 1553 2271 Domine,
1573 2234 1654 2274 pro
1674 2227 1748 2263 tua
1767 2223 1854 2276 pie-

1135 2279 1224 2318 tate
1255 2277 1461 2319 miserere
1495 2278 1649 2319 animae
1680 2278 1854 2320 famulae

1031 2338 1134 2375 tuae:
1179 2338 1223 2374 et
1263 2346 1288 2373 a
1327 2333 1541 2384 contagiis
1576 2334 1854 2380 mortalitatis

1033 2392 1217 2438 exutam,
1236 2389 1280 2429 in
1297 2390 1473 2430 aeternae
1491 2389 1744 2431 salvationis
1758 2404 1854 2444 par-

1031 2450 1120 2486 tem
1139 2446 1331 2486 restitue.
1357 2445 1441 2486 Per
1460 2445 1707 2487 Dominum.

1083 2498 1132 2548 V.
1164 2500 1378 2552 Requiem
1410 2503 1617 2542 aeternam
1648 2501 1764 2543 dona
1792 2503 1852 2544 eis

1019 2557 1228 2597 Domine.
1256 2557 1306 2608 R.
1321 2557 1378 2598 Et
1391 2556 1466 2598 lux
1480 2559 1696 2610 perpetua
1709 2558 1853 2599 luceat

1032 2625 1131 2719 ‹31st-
1147 2668 1441 2720 Requiescant
1451 2669 1494 2709 in
1503 2682 1624 2722 pace.
1639 2672 1687 2722 R.
1700 2670 1850 2710 Amen.

923 2747 1088 2773 &Alth-⁴>-
