2040 2944
284 173 356 207 Die
379 173 428 207 17.
451 172 552 216 Sept⁴
589 173 702 216 Impr.
726 173 782 208 Ss.
806 173 1034 216 Stigmatum
1057 173 1095 206 in
1118 183 1280 216 corpore
1303 173 1337 208 S.
1361 173 1560 208 Francisci
1584 174 1691 208 Conf.

135 274 228 311 tere
247 269 408 310 montis
428 280 575 318 orans,
595 267 705 309 vidit
725 267 850 319 quasi
869 268 964 320 spe-

137 326 247 368 ciem
266 327 394 366 unius
414 323 643 376 Seraphim
667 336 745 365 sex
765 323 856 364 alas
874 328 965 364 tam

135 381 325 432 fiilgidas
369 393 500 432 quam
535 380 695 431 ignitas
731 380 966 422 habentem

136 437 191 480 de
230 437 442 479 coelorum
479 436 746 478 sublimitate
787 435 965 477 descen-

136 494 256 536 dere:
276 494 350 546 qui
364 493 517 535 volatu
536 492 765 534 celerrimo
781 490 839 534 ad
854 492 966 533 aeris

135 551 281 592 locum
307 550 403 592 viro
431 550 516 591 Dei
542 551 842 602 propinquum
868 562 964 601 per-

135 607 331 656 veniens,
359 619 448 648 non
468 606 611 647 solum
635 605 793 655 alatuS‚
823 605 903 647 sed
923 611 967 647 et

136 663 371 704 crucifixus
387 662 604 715 apparuit:
618 675 772 703 manus
789 662 966 714 quidem

137 725 180 761 et
197 719 336 772 pedes
354 719 521 761 habens
542 720 762 768 extensos,
783 723 827 760 et
848 719 966 760 cruci

136 775 312 826 affixos,
345 776 437 816 alas
465 787 571 816 vero
601 775 665 816 sic
691 775 802 816 miro
830 774 965 816 modo

135 832 236 874 hinc
254 832 356 873 inde
372 830 623 884 dispositas,
643 836 691 873 ut
707 831 816 873 duas
832 844 965 883 supra

137 893 270 941 caput
289 890 503 939 erigeret,
523 887 632 929 duas
653 888 710 929 ad
728 887 966 930 volandum

136 944 410 994 extenderet,
443 944 614 986 duabus
647 957 754 986 vero
787 944 966 996 reliquis

134 1006 277 1043 totum
296 1013 458 1053 corpus
479 999 880 1054 circumplectendo
896 1012 965 1041 ve-

134 1057 257 1099 laret.
320 1057 421 1098 Hoc
467 1056 637 1106 videns,
683 1056 967 1098 vehementer

135 1113 381 1166 obstupuit,
406 1113 680 1166 mixtamque
701 1112 845 1155 dolori
863 1116 964 1164 gau-

136 1169 256 1211 dium
271 1183 396 1211 mens
417 1170 507 1221 ejus
525 1170 719 1220 inmittit,
740 1169 844 1211 dum
864 1174 908 1212 et
923 1170 967 1210 in

135 1227 331 1277 gratioso
357 1227 448 1278 ejus
473 1228 657 1279 aspectu
681 1226 764 1268 sibi
783 1231 873 1268 tam
891 1227 966 1267 mi-

135 1282 333 1324 rabiliter
367 1295 498 1335 quam
530 1283 801 1325 familiariter
833 1295 966 1335 appa-

136 1339 272 1380 rentis
301 1341 572 1381 excessivam
603 1338 839 1391 quamdam
866 1351 965 1380 con-

137 1395 329 1448 cipiebat
354 1395 569 1446 laetitiam,
597 1400 641 1438 et
665 1396 760 1437 dira
785 1398 965 1448 conspe-

137 1457 207 1493 cta
243 1452 387 1493 crucis
425 1451 572 1494 affixio
604 1452 743 1505 ipsius
777 1452 966 1493 animam

137 1509 403 1560 compassivi
450 1508 617 1550 doloris
670 1508 820 1560 gladio
869 1521 964 1561 per—

137 1565 350 1606 transivit.

191 1627 242 1678 R.
267 1621 515 1662 Honestum
540 1620 644 1662 fecit
669 1620 793 1661 illum
817 1620 965 1661 Domi-

139 1689 232 1726 nus,
255 1681 299 1718 et
318 1676 558 1718 custodivit
577 1689 677 1718 eum
697 1676 751 1718 ab
771 1676 967 1726 inimicis,

140 1738 184 1774 et
212 1745 238 1774 a
263 1732 571 1774 seductoribus
597 1733 757 1774 tutavit
781 1732 918 1773 illum:
942 1740 965 1764 *

139 1789 195 1830 Et
226 1789 349 1831 dedit
380 1789 443 1830 illi
476 1789 720 1830 claritatem
749 1790 967 1830 aeternam.

140 1844 191 1896 V.
229 1845 401 1887 Justum
436 1845 619 1887 dednxit
645 1845 862 1886 Dominus
889 1858 969 1898 per

141 1902 233 1943 vias
252 1906 408 1951 rectas,
432 1906 475 1943 et
494 1901 687 1944 ostendit
705 1901 768 1942 illi
787 1914 969 1953 regnum

141 1959 235 2000 Dei.
262 1959 319 2000 Et
335 1957 468 2000 dedit.

449 2021 601 2062 Lectio
622 2035 659 2062 v.

188 2071 387 2113 ntellexit
408 2070 584 2123 quidem
607 2070 682 2112 illo
703 2070 890 2112 docente
909 2071 968 2111 in-

196 2128 343 2177 terius,
359 2128 433 2179 qui
449 2132 492 2169 et
507 2127 751 2180 apparebat
766 2127 971 2169 exterius:

143 2184 262 2237 quod
277 2184 380 2226 licet
393 2184 612 2237 passionis
626 2184 856 2225 infirmitas
872 2197 971 2226 cum

140 2241 469 2282 immortalitate
515 2240 695 2293 spiritus
742 2240 971 2293 Seraphici

140 2297 387 2339 nullatenus
408 2298 674 2346 conveniret,
700 2297 802 2338 ideo
821 2301 971 2338 tamen

141 2353 390 2405 hujnsmodi
424 2353 535 2396 visio
568 2353 658 2394 suis
690 2353 832 2395 fiierat
859 2366 969 2406 prae-

142 2411 313 2452 sentata
351 2409 678 2462 conspectibus;
720 2413 768 2450 ut
805 2411 970 2450 amicus

142 2465 236 2517 ipse
267 2466 430 2508 Christi
457 2467 773 2519 praenosceret,
807 2478 855 2507 se
882 2478 970 2507 non

142 2534 222 2573 per
238 2523 496 2574 martvrium
515 2522 676 2570 carnis,
705 2521 785 2563 sed
808 2534 888 2573 per
911 2521 970 2562 in-

144 2577 346 2619 cendium
376 2579 535 2620 mentis
568 2583 710 2621 totum
737 2578 780 2618 in
810 2577 971 2619 Christi

142 2633 247 2674 Jesu
270 2634 468 2675 crucifixi
493 2637 748 2687 expressam
773 2633 969 2675 similita-

145 2689 289 2731 dinem
333 2690 746 2732 transformandum.
812 2690 968 2742 Dispa-

1775 169 1850 205 309

1018 279 1119 308 rens
1138 268 1288 319 itaque
1308 266 1419 307 visio
1443 270 1548 318 post
1572 266 1779 306 arcanum
1798 276 1850 305 ac

1019 323 1232 364 familiare
1265 322 1537 374 colloquium
1568 326 1761 363 mentem
1788 321 1849 373 ip-

1019 381 1110 421 sius
1138 379 1370 432 seraphico
1404 378 1585 420 interius
1612 378 1849 418 inflamma-

1019 436 1082 478 vit
1105 435 1276 486 ardore;
1301 447 1477 477 carnem
1500 447 1606 476 vero
1629 433 1850 475 Crucifixo

1020 493 1234 534 conformi
1272 491 1463 534 exterius
1500 490 1723 541 insignivit
1763 490 1849 531 effi-

1020 549 1106 601 gie,
1133 554 1358 600 tamquam
1386 548 1423 588 si
1451 546 1507 589 ad
1532 547 1644 598 ignis
1672 546 1850 598 liquefa-

1020 607 1182 647 ctivam
1213 605 1421 646 virtutem
1452 603 1770 656 praeambulam
1797 603 1850 643 si-

1019 662 1216 713 gillativa
1244 660 1449 714 quaedam
1476 665 1592 701 esset
1618 660 1850 712 impressio

1021 718 1268 760 subsecata.
1301 718 1458 759 Statim
1483 729 1672 768 namque
1697 716 1740 756 in
1763 718 1850 756 ma-

1020 775 1148 816 nibus
1191 779 1234 816 et
1273 773 1462 826 pedibus
1505 773 1595 824 ejus
1637 774 1851 824 apparere

1020 832 1250 883 coeperunt
1292 831 1415 881 signa
1453 829 1694 878 clavorum,
1736 828 1850 880 ipso-

1019 901 1117 929 rum
1153 887 1370 940 capitibus
1408 887 1451 926 in
1492 885 1688 927 inferiori
1724 890 1851 937 parte

1019 947 1227 986 manuum
1259 949 1302 986 et
1334 942 1550 995 superiori
1581 940 1746 994 pedum
1779 955 1851 993 ap—

1019 1000 1297 1054 parentibus,
1326 1005 1369 1041 et
1398 1002 1551 1040 eorum
1578 998 1851 1039 acuminibus

1020 1056 1331 1099 exsistentibus
1347 1068 1402 1097 ex
1417 1055 1615 1096 adverso.
1634 1054 1852 1095 Dextrum

1021 1125 1198 1166 quoque
1222 1113 1337 1154 latus
1364 1111 1489 1164 quasi
1509 1110 1662 1151 lancea
1680 1111 1851 1151 transfi-

1019 1182 1124 1210 xum
1172 1168 1305 1210 rubra
1356 1169 1560 1209 cicatrice
1610 1166 1851 1208 obdl'ictum

1021 1230 1129 1267 erat:
1174 1224 1294 1277 quod
1336 1237 1457 1277 saepe
1494 1223 1751 1275 sanguinem
1787 1235 1851 1263 sa-

1021 1295 1143 1323 crum
1168 1281 1415 1330 effandens,
1441 1281 1636 1321 tanicam
1657 1284 1700 1320 et
1720 1279 1851 1320 femo-

1020 1338 1128 1380 ralia
1147 1337 1445 1391 respergebat.

1072 1400 1122 1451 R1.
1150 1394 1327 1436 Amavit
1347 1407 1447 1435 eum
1466 1393 1696 1443 Dominus,
1722 1398 1765 1434 et
1785 1405 1850 1433 or-

1020 1451 1139 1493 navit
1171 1464 1284 1493 eum:
1332 1450 1491 1493 stolam
1529 1450 1680 1501 gloriae
1713 1448 1852 1491 induit

1021 1521 1135 1558 eum,
1167 1513 1191 1537 *
1209 1508 1266 1550 Et
1294 1508 1350 1549 ad
1377 1512 1530 1560 portas
1559 1507 1753 1560 paradisi
1782 1519 1851 1547 eo-

1020 1566 1191 1606 ronavit
1220 1578 1330 1606 eum.
1374 1562 1424 1614 W.
1454 1564 1603 1605 Induit
1631 1577 1731 1605 eum
1758 1564 1851 1604 Dfis

1020 1621 1202 1663 loricam
1226 1621 1345 1671 fidei,
1372 1626 1415 1662 et
1439 1620 1612 1661 ornavit
1638 1633 1747 1661 eum.
1784 1620 1851 1661 Et.

1321 1681 1473 1723 Lectio
1493 1681 1545 1722 vi.

1105 1739 1311 1786 ostquam
1356 1734 1486 1784 igitur
1531 1745 1673 1774 novus
1718 1732 1852 1773 homo

1122 1791 1383 1832 Franciscus
1412 1802 1529 1831 novo
1559 1794 1603 1830 et
1631 1788 1851 1841 stupendo

1020 1847 1233 1888 miraculo
1279 1847 1450 1896 claruit,
1497 1859 1596 1887 cum
1642 1845 1851 1895 singulari

1021 1903 1252 1957 privilegio
1291 1902 1524 1945 retroactis
1558 1901 1732 1943 saeculis
1763 1913 1851 1942 non

1022 1961 1237 2002 concesso
1265 1960 1497 2010 insignitus
1525 1958 1750 2011 apparuit,
1788 1970 1852 1998 sa-

1022 2016 1107 2058 cris
1130 2015 1337 2058 videlicet
1363 2014 1644 2066 stigmatibus
1673 2014 1851 2055 decora-

1021 2078 1107 2123 tus,
1134 2072 1363 2114 descendit
1383 2071 1438 2114 de
1457 2076 1607 2113 monte
1626 2083 1776 2112 secum
1795 2070 1852 2111 fe-

1023 2142 1123 2171 rens
1143 2129 1350 2170 Crucifixi
1376 2128 1580 2180 effigiem,
1606 2140 1695 2168 non
1721 2126 1764 2166 in
1789 2128 1850 2167 ta-

1023 2185 1138 2227 bulis
1160 2184 1349 2238 lapideis
1374 2184 1444 2226 vel
1469 2184 1624 2235 ligneis
1651 2196 1783 2224 manu
1805 2183 1851 2223 fi-

1023 2244 1224 2292 guratam
1256 2241 1453 2291 artificis,
1495 2238 1576 2282 sed
1606 2240 1651 2280 in
1683 2240 1853 2281 carneis

1021 2297 1230 2340 membris
1273 2297 1541 2349 descriptam
1587 2296 1726 2347 digito
1770 2296 1854 2337 Dei

1023 2354 1125 2395 vivi:
1155 2354 1363 2406 quoniam
1390 2354 1713 2395 sacramentum
1738 2353 1853 2403 regis

1022 2409 1288 2463 Seraphicus
1306 2410 1375 2451 vir
1397 2409 1670 2452 abscondere
1688 2409 1853 2450 bonum

1023 2479 1120 2508 esse
1148 2466 1316 2518 optime
1341 2471 1487 2516 norat,
1515 2466 1675 2508 secreti
1692 2465 1852 2516 regalis

1023 2522 1245 2571 conscius,
1271 2522 1494 2573 signacula
1517 2522 1592 2564 illa
1618 2534 1744 2563 sacra
1769 2534 1851 2573 pro

1022 2578 1187 2620 viribus
1223 2578 1485 2620 occultabat.
1546 2579 1715 2621 Verum
1751 2577 1853 2628 quia

1022 2635 1106 2676 Dei
1139 2640 1206 2676 est
1238 2634 1294 2676 ad
1326 2634 1513 2685 gloriam
1543 2647 1667 2676 suam
1694 2645 1852 2683 magna

1022 2691 1235 2740 revelare,
1262 2703 1360 2742 quae
1384 2691 1488 2732 facit
1507 2691 1723 2732 Dominus
1744 2689 1851 2740 ipse,
