2040 2944
602 190 674 224 Die
698 191 750 225 24.
776 191 856 226 Oct.
903 192 938 227 S.
964 193 1176 236 Raphaelis
1202 193 1447 234 Archangeli.

160 279 409 329 veritatem,
451 283 496 321 et
532 292 622 321 non
660 280 933 323 abscondam
969 295 994 323 a

160 335 288 378 vobis
309 335 532 377 occultum
557 339 816 378 sermonem.
850 339 992 388 Quan—

155 391 219 434 do
247 391 407 434 orabas
437 405 537 433 cum
560 392 769 442 lacrimis,
798 399 842 435 et
870 407 992 446 sepe-

159 448 298 490 liebas
325 451 544 498 mortuos,
580 454 624 490 et
653 449 993 502 derelinquebas

159 505 395 557 prandium
422 510 566 556 tuum,
595 510 639 547 et
666 508 867 548 mortuos
897 507 991 549 abs-

160 560 385 603 condebas
413 574 494 614 per
523 562 640 605 diem
670 563 713 603 in
742 562 876 605 domo
905 569 992 613 tua,

160 624 205 659 et
224 623 355 660 nocte
375 618 623 670 sepeliebas
643 632 732 669 eos,
752 632 835 671 ego
852 620 993 661 obtuli

160 674 406 716 orationem
429 680 551 716 tuam
570 675 775 717 Demino.
808 677 865 717 Et
891 677 992 728 quia

158 732 369 783 acceptus
390 743 488 772 eras
508 731 623 781 Deo,
643 734 826 774 necesse
846 733 925 775 fuit
945 739 993 774 ut

158 787 346 829 tentatio
368 787 579 839 probaret
597 794 653 829 te.

211 847 262 899 Rz.
297 843 515 895 Egressus
544 844 712 893 Tobias
740 845 907 887 invenit
933 846 991 897 ju-

157 911 314 941 venem
346 899 628 952 splendidum
660 906 850 942 stantem
881 915 992 954 prae—

158 958 368 1005 cinctum,
394 961 439 997 et
458 957 585 1008 quasi
604 959 807 1009 paratum
828 958 885 998 ad
904 971 991 999 am-

158 1012 410 1064 bulandum,
437 1018 481 1054 et
500 1013 708 1055 salutavit
733 1027 842 1063 eum,
867 1019 911 1056 et
930 1014 990 1056 di-

156 1068 235 1110 xit:
252 1073 275 1097 *
296 1067 426 1111 Unde
444 1074 489 1110 te
508 1069 721 1111 habemus
740 1069 856 1111 bone
875 1071 989 1121 juve-

157 1123 247 1166 nis?
278 1123 329 1175 V.
350 1125 407 1166 Et
426 1125 647 1176 ignorans,
673 1125 794 1178 quod
813 1126 991 1167 D'omini

156 1181 354 1232 Angelus
386 1186 521 1232 esset,
559 1182 767 1225 salutavit
799 1196 915 1233 eum,
947 1189 991 1225 et

157 1235 278 1279 dixit.
307 1237 446 1280 Unde.

454 1297 608 1339 Lectio
635 1298 691 1338 iii.

237 1354 256 1392 t
292 1364 407 1392 nunc
441 1351 560 1394 misit
591 1365 662 1394 me
694 1353 910 1395 Deminus
941 1360 990 1396 ut

258 1409 460 1449 curarem
482 1413 537 1459 te,
562 1414 606 1451 et
628 1409 782 1451 Saram
805 1413 990 1453 uxorem

154 1463 234 1504 filii
250 1464 315 1506 tui
335 1477 360 1505 a
379 1463 602 1508 daemonio
622 1466 867 1508 liberarem.
892 1468 988 1519 Ego

155 1520 270 1561 enim
296 1533 394 1561 sum
413 1521 616 1574 Raphael
636 1522 852 1573 Angelus,
876 1537 988 1565 unus

155 1588 211 1617 ex
235 1581 426 1630 septem,
455 1578 530 1630 qui
555 1581 750 1620 astamus
775 1585 876 1621 ante
899 1581 987 1622 Do-

152 1633 328 1674 minum.
383 1634 581 1687 Cumque
617 1634 714 1676 haec
751 1636 988 1686 audissent,

153 1689 321 1732 turbati
339 1696 456 1740 sunt,
487 1697 530 1733 et
556 1694 795 1734 trementes
820 1693 987 1735 cecide-

153 1751 254 1810 rupt
272 1759 408 1800 super
425 1752 590 1790 terram
608 1749 651 1790 in
675 1749 833 1790 faciem
854 1763 987 1791 suam.

153 1801 366 1856 Dixitque
395 1804 458 1846 eis
486 1805 700 1856 Angelus:
727 1806 820 1847 Pax
847 1806 985 1856 vobis,

152 1858 289 1901 nolite
312 1860 480 1903 timere.
514 1862 691 1904 Etenim
718 1876 818 1904 cum
843 1875 987 1904 essem

152 1914 397 1967 vobiscum,
449 1931 531 1971 per
579 1919 853 1961 voluntatem
901 1920 986 1961 Dei

153 1983 288 2013 eram:
305 1973 450 2026 ipsum
469 1974 729 2025 benedicite,
750 1981 793 2017 et
811 1979 985 2018 cantate

151 2027 224 2069 illi.
286 2029 485 2073 Videbar
532 2032 710 2084 quidem
755 2032 986 2074 vobiscum

151 2085 430 2137 manducare,
446 2093 490 2130 et
504 2087 669 2130 bibere:
690 2088 771 2130 sed
785 2102 868 2140 ego
885 2089 983 2131 cibo

150 2141 374 2192 invisibili,
403 2147 447 2185 et
466 2149 593 2196 potu,
624 2145 698 2197 qui
722 2145 777 2187 ab
802 2145 983 2187 homini-

151 2197 233 2239 bus
254 2198 396 2240 videri
413 2212 503 2241 non
521 2207 688 2253 potest,
707 2207 820 2243 utor.
855 2202 982 2243 Tem-

151 2267 235 2306 pus
264 2260 332 2297 est
360 2268 466 2307 ergo
494 2262 543 2299 ut
567 2260 764 2300 revertar
790 2257 847 2300 ad
873 2271 983 2307 eum,

152 2311 226 2362 qui
239 2324 311 2353 me
326 2313 458 2354 misit:
477 2326 559 2355 vos
574 2319 721 2355 autem
735 2314 983 2356 benedicite

151 2367 310 2418 Deum,
336 2374 380 2410 et
405 2372 580 2412 narrate
605 2371 751 2412 omnia
768 2371 983 2412 mirabilia

151 2424 253 2475 ejus.
275 2425 333 2466 Et
348 2438 449 2466 cum
462 2425 561 2468 haec
575 2426 770 2476 dixisset,
789 2426 844 2468 ab
859 2429 982 2479 aspe-

151 2485 226 2521 ctu
242 2482 395 2522 eorum
409 2482 583 2524 ablatus
598 2488 676 2532 est,
696 2488 740 2524 et
754 2483 868 2524 ultra
883 2496 982 2524 eum

150 2536 301 2579 videre
328 2551 417 2579 non
445 2541 696 2591 potuerunt.
734 2540 858 2580 Tunc
882 2552 981 2591 pro-

151 2593 278 2634 strati
296 2607 377 2646 per
394 2594 527 2636 horas
546 2599 637 2636 tres
657 2595 700 2635 in
720 2595 891 2643 faciem,
909 2594 980 2636 be-

150 2648 412 2692 nedixerunt
435 2651 595 2700 Deum,
625 2656 668 2692 et
696 2653 981 2700 exsurgentes

149 2707 438 2748 narraverunt
466 2707 612 2748 emnia
637 2706 852 2748 mirabilia
878 2707 980 2758 ejus.

1786 192 1877 236 [311]

1104 289 1152 339 R·
1193 284 1423 334 Ingressus
1459 285 1656 336 Angelus
1697 287 1755 328 ad
1791 288 1876 329 To-

1045 338 1174 389 biam,
1194 340 1401 382 salutavit
1420 354 1530 391 eum,
1551 347 1594 384 et
1614 342 1740 384 dixit:
1761 343 1875 385 Gau-

1046 395 1167 436 dium
1191 397 1247 438 sit
1273 396 1354 438 tibi
1378 410 1566 450 semper:
1598 403 1618 426 *
1637 399 1761 441 Forti
1788 401 1875 441 ani-

1045 464 1118 492 mo
1139 457 1246 502 esto,
1267 453 1311 493 in
1329 455 1532 506 preximo
1554 455 1668 496 enim
1688 461 1766 506 est,
1785 462 1833 498 ut
1851 470 1877 498 a

1045 507 1142 548 Deo
1159 509 1335 549 cureris.
1366 508 1415 559 V.
1432 510 1488 551 Et
1502 511 1776 563 respondens
1790 513 1876 554 To-

1045 563 1151 614 bias,
1172 565 1246 606 ait:
1272 566 1409 615 Quale
1428 566 1638 617 gaudium
1656 567 1763 608 mihi
1783 569 1876 619 erit,

1046 620 1121 671 qui
1152 621 1196 661 in
1228 621 1421 663 tenebris
1455 623 1607 672 sedeo,
1650 628 1694 664 et
1728 624 1876 666 lumen

1045 676 1147 718 coeli
1187 690 1275 718 non
1315 677 1472 720 video?
1530 680 1664 721 Forti.
1724 680 1875 722 Gloria

1044 733 1175 775 Patri.
1220 734 1352 776 Forti.

1272 817 1320 855 In
1349 817 1399 854 II.
1428 816 1462 854 N
1465 820 1649 857 octurno.

1099 880 1199 919 Ant.
1230 880 1351 922 Dixit
1375 885 1522 922 autem
1545 882 1756 933 Angelus:
1785 885 1873 937 Ap-

1044 935 1269 987 prehende
1289 936 1543 978 branchiam
1561 935 1707 990 piscis,
1727 945 1771 982 et
1789 945 1872 982 tra-

1042 991 1098 1033 he
1119 1004 1219 1033 eum
1239 997 1363 1034 extra
1382 1005 1531 1044 aquas.

1098 1050 1196 1090 Ant.
1235 1048 1433 1090 Obsecro
1466 1055 1510 1091 te
1538 1050 1698 1092 Azaria
1729 1052 1873 1103 frater,

1042 1110 1091 1146 ut
1110 1105 1232 1147 dicas
1251 1105 1371 1155 mihi,
1400 1105 1519 1158 quod
1538 1107 1780 1149 remedium
1799 1108 1871 1150 ha-

1043 1161 1209 1203 bebunt
1227 1162 1329 1212 ista,
1358 1175 1456 1214 quae
1478 1162 1533 1204 de
1551 1162 1673 1215 pisce
1693 1166 1871 1207 servare

1041 1218 1216 1270 jussisti.

1099 1277 1197 1318 Ant.
1226 1276 1410 1317 Lumina
1434 1276 1491 1318 fel
1517 1283 1658 1327 sanat,
1687 1277 1767 1319 sed
1791 1278 1872 1318 vir-

1042 1336 1114 1373 tus
1135 1333 1282 1374 cordis
1303 1338 1347 1375 et
1366 1334 1521 1385 jecoris
1542 1333 1708 1376 diaboli
1727 1334 1872 1387 expel-

1041 1389 1091 1431 lit
1109 1392 1390 1442 potestatem.

1096 1445 1144 1496 V.
1169 1447 1384 1489 Ascendit
1402 1448 1545 1489 fumus
1565 1450 1811 1490 aromatum
1829 1448 1873 1488 in

1042 1506 1286 1557 conspectu
1316 1504 1504 1546 Demini.
1554 1504 1603 1555 Rz.
1642 1505 1710 1546 De
1742 1517 1872 1546 manu

1041 1560 1211 1612 Angeli.

1163 1640 1317 1680 Sermo
1346 1639 1485 1679 sancti
1514 1639 1747 1688 Augustini

1343 1694 1567 1747 Episcopi.

1079 1760 1195 1795 Scrm.
1223 1760 1250 1793 1.
1276 1759 1315 1792 in
1338 1758 1448 1792 Dom.
1476 1759 1524 1792 15.
1551 1760 1598 1792 de
1623 1758 1663 1791 B.
1689 1758 1824 1801 Tobia,

1216 1808 1282 1850 qui
1306 1811 1364 1841 est
1386 1808 1460 1840 226.
1487 1807 1534 1840 de
1559 1807 1690 1848 Temp.

1340 1863 1491 1903 Lectio
1512 1863 1564 1903 vi.

1051 1922 1276 1970 eatus
1301 1919 1484 1969 Tobias,
1514 1919 1588 1971 qui
1613 1931 1772 1971 panem
1797 1931 1865 1959 su-

1050 1970 1058 2034 }
1074 1963 1145 2040 [fl
1163 1990 1236 2017 um
1246 1978 1429 2017 noverat
1439 1976 1638 2027 frangere
1649 1974 1867 2024 esurienti,

1048 2032 1058 2047 ¹
1077 2029 1088 2054 ⁹
1101 2029 1133 2054 ³³³
1162 2032 1412 2074 mercedem
1436 2032 1623 2074 celerem
1643 2033 1864 2072 mercena-

1036 2090 1102 2131 rio
1127 2091 1351 2142 praeparat
1375 2088 1605 2130 laboranti.
1642 2087 1865 2128 Patienter

1036 2146 1224 2187 lectione
1250 2147 1480 2198 percepta,
1510 2156 1608 2196 quae
1632 2156 1772 2196 nuper
1797 2147 1866 2184 est

1036 2202 1235 2251 recitata,
1264 2201 1589 2243 admirabamur
1612 2200 1752 2252 patris
1771 2199 1864 2239 filii-

1037 2271 1121 2310 que
1135 2260 1383 2307 tractatum,
1404 2256 1776 2309 quemadmodum
1785 2255 1866 2296 An·

1034 2314 1158 2365 gelus
1170 2318 1330 2362 monet,
1352 2325 1482 2365 quem
1497 2311 1775 2353 aestimabant
1788 2317 1864 2352 ter-

1034 2372 1186 2411 renum
1205 2369 1286 2411 sub
1304 2369 1475 2411 coelesti
1489 2369 1630 2419 gloria
1643 2369 1861 2410 mercena-

1034 2427 1158 2468 rium.
1204 2425 1277 2467 Ad
1305 2426 1390 2467 hoc
1419 2426 1532 2467 enim
1562 2425 1773 2466 caecitatis
1801 2425 1860 2464 in-

1035 2483 1170 2524 currit
1194 2483 1391 2531 exitium,
1420 2487 1468 2523 ut
1487 2481 1706 2532 Angelum
1729 2481 1860 2520 susci-

1033 2544 1159 2591 peret
1178 2538 1408 2587 medicum,
1429 2539 1504 2590 qui
1519 2537 1678 2579 divinis
1692 2535 1859 2577 facibus

1033 2596 1236 2635 incensus
1274 2594 1338 2635 sic
1374 2594 1604 2635 anhelavit.
1661 2592 1859 2633 Honesta

1034 2656 1101 2692 est
1130 2650 1271 2691 oratio
1302 2663 1401 2691 cum
1426 2651 1583 2702 jejunio
1609 2654 1652 2690 et
1675 2647 1858 2688 eleemo-

1033 2719 1152 2758 syna.
1190 2707 1344 2747 Oratio
1371 2707 1471 2758 justi
1496 2705 1629 2747 clavis
1655 2707 1722 2744 est
1746 2701 1858 2743 coeli.
