2040 2944
486 164 637 198 Domin.
663 164 761 198 infra
787 164 866 198 Oct.
892 164 1118 199 Nativ.-SS.

153 261 228 313 pia
251 260 585 310 intercessione,
613 272 639 301 a
666 258 835 301 cunctis
860 257 986 299 malis

153 316 430 358 liberentur
418 330 463 357 111
486 316 632 366 terris,
667 320 712 358 et
741 315 799 356 ad
824 313 987 365 gaudia

155 374 320 415 aeterna
369 375 602 425 pervenire
646 373 898 414 mereantur
942 370 987 411 in

154 429 290 471 coelis.
317 429 402 471 Per
421 429 669 471 Dominum.

207 489 254 523 Et
276 489 318 523 fit
344 500 540 524 commem.
564 489 717 524 Domin.
743 500 888 524 occurr.

314 554 402 595 Ad.
433 553 826 596 matutinum.

206 606 249 640 In
282 607 308 641 Ι.
335 607 535 643 Nocturno
567 609 772 644 Lectiones
810 609 894 653 Ego
927 618 987 643 sa-

154 660 311 704 pientia.
334 660 425 704 [137]

385 721 436 760 In
458 721 509 760 ΙΙ.
533 721 758 761 Nocturno.

290 780 443 824 Sermo
472 781 611 823 sancti
637 779 853 823 Bernardi

474 837 675 880 Abbatis.

227 896 286 929 Ex
308 895 451 932 Homil.
475 898 505 932 2.
531 908 649 941 super
676 897 821 932 Missus
844 901 912 941 est,

447 944 549 981 circa
573 947 697 981 finem.

448 998 632 1039 Lectio
623 1013 676 1039 iv.

161 1058 174 1103 ’ῑ
191 1058 292 1120 ΓΜ
310 1066 485 1103 nomen,
509 1053 666 1106 inquit,
684 1054 880 1105 Virginis
899 1054 987 1095 Ma-

165 1120 173 1155 ·,
196 1110 267 1163 ,⁴
291 1113 366 1151 ria.
401 1110 657 1163 Loquamur
675 1123 832 1163 pauca,
858 1115 901 1152 et
921 1123 988 1152 su-

165 1153 173 1178 3'
266 1171 267 1186 ³
291 1179 371 1220 per
393 1166 479 1208 hoc
502 1167 694 1217 nomine,
722 1166 842 1219 quod
859 1166 988 1209 inter-

156 1225 379 1277 pretatum
409 1223 541 1264 maris
576 1223 703 1265 stella
736 1223 912 1274 dicitur,
946 1229 989 1266 et

156 1281 287 1322 Matri
315 1280 488 1331 Virgini
515 1279 644 1322 valde
678 1280 989 1322 convenienter

157 1338 344 1390 aptatur.
396 1337 502 1389 Ipsa
537 1349 728 1389 namque
760 1337 988 1389 aptissime

157 1393 290 1435 sideri
309 1395 607 1446 comparatur,
636 1393 737 1446 quia
758 1393 871 1435 sicut
894 1394 988 1436 sine

156 1450 225 1491 sui
252 1450 537 1502 corruptione
565 1449 688 1491 sidus
713 1462 841 1491 suum
867 1453 988 1492 emit-

155 1506 209 1548 tit
227 1505 414 1556 radium,
441 1506 504 1548 sic
527 1505 696 1558 absque
720 1506 788 1547 sui
806 1505 988 1549 laesione

155 1562 296 1613 Virgo
315 1562 551 1615 parturivit
569 1562 718 1603 filium.
742 1562 839 1604 Nec
854 1562 989 1605 sideri

155 1618 307 1660 radius
325 1631 450 1660 suam
463 1618 618 1660 minuit
633 1618 887 1668 claritatem,
906 1632 988 1661 nec

155 1675 328 1726 Virgini
368 1674 484 1716 filius
522 1687 646 1716 suam
682 1675 988 1726 integritatem.

155 1731 262 1784 Ipsa
281 1735 348 1773 est
366 1731 498 1782 igitur
516 1730 677 1772 nobilis
695 1730 770 1772 illa
787 1731 914 1772 stella
933 1744 988 1773 ex

156 1787 295 1829 Jacob
329 1792 444 1838 orta,
483 1788 604 1840 cujus
635 1786 786 1828 radius
818 1787 987 1830 univer-

156 1856 254 1885 sum
272 1843 428 1886 orbem
445 1843 676 1886 illuminat:
701 1845 822 1895 cujus
845 1844 986 1896 splen-

156 1899 239 1942 dor
271 1904 315 1942 et
345 1899 582 1953 praefulget
613 1900 658 1941 in
690 1900 910 1952 supernis,
943 1906 987 1943 et

154 1956 320 1999 inferos
339 1958 553 2009 penetrat,
575 1961 717 1998 terras
738 1956 871 1998 etiam
889 1970 986 2010 per-

153 2013 357 2063 lustrans,
378 2017 423 2055 et
439 2012 701 2054 calefaciens
715 2013 854 2064 magis
869 2026 985 2055 men-

123 2117 129 2120 „
154 2074 223 2111 tes
250 2081 383 2121 quam
406 2070 613 2121 corpora:
643 2068 764 2111 fovet
789 2069 986 2119 virtuteS,

155 2125 363 2177 excoquit
387 2125 505 2167 vitia.
546 2125 666 2177 Ipsa,
694 2125 890 2177 inquam,
919 2130 987 2167 est

154 2182 370 2234 praeclara
410 2186 455 2223 et
492 2181 651 2223 eximia
686 2180 815 2223 stella
851 2194 986 2234 super

154 2237 241 2280 1100
270 2250 391 2279 mare
423 2250 631 2288 magnum
664 2242 708 2279 et
739 2238 986 2289 spatiosum

155 2294 405 2336 necessario
432 2293 677 2344 sublevata,
706 2293 873 2335 micans
898 2296 984 2336 me-

154 2350 260 2401 ritis,
277 2350 502 2392 illustrans
522 2349 746 2402 exemplis.

209 2405 262 2457 Rz.
283 2406 404 2449 Sicut
427 2406 586 2448 cedrus
612 2406 806 2448 exaltata
823 2418 922 2447 sum
940 2406 985 2447 in

154 2462 334 2514 Libano,
354 2467 398 2505 et
416 2463 530 2504 sicut
547 2464 781 2515 cypressus
800 2462 844 2503 in
862 2474 983 2503 mon-

153 2523 198 2560 te
208 2519 326 2561 Sion:
342 2519 467 2571 quasi
481 2519 658 2587 myrrha
673 2518 824 2568 electa,
836 2518 984 2582 *Dedi

156 2575 416 2618 suavitatem
435 2574 596 2618 odoris.
626 2570 677 2623 V.
694 2575 751 2615 Et
767 2574 879 2616 sicut
896 2574 982 2615 cin-

154 2632 405 2673 namomum
431 2635 476 2673 et
506 2631 753 2673 balsamum
781 2632 983 2671 aromati-

154 2699 271 2728 zans.
298 2687 424 2730 Dedi.

309 2826 373 2851 Pars
389 2828 559 2852 Autumnalis.

1144 166 1323 199 Nominis
1349 166 1389 199 B.
1417 166 1463 199 M.
1486 165 1529 199 V.
1806 165 1874 201 269

1354 260 1506 300 Lectio
1527 274 1564 299 V.

1144 316 1342 368 quisquis
1372 321 1415 358 te
1444 316 1650 368 intelligis
1676 315 1721 356 in
1746 315 1873 368 hujus

1151 373 1302 414 saeculi
1334 373 1556 425 profluvio
1590 373 1730 423 magis
1762 372 1875 413 inter

1039 428 1258 480 procellas
1278 434 1322 471 et
1340 431 1630 482 tempestates
1651 429 1874 478 fluctuare,

1041 497 1173 536 quam
1209 498 1289 538 per
1325 491 1491 528 terram
1532 485 1775 527 ambulare:
1819 498 1875 527 ne

1040 543 1214 584 avertas
1241 542 1394 584 oculos
1421 555 1446 584 a
1472 542 1642 594 fulgore
1667 542 1795 595 hujus
1821 544 1874 583 si-

1040 597 1173 649 deris,
1205 599 1243 640 si
1274 612 1364 641 non
1396 599 1463 640 vis
1497 599 1624 640 obrui
1656 599 1875 652 procellis.
1924 606 1926 609 ’

1039 654 1085 696 Si
1107 655 1337 707 insurgant
1359 655 1479 697 venti
1503 656 1812 706 tentationum,
1838 656 1875 697 si

1040 711 1237 753 incurras
1279 711 1489 765 scopulos
1531 711 1874 761 tribulationum,

1041 769 1213 821 respice
1242 768 1430 819 stellam,
1458 781 1570 810 voca
1595 768 1789 809 Mariam.
1831 769 1875 810 Si

1040 826 1216 877 jactaris
1244 825 1465 878 superbiae
1492 823 1638 875 undis,
1677 825 1714 866 si
1742 825 1874 867 ambi-

1040 882 1183 932 tionis,
1202 882 1240 923 si
1259 881 1555 933 detractionis,
1578 882 1615 922 si
1634 881 1875 924 aemulatio-

1042 939 1124 988 nis,
1148 939 1321 992 respice
1341 938 1527 989 stellam,
1547 951 1661 980 voca
1680 938 1876 980 Mariam.

1041 995 1086 1037 Si
1106 995 1348 1046 iracundia,
1368 1001 1443 1038 aut
1462 995 1659 1046 avaritia,
1685 1000 1761 1037 aut
1785 1009 1875 1037 car-

1042 1052 1109 1092 nis
1134 1051 1343 1094 illecebra
1366 1052 1615 1093 naviculam
1642 1056 1874 1095 concusse-

1042 1108 1097 1150 rit
1119 1109 1296 1159 mentis,
1322 1109 1494 1162 respice
1519 1109 1576 1150 ad
1600 1109 1794 1150 Mariam.
1831 1110 1876 1152 Si
1922 1128 1926 1138 ι

1042 1165 1271 1206 criminum
1327 1165 1599 1207 immanitate
1653 1166 1875 1217 turbatus,

1042 1222 1324 1263 conscientiae
1344 1221 1545 1264 foeditate
1566 1222 1791 1273 confusus,
1816 1224 1875 1275 ju-

1043 1276 1146 1319 dicii
1165 1278 1351 1320 horrore
1370 1278 1645 1331 perterritus,
1664 1278 1875 1321 barathro

1041 1333 1226 1387 incipias
1246 1334 1477 1376 absorberi
1495 1334 1697 1384 tristitiae,
1719 1335 1874 1388 despe-

1041 1390 1225 1432 rationis
1245 1390 1420 1443 abysso,
1442 1391 1590 1442 cogita
1609 1391 1804 1432 Mariam.

1094 1451 1145 1502 R.
1180 1448 1289 1498 Quae
1322 1452 1389 1490 est
1416 1448 1500 1490 ista
1529 1461 1629 1500 quae
1657 1450 1875 1501 processit

1042 1504 1154 1546 sicut
1175 1504 1252 1554 sol,
1278 1509 1322 1546 et
1347 1505 1543 1547 formosa
1560 1510 1787 1557 tamquam
1806 1506 1831 1547 J
1835 1519 1873 1547 e-

1041 1561 1255 1603 rusalem?
1265 1563 1287 1587 *
1301 1561 1520 1603 Viderunt
1534 1574 1632 1603 eam
1643 1561 1746 1603 filiae
1757 1562 1874 1612 Sion,

1042 1623 1086 1659 et
1104 1617 1281 1660 beatam
1301 1616 1515 1669 dixerunt,
1539 1622 1583 1659 01
1601 1620 1765 1668 reginae
1784 1618 1873 1660 lau-

1042 1673 1257 1716 daverunt
1290 1687 1396 1715 eam.
1452 1669 1503 1719 V.
1543 1673 1600 1715 Et
1633 1674 1747 1715 sicut
1779 1674 1874 1716 dies

1042 1730 1165 1771 verni
1184 1730 1517 1772 circumdabant
1537 1742 1634 1771 eam
1654 1730 1787 1772 fiores
1806 1744 1872 1772 ro-

1041 1788 1190 1827 sarum
1222 1792 1266 1829 et
1295 1786 1386 1828 lilia
1419 1786 1697 1828 convallium.
1740 1786 1874 1829 Vide-

1040 1847 1151 1884 runt.

1345 1898 1497 1939 Lectio
1518 1898 1570 1938 vi.

1088 1968 1117 1996 n
1144 1956 1368 2008 periculis,
1400 1956 1444 1996 in
1470 1955 1703 2006 angustiis,
1735 1956 1780 1996 in
1808 1969 1872 1998 re-

1103 2011 1187 2053 bus
1213 2011 1358 2054 dubiis
1381 2012 1567 2054 Mariam
1593 2012 1755 2062 cogita,
1783 2012 1872 2054 Ma-

1040 2070 1150 2109 riam
1169 2070 1337 2110 invoca.
1371 2069 1474 2110 Non
1499 2068 1679 2110 recedat
1703 2068 1758 2110 ab
1784 2081 1872 2119 ore,

1038 2137 1127 2166 non
1153 2124 1332 2167 recedat
1356 2138 1382 2166 a
1407 2125 1558 2174 corde,
1591 2130 1635 2166 et
1661 2129 1710 2166 ut
1738 2127 1872 2177 impe-

1038 2186 1129 2223 tres
1149 2182 1240 2233 ejus
1261 2181 1471 2223 orationis
1491 2180 1758 2232 suffragium,
1782 2194 1871 2222 non

1039 2237 1218 2279 deseras
1240 2237 1589 2279 conversationis
1610 2237 1871 2290 exemplum.

1038 2294 1188 2346 Ipsam
1209 2306 1399 2346 sequens
1422 2306 1511 2335 non
1536 2292 1703 2336 devias:
1729 2294 1872 2346 ipsam

1038 2362 1198 2401 rogans
1222 2362 1312 2391 non
1335 2350 1561 2403 desperas:
1586 2349 1729 2402 ipsam
1755 2350 1869 2401 cogi-

1037 2410 1135 2447 tans
1170 2418 1259 2447 non
1291 2418 1427 2448 erras:
1458 2406 1556 2459 ipsa
1582 2408 1758 2448 tenente
1781 2419 1871 2448 non

1038 2462 1222 2504 corruis:
1253 2462 1351 2515 ipsa
1377 2464 1639 2515 protegente
1667 2475 1756 2505 non
1783 2464 1869 2504 me-

1036 2518 1137 2559 tuis:
1161 2519 1259 2571 ipsa
1285 2518 1398 2560 duce
1422 2531 1512 2560 non
1537 2518 1748 2570 fatigaris:
1772 2519 1869 2570 ipsa

1036 2575 1231 2642 propitia
1249 2575 1470 2627 pervenis,
1494 2580 1537 2618 et
1562 2575 1625 2616 810
1649 2575 1694 2615 111
1716 2578 1867 2616 temet-

1035 2633 1134 2683 ipso
1155 2631 1368 2683 experiris
1384 2643 1516 2683 quam
1529 2631 1687 2673 merito
1703 2629 1868 2672 dictum

1036 2687 1109 2728 sit:
1124 2688 1181 2729 Et
1191 2699 1353 2729 nomen
1363 2687 1559 2739 Virginis
1569 2687 1717 2728 Maria.
1737 2684 1867 2735 Quod

1596 2813 1659 2848 18*
