2040 2944
171 234 216 268 66
713 235 818 268 Furia
846 240 980 277 quarta
1007 234 1053 266 ad
1081 231 1317 265 Matutinum.

173 329 327 379 spectu
366 326 463 366 Dei:
505 326 529 351 *
568 320 912 363 misericordiam
954 326 997 362 et

172 383 399 424 veritatem
427 381 515 430 ejus
545 379 640 430 quis
669 376 883 429 requiret?

225 439 294 479 Sic
323 436 534 490 psalmum
563 434 703 475 dicam
730 434 893 474 n6mini
920 438 996 474 tuo

173 495 215 534 in
248 493 453 534 saeculum
490 490 653 531 saeculi:
681 492 704 517 *
733 495 779 530 ut
816 489 997 530 reddam

175 555 275 591 vota
302 561 397 589 mea
426 547 480 588 de
509 546 579 588 die
607 547 650 586 in
679 546 806 587 diem.

225 611 319 647 Ant.
351 607 416 645 Da
435 603 562 644 nobis
584 603 771 643 D6mine
790 601 996 643 auxilium

174 661 228 702 de
255 659 543 701 tribulatiOne.

224 720 319 758 Ant.
356 718 508 757 Nonne
536 715 644 756 Deo.

446 776 638 815 psalmus
669 777 725 813 (31.

261 840 374 869 onne
402 828 498 868 Deo
527 827 719 877 subjecta
750 826 830 866 erit
852 825 993 865 anima

292 882 412 925 mea?
450 886 473 909 *
510 883 564 924 ab
602 883 697 934 ipso
736 882 849 923 enim
887 881 996 921 salu-

171 943 266 982 tare
293 953 448 980 meum.

223 997 335 1037 Nam
365 1002 407 1037 et
434 996 528 1048 ipse
550 995 670 1035 Deus
694 1006 832 1043 meuS,
861 998 905 1034 et
933 1006 996 1034 sa-

172 1053 323 1093 lutaris
364 1065 502 1093 meus:
539 1053 562 1077 *
599 1052 828 1102 susceptor
863 1062 996 1098 meus,

172 1122 259 1150 non
286 1108 497 1149 movebor
525 1106 722 1159 amplius.

225 1165 462 1216 Quousque
490 1163 651 1204 irruitis
682 1163 725 1202 in
753 1161 996 1203 h6minem?

172 1220 446 1261 *interficitis
457 1219 648 1260 universi·
662 1231 757 1259 vos:
775 1223 997 1270 tamquam

172 1277 325 1329 parieti
363 1276 567 1317 inclinato
605 1280 648 1316 et
683 1275 884 1315 maceriae
926 1274 997 1315 de-

171 1331 334 1384 pulsae?

223 1389 535 1429 Verumtamen
556 1388 743 1439 pretium
762 1399 907 1427 meum
928 1400 997 1428 co-

171 1445 417 1494 gitaverunt
428 1443 648 1496 repellere,
665 1443 834 1484 cuciirri
849 1443 893 1483 in
911 1444 997 1484 siti:

172 1503 194 1527 *
224 1514 299 1541 ore
328 1513 407 1541 suo
435 1499 762 1549 benedicebant,
792 1504 834 1540 et
863 1499 996 1541 corde

172 1569 251 1597 suo
279 1555 606 1597 maledicebant.

223 1613 535 1653 Verumtamen
559 1612 656 1653 Deo
684 1611 877 1662 subjecta
901 1617 996 1653 esto

172 1669 313 1709 anima
332 1681 444 1709 mea:
467 1670 490 1694 *
511 1668 714 1719 quomam
732 1667 786 1709 ab
806 1668 903 1720 ipso
923 1682 995 1720 pa-

170 1725 319 1765 tientia
346 1738 454 1765 mea.

223 1781 334 1830 Quia
361 1781 454 1832 ipse
482 1781 603 1822 Deus
631 1793 764 1829 meus,
793 1785 836 1821 et
858 1781 995 1822 salva-

170 1841 240 1876 tor
282 1848 420 1877 meus:
457 1839 479 1863 *
517 1836 689 1887 adjutor
732 1849 871 1885 meus,
907 1850 996 1878 non

172 1891 406 1942 emigrabo.

223 1949 272 1988 In
292 1948 389 1989 Deo
409 1948 597 1989 salutare
616 1961 772 1996 meum,
797 1953 840 1989 et
859 1949 996 1998 gloria

171 2017 282 2045 mea:
310 2006 333 2030 *
361 2004 482 2045 Deus
510 2004 655 2045 auxilii
683 2004 784 2053 mei,
819 2009 863 2046 et
895 2018 996 2057 spes

171 2073 268 2101 mea
296 2061 338 2103 in
365 2061 462 2102 Deo
492 2066 568 2102 est.
728 2064 734 2069 '

222 2116 404 2170 Sperate
419 2117 462 2157 in
483 2129 535 2158 eo
554 2117 694 2157 omnis
713 2118 996 2167 congregatio

172 2172 334 2224 papuli,
363 2172 570 2214 effundite
597 2186 745 2214 coram
767 2173 842 2214 illo
862 2173 997 2215 corda

172 2233 329 2269 vestra:
362 2231 385 2255 ¹*
413 2229 533 2271 Deus
566 2228 738 2281 adjutor
772 2234 922 2270 noster
953 2230 996 2270 in

171 2287 391 2326 aeternum.

222 2340 534 2383 Verumtamen
548 2342 648 2382 vani
668 2341 744 2382 filii
762 2341 996 2392 h6minum,

171 2396 404 2438 mendaces
420 2397 495 2438 filii
509 2397 733 2438 hominum
749 2397 793 2438 in
809 2398 996 2439 stateris:

171 2453 194 2475 ¹⁶¹
219 2457 264 2492 ut
293 2452 511 2505 decipiant
539 2454 621 2506 ipsi
650 2453 706 2494 de
734 2454 925 2495 vanitate
954 2455 995 2495 in

171 2506 370 2559 idipsum.

222 2563 368 2605 Nolite
398 2567 575 2616 sperare
606 2566 648 2605 in
679 2566 923 2618 iniquitate,
952 2572 995 2608 et

172 2621 345 2671 rapinas
373 2619 507 2661 nolite
536 2624 860 2673 concupiscere:
884 2623 907 2647 *
936 2622 995 2663 di-

172 2675 287 2715 vitiae
317 2675 350 2715 si
381 2675 575 2725 affluant,
604 2677 737 2719 nolite
766 2690 842 2719 cor
862 2680 996 2731 appo-

172 2742 284 2773 nere.

1101 320 1243 362 Semel
1259 320 1433 361 locutus
1450 323 1517 360 est
1531 319 1665 367 Deus,
1681 317 1769 359 duo
1784 317 1881 359 haec

1050 376 1211 425 audivi,
1251 377 1351 428 quia
1378 377 1578 428 potestas
1605 375 1689 416 Dei
1717 379 1800 424 est,
1838 379 1882 416 et

1049 433 1127 474 tibi
1159 433 1348 474 Demine
1380 429 1700 472 misericordia:
1727 431 1751 456 *
1781 431 1883 483 quia

1049 495 1097 530 tu
1130 489 1290 530 reddes
1327 489 1561 540 unicuique
1594 487 1714 538 juxta
1746 489 1882 540 opera

1051 558 1139 586 sua.

1326 601 1523 640 Psalmus
1546 601 1611 639 63.

1133 652 1266 693 xaudi
1303 653 1426 693 Deus
1462 652 1707 693 orati6nem
1739 664 1883 693 meam

1052 654 1129 758 Ε
1146 722 1245 750 cum
1274 707 1503 760 deprecor:
1531 709 1554 734 *
1583 721 1609 749 a
1636 708 1794 749 tim6re
1822 708 1883 748 in-

1050 765 1165 806 imici
1186 765 1306 817 eripe
1326 765 1515 805 animam
1534 777 1690 806 meam.

1101 821 1339 862 Protexisti
1365 833 1437 862 me
1467 833 1492 861 a
1520 822 1740 862 conventu
1763 820 1883 861 mali-

1049 878 1289 927 gnantium:
1308 877 1332 902 *
1352 889 1377 917 a
1400 876 1679 918 multitudine
1699 879 1883 929 operan-

1050 934 1157 974 tium
1175 933 1462 985 iniquitatem.

1103 990 1213 1039 Quia
1234 991 1502 1030 exacuerunt
1526 994 1574 1030 ut
1592 988 1788 1040 gladium
1805 989 1882 1030 lin-

1050 1059 1158 1096 guas
1199 1058 1314 1086 suas:
1351 1046 1374 1071 *
1410 1044 1691 1087 intenderunt
1733 1057 1883 1086 arcum

1051 1115 1143 1143 rem
1171 1104 1385 1151 amaram,
1419 1107 1468 1143 ut
1501 1104 1709 1152 sagittent
1740 1102 1783 1142 in
1812 1114 1883 1143 oc-

1051 1158 1179 1199 cultis
1207 1157 1546 1210 immaculatum.

1102 1214 1256 1256 Subito
1282 1214 1552 1265 sagittabunt
1577 1226 1693 1263 eum,
1727 1219 1772 1256 et
1796 1227 1884 1256 non

1050 1270 1285 1312 timebunt:
1313 1271 1336 1296 *
1365 1271 1650 1311 firmaverunt
1682 1270 1765 1312 sibi
1797 1283 1884 1312 ser-

1050 1329 1226 1368 m6nem
1245 1339 1445 1379 nequam.

1101 1383 1402 1424 Narraverunt
1422 1388 1470 1424 ut
1485 1382 1811 1424 absc6nderent
1824 1383 1883 1424 la-

1051 1452 1203 1491 queos:
1214 1440 1237 1464 *
1249 1438 1466 1480 dixerunt:
1481 1439 1588 1488 Quis
1603 1438 1771 1480 videbit
1781 1451 1859 1480 eos
1867 1438 1893 1488 Ρ,

1101 1496 1292 1537 Scrutati
1313 1500 1414 1536 sunt
1437 1495 1704 1547 iniquitates:
1723 1495 1747 1520 ’⁸‘
1767 1494 1883 1537 defe-

1050 1554 1202 1593 cerunt
1221 1554 1468 1592 scrutantes
1489 1551 1709 1592 scrutinio.

1101 1607 1299 1649 Accedet
1325 1607 1460 1649 homo
1489 1606 1546 1648 ad
1573 1620 1651 1649 cor
1679 1607 1831 1649 altum:
1859 1608 1883 1634 *

1049 1669 1093 1705 et
1113 1663 1377 1705 exaltabitur
1395 1664 1529 1705 Deus.

1100 1721 1280 1771 Sagittae
1309 1720 1593 1773 parvulorum
1626 1720 1754 1761 factae
1783 1725 1885 1762 sunt

1047 1776 1190 1829 plagae
1219 1779 1386 1818 eorum:
1405 1777 1429 1802 *
1453 1781 1497 1818 et
1521 1776 1754 1818 infirmatae
1782 1782 1884 1818 sunt

1049 1838 1202 1874 contra
1222 1845 1300 1874 eos
1318 1833 1478 1883 linguae
1498 1834 1662 1874 eorum.

1102 1888 1361 1930 Conturbati
1380 1894 1481 1930 sunt
1501 1901 1654 1931 omnes
1676 1890 1750 1941 qui
1765 1889 1883 1932 vide-

1049 1945 1155 1986 bant
1180 1958 1271 1986 eos:
1290 1946 1314 1971 *
1335 1950 1379 1986 et
1402 1945 1547 1986 timuit
1570 1945 1712 1986 omnis
1736 1945 1883 1988 homo.

1101 2002 1158 2042 Et
1182 2002 1547 2043 annuntiaverunt
1576 2003 1714 2054 opera
1735 2002 1835 2052 Dei,
1859 2002 1883 2028 ¹⁸¹

1049 2062 1093 2098 et
1113 2057 1227 2099 facta
1248 2058 1338 2109 ejus
1357 2057 1676 2099 intellexerunt.

1100 2113 1343 2155 Laetabitur
1367 2114 1506 2165 justus
1531 2113 1575 2154 in
1599 2114 1809 2164 Domino,
1838 2119 1883 2156 et

1050 2169 1245 2221 sperabit
1264 2170 1308 2210 in
1328 2182 1397 2219 eo,
1417 2170 1440 2195 *
1461 2174 1505 2211 et
1524 2169 1820 2212 laudabuntur
1838 2183 1882 2212 o-

1049 2239 1173 2268 mnes
1192 2227 1301 2269 recti
1321 2226 1466 2268 corde.

1107 2282 1203 2323 Ant.
1243 2284 1398 2324 Nonne
1435 2283 1533 2324 Deo
1569 2281 1764 2334 subjecta
1800 2283 1883 2324 erit

1050 2338 1191 2379 anima
1211 2337 1332 2380 mea?

1105 2396 1203 2436 Ant.
1235 2394 1500 2437 Benedicite.

1331 2452 1524 2494 l’salmus
1545 2452 1611 2492 65.

1051 2504 1287 2609 Jubilate
1312 2512 1410 2552 Deo
1437 2511 1578 2552 omnis
1607 2516 1740 2560 terra,
1767 2511 1881 2563 psal-

1143 2581 1263 2608 mum
1283 2566 1415 2608 dieite
1431 2567 1594 2608 nOmini
1609 2567 1716 2619 ejus:
1735 2567 1759 2592 *
1779 2566 1881 2608 date

1048 2623 1230 2673 gloriam
1250 2623 1369 2664 laudi
1389 2624 1491 2675 ejus.

1101 2680 1244 2720 Dicite
1264 2679 1378 2728 Deo,
1401 2693 1533 2731 quam
1551 2677 1762 2720 terribilia
1781 2682 1882 2719 sunt

1049 2737 1184 2788 (Spera
1199 2740 1274 2777 tua
1288 2735 1492 2778 D6mine!
1507 2735 1588 2776 *in
1603 2733 1881 2776 multitudine
