2040 2944
161 171 233 206 330

218 261 262 295 In
293 261 319 296 Ι.
349 261 548 296 Noeturno
579 260 784 295 Lectiones
819 261 866 296 de
898 262 996 297 Scri-

167 313 280 351 ptura
305 312 536 343 occurrente.

399 366 448 406 In
467 366 517 406 11.
537 366 761 406 Nocturno.

465 426 619 468 Lectio
642 427 694 466 iv.

165 496 179 545 f,
231 502 317 546 ηρ,
327 488 557 531 enceslaus
609 487 835 529 Bohemiae
888 487 992 535 dux,

169 539 313 612 7!AE
340 544 582 586 Wratislao
598 549 725 597 patre
741 543 993 592 christiano,

179 596 311 624 Q&
339 602 602 643 Drahomira
644 605 785 642 matre
829 599 993 641 Gentili

160 663 304 708 natus,
349 658 403 700 ab
443 658 540 698 avia
577 656 797 698 Ludmssla
834 656 993 696 femina

161 715 452 764 sanctissima,
489 714 561 766 pie
602 713 831 761 educatus,
876 712 994 754 omni

159 772 371 814 virtutum
399 773 559 822 genere
586 770 784 821 insignis,
822 781 993 810 summo

161 828 310 870 studio
357 827 655 878 virginitatem
697 838 777 878 per
818 837 994 866 omnem

160 884 295 926 vitam
333 884 526 926 servavit
564 882 789 924 illibatam.
852 881 994 923 Mater

159 953 239 994 per
263 941 474 983 nefariam
492 938 725 980 Ludmillae
751 950 906 980 necem
929 950 993 979 re-

160 998 233 1049 gni
247 996 672 1039 administrationem
688 998 901 1044 assecuta,
919 997 993 1034 im-

159 1055 232 1106 pie
258 1067 357 1096 cum
383 1053 550 1104 juniore
579 1052 671 1093 filio
698 1051 909 1093 Boleslao
934 1051 993 1091 vi-

160 1123 278 1160 vens,
299 1110 537 1152 concitavit
555 1110 599 1150 in
619 1121 666 1150 se
684 1110 919 1161 procerum
934 1108 994 1148 in-

160 1166 473 1218 dignationem:
520 1178 655 1217 quare
696 1164 913 1217 tyrannici
951 1168 995 1205 et

160 1224 283 1276 impii
303 1223 528 1274 regiminis
548 1222 745 1275 pertaesi,
765 1221 994 1272 utriusque

161 1283 349 1322 excusso
366 1280 477 1331 jugo,
497 1278 811 1320 Wenceslaum
826 1277 869 1317 in
886 1276 994 1318 urbe

159 1336 370 1387 Pragensi
389 1348 540 1386 regem
559 1334 813 1376 salutarunt.

214 1396 265 1446 Rg.
291 1393 540 1434 Honestum
567 1390 670 1432 fecit
696 1390 818 1431 illum
844 1389 993 1430 Domi-

159 1464 255 1501 nus,
283 1455 326 1491 et
346 1447 583 1490 custodivit
603 1460 702 1489 eum
722 1445 776 1488 ab
797 1445 995 1495 inimicis,

161 1512 206 1549 et
235 1520 260 1548 a
289 1504 597 1547 seductoribus
623 1503 784 1545 tutavit
807 1502 944 1543 illum:
971 1508 994 1531 ²⁸¹

160 1564 217 1605 Et
250 1562 372 1604 dedit
403 1561 465 1602 illi
498 1560 741 1602 claritatem
773 1561 993 1600 aeternam.

164 1614 211 1665 V.
250 1616 580 1669 Descenditque
613 1629 712 1658 cum
744 1615 821 1657 illo
857 1615 901 1655 in
933 1615 992 1656 fo-

161 1689 300 1726 veam,
320 1680 363 1717 et
382 1675 426 1715 in
445 1673 629 1716 vinculis
650 1685 738 1714 non
759 1671 995 1723 dereliquit

162 1746 272 1776 eum.
299 1733 356 1774 Et
375 1730 509 1773 dedit.

473 1792 625 1832 Lectio
648 1805 682 1830 V.

209 1850 266 1891 lle
296 1862 478 1900 regnum
502 1849 669 1901 pietate
695 1845 835 1896 magis
863 1858 994 1898 quam

218 1906 404 1959 imperio
420 1917 588 1956 regens,
604 1903 824 1956 orphanis,
840 1901 994 1951 viduis,

162 1963 311 2014 egenis
338 1966 460 2004 tanta
489 1961 673 2003 caritate
699 1958 918 2007 subvenit,
947 1963 995 1999 ut

161 2018 353 2072 propriis
387 2017 581 2059 humeris
612 2015 850 2068 aliquando
878 2014 995 2065 ligna

162 2074 459 2126 indigentibus
505 2078 639 2115 noctu
689 2071 995 2124 comportarit,

161 2131 429 2184 pauperibus
472 2128 705 2171 humandis
742 2128 995 2179 frequenter

163 2187 364 2236 adfuerit,
391 2189 592 2238 captivos
615 2184 824 2234 liberarit,
851 2185 993 2225 carce-

163 2243 283 2285 ribus
320 2243 524 2286 detentos
560 2247 691 2284 nocte
729 2241 995 2292 intempesta

161 2300 366 2348 visitarit,
398 2300 596 2352 pecuniis
630 2304 673 2340 et
702 2296 888 2339 consilio
915 2308 993 2337 sae-

161 2356 342 2409 pissime
353 2356 617 2397 consolatus.
633 2354 728 2396 Miti
735 2353 880 2395 animo
887 2352 995 2404 prin·

163 2424 270 2464 ceps
307 2411 588 2453 vehementer
627 2409 808 2452 dolebat
846 2410 992 2460 quem-

161 2468 297 2520 piam,
322 2468 406 2509 etsi
425 2480 563 2517 reum,
592 2467 723 2509 morti
743 2464 993 2517 adjudicari.

161 2524 339 2565 Summa
358 2523 567 2574 religione
590 2522 845 2565 sacerdotes
865 2533 992 2562 vene-

161 2582 299 2629 ratuS,
328 2580 417 2621 suis
441 2580 643 2620 manibus
667 2579 860 2621 triticum
880 2579 992 2618 sere-

161 2636 252 2684 bat,
279 2641 323 2677 et
343 2635 490 2676 vinum
515 2634 805 2687 exprimebat,
834 2632 992 2684 quibus

551 165 622 200 Die
645 165 701 199 28.
727 165 829 210 Sept.
876 166 911 202 S.
937 167 1160 202 Weneeslai
1183 167 1304 203 Ducis
1329 172 1366 203 et
1389 168 1496 203 Mart.

1048 262 1090 302 in
1111 262 1259 304 Missae
1279 262 1497 304 sacrificio
1518 265 1755 304 uterentur.
1792 263 1880 304 No-

1048 324 1117 360 cte
1143 318 1271 360 nudis
1297 318 1486 371 pedibus
1511 331 1644 372 super
1667 319 1813 361 nivem
1837 324 1882 360 et

1047 374 1236 425 glaciem
1268 374 1482 416 circuibat
1521 375 1747 425 ecclesias,
1786 388 1881 416 san-

1047 434 1205 481 guinea
1226 436 1270 473 et
1283 436 1447 473 terram
1464 431 1763 473 calefacientia
1777 436 1882 484 post

1049 501 1095 529 se
1116 488 1368 540 relinquens
1389 488 1586 538 vestigia.

1105 551 1155 602 R.
1181 549 1461 590 Desiderium
1495 549 1653 590 animae
1686 549 1777 600 ejus
1808 549 1880 590 tri-

1048 604 1181 646 buisti
1214 606 1253 647 ei
1281 606 1488 654 Domine,
1521 609 1543 632 *
1570 605 1627 647 Et
1656 605 1881 647 voluntate

1048 661 1265 703 labiorum
1294 663 1385 714 ejus
1413 675 1499 703 non
1528 661 1741 703 fraudasti
1770 674 1880 703 eum.

1051 714 1101 766 V.
1118 718 1336 768 Quoniam
1353 719 1609 771 praevenisti
1629 731 1730 760 eum
1745 719 1789 759 in
1808 718 1881 760 be-

1048 774 1372 816 nedictionibus
1403 774 1660 816 dulcedinis:
1696 775 1883 827 posuisti

1049 830 1091 870 in
1121 831 1265 883 capite
1294 832 1386 883 ejus
1415 833 1625 873 coronam
1654 830 1710 873 de
1734 830 1882 884 lapide

1048 887 1257 939 pretioso.
1294 887 1362 929 Et.

1355 952 1509 993 Lectio
1531 953 1582 992 vi.

1052 1008 1281 1113 Aigelos
1311 1013 1465 1055 habuit
1490 1013 1557 1055 sui
1585 1013 1786 1066 corporis
1812 1026 1881 1055 cu-

1163 1068 1326 1111 stodes.
1369 1070 1480 1111 Cum
1513 1070 1627 1111 enim
1655 1069 1713 1111 ad
1740 1070 1882 1121 singu-

1050 1126 1141 1167 lare
1158 1129 1381 1168 certamen
1394 1126 1606 1168 adversus
1613 1126 1884 1175 Radislaum,

1050 1182 1209 1224 ducem
1228 1183 1547 1232 Curimensem,
1576 1195 1630 1224 eo
1654 1182 1740 1224 fine
1764 1185 1885 1225 acce-

1051 1239 1191 1288 deret,
1219 1244 1267 1280 ut
1295 1242 1475 1281 suorum
1502 1239 1633 1281 saluti
1657 1242 1887 1292 prospice-'
1910 1274 1915 1278 .

1051 1300 1135 1345 ret,
1167 1296 1249 1336 visi
1282 1301 1384 1338 sunt
1415 1296 1574 1347 Angeli
1608 1308 1731 1337 arma
1764 1296 1884 1336 mini-

1051 1353 1236 1401 strasse,
1266 1357 1310 1394 et
1331 1351 1494 1394 dixisse
1515 1351 1789 1401 adversario,
1816 1351 1885 1393 Ne

1050 1407 1191 1449 ferias.
1225 1408 1491 1451 Perterritus
1519 1409 1676 1458 hostis,
1706 1421 1884 1450 venera-

1050 1463 1224 1506 bundus
1257 1464 1495 1517 procidens
1527 1465 1700 1507 veniam
1733 1467 1885 1506 exora-

1049 1520 1122 1562 vit.
1158 1521 1267 1562 Cum
1290 1521 1333 1561 in
1353 1521 1638 1563 Germaniam
1658 1521 1886 1574 profectus

1048 1582 1182 1627 esset,
1211 1578 1470 1630 imperator,
1499 1578 1750 1631 conspectis
1779 1577 1885 1619 duo-

1049 1633 1132 1676 bus
1154 1634 1336 1685 Angelis
1361 1638 1493 1676 aurea
1520 1648 1651 1677 cruce
1671 1634 1729 1676 ad
1750 1646 1799 1676 se
1818 1647 1886 1676 ac-

1050 1690 1282 1732 cedentem
1301 1690 1577 1741 ornantibus,
1607 1704 1630 1733 e
1653 1690 1766 1732 solio
1785 1703 1885 1743 pro-

1050 1747 1198 1788 siliens
1222 1746 1415 1788 brachiis
1441 1748 1633 1800 excepit,
1666 1747 1799 1799 regiis
1824 1747 1885 1788 in-

1049 1803 1247 1854 signibus
1285 1803 1532 1854 decoravit,
1577 1807 1706 1857 eique
1743 1804 1885 1845 sancti

1048 1860 1141 1901 Viti
1169 1859 1398 1902 brachium
1427 1860 1618 1903 donavit.
1655 1859 1883 1902 Nihilomi-

1050 1929 1131 1957 nus
1150 1917 1312 1969 impius
1332 1917 1482 1967 frater,
1505 1922 1648 1959 matre
1667 1917 1884 1966 hortante,

1050 1974 1253 2014 convivio
1288 1975 1543 2026 exceptum,
1577 1978 1620 2016 et
1651 1975 1810 2026 postea
1839 1972 1884 2013 in

1050 2029 1238 2071 ecclesia
1253 2032 1465 2080 orantem,
1485 2032 1655 2083 paratae
1672 2030 1755 2072 sibi
1769 2042 1882 2071 mor-

1048 2086 1105 2127 tis
1151 2087 1404 2139 praescium,
1450 2086 1658 2129 adhibitis
1705 2085 1883 2128 sceleris

1049 2142 1303 2192 comitibus,
1327 2143 1557 2184 interfecit.
1594 2143 1780 2194 Sanguis
1802 2155 1883 2194 per

1048 2201 1243 2251 parietes
1268 2201 1475 2252 aspersus
1500 2198 1644 2242 adhuc
1668 2198 1881 2251 conspici-

1048 2260 1132 2297 tur:
1157 2260 1210 2305 et,
1231 2255 1329 2297 Deo
1349 2256 1535 2306 vindice,
1555 2261 1742 2297 matrem
1760 2255 1882 2300 inhu-

1048 2314 1223 2353 manam
1259 2317 1377 2354 terra
1418 2312 1662 2362 absorbuit3
1708 2311 1881 2353 interfe-

1049 2370 1196 2410 ctores
1231 2368 1365 2409 variis
1402 2367 1548 2410 modis
1586 2370 1745 2409 misere
1784 2380 1880 2420 per-

1047 2424 1200 2466 ierunt.
1256 2428 1307 2480 R.
1348 2424 1470 2466 Stola
1488 2423 1780 2476 jucunditatis.
1801 2423 1880 2476 [271

1100 2492 1144 2527 In
1168 2492 1232 2527 111.
1249 2492 1451 2528 Nocturno
1474 2491 1647 2527 Homilia
1671 2493 1711 2527 in
1732 2493 1878 2538 Evang.

1048 2540 1088 2575 Si
1137 2542 1225 2585 quis
1265 2542 1358 2576 vult.
1404 2540 1451 2575 de
1495 2540 1633 2575 eodem
1674 2541 1879 2577 Communi

1046 2588 1077 2623 2.
1101 2589 1200 2624 loco.
1227 2589 1296 2632 [32]

1101 2640 1218 2684 Vesp.
1237 2640 1284 2675 de
1301 2649 1423 2684 sequ.,
1445 2640 1529 2676 sine
1547 2650 1745 2677 commem.
1762 2651 1877 2685 praec.

818 2712 1116 2739 ῥ-οᾼοωὲωο-Φσ
