<?xml version="1.0" encoding="UTF-8"?>
<!DOCTYPE html PUBLIC "-//W3C//DTD XHTML 1.0 Transitional//EN"
    "http://www.w3.org/TR/xhtml1/DTD/xhtml1-transitional.dtd">
<html xmlns="http://www.w3.org/1999/xhtml" xml:lang="en" lang="en">
 <head>
  <title>
</title>
<meta http-equiv="Content-Type" content="text/html;charset=utf-8" />
  <meta name='ocr-system' content='tesseract 3.04.00' />
  <meta name='ocr-capabilities' content='ocr_page ocr_carea ocr_par ocr_line ocrx_word'/>
</head>
<body>
  <div class='ocr_page' id='page_1' title='image "./p4breviariumroma00cathuoft_0506.png"; bbox 0 0 2040 2944; ppageno 0'>
   <div class='ocr_carea' id='block_1_1' title="bbox 189 192 1300 238">
    <p class='ocr_par' dir='ltr' id='par_1_1' title="bbox 189 192 1300 238">
     <span class='ocr_line' id='line_1_1' title="bbox 189 192 1300 238; baseline 0.006 -19"><span class='ocrx_word' id='word_1_1' title='bbox 189 194 235 238; x_wconf 84' lang='grc'>[6]</span> <span class='ocrx_word' id='word_1_2' title='bbox 776 193 984 225; x_wconf 75' lang='lat' dir='ltr'>Commune</span> <span class='ocrx_word' id='word_1_3' title='bbox 1011 192 1300 234; x_wconf 69' lang='lat' dir='ltr'>Apostolorum.</span> 
     </span>
    </p>
   </div>
   <div class='ocr_carea' id='block_1_2' title="bbox 183 251 1900 266">
    <p class='ocr_par' dir='ltr' id='par_1_2' title="bbox 183 251 1900 266">
     <span class='ocr_line' id='line_1_2' title="bbox 183 251 1900 266; baseline 0 2678"><span class='ocrx_word' id='word_1_4' title='bbox 183 251 1900 266; x_wconf 95' lang='lat' dir='ltr'> </span> 
     </span>
    </p>
   </div>
   <div class='ocr_carea' id='block_1_3' title="bbox 180 288 1014 2760">
    <p class='ocr_par' dir='ltr' id='par_1_3' title="bbox 187 288 1014 397">
     <span class='ocr_line' id='line_1_3' title="bbox 240 288 1014 341; baseline -0.001 -10"><span class='ocrx_word' id='word_1_5' title='bbox 240 290 366 331; x_wconf 86' lang='lat' dir='ltr'>Oculi</span> <span class='ocrx_word' id='word_1_6' title='bbox 390 288 567 329; x_wconf 93' lang='lat' dir='ltr'>Demini</span> <span class='ocrx_word' id='word_1_7' title='bbox 587 301 718 341; x_wconf 91' lang='lat' dir='ltr'>super</span> <span class='ocrx_word' id='word_1_8' title='bbox 743 288 898 340; x_wconf 88' lang='lat' dir='ltr'>justos:</span> <span class='ocrx_word' id='word_1_9' title='bbox 923 289 945 314; x_wconf 88' lang='lat'>*</span> <span class='ocrx_word' id='word_1_10' title='bbox 971 293 1014 330; x_wconf 93' lang='lat' dir='ltr'>et</span> 
     </span>
     <span class='ocr_line' id='line_1_4' title="bbox 187 347 842 397; baseline -0.003 -10"><span class='ocrx_word' id='word_1_11' title='bbox 187 359 313 387; x_wconf 90' lang='lat' dir='ltr'>aures</span> <span class='ocrx_word' id='word_1_12' title='bbox 334 359 423 397; x_wconf 71' lang='lat' dir='ltr'>ejus</span> <span class='ocrx_word' id='word_1_13' title='bbox 443 359 485 385; x_wconf 93' lang='lat' dir='ltr'>1n</span> <span class='ocrx_word' id='word_1_14' title='bbox 504 358 659 397; x_wconf 84' lang='lat' dir='ltr'><strong>preces</strong></span> <span class='ocrx_word' id='word_1_15' title='bbox 680 347 842 386; x_wconf 89' lang='lat' dir='ltr'>eerum.</span> 
     </span>
    </p>

    <p class='ocr_par' dir='ltr' id='par_1_4' title="bbox 184 401 1014 556">
     <span class='ocr_line' id='line_1_5' title="bbox 238 401 1013 454; baseline -0.001 -11"><span class='ocrx_word' id='word_1_16' title='bbox 238 402 396 443; x_wconf 92' lang='lat' dir='ltr'>Vultus</span> <span class='ocrx_word' id='word_1_17' title='bbox 422 406 568 443; x_wconf 90' lang='lat' dir='ltr'>autem</span> <span class='ocrx_word' id='word_1_18' title='bbox 593 401 768 442; x_wconf 92' lang='lat' dir='ltr'>Demini</span> <span class='ocrx_word' id='word_1_19' title='bbox 799 414 930 454; x_wconf 91' lang='lat' dir='ltr'>super</span> <span class='ocrx_word' id='word_1_20' title='bbox 955 402 1013 442; x_wconf 89' lang='lat' dir='ltr'>fa-</span> 
     </span>
     <span class='ocr_line' id='line_1_6' title="bbox 187 457 1014 510; baseline 0 -11"><span class='ocrx_word' id='word_1_21' title='bbox 187 459 349 500; x_wconf 90' lang='lat' dir='ltr'>cientes</span> <span class='ocrx_word' id='word_1_22' title='bbox 368 458 501 498; x_wconf 88' lang='lat' dir='ltr'>mala:</span> <span class='ocrx_word' id='word_1_23' title='bbox 525 458 548 483; x_wconf 91' lang='lat'>*</span> <span class='ocrx_word' id='word_1_24' title='bbox 573 463 620 499; x_wconf 95' lang='lat' dir='ltr'>ut</span> <span class='ocrx_word' id='word_1_25' title='bbox 644 457 802 510; x_wconf 88' lang='lat' dir='ltr'>perdat</span> <span class='ocrx_word' id='word_1_26' title='bbox 822 457 877 499; x_wconf 92' lang='lat' dir='ltr'>de</span> <span class='ocrx_word' id='word_1_27' title='bbox 896 463 1014 499; x_wconf 86' lang='lat' dir='ltr'>terra</span> 
     </span>
     <span class='ocr_line' id='line_1_7' title="bbox 184 515 624 556; baseline -0.005 0"><span class='ocrx_word' id='word_1_28' title='bbox 184 515 440 556; x_wconf 90' lang='lat' dir='ltr'>memeriam</span> <span class='ocrx_word' id='word_1_29' title='bbox 461 516 624 555; x_wconf 92' lang='lat' dir='ltr'>eerum.</span> 
     </span>
    </p>

    <p class='ocr_par' dir='ltr' id='par_1_5' title="bbox 184 571 1012 725">
     <span class='ocr_line' id='line_1_8' title="bbox 238 571 1012 622; baseline -0.003 -10"><span class='ocrx_word' id='word_1_30' title='bbox 238 571 545 612; x_wconf 87' lang='lat' dir='ltr'>Clamaverunt</span> <span class='ocrx_word' id='word_1_31' title='bbox 574 571 691 622; x_wconf 88' lang='lat' dir='ltr'>justi,</span> <span class='ocrx_word' id='word_1_32' title='bbox 728 576 772 613; x_wconf 91' lang='lat' dir='ltr'>et</span> <span class='ocrx_word' id='word_1_33' title='bbox 798 571 1012 612; x_wconf 91' lang='lat' dir='ltr'>Deminus</span> 
     </span>
     <span class='ocr_line' id='line_1_9' title="bbox 186 627 1012 669; baseline -0.001 -1"><span class='ocrx_word' id='word_1_34' title='bbox 186 627 407 668; x_wconf 81' lang='lat' dir='ltr'>exaudivit</span> <span class='ocrx_word' id='word_1_35' title='bbox 427 640 522 668; x_wconf 92' lang='lat' dir='ltr'>eos:</span> <span class='ocrx_word' id='word_1_36' title='bbox 541 628 564 652; x_wconf 87' lang='lat'>*</span> <span class='ocrx_word' id='word_1_37' title='bbox 586 633 629 669; x_wconf 92' lang='lat' dir='ltr'>et</span> <span class='ocrx_word' id='word_1_38' title='bbox 649 640 703 668; x_wconf 88' lang='lat' dir='ltr'>ex</span> <span class='ocrx_word' id='word_1_39' title='bbox 719 628 920 669; x_wconf 92' lang='lat' dir='ltr'>emnibus</span> <span class='ocrx_word' id='word_1_40' title='bbox 941 627 1012 668; x_wconf 93' lang='lat' dir='ltr'>tri-</span> 
     </span>
     <span class='ocr_line' id='line_1_10' title="bbox 184 683 983 725; baseline 0 -1"><span class='ocrx_word' id='word_1_41' title='bbox 184 683 480 725; x_wconf 87' lang='lat' dir='ltr'>bulatienibus</span> <span class='ocrx_word' id='word_1_42' title='bbox 503 686 655 725; x_wconf 93' lang='lat' dir='ltr'>eerum</span> <span class='ocrx_word' id='word_1_43' title='bbox 674 683 876 725; x_wconf 80' lang='lat' dir='ltr'>liberavit</span> <span class='ocrx_word' id='word_1_44' title='bbox 896 696 983 725; x_wconf 91' lang='lat' dir='ltr'>eos.</span> 
     </span>
    </p>

    <p class='ocr_par' dir='ltr' id='par_1_6' title="bbox 183 739 1012 894">
     <span class='ocr_line' id='line_1_11' title="bbox 235 739 1012 792; baseline -0.001 -11"><span class='ocrx_word' id='word_1_45' title='bbox 235 741 367 781; x_wconf 86' lang='lat' dir='ltr'>Juxta</span> <span class='ocrx_word' id='word_1_46' title='bbox 387 745 453 781; x_wconf 90' lang='lat' dir='ltr'>est</span> <span class='ocrx_word' id='word_1_47' title='bbox 468 740 684 781; x_wconf 92' lang='lat' dir='ltr'>Deminus</span> <span class='ocrx_word' id='word_1_48' title='bbox 703 741 765 790; x_wconf 92' lang='lat' dir='ltr'>iis,</span> <span class='ocrx_word' id='word_1_49' title='bbox 787 741 860 792; x_wconf 91' lang='lat' dir='ltr'>qui</span> <span class='ocrx_word' id='word_1_50' title='bbox 880 739 1012 781; x_wconf 86' lang='lat' dir='ltr'>tribu-</span> 
     </span>
     <span class='ocr_line' id='line_1_12' title="bbox 183 796 1012 849; baseline 0 -12"><span class='ocrx_word' id='word_1_51' title='bbox 183 796 273 838; x_wconf 79' lang='lat' dir='ltr'>lato</span> <span class='ocrx_word' id='word_1_52' title='bbox 290 802 391 838; x_wconf 87' lang='lat' dir='ltr'>sunt</span> <span class='ocrx_word' id='word_1_53' title='bbox 407 796 541 838; x_wconf 90' lang='lat' dir='ltr'>corde</span> <span class='ocrx_word' id='word_1_54' title='bbox 553 813 560 836; x_wconf 95' lang='lat'><strong>:</strong></span> <span class='ocrx_word' id='word_1_55' title='bbox 571 797 594 822; x_wconf 90' lang='lat'>*</span> <span class='ocrx_word' id='word_1_56' title='bbox 605 802 649 838; x_wconf 90' lang='lat' dir='ltr'>et</span> <span class='ocrx_word' id='word_1_57' title='bbox 659 796 845 838; x_wconf 80' lang='lat' dir='ltr'>humiles</span> <span class='ocrx_word' id='word_1_58' title='bbox 857 796 1012 849; x_wconf 90' lang='lat' dir='ltr'>spiritu</span> 
     </span>
     <span class='ocr_line' id='line_1_13' title="bbox 184 853 380 894; baseline -0.005 0"><span class='ocrx_word' id='word_1_59' title='bbox 184 853 380 894; x_wconf 77' lang='lat' dir='ltr'>salvabit.</span> 
     </span>
    </p>

    <p class='ocr_par' dir='ltr' id='par_1_7' title="bbox 183 909 1011 1063">
     <span class='ocr_line' id='line_1_14' title="bbox 235 909 1011 960; baseline -0.001 -10"><span class='ocrx_word' id='word_1_60' title='bbox 235 909 386 950; x_wconf 87' lang='lat' dir='ltr'>Multae</span> <span class='ocrx_word' id='word_1_61' title='bbox 407 909 712 951; x_wconf 66' lang='lat' dir='ltr'>tribulationes</span> <span class='ocrx_word' id='word_1_62' title='bbox 732 910 963 960; x_wconf 91' lang='lat' dir='ltr'>justerum:</span> <span class='ocrx_word' id='word_1_63' title='bbox 988 909 1011 934; x_wconf 91' lang='lat'>*</span> 
     </span>
     <span class='ocr_line' id='line_1_15' title="bbox 184 965 1011 1007; baseline -0.001 0"><span class='ocrx_word' id='word_1_64' title='bbox 184 971 227 1007; x_wconf 91' lang='lat' dir='ltr'>et</span> <span class='ocrx_word' id='word_1_65' title='bbox 241 966 296 1007; x_wconf 94' lang='lat' dir='ltr'>de</span> <span class='ocrx_word' id='word_1_66' title='bbox 313 965 514 1007; x_wconf 90' lang='lat' dir='ltr'>emnibus</span> <span class='ocrx_word' id='word_1_67' title='bbox 530 965 596 1006; x_wconf 91' lang='lat' dir='ltr'>his</span> <span class='ocrx_word' id='word_1_68' title='bbox 612 965 817 1007; x_wconf 73' lang='lat' dir='ltr'>liberabit</span> <span class='ocrx_word' id='word_1_69' title='bbox 832 978 908 1006; x_wconf 91' lang='lat' dir='ltr'>eos</span> <span class='ocrx_word' id='word_1_70' title='bbox 924 965 1011 1006; x_wconf 92' lang='lat' dir='ltr'>De-</span> 
     </span>
     <span class='ocr_line' id='line_1_16' title="bbox 183 1023 336 1063; baseline 0.007 -1"><span class='ocrx_word' id='word_1_71' title='bbox 183 1023 336 1063; x_wconf 92' lang='lat' dir='ltr'>minus.</span> 
     </span>
    </p>

    <p class='ocr_par' dir='ltr' id='par_1_8' title="bbox 182 1078 1011 1177">
     <span class='ocr_line' id='line_1_17' title="bbox 236 1078 1011 1120; baseline -0.003 0"><span class='ocrx_word' id='word_1_72' title='bbox 236 1078 438 1120; x_wconf 90' lang='lat' dir='ltr'>Custedit</span> <span class='ocrx_word' id='word_1_73' title='bbox 452 1079 546 1119; x_wconf 80' lang='lat' dir='ltr'>Dfis</span> <span class='ocrx_word' id='word_1_74' title='bbox 563 1079 708 1120; x_wconf 89' lang='lat' dir='ltr'>emnia</span> <span class='ocrx_word' id='word_1_75' title='bbox 726 1092 828 1120; x_wconf 84' lang='lat' dir='ltr'>ossa</span> <span class='ocrx_word' id='word_1_76' title='bbox 844 1081 1011 1120; x_wconf 90' lang='lat' dir='ltr'>eerum:</span> 
     </span>
     <span class='ocr_line' id='line_1_18' title="bbox 182 1135 909 1177; baseline 0 -1"><span class='ocrx_word' id='word_1_77' title='bbox 182 1136 205 1160; x_wconf 89' lang='lat'>*</span> <span class='ocrx_word' id='word_1_78' title='bbox 224 1149 358 1176; x_wconf 93' lang='lat' dir='ltr'>unum</span> <span class='ocrx_word' id='word_1_79' title='bbox 378 1148 432 1177; x_wconf 86' lang='lat' dir='ltr'>ex</span> <span class='ocrx_word' id='word_1_80' title='bbox 451 1135 517 1176; x_wconf 92' lang='lat' dir='ltr'>his</span> <span class='ocrx_word' id='word_1_81' title='bbox 537 1148 625 1176; x_wconf 94' lang='lat' dir='ltr'>non</span> <span class='ocrx_word' id='word_1_82' title='bbox 646 1138 909 1177; x_wconf 87' lang='lat' dir='ltr'>conteretur.</span> 
     </span>
    </p>

    <p class='ocr_par' dir='ltr' id='par_1_9' title="bbox 184 1192 1012 1301">
     <span class='ocr_line' id='line_1_19' title="bbox 234 1192 1012 1244; baseline 0 -11"><span class='ocrx_word' id='word_1_83' title='bbox 234 1192 355 1233; x_wconf 93' lang='lat' dir='ltr'>Mors</span> <span class='ocrx_word' id='word_1_84' title='bbox 375 1194 659 1244; x_wconf 88' lang='lat' dir='ltr'>peccaterum</span> <span class='ocrx_word' id='word_1_85' title='bbox 679 1192 888 1244; x_wconf 90' lang='lat' dir='ltr'>pessima:</span> <span class='ocrx_word' id='word_1_86' title='bbox 915 1193 938 1217; x_wconf 90' lang='lat'>*</span> <span class='ocrx_word' id='word_1_87' title='bbox 968 1197 1012 1233; x_wconf 93' lang='lat' dir='ltr'>et</span> 
     </span>
     <span class='ocr_line' id='line_1_20' title="bbox 184 1247 940 1301; baseline 0.001 -12"><span class='ocrx_word' id='word_1_88' title='bbox 184 1249 257 1300; x_wconf 92' lang='lat' dir='ltr'>qui</span> <span class='ocrx_word' id='word_1_89' title='bbox 277 1248 466 1289; x_wconf 90' lang='lat' dir='ltr'>oderunt</span> <span class='ocrx_word' id='word_1_90' title='bbox 486 1249 654 1299; x_wconf 87' lang='lat' dir='ltr'>justum,</span> <span class='ocrx_word' id='word_1_91' title='bbox 675 1247 940 1301; x_wconf 81' lang='lat' dir='ltr'>delinquent.</span> 
     </span>
    </p>

    <p class='ocr_par' dir='ltr' id='par_1_10' title="bbox 182 1304 1011 1470">
     <span class='ocr_line' id='line_1_21' title="bbox 235 1304 1010 1346; baseline 0.001 -1"><span class='ocrx_word' id='word_1_92' title='bbox 235 1304 439 1346; x_wconf 86' lang='lat' dir='ltr'>Redimet</span> <span class='ocrx_word' id='word_1_93' title='bbox 471 1305 685 1345; x_wconf 92' lang='lat' dir='ltr'>Deminus</span> <span class='ocrx_word' id='word_1_94' title='bbox 724 1305 889 1346; x_wconf 81' lang='lat' dir='ltr'>animas</span> <span class='ocrx_word' id='word_1_95' title='bbox 925 1318 1010 1346; x_wconf 91' lang='lat' dir='ltr'>ser-</span> 
     </span>
     <span class='ocr_line' id='line_1_22' title="bbox 182 1361 1011 1414; baseline 0.001 -12"><span class='ocrx_word' id='word_1_96' title='bbox 182 1363 337 1402; x_wconf 88' lang='lat' dir='ltr'>verum</span> <span class='ocrx_word' id='word_1_97' title='bbox 352 1363 548 1402; x_wconf 91' lang='lat' dir='ltr'>suerum:</span> <span class='ocrx_word' id='word_1_98' title='bbox 564 1362 587 1386; x_wconf 88' lang='lat'>*</span> <span class='ocrx_word' id='word_1_99' title='bbox 599 1366 642 1402; x_wconf 94' lang='lat' dir='ltr'>et</span> <span class='ocrx_word' id='word_1_100' title='bbox 657 1374 745 1402; x_wconf 92' lang='lat' dir='ltr'>non</span> <span class='ocrx_word' id='word_1_101' title='bbox 756 1361 1011 1414; x_wconf 86' lang='lat' dir='ltr'>delinquent</span> 
     </span>
     <span class='ocr_line' id='line_1_23' title="bbox 183 1417 776 1470; baseline 0.002 -12"><span class='ocrx_word' id='word_1_102' title='bbox 183 1430 335 1459; x_wconf 90' lang='lat' dir='ltr'>omnes</span> <span class='ocrx_word' id='word_1_103' title='bbox 357 1418 430 1470; x_wconf 91' lang='lat' dir='ltr'>qui</span> <span class='ocrx_word' id='word_1_104' title='bbox 450 1422 629 1470; x_wconf 90' lang='lat' dir='ltr'>sperant</span> <span class='ocrx_word' id='word_1_105' title='bbox 649 1417 692 1457; x_wconf 92' lang='lat' dir='ltr'>in</span> <span class='ocrx_word' id='word_1_106' title='bbox 713 1430 776 1459; x_wconf 91' lang='lat' dir='ltr'>eo.</span> 
     </span>
    </p>

    <p class='ocr_par' dir='ltr' id='par_1_11' title="bbox 182 1474 1010 1572">
     <span class='ocr_line' id='line_1_24' title="bbox 234 1474 1010 1526; baseline 0.001 -13"><span class='ocrx_word' id='word_1_107' title='bbox 234 1475 331 1515; x_wconf 82' lang='lat' dir='ltr'>Ant.</span> <span class='ocrx_word' id='word_1_108' title='bbox 362 1474 673 1516; x_wconf 86' lang='lat' dir='ltr'>Clamaverunt</span> <span class='ocrx_word' id='word_1_109' title='bbox 701 1475 818 1526; x_wconf 90' lang='lat' dir='ltr'>justi,</span> <span class='ocrx_word' id='word_1_110' title='bbox 851 1479 895 1516; x_wconf 93' lang='lat' dir='ltr'>et</span> <span class='ocrx_word' id='word_1_111' title='bbox 923 1475 1010 1515; x_wconf 94' lang='lat' dir='ltr'>De-</span> 
     </span>
     <span class='ocr_line' id='line_1_25' title="bbox 182 1530 678 1572; baseline 0 -2"><span class='ocrx_word' id='word_1_112' title='bbox 182 1531 326 1571; x_wconf 86' lang='lat' dir='ltr'>minus</span> <span class='ocrx_word' id='word_1_113' title='bbox 346 1530 571 1572; x_wconf 83' lang='lat' dir='ltr'>exaudivit</span> <span class='ocrx_word' id='word_1_114' title='bbox 591 1543 678 1572; x_wconf 92' lang='lat' dir='ltr'>eos.</span> 
     </span>
    </p>

    <p class='ocr_par' dir='ltr' id='par_1_12' title="bbox 183 1587 1010 1742">
     <span class='ocr_line' id='line_1_26' title="bbox 234 1587 1010 1640; baseline 0.001 -13"><span class='ocrx_word' id='word_1_115' title='bbox 234 1587 332 1628; x_wconf 85' lang='lat' dir='ltr'>Ant.</span> <span class='ocrx_word' id='word_1_116' title='bbox 363 1588 620 1629; x_wconf 90' lang='lat' dir='ltr'>Constitues</span> <span class='ocrx_word' id='word_1_117' title='bbox 642 1588 665 1613; x_wconf 89' lang='lat'>*</span> <span class='ocrx_word' id='word_1_118' title='bbox 689 1602 765 1629; x_wconf 94' lang='lat' dir='ltr'>eos</span> <span class='ocrx_word' id='word_1_119' title='bbox 789 1588 1010 1640; x_wconf 86' lang='lat' dir='ltr'>principes</span> 
     </span>
     <span class='ocr_line' id='line_1_27' title="bbox 183 1646 1010 1696; baseline 0.002 -12"><span class='ocrx_word' id='word_1_120' title='bbox 183 1657 315 1696; x_wconf 91' lang='lat' dir='ltr'>super</span> <span class='ocrx_word' id='word_1_121' title='bbox 352 1657 527 1685; x_wconf 92' lang='lat' dir='ltr'>omnem</span> <span class='ocrx_word' id='word_1_122' title='bbox 564 1649 746 1686; x_wconf 87' lang='lat' dir='ltr'>terram:</span> <span class='ocrx_word' id='word_1_123' title='bbox 792 1646 1010 1686; x_wconf 90' lang='lat' dir='ltr'>memores</span> 
     </span>
     <span class='ocr_line' id='line_1_28' title="bbox 183 1701 821 1742; baseline 0 -1"><span class='ocrx_word' id='word_1_124' title='bbox 183 1706 310 1742; x_wconf 90' lang='lat' dir='ltr'>erunt</span> <span class='ocrx_word' id='word_1_125' title='bbox 330 1701 519 1741; x_wconf 91' lang='lat' dir='ltr'>neminis</span> <span class='ocrx_word' id='word_1_126' title='bbox 539 1701 602 1742; x_wconf 92' lang='lat' dir='ltr'>tui</span> <span class='ocrx_word' id='word_1_127' title='bbox 619 1702 821 1742; x_wconf 91' lang='lat' dir='ltr'>Demine.</span> 
     </span>
    </p>

    <p class='ocr_par' dir='ltr' id='par_1_13' title="bbox 180 1757 1011 1977">
     <span class='ocr_line' id='line_1_29' title="bbox 450 1757 741 1798; baseline 0.003 -2"><span class='ocrx_word' id='word_1_128' title='bbox 450 1757 646 1798; x_wconf 80' lang='lat' dir='ltr'>Psalmus</span> <span class='ocrx_word' id='word_1_129' title='bbox 675 1759 741 1798; x_wconf 83' lang='lat'>44.</span> 
     </span>
     <span class='ocr_line' id='line_1_30' title="bbox 180 1807 1010 1913; baseline 0.002 -59"><span class='ocrx_word' id='word_1_130' title='bbox 180 1807 456 1913; x_wconf 83' lang='lat' dir='ltr'>Eructavit</span> <span class='ocrx_word' id='word_1_131' title='bbox 476 1827 552 1856; x_wconf 92' lang='lat' dir='ltr'>cor</span> <span class='ocrx_word' id='word_1_132' title='bbox 571 1827 716 1856; x_wconf 92' lang='lat' dir='ltr'>meum</span> <span class='ocrx_word' id='word_1_133' title='bbox 734 1814 917 1856; x_wconf 89' lang='lat' dir='ltr'>verbum</span> <span class='ocrx_word' id='word_1_134' title='bbox 935 1814 1010 1856; x_wconf 90' lang='lat' dir='ltr'>bo-</span> 
     </span>
     <span class='ocr_line' id='line_1_31' title="bbox 262 1871 1011 1934; baseline 0.003 -24"><span class='ocrx_word' id='word_1_135' title='bbox 262 1926 270 1934; x_wconf 48' lang='grc'><em>.</em></span> <span class='ocrx_word' id='word_1_136' title='bbox 303 1884 424 1911; x_wconf 90' lang='lat' dir='ltr'>num:</span> <span class='ocrx_word' id='word_1_137' title='bbox 452 1871 475 1896; x_wconf 86' lang='grc'>*</span> <span class='ocrx_word' id='word_1_138' title='bbox 504 1871 603 1912; x_wconf 92' lang='lat' dir='ltr'>dico</span> <span class='ocrx_word' id='word_1_139' title='bbox 633 1884 714 1922; x_wconf 87' lang='lat' dir='ltr'>ego</span> <span class='ocrx_word' id='word_1_140' title='bbox 751 1874 887 1924; x_wconf 92' lang='lat' dir='ltr'>epera</span> <span class='ocrx_word' id='word_1_141' title='bbox 913 1883 1011 1912; x_wconf 88' lang='lat' dir='ltr'>mea</span> 
     </span>
     <span class='ocr_line' id='line_1_32' title="bbox 181 1939 284 1977; baseline 0 -11"><span class='ocrx_word' id='word_1_142' title='bbox 181 1939 284 1977; x_wconf 84' lang='lat' dir='ltr'>regi.</span> 
     </span>
    </p>

    <p class='ocr_par' dir='ltr' id='par_1_14' title="bbox 184 1983 1010 2082">
     <span class='ocr_line' id='line_1_33' title="bbox 234 1983 1010 2034; baseline 0.003 -10"><span class='ocrx_word' id='word_1_143' title='bbox 234 1983 402 2034; x_wconf 83' lang='lat' dir='ltr'>Lingua</span> <span class='ocrx_word' id='word_1_144' title='bbox 434 1997 531 2025; x_wconf 91' lang='lat' dir='ltr'>mea</span> <span class='ocrx_word' id='word_1_145' title='bbox 559 1984 752 2026; x_wconf 73' lang='lat' dir='ltr'>celamus</span> <span class='ocrx_word' id='word_1_146' title='bbox 781 1984 954 2033; x_wconf 85' lang='lat' dir='ltr'>scribae,</span> <span class='ocrx_word' id='word_1_147' title='bbox 987 1984 1010 2009; x_wconf 88' lang='lat'>*</span> 
     </span>
     <span class='ocr_line' id='line_1_34' title="bbox 184 2039 661 2082; baseline 0.004 -2"><span class='ocrx_word' id='word_1_148' title='bbox 184 2039 393 2081; x_wconf 90' lang='lat' dir='ltr'>veleciter</span> <span class='ocrx_word' id='word_1_149' title='bbox 421 2040 661 2082; x_wconf 80' lang='lat' dir='ltr'>scribentis.</span> 
     </span>
    </p>

    <p class='ocr_par' dir='ltr' id='par_1_15' title="bbox 182 2096 1010 2307">
     <span class='ocr_line' id='line_1_35' title="bbox 234 2096 1010 2150; baseline 0 -13"><span class='ocrx_word' id='word_1_150' title='bbox 234 2096 468 2148; x_wconf 88' lang='lat' dir='ltr'>Speciesus</span> <span class='ocrx_word' id='word_1_151' title='bbox 502 2097 643 2138; x_wconf 88' lang='lat' dir='ltr'>forma</span> <span class='ocrx_word' id='word_1_152' title='bbox 675 2110 769 2150; x_wconf 84' lang='lat' dir='ltr'>prae</span> <span class='ocrx_word' id='word_1_153' title='bbox 801 2097 901 2138; x_wconf 90' lang='lat' dir='ltr'>filiis</span> <span class='ocrx_word' id='word_1_154' title='bbox 935 2096 1010 2137; x_wconf 94' lang='lat' dir='ltr'>he-</span> 
     </span>
     <span class='ocr_line' id='line_1_36' title="bbox 182 2152 1010 2204; baseline 0.002 -12"><span class='ocrx_word' id='word_1_155' title='bbox 182 2153 356 2202; x_wconf 81' lang='lat' dir='ltr'>minum‚</span> <span class='ocrx_word' id='word_1_156' title='bbox 385 2152 541 2194; x_wconf 81' lang='lat' dir='ltr'>diffusa</span> <span class='ocrx_word' id='word_1_157' title='bbox 571 2159 637 2195; x_wconf 92' lang='lat' dir='ltr'>est</span> <span class='ocrx_word' id='word_1_158' title='bbox 657 2154 797 2204; x_wconf 72' lang='lat' dir='ltr'>gretia</span> <span class='ocrx_word' id='word_1_159' title='bbox 816 2154 859 2194; x_wconf 92' lang='lat' dir='ltr'>in</span> <span class='ocrx_word' id='word_1_160' title='bbox 883 2153 1010 2195; x_wconf 79' lang='lat' dir='ltr'>labiis</span> 
     </span>
     <span class='ocr_line' id='line_1_37' title="bbox 182 2209 1010 2262; baseline 0.002 -14"><span class='ocrx_word' id='word_1_161' title='bbox 182 2209 282 2249; x_wconf 86' lang='lat' dir='ltr'>tuis:</span> <span class='ocrx_word' id='word_1_162' title='bbox 298 2210 320 2234; x_wconf 88' lang='lat'>*</span> <span class='ocrx_word' id='word_1_163' title='bbox 331 2211 568 2262; x_wconf 88' lang='lat' dir='ltr'>propterea</span> <span class='ocrx_word' id='word_1_164' title='bbox 588 2210 813 2252; x_wconf 80' lang='lat' dir='ltr'>benedixit</span> <span class='ocrx_word' id='word_1_165' title='bbox 829 2215 874 2252; x_wconf 90' lang='lat' dir='ltr'>te</span> <span class='ocrx_word' id='word_1_166' title='bbox 890 2210 1010 2251; x_wconf 91' lang='lat' dir='ltr'>Deus</span> 
     </span>
     <span class='ocr_line' id='line_1_38' title="bbox 183 2265 475 2307; baseline 0.007 -3"><span class='ocrx_word' id='word_1_167' title='bbox 183 2265 226 2304; x_wconf 90' lang='lat' dir='ltr'>in</span> <span class='ocrx_word' id='word_1_168' title='bbox 255 2267 475 2307; x_wconf 85' lang='lat' dir='ltr'>aeternum.</span> 
     </span>
    </p>

    <p class='ocr_par' dir='ltr' id='par_1_16' title="bbox 184 2321 1010 2431">
     <span class='ocr_line' id='line_1_39' title="bbox 236 2321 1010 2376; baseline 0.005 -15"><span class='ocrx_word' id='word_1_169' title='bbox 236 2321 477 2372; x_wconf 85' lang='lat' dir='ltr'>Accingere</span> <span class='ocrx_word' id='word_1_170' title='bbox 505 2322 652 2373; x_wconf 75' lang='lat' dir='ltr'>gladio</span> <span class='ocrx_word' id='word_1_171' title='bbox 686 2328 763 2365; x_wconf 92' lang='lat' dir='ltr'>tuo</span> <span class='ocrx_word' id='word_1_172' title='bbox 792 2336 925 2376; x_wconf 91' lang='lat' dir='ltr'>super</span> <span class='ocrx_word' id='word_1_173' title='bbox 953 2323 1010 2365; x_wconf 88' lang='lat' dir='ltr'>fe-</span> 
     </span>
     <span class='ocr_line' id='line_1_40' title="bbox 184 2380 832 2431; baseline 0.006 -14"><span class='ocrx_word' id='word_1_174' title='bbox 184 2390 280 2418; x_wconf 91' lang='lat' dir='ltr'>mur</span> <span class='ocrx_word' id='word_1_175' title='bbox 307 2383 440 2427; x_wconf 91' lang='lat' dir='ltr'>tuum,</span> <span class='ocrx_word' id='word_1_176' title='bbox 467 2380 491 2404; x_wconf 89' lang='lat'>*</span> <span class='ocrx_word' id='word_1_177' title='bbox 519 2380 832 2431; x_wconf 89' lang='lat' dir='ltr'>potentissime,</span> 
     </span>
    </p>

    <p class='ocr_par' dir='ltr' id='par_1_17' title="bbox 183 2434 1011 2596">
     <span class='ocr_line' id='line_1_41' title="bbox 235 2434 1011 2488; baseline 0.005 -14"><span class='ocrx_word' id='word_1_178' title='bbox 235 2434 388 2486; x_wconf 89' lang='lat' dir='ltr'>Specie</span> <span class='ocrx_word' id='word_1_179' title='bbox 416 2440 491 2476; x_wconf 90' lang='lat' dir='ltr'>tua</span> <span class='ocrx_word' id='word_1_180' title='bbox 515 2442 558 2477; x_wconf 90' lang='lat' dir='ltr'>et</span> <span class='ocrx_word' id='word_1_181' title='bbox 585 2436 908 2488; x_wconf 84' lang='lat' dir='ltr'>pulchritudine</span> <span class='ocrx_word' id='word_1_182' title='bbox 936 2442 1011 2478; x_wconf 89' lang='lat' dir='ltr'>tua</span> 
     </span>
     <span class='ocr_line' id='line_1_42' title="bbox 183 2490 1011 2545; baseline 0.006 -15"><span class='ocrx_word' id='word_1_183' title='bbox 183 2490 207 2515; x_wconf 84' lang='lat'>*</span> <span class='ocrx_word' id='word_1_184' title='bbox 244 2490 435 2540; x_wconf 78' lang='lat' dir='ltr'>intende,</span> <span class='ocrx_word' id='word_1_185' title='bbox 471 2494 683 2544; x_wconf 91' lang='lat' dir='ltr'>prespere</span> <span class='ocrx_word' id='word_1_186' title='bbox 720 2493 1011 2545; x_wconf 81' lang='lat' dir='ltr'>procede,.et</span> 
     </span>
     <span class='ocr_line' id='line_1_43' title="bbox 184 2559 328 2596; baseline 0 -10"><span class='ocrx_word' id='word_1_187' title='bbox 184 2559 328 2596; x_wconf 86' lang='lat' dir='ltr'>regna.</span> 
     </span>
    </p>

    <p class='ocr_par' dir='ltr' id='par_1_18' title="bbox 183 2603 1011 2760">
     <span class='ocr_line' id='line_1_44' title="bbox 235 2603 1009 2655; baseline 0.005 -12"><span class='ocrx_word' id='word_1_188' title='bbox 235 2603 423 2655; x_wconf 90' lang='lat' dir='ltr'>Propter</span> <span class='ocrx_word' id='word_1_189' title='bbox 442 2605 682 2655; x_wconf 75' lang='lat' dir='ltr'>veritatem,</span> <span class='ocrx_word' id='word_1_190' title='bbox 703 2611 746 2647; x_wconf 89' lang='lat' dir='ltr'>et</span> <span class='ocrx_word' id='word_1_191' title='bbox 764 2609 1009 2648; x_wconf 85' lang='lat' dir='ltr'>mansuetu-</span> 
     </span>
     <span class='ocr_line' id='line_1_45' title="bbox 184 2658 1011 2711; baseline 0.005 -12"><span class='ocrx_word' id='word_1_192' title='bbox 184 2658 340 2708; x_wconf 87' lang='lat' dir='ltr'>dinem,</span> <span class='ocrx_word' id='word_1_193' title='bbox 370 2665 412 2701; x_wconf 93' lang='lat' dir='ltr'>et</span> <span class='ocrx_word' id='word_1_194' title='bbox 441 2661 659 2711; x_wconf 86' lang='lat' dir='ltr'>justitiam:</span> <span class='ocrx_word' id='word_1_195' title='bbox 693 2663 716 2687; x_wconf 88' lang='lat'>*</span> <span class='ocrx_word' id='word_1_196' title='bbox 750 2668 793 2704; x_wconf 94' lang='lat' dir='ltr'>et</span> <span class='ocrx_word' id='word_1_197' title='bbox 821 2661 1011 2703; x_wconf 79' lang='lat' dir='ltr'>deducet</span> 
     </span>
     <span class='ocr_line' id='line_1_46' title="bbox 183 2715 831 2760; baseline 0.006 -4"><span class='ocrx_word' id='word_1_198' title='bbox 183 2720 227 2756; x_wconf 89' lang='lat' dir='ltr'>te</span> <span class='ocrx_word' id='word_1_199' title='bbox 255 2715 509 2758; x_wconf 90' lang='lat' dir='ltr'>mirabiliter</span> <span class='ocrx_word' id='word_1_200' title='bbox 538 2717 719 2759; x_wconf 86' lang='lat' dir='ltr'>dextera</span> <span class='ocrx_word' id='word_1_201' title='bbox 746 2724 831 2760; x_wconf 85' lang='lat' dir='ltr'>tua.</span> 
     </span>
    </p>
   </div>
   <div class='ocr_carea' id='block_1_4' title="bbox 1061 287 1895 2760">
    <p class='ocr_par' dir='ltr' id='par_1_19' title="bbox 1067 287 1895 396">
     <span class='ocr_line' id='line_1_47' title="bbox 1119 287 1894 341; baseline 0 -12"><span class='ocrx_word' id='word_1_202' title='bbox 1119 288 1298 339; x_wconf 75' lang='lat' dir='ltr'>Sagittae</span> <span class='ocrx_word' id='word_1_203' title='bbox 1316 293 1404 330; x_wconf 85' lang='lat' dir='ltr'>tuae</span> <span class='ocrx_word' id='word_1_204' title='bbox 1420 290 1572 338; x_wconf 76' lang='lat' dir='ltr'>acutae,</span> <span class='ocrx_word' id='word_1_205' title='bbox 1585 288 1739 341; x_wconf 91' lang='lat' dir='ltr'>pepuli</span> <span class='ocrx_word' id='word_1_206' title='bbox 1753 287 1835 330; x_wconf 91' lang='lat' dir='ltr'>sub</span> <span class='ocrx_word' id='word_1_207' title='bbox 1850 293 1894 330; x_wconf 88' lang='lat' dir='ltr'>te</span> 
     </span>
     <span class='ocr_line' id='line_1_48' title="bbox 1067 344 1895 396; baseline 0 -11"><span class='ocrx_word' id='word_1_208' title='bbox 1067 344 1235 394; x_wconf 90' lang='lat' dir='ltr'>cadent,</span> <span class='ocrx_word' id='word_1_209' title='bbox 1251 345 1274 370; x_wconf 89' lang='lat'>*</span> <span class='ocrx_word' id='word_1_210' title='bbox 1284 345 1328 385; x_wconf 93' lang='lat' dir='ltr'>in</span> <span class='ocrx_word' id='word_1_211' title='bbox 1339 344 1475 386; x_wconf 90' lang='lat' dir='ltr'>corda</span> <span class='ocrx_word' id='word_1_212' title='bbox 1485 344 1759 386; x_wconf 90' lang='lat' dir='ltr'>inimicerum</span> <span class='ocrx_word' id='word_1_213' title='bbox 1769 345 1895 396; x_wconf 87' lang='lat' dir='ltr'>regis.</span> 
     </span>
    </p>

    <p class='ocr_par' dir='ltr' id='par_1_20' title="bbox 1065 400 1894 564">
     <span class='ocr_line' id='line_1_49' title="bbox 1118 400 1894 443; baseline 0 -1"><span class='ocrx_word' id='word_1_214' title='bbox 1118 400 1254 442; x_wconf 91' lang='lat' dir='ltr'>Sedes</span> <span class='ocrx_word' id='word_1_215' title='bbox 1274 406 1349 442; x_wconf 88' lang='lat' dir='ltr'>tua</span> <span class='ocrx_word' id='word_1_216' title='bbox 1367 401 1488 442; x_wconf 91' lang='lat' dir='ltr'>Deus</span> <span class='ocrx_word' id='word_1_217' title='bbox 1516 401 1559 442; x_wconf 90' lang='lat' dir='ltr'>in</span> <span class='ocrx_word' id='word_1_218' title='bbox 1583 401 1792 443; x_wconf 70' lang='lat' dir='ltr'>saeculum</span> <span class='ocrx_word' id='word_1_219' title='bbox 1816 403 1894 442; x_wconf 72' lang='lat' dir='ltr'>sae-</span> 
     </span>
     <span class='ocr_line' id='line_1_50' title="bbox 1067 457 1894 509; baseline 0 -11"><span class='ocrx_word' id='word_1_220' title='bbox 1067 457 1167 499; x_wconf 81' lang='lat' dir='ltr'>culi:</span> <span class='ocrx_word' id='word_1_221' title='bbox 1195 458 1218 483; x_wconf 92' lang='lat'>*</span> <span class='ocrx_word' id='word_1_222' title='bbox 1246 458 1369 508; x_wconf 86' lang='lat' dir='ltr'>virga</span> <span class='ocrx_word' id='word_1_223' title='bbox 1398 457 1649 498; x_wconf 88' lang='lat' dir='ltr'>directienis</span> <span class='ocrx_word' id='word_1_224' title='bbox 1680 457 1803 509; x_wconf 87' lang='lat' dir='ltr'>virga</span> <span class='ocrx_word' id='word_1_225' title='bbox 1830 470 1894 499; x_wconf 91' lang='lat' dir='ltr'>re-</span> 
     </span>
     <span class='ocr_line' id='line_1_51' title="bbox 1065 514 1238 564; baseline 0 -10"><span class='ocrx_word' id='word_1_226' title='bbox 1065 514 1138 564; x_wconf 87' lang='lat' dir='ltr'>gni</span> <span class='ocrx_word' id='word_1_227' title='bbox 1165 514 1238 555; x_wconf 88' lang='lat' dir='ltr'>tui.</span> 
     </span>
    </p>

    <p class='ocr_par' dir='ltr' id='par_1_21' title="bbox 1064 569 1894 781">
     <span class='ocr_line' id='line_1_52' title="bbox 1116 569 1893 621; baseline 0.001 -11"><span class='ocrx_word' id='word_1_228' title='bbox 1116 570 1319 612; x_wconf 79' lang='lat' dir='ltr'>Dilexisti</span> <span class='ocrx_word' id='word_1_229' title='bbox 1345 570 1560 621; x_wconf 85' lang='lat' dir='ltr'>justitiam,</span> <span class='ocrx_word' id='word_1_230' title='bbox 1590 574 1633 611; x_wconf 92' lang='lat' dir='ltr'>et</span> <span class='ocrx_word' id='word_1_231' title='bbox 1661 569 1792 612; x_wconf 89' lang='lat' dir='ltr'>odisti</span> <span class='ocrx_word' id='word_1_232' title='bbox 1818 570 1893 611; x_wconf 93' lang='lat' dir='ltr'>ini-</span> 
     </span>
     <span class='ocr_line' id='line_1_53' title="bbox 1067 626 1894 679; baseline 0 -11"><span class='ocrx_word' id='word_1_233' title='bbox 1067 627 1293 679; x_wconf 80' lang='lat' dir='ltr'>quitatem:</span> <span class='ocrx_word' id='word_1_234' title='bbox 1304 628 1326 652; x_wconf 84' lang='lat'>*</span> <span class='ocrx_word' id='word_1_235' title='bbox 1338 628 1574 679; x_wconf 88' lang='lat' dir='ltr'>propterea</span> <span class='ocrx_word' id='word_1_236' title='bbox 1587 626 1710 668; x_wconf 85' lang='lat' dir='ltr'>unxit</span> <span class='ocrx_word' id='word_1_237' title='bbox 1718 631 1763 668; x_wconf 93' lang='lat' dir='ltr'>te</span> <span class='ocrx_word' id='word_1_238' title='bbox 1773 626 1894 668; x_wconf 90' lang='lat' dir='ltr'>Deus</span> 
     </span>
     <span class='ocr_line' id='line_1_54' title="bbox 1064 682 1894 735; baseline 0.001 -12"><span class='ocrx_word' id='word_1_239' title='bbox 1064 683 1184 724; x_wconf 92' lang='lat' dir='ltr'>Deus</span> <span class='ocrx_word' id='word_1_240' title='bbox 1212 689 1312 725; x_wconf 90' lang='lat' dir='ltr'>tuus</span> <span class='ocrx_word' id='word_1_241' title='bbox 1348 683 1446 724; x_wconf 93' lang='lat' dir='ltr'>eleo</span> <span class='ocrx_word' id='word_1_242' title='bbox 1476 682 1640 724; x_wconf 87' lang='lat' dir='ltr'>laetitiae</span> <span class='ocrx_word' id='word_1_243' title='bbox 1673 695 1766 735; x_wconf 87' lang='lat' dir='ltr'>prae</span> <span class='ocrx_word' id='word_1_244' title='bbox 1795 695 1894 724; x_wconf 91' lang='lat' dir='ltr'>con-</span> 
     </span>
     <span class='ocr_line' id='line_1_55' title="bbox 1065 739 1380 781; baseline 0 -1"><span class='ocrx_word' id='word_1_245' title='bbox 1065 739 1256 781; x_wconf 91' lang='lat' dir='ltr'>sertibus</span> <span class='ocrx_word' id='word_1_246' title='bbox 1283 740 1380 781; x_wconf 90' lang='lat' dir='ltr'>tuis.</span> 
     </span>
    </p>

    <p class='ocr_par' dir='ltr' id='par_1_22' title="bbox 1063 794 1894 1017">
     <span class='ocr_line' id='line_1_56' title="bbox 1116 794 1894 848; baseline -0.003 -11"><span class='ocrx_word' id='word_1_247' title='bbox 1116 796 1305 848; x_wconf 86' lang='lat' dir='ltr'>Myrrha,</span> <span class='ocrx_word' id='word_1_248' title='bbox 1334 802 1377 838; x_wconf 92' lang='lat' dir='ltr'>et</span> <span class='ocrx_word' id='word_1_249' title='bbox 1404 801 1537 847; x_wconf 85' lang='lat' dir='ltr'>gutta,</span> <span class='ocrx_word' id='word_1_250' title='bbox 1567 800 1610 837; x_wconf 93' lang='lat' dir='ltr'>et</span> <span class='ocrx_word' id='word_1_251' title='bbox 1639 794 1757 836; x_wconf 81' lang='lat' dir='ltr'>casia</span> <span class='ocrx_word' id='word_1_252' title='bbox 1780 807 1805 836; x_wconf 87' lang='lat' dir='ltr'>a</span> <span class='ocrx_word' id='word_1_253' title='bbox 1824 807 1894 836; x_wconf 90' lang='lat' dir='ltr'>ve-</span> 
     </span>
     <span class='ocr_line' id='line_1_57' title="bbox 1065 851 1894 903; baseline -0.001 -10"><span class='ocrx_word' id='word_1_254' title='bbox 1065 853 1278 894; x_wconf 87' lang='lat' dir='ltr'>stimentis</span> <span class='ocrx_word' id='word_1_255' title='bbox 1297 853 1394 903; x_wconf 90' lang='lat' dir='ltr'>tuis,</span> <span class='ocrx_word' id='word_1_256' title='bbox 1412 865 1437 894; x_wconf 88' lang='lat' dir='ltr'>a</span> <span class='ocrx_word' id='word_1_257' title='bbox 1453 852 1656 894; x_wconf 91' lang='lat' dir='ltr'>demibus</span> <span class='ocrx_word' id='word_1_258' title='bbox 1676 851 1894 893; x_wconf 80' lang='lat' dir='ltr'>eburneis:</span> 
     </span>
     <span class='ocr_line' id='line_1_58' title="bbox 1063 907 1893 962; baseline -0.002 -11"><span class='ocrx_word' id='word_1_259' title='bbox 1063 910 1087 934; x_wconf 88' lang='lat'>*</span> <span class='ocrx_word' id='word_1_260' title='bbox 1105 922 1159 951; x_wconf 86' lang='lat' dir='ltr'>ex</span> <span class='ocrx_word' id='word_1_261' title='bbox 1189 909 1345 962; x_wconf 91' lang='lat' dir='ltr'>quibus</span> <span class='ocrx_word' id='word_1_262' title='bbox 1366 909 1695 951; x_wconf 80' lang='lat' dir='ltr'>delectaverunt</span> <span class='ocrx_word' id='word_1_263' title='bbox 1718 913 1763 950; x_wconf 88' lang='lat' dir='ltr'>te</span> <span class='ocrx_word' id='word_1_264' title='bbox 1791 907 1893 949; x_wconf 88' lang='lat' dir='ltr'>filiae</span> 
     </span>
     <span class='ocr_line' id='line_1_59' title="bbox 1063 966 1598 1017; baseline 0 -11"><span class='ocrx_word' id='word_1_265' title='bbox 1063 979 1216 1017; x_wconf 86' lang='lat' dir='ltr'>regum</span> <span class='ocrx_word' id='word_1_266' title='bbox 1243 967 1286 1007; x_wconf 94' lang='lat' dir='ltr'>in</span> <span class='ocrx_word' id='word_1_267' title='bbox 1314 966 1482 1008; x_wconf 79' lang='lat' dir='ltr'>honere</span> <span class='ocrx_word' id='word_1_268' title='bbox 1509 971 1598 1008; x_wconf 89' lang='lat' dir='ltr'>tuo.</span> 
     </span>
    </p>

    <p class='ocr_par' dir='ltr' id='par_1_23' title="bbox 1064 1021 1894 1178">
     <span class='ocr_line' id='line_1_60' title="bbox 1115 1021 1894 1074; baseline -0.001 -11"><span class='ocrx_word' id='word_1_269' title='bbox 1115 1022 1268 1065; x_wconf 90' lang='lat' dir='ltr'>Astitit</span> <span class='ocrx_word' id='word_1_270' title='bbox 1300 1025 1450 1074; x_wconf 87' lang='lat' dir='ltr'>regina</span> <span class='ocrx_word' id='word_1_271' title='bbox 1483 1035 1508 1063; x_wconf 86' lang='lat' dir='ltr'>a</span> <span class='ocrx_word' id='word_1_272' title='bbox 1536 1021 1702 1064; x_wconf 79' lang='lat' dir='ltr'>dextris</span> <span class='ocrx_word' id='word_1_273' title='bbox 1736 1021 1822 1063; x_wconf 91' lang='lat' dir='ltr'>tuis</span> <span class='ocrx_word' id='word_1_274' title='bbox 1849 1021 1894 1062; x_wconf 91' lang='lat' dir='ltr'>in</span> 
     </span>
     <span class='ocr_line' id='line_1_61' title="bbox 1064 1077 1892 1121; baseline -0.001 -1"><span class='ocrx_word' id='word_1_275' title='bbox 1064 1082 1224 1121; x_wconf 88' lang='lat' dir='ltr'>vestitu</span> <span class='ocrx_word' id='word_1_276' title='bbox 1243 1079 1471 1121; x_wconf 76' lang='lat' dir='ltr'>deaurato:</span> <span class='ocrx_word' id='word_1_277' title='bbox 1488 1080 1512 1104; x_wconf 89' lang='lat'>*</span> <span class='ocrx_word' id='word_1_278' title='bbox 1533 1077 1802 1120; x_wconf 77' lang='lat' dir='ltr'>circumdata</span> <span class='ocrx_word' id='word_1_279' title='bbox 1822 1091 1892 1119; x_wconf 87' lang='lat' dir='ltr'>va-</span> 
     </span>
     <span class='ocr_line' id='line_1_62' title="bbox 1064 1136 1229 1178; baseline 0 -2"><span class='ocrx_word' id='word_1_280' title='bbox 1064 1136 1229 1178; x_wconf 71' lang='lat' dir='ltr'>rietete.</span> 
     </span>
    </p>

    <p class='ocr_par' dir='ltr' id='par_1_24' title="bbox 1062 1191 1893 1358">
     <span class='ocr_line' id='line_1_63' title="bbox 1115 1191 1891 1242; baseline -0.003 -9"><span class='ocrx_word' id='word_1_281' title='bbox 1115 1192 1233 1234; x_wconf 89' lang='lat' dir='ltr'>Audi</span> <span class='ocrx_word' id='word_1_282' title='bbox 1255 1193 1355 1242; x_wconf 88' lang='lat' dir='ltr'>filia,</span> <span class='ocrx_word' id='word_1_283' title='bbox 1378 1198 1421 1234; x_wconf 93' lang='lat' dir='ltr'>et</span> <span class='ocrx_word' id='word_1_284' title='bbox 1440 1191 1551 1242; x_wconf 85' lang='lat' dir='ltr'>vide,</span> <span class='ocrx_word' id='word_1_285' title='bbox 1572 1197 1616 1234; x_wconf 88' lang='lat' dir='ltr'>et</span> <span class='ocrx_word' id='word_1_286' title='bbox 1639 1191 1798 1233; x_wconf 90' lang='lat' dir='ltr'>inclina</span> <span class='ocrx_word' id='word_1_287' title='bbox 1820 1204 1891 1232; x_wconf 90' lang='lat' dir='ltr'>au-</span> 
     </span>
     <span class='ocr_line' id='line_1_64' title="bbox 1063 1247 1893 1301; baseline -0.002 -11"><span class='ocrx_word' id='word_1_288' title='bbox 1063 1262 1156 1291; x_wconf 91' lang='lat' dir='ltr'>rem</span> <span class='ocrx_word' id='word_1_289' title='bbox 1173 1254 1308 1291; x_wconf 88' lang='lat' dir='ltr'>tuam:</span> <span class='ocrx_word' id='word_1_290' title='bbox 1318 1250 1341 1275; x_wconf 90' lang='lat'>*</span> <span class='ocrx_word' id='word_1_291' title='bbox 1354 1254 1397 1291; x_wconf 92' lang='lat' dir='ltr'>et</span> <span class='ocrx_word' id='word_1_292' title='bbox 1408 1249 1667 1291; x_wconf 90' lang='lat' dir='ltr'>obliviscere</span> <span class='ocrx_word' id='word_1_293' title='bbox 1680 1247 1893 1301; x_wconf 91' lang='lat' dir='ltr'>pepulum</span> 
     </span>
     <span class='ocr_line' id='line_1_65' title="bbox 1062 1305 1742 1358; baseline -0.001 -11"><span class='ocrx_word' id='word_1_294' title='bbox 1062 1311 1196 1356; x_wconf 92' lang='lat' dir='ltr'>tuum,</span> <span class='ocrx_word' id='word_1_295' title='bbox 1226 1311 1269 1348; x_wconf 95' lang='lat' dir='ltr'>et</span> <span class='ocrx_word' id='word_1_296' title='bbox 1297 1305 1476 1348; x_wconf 92' lang='lat' dir='ltr'>domum</span> <span class='ocrx_word' id='word_1_297' title='bbox 1503 1305 1640 1358; x_wconf 90' lang='lat' dir='ltr'>patris</span> <span class='ocrx_word' id='word_1_298' title='bbox 1667 1305 1742 1347; x_wconf 88' lang='lat' dir='ltr'>tui.</span> 
     </span>
    </p>

    <p class='ocr_par' dir='ltr' id='par_1_25' title="bbox 1062 1361 1892 1524">
     <span class='ocr_line' id='line_1_66' title="bbox 1114 1361 1891 1415; baseline -0.001 -12"><span class='ocrx_word' id='word_1_299' title='bbox 1114 1362 1171 1404; x_wconf 89' lang='lat' dir='ltr'>Et</span> <span class='ocrx_word' id='word_1_300' title='bbox 1186 1365 1468 1415; x_wconf 90' lang='lat' dir='ltr'>concupiscet</span> <span class='ocrx_word' id='word_1_301' title='bbox 1486 1363 1584 1403; x_wconf 86' lang='lat' dir='ltr'>Rex</span> <span class='ocrx_word' id='word_1_302' title='bbox 1604 1361 1811 1403; x_wconf 79' lang='lat' dir='ltr'>decerem</span> <span class='ocrx_word' id='word_1_303' title='bbox 1827 1366 1891 1403; x_wconf 93' lang='lat' dir='ltr'>tu-</span> 
     </span>
     <span class='ocr_line' id='line_1_67' title="bbox 1062 1417 1892 1471; baseline -0.002 -11"><span class='ocrx_word' id='word_1_304' title='bbox 1062 1433 1150 1460; x_wconf 89' lang='lat' dir='ltr'>um:</span> <span class='ocrx_word' id='word_1_305' title='bbox 1177 1420 1200 1444; x_wconf 90' lang='lat'>*</span> <span class='ocrx_word' id='word_1_306' title='bbox 1231 1419 1436 1471; x_wconf 88' lang='lat' dir='ltr'>queniam</span> <span class='ocrx_word' id='word_1_307' title='bbox 1463 1419 1557 1471; x_wconf 90' lang='lat' dir='ltr'>ipse</span> <span class='ocrx_word' id='word_1_308' title='bbox 1585 1423 1652 1460; x_wconf 91' lang='lat' dir='ltr'>est</span> <span class='ocrx_word' id='word_1_309' title='bbox 1678 1417 1892 1459; x_wconf 85' lang='lat' dir='ltr'>Deminus</span> 
     </span>
     <span class='ocr_line' id='line_1_68' title="bbox 1062 1474 1807 1524; baseline -0.003 -8"><span class='ocrx_word' id='word_1_310' title='bbox 1062 1475 1183 1517; x_wconf 93' lang='lat' dir='ltr'>Deus</span> <span class='ocrx_word' id='word_1_311' title='bbox 1210 1480 1322 1524; x_wconf 89' lang='lat' dir='ltr'>tuus,</span> <span class='ocrx_word' id='word_1_312' title='bbox 1351 1481 1395 1517; x_wconf 90' lang='lat' dir='ltr'>et</span> <span class='ocrx_word' id='word_1_313' title='bbox 1422 1474 1670 1516; x_wconf 68' lang='lat' dir='ltr'>adorabunt</span> <span class='ocrx_word' id='word_1_314' title='bbox 1698 1486 1807 1515; x_wconf 94' lang='lat' dir='ltr'>eum.</span> 
     </span>
    </p>

    <p class='ocr_par' dir='ltr' id='par_1_26' title="bbox 1062 1530 1892 1698">
     <span class='ocr_line' id='line_1_69' title="bbox 1115 1530 1891 1584; baseline -0.001 -12"><span class='ocrx_word' id='word_1_315' title='bbox 1115 1532 1172 1574; x_wconf 91' lang='lat' dir='ltr'>Et</span> <span class='ocrx_word' id='word_1_316' title='bbox 1188 1532 1290 1573; x_wconf 89' lang='lat' dir='ltr'>fssiae</span> <span class='ocrx_word' id='word_1_317' title='bbox 1309 1532 1416 1584; x_wconf 93' lang='lat' dir='ltr'>Tyri</span> <span class='ocrx_word' id='word_1_318' title='bbox 1436 1532 1480 1572; x_wconf 92' lang='lat' dir='ltr'>in</span> <span class='ocrx_word' id='word_1_319' title='bbox 1498 1530 1750 1572; x_wconf 90' lang='lat' dir='ltr'>muneribus</span> <span class='ocrx_word' id='word_1_320' title='bbox 1763 1531 1787 1556; x_wconf 80' lang='lat'>*</span> <span class='ocrx_word' id='word_1_321' title='bbox 1802 1530 1891 1572; x_wconf 90' lang='lat' dir='ltr'>vul-</span> 
     </span>
     <span class='ocr_line' id='line_1_70' title="bbox 1062 1588 1892 1641; baseline -0.002 -11"><span class='ocrx_word' id='word_1_322' title='bbox 1062 1594 1155 1630; x_wconf 91' lang='lat' dir='ltr'>tum</span> <span class='ocrx_word' id='word_1_323' title='bbox 1187 1594 1311 1630; x_wconf 88' lang='lat' dir='ltr'>tuum</span> <span class='ocrx_word' id='word_1_324' title='bbox 1339 1588 1706 1641; x_wconf 76' lang='lat' dir='ltr'>deprecabuntur:</span> <span class='ocrx_word' id='word_1_325' title='bbox 1740 1599 1892 1629; x_wconf 90' lang='lat' dir='ltr'>omnes</span> 
     </span>
     <span class='ocr_line' id='line_1_71' title="bbox 1063 1645 1401 1698; baseline -0.003 -12"><span class='ocrx_word' id='word_1_326' title='bbox 1063 1645 1221 1687; x_wconf 90' lang='lat' dir='ltr'>divites</span> <span class='ocrx_word' id='word_1_327' title='bbox 1249 1645 1401 1698; x_wconf 92' lang='lat' dir='ltr'>plebis.</span> 
     </span>
    </p>

    <p class='ocr_par' dir='ltr' id='par_1_27' title="bbox 1062 1699 1892 1857">
     <span class='ocr_line' id='line_1_72' title="bbox 1116 1699 1892 1753; baseline -0.001 -11"><span class='ocrx_word' id='word_1_328' title='bbox 1116 1702 1268 1743; x_wconf 89' lang='lat' dir='ltr'>Omnis</span> <span class='ocrx_word' id='word_1_329' title='bbox 1287 1702 1426 1753; x_wconf 86' lang='lat' dir='ltr'>gleria</span> <span class='ocrx_word' id='word_1_330' title='bbox 1447 1702 1537 1753; x_wconf 90' lang='lat' dir='ltr'>ejus</span> <span class='ocrx_word' id='word_1_331' title='bbox 1561 1700 1663 1742; x_wconf 91' lang='lat' dir='ltr'>filiae</span> <span class='ocrx_word' id='word_1_332' title='bbox 1682 1700 1817 1751; x_wconf 86' lang='lat' dir='ltr'>Regis</span> <span class='ocrx_word' id='word_1_333' title='bbox 1836 1699 1892 1742; x_wconf 91' lang='lat' dir='ltr'>ab</span> 
     </span>
     <span class='ocr_line' id='line_1_73' title="bbox 1062 1756 1892 1808; baseline -0.002 -9"><span class='ocrx_word' id='word_1_334' title='bbox 1062 1759 1188 1808; x_wconf 89' lang='lat' dir='ltr'>intus,</span> <span class='ocrx_word' id='word_1_335' title='bbox 1215 1759 1238 1784; x_wconf 88' lang='lat'>*</span> <span class='ocrx_word' id='word_1_336' title='bbox 1263 1759 1306 1799; x_wconf 93' lang='lat' dir='ltr'>in</span> <span class='ocrx_word' id='word_1_337' title='bbox 1332 1758 1514 1800; x_wconf 86' lang='lat' dir='ltr'>fimbriis</span> <span class='ocrx_word' id='word_1_338' title='bbox 1539 1757 1684 1799; x_wconf 76' lang='lat' dir='ltr'>aureis</span> <span class='ocrx_word' id='word_1_339' title='bbox 1713 1756 1892 1798; x_wconf 92' lang='lat' dir='ltr'>circum-</span> 
     </span>
     <span class='ocr_line' id='line_1_74' title="bbox 1063 1814 1544 1857; baseline 0 -2"><span class='ocrx_word' id='word_1_340' title='bbox 1063 1818 1222 1857; x_wconf 85' lang='lat' dir='ltr'>amicta</span> <span class='ocrx_word' id='word_1_341' title='bbox 1248 1814 1544 1857; x_wconf 80' lang='lat' dir='ltr'>varietatibus.</span> 
     </span>
    </p>

    <p class='ocr_par' dir='ltr' id='par_1_28' title="bbox 1063 1870 1893 1981">
     <span class='ocr_line' id='line_1_75' title="bbox 1114 1870 1893 1928; baseline -0.003 -16"><span class='ocrx_word' id='word_1_342' title='bbox 1114 1871 1403 1928; x_wconf 28' lang='lat' dir='ltr'>Addu‘centur</span> <span class='ocrx_word' id='word_1_343' title='bbox 1431 1871 1544 1922; x_wconf 86' lang='lat' dir='ltr'>Regi</span> <span class='ocrx_word' id='word_1_344' title='bbox 1569 1870 1758 1922; x_wconf 86' lang='lat' dir='ltr'>virgines</span> <span class='ocrx_word' id='word_1_345' title='bbox 1790 1873 1893 1922; x_wconf 92' lang='lat' dir='ltr'>post</span> 
     </span>
     <span class='ocr_line' id='line_1_76' title="bbox 1063 1925 1892 1981; baseline -0.005 -11"><span class='ocrx_word' id='word_1_346' title='bbox 1063 1941 1174 1970; x_wconf 87' lang='lat' dir='ltr'>eam:</span> <span class='ocrx_word' id='word_1_347' title='bbox 1185 1929 1208 1954; x_wconf 88' lang='lat'>*</span> <span class='ocrx_word' id='word_1_348' title='bbox 1218 1929 1433 1981; x_wconf 89' lang='lat' dir='ltr'>preximae</span> <span class='ocrx_word' id='word_1_349' title='bbox 1450 1928 1540 1980; x_wconf 90' lang='lat' dir='ltr'>ejus</span> <span class='ocrx_word' id='word_1_350' title='bbox 1556 1926 1790 1969; x_wconf 83' lang='lat' dir='ltr'>afferentur</span> <span class='ocrx_word' id='word_1_351' title='bbox 1801 1925 1892 1968; x_wconf 88' lang='lat' dir='ltr'>tibi.</span> 
     </span>
    </p>

    <p class='ocr_par' dir='ltr' id='par_1_29' title="bbox 1061 1982 1891 2148">
     <span class='ocr_line' id='line_1_77' title="bbox 1115 1982 1891 2027; baseline -0.003 -2"><span class='ocrx_word' id='word_1_352' title='bbox 1115 1984 1366 2027; x_wconf 89' lang='lat' dir='ltr'>Afferentur</span> <span class='ocrx_word' id='word_1_353' title='bbox 1390 1985 1437 2025; x_wconf 84' lang='lat' dir='ltr'>in</span> <span class='ocrx_word' id='word_1_354' title='bbox 1457 1984 1609 2026; x_wconf 83' lang='lat' dir='ltr'>laetitia</span> <span class='ocrx_word' id='word_1_355' title='bbox 1637 1988 1681 2025; x_wconf 93' lang='lat' dir='ltr'>et</span> <span class='ocrx_word' id='word_1_356' title='bbox 1706 1982 1891 2024; x_wconf 85' lang='lat' dir='ltr'>exsulta-</span> 
     </span>
     <span class='ocr_line' id='line_1_78' title="bbox 1061 2038 1891 2092; baseline -0.005 -9"><span class='ocrx_word' id='word_1_357' title='bbox 1061 2041 1195 2083; x_wconf 80' lang='lat' dir='ltr'>tione:</span> <span class='ocrx_word' id='word_1_358' title='bbox 1229 2042 1252 2067; x_wconf 91' lang='lat'>*</span> <span class='ocrx_word' id='word_1_359' title='bbox 1287 2040 1560 2083; x_wconf 86' lang='lat' dir='ltr'>adducentur</span> <span class='ocrx_word' id='word_1_360' title='bbox 1599 2040 1643 2081; x_wconf 91' lang='lat' dir='ltr'>in</span> <span class='ocrx_word' id='word_1_361' title='bbox 1679 2038 1891 2092; x_wconf 90' lang='lat' dir='ltr'>templum</span> 
     </span>
     <span class='ocr_line' id='line_1_79' title="bbox 1062 2098 1207 2148; baseline 0 -10"><span class='ocrx_word' id='word_1_362' title='bbox 1062 2098 1207 2148; x_wconf 87' lang='lat' dir='ltr'>Regis.</span> 
     </span>
    </p>

    <p class='ocr_par' dir='ltr' id='par_1_30' title="bbox 1062 2150 1892 2319">
     <span class='ocr_line' id='line_1_80' title="bbox 1114 2150 1892 2207; baseline -0.004 -13"><span class='ocrx_word' id='word_1_363' title='bbox 1114 2154 1202 2196; x_wconf 93' lang='lat' dir='ltr'>Pro</span> <span class='ocrx_word' id='word_1_364' title='bbox 1230 2154 1429 2207; x_wconf 72' lang='lat' dir='ltr'>patribus</span> <span class='ocrx_word' id='word_1_365' title='bbox 1457 2154 1542 2195; x_wconf 90' lang='lat' dir='ltr'>tuis</span> <span class='ocrx_word' id='word_1_366' title='bbox 1568 2153 1659 2195; x_wconf 87' lang='lat' dir='ltr'>nati</span> <span class='ocrx_word' id='word_1_367' title='bbox 1686 2156 1787 2193; x_wconf 91' lang='lat' dir='ltr'>sunt</span> <span class='ocrx_word' id='word_1_368' title='bbox 1812 2150 1892 2192; x_wconf 88' lang='lat' dir='ltr'>tibi</span> 
     </span>
     <span class='ocr_line' id='line_1_81' title="bbox 1062 2209 1891 2262; baseline -0.004 -11"><span class='ocrx_word' id='word_1_369' title='bbox 1062 2210 1154 2251; x_wconf 91' lang='lat' dir='ltr'>filii:</span> <span class='ocrx_word' id='word_1_370' title='bbox 1173 2211 1196 2236; x_wconf 92' lang='lat'>*</span> <span class='ocrx_word' id='word_1_371' title='bbox 1217 2213 1456 2252; x_wconf 87' lang='lat' dir='ltr'>constitues</span> <span class='ocrx_word' id='word_1_372' title='bbox 1478 2223 1555 2251; x_wconf 92' lang='lat' dir='ltr'>eos</span> <span class='ocrx_word' id='word_1_373' title='bbox 1580 2209 1800 2262; x_wconf 90' lang='lat' dir='ltr'>principes</span> <span class='ocrx_word' id='word_1_374' title='bbox 1823 2220 1891 2248; x_wconf 91' lang='lat' dir='ltr'>su-</span> 
     </span>
     <span class='ocr_line' id='line_1_82' title="bbox 1062 2272 1546 2319; baseline -0.004 -11"><span class='ocrx_word' id='word_1_375' title='bbox 1062 2280 1142 2319; x_wconf 92' lang='lat' dir='ltr'>per</span> <span class='ocrx_word' id='word_1_376' title='bbox 1171 2280 1345 2308; x_wconf 91' lang='lat' dir='ltr'>omnem</span> <span class='ocrx_word' id='word_1_377' title='bbox 1372 2272 1546 2309; x_wconf 88' lang='lat' dir='ltr'>terram.</span> 
     </span>
    </p>

    <p class='ocr_par' dir='ltr' id='par_1_31' title="bbox 1063 2320 1891 2431">
     <span class='ocr_line' id='line_1_83' title="bbox 1115 2320 1891 2365; baseline -0.006 0"><span class='ocrx_word' id='word_1_378' title='bbox 1115 2323 1334 2365; x_wconf 90' lang='lat' dir='ltr'>Memores</span> <span class='ocrx_word' id='word_1_379' title='bbox 1356 2328 1482 2365; x_wconf 89' lang='lat' dir='ltr'>erunt</span> <span class='ocrx_word' id='word_1_380' title='bbox 1500 2321 1686 2363; x_wconf 88' lang='lat' dir='ltr'>neminis</span> <span class='ocrx_word' id='word_1_381' title='bbox 1710 2320 1788 2362; x_wconf 87' lang='lat' dir='ltr'>tui:</span> <span class='ocrx_word' id='word_1_382' title='bbox 1805 2320 1828 2346; x_wconf 91' lang='lat'>*</span> <span class='ocrx_word' id='word_1_383' title='bbox 1847 2320 1891 2360; x_wconf 93' lang='lat' dir='ltr'>in</span> 
     </span>
     <span class='ocr_line' id='line_1_84' title="bbox 1063 2377 1890 2431; baseline -0.006 -10"><span class='ocrx_word' id='word_1_384' title='bbox 1063 2380 1180 2421; x_wconf 92' lang='lat' dir='ltr'>omni</span> <span class='ocrx_word' id='word_1_385' title='bbox 1195 2380 1476 2431; x_wconf 86' lang='lat' dir='ltr'>generatiene</span> <span class='ocrx_word' id='word_1_386' title='bbox 1495 2383 1539 2420; x_wconf 86' lang='lat' dir='ltr'>et</span> <span class='ocrx_word' id='word_1_387' title='bbox 1554 2377 1890 2428; x_wconf 87' lang='lat' dir='ltr'>generatienem.</span> 
     </span>
    </p>

    <p class='ocr_par' dir='ltr' id='par_1_32' title="bbox 1062 2433 1890 2591">
     <span class='ocr_line' id='line_1_85' title="bbox 1113 2433 1890 2489; baseline -0.005 -12"><span class='ocrx_word' id='word_1_388' title='bbox 1113 2437 1357 2489; x_wconf 86' lang='lat' dir='ltr'>Propterea</span> <span class='ocrx_word' id='word_1_389' title='bbox 1384 2434 1537 2488; x_wconf 93' lang='lat' dir='ltr'>pepuli</span> <span class='ocrx_word' id='word_1_390' title='bbox 1565 2433 1890 2475; x_wconf 82' lang='lat' dir='ltr'>confitebuntur</span> 
     </span>
     <span class='ocr_line' id='line_1_86' title="bbox 1062 2489 1890 2534; baseline -0.006 0"><span class='ocrx_word' id='word_1_391' title='bbox 1062 2493 1141 2534; x_wconf 93' lang='lat' dir='ltr'>tibi</span> <span class='ocrx_word' id='word_1_392' title='bbox 1168 2493 1212 2534; x_wconf 91' lang='lat' dir='ltr'>in</span> <span class='ocrx_word' id='word_1_393' title='bbox 1240 2494 1466 2534; x_wconf 83' lang='lat' dir='ltr'>aeternum:</span> <span class='ocrx_word' id='word_1_394' title='bbox 1490 2491 1513 2515; x_wconf 90' lang='lat'>*</span> <span class='ocrx_word' id='word_1_395' title='bbox 1538 2495 1582 2532; x_wconf 92' lang='lat' dir='ltr'>et</span> <span class='ocrx_word' id='word_1_396' title='bbox 1609 2490 1652 2530; x_wconf 94' lang='lat' dir='ltr'>in</span> <span class='ocrx_word' id='word_1_397' title='bbox 1681 2489 1890 2531; x_wconf 69' lang='lat' dir='ltr'>saeculum</span> 
     </span>
     <span class='ocr_line' id='line_1_87' title="bbox 1062 2549 1222 2591; baseline -0.013 0"><span class='ocrx_word' id='word_1_398' title='bbox 1062 2549 1222 2591; x_wconf 69' lang='lat' dir='ltr'>saeculi.</span> 
     </span>
    </p>

    <p class='ocr_par' dir='ltr' id='par_1_33' title="bbox 1062 2603 1889 2760">
     <span class='ocr_line' id='line_1_88' title="bbox 1112 2603 1889 2655; baseline -0.005 -8"><span class='ocrx_word' id='word_1_399' title='bbox 1112 2607 1211 2647; x_wconf 84' lang='lat' dir='ltr'>Ant.</span> <span class='ocrx_word' id='word_1_400' title='bbox 1257 2606 1510 2647; x_wconf 90' lang='lat' dir='ltr'>Constitues</span> <span class='ocrx_word' id='word_1_401' title='bbox 1549 2615 1625 2643; x_wconf 91' lang='lat' dir='ltr'>eos</span> <span class='ocrx_word' id='word_1_402' title='bbox 1667 2603 1889 2655; x_wconf 90' lang='lat' dir='ltr'>principes</span> 
     </span>
     <span class='ocr_line' id='line_1_89' title="bbox 1062 2660 1889 2715; baseline -0.004 -12"><span class='ocrx_word' id='word_1_403' title='bbox 1062 2675 1194 2715; x_wconf 92' lang='lat' dir='ltr'>super</span> <span class='ocrx_word' id='word_1_404' title='bbox 1235 2673 1409 2702; x_wconf 91' lang='lat' dir='ltr'>omnem</span> <span class='ocrx_word' id='word_1_405' title='bbox 1449 2665 1631 2700; x_wconf 87' lang='lat' dir='ltr'>terram:</span> <span class='ocrx_word' id='word_1_406' title='bbox 1673 2660 1889 2700; x_wconf 89' lang='lat' dir='ltr'>memores</span> 
     </span>
     <span class='ocr_line' id='line_1_90' title="bbox 1063 2716 1696 2760; baseline -0.006 0"><span class='ocrx_word' id='word_1_407' title='bbox 1063 2723 1189 2760; x_wconf 92' lang='lat' dir='ltr'>erunt</span> <span class='ocrx_word' id='word_1_408' title='bbox 1207 2717 1395 2758; x_wconf 80' lang='lat' dir='ltr'>neminis</span> <span class='ocrx_word' id='word_1_409' title='bbox 1414 2716 1477 2758; x_wconf 90' lang='lat' dir='ltr'>tui</span> <span class='ocrx_word' id='word_1_410' title='bbox 1497 2716 1696 2757; x_wconf 90' lang='lat' dir='ltr'>Demine.</span> 
     </span>
    </p>
   </div>
  </div>
 </body>
</html>
