2040 2944
694 163 733 197 ln
759 164 882 197 Festis
910 164 947 196 Β.
975 164 1103 197 Murice
1131 164 1170 198 V.
1198 175 1265 208 per
1290 176 1437 200 annum.

276 258 484 300 Excelsus
523 271 653 311 super
689 271 840 300 omnes
876 259 1039 301 Gentes

224 315 451 364 Dominus,
470 315 493 339 *
521 320 564 356 et
591 327 721 367 super
741 315 877 357 coelos
901 315 1040 366 gloria

225 383 323 422 ejus.

275 427 380 477 Quis
396 427 505 468 sicut
519 427 730 469 Dominus
745 428 865 470 Deus
880 433 1038 478 noster,

225 484 297 536 qui
315 484 358 524 in
377 483 474 525 altis
493 483 669 534 habitat,
684 485 707 510 *
727 489 770 526 et
785 484 961 526 humilia
976 487 1038 525 re-

224 540 350 592 spicit
367 540 410 580 in
430 540 542 582 coelo
563 546 606 582 et
623 541 666 581 in
685 539 825 582 terra?

273 597 495 638 suscitans
526 610 551 638 a
581 602 698 639 terra
729 600 920 650 inopem,
945 598 968 623 *
996 602 1040 639 et

223 652 276 695 de
296 655 489 695 stercore
509 654 678 705 erigens
696 657 949 707 pauperem:

275 709 334 751 Ut
362 710 548 752 collocet
576 723 675 752 eum
707 723 806 752 cum
838 711 1039 763 principi-

221 765 317 817 bus,
337 766 360 792 *
389 779 486 808 cum
505 766 775 820 principibus
794 767 945 820 populi
964 767 1040 808 sui.

273 822 356 872 Qui
374 822 570 865 habitare
586 823 688 865 facit
703 823 894 864 sterilem
907 824 950 864 in
966 823 1039 865 do-

221 891 304 928 mo,
324 880 347 904 *
374 884 556 921 matrem
574 879 762 921 filiorum
779 880 1009 921 laetantem.

272 938 370 977 Ant.
400 938 533 978 Laeva
556 937 645 988 ejus
669 936 749 978 sub
769 937 911 989 capite
930 949 1041 986 meo,

222 996 265 1033 et
285 991 464 1034 dextera
486 993 599 1034 illius
624 992 943 1046 amplexabitur
961 1005 1041 1034 me.

272 1050 369 1091 Ant.
398 1049 533 1100 Nigra
562 1062 673 1099 sum,
692 1050 715 1074 *
734 1049 813 1090 sed
841 1049 1040 1099 formosa,

222 1104 323 1147 fssiae
359 1106 612 1148 Jerusalem:
649 1105 749 1147 ideo
787 1105 939 1147 dilexit
971 1119 1041 1147 me

222 1162 334 1212 Rex,
363 1167 406 1204 et
434 1162 676 1204 introduxit
703 1175 772 1203 me
799 1162 844 1203 in
871 1162 1041 1204 cubicu-

222 1217 312 1259 lum
331 1232 465 1260 suum.

483 1274 679 1313 Psalmus
701 1275 775 1313 121.

286 1334 442 1373 aetatus
475 1345 570 1373 sum
599 1333 643 1372 in
670 1332 753 1382 his,
797 1345 896 1384 quae
924 1332 1043 1374 dieta

308 1393 408 1430 sunt
431 1388 551 1429 mihi:
570 1389 593 1414 *
608 1389 651 1429 in
671 1388 848 1429 domum
864 1389 1042 1430 Domini

222 1443 391 1486 ibimus.

274 1500 447 1542 Stantes
475 1505 598 1542 erant
622 1500 760 1554 pedes
787 1501 938 1551 nostri,
957 1501 1043 1542 *in

223 1557 343 1598 atriis
363 1557 449 1598 tuis
468 1557 719 1599 Jerusalem.

275 1613 527 1664 Jerusalem,
546 1626 643 1666 quae
661 1614 902 1656 aedificetur
918 1618 968 1656 ut
986 1616 1041 1656 ci-

224 1669 349 1711 vitas:
374 1670 398 1695 *
427 1670 546 1721 cujus
573 1671 851 1723 participatio
881 1671 971 1723 ejus
998 1670 1042 1711 in

223 1725 423 1778 idipsum.

274 1782 384 1823 Illuc
419 1783 532 1824 enim
566 1783 856 1824 ascenderunt
889 1782 1042 1833 tribus,

223 1838 363 1880 tribus
419 1839 615 1880 Domini:
668 1840 692 1865 *
745 1840 1043 1881 testimonium

224 1895 360 1935 Israel
381 1894 438 1937 ad
462 1895 756 1937 confitendum
774 1896 938 1937 nomini
956 1896 1043 1937 Do-

224 1963 337 1991 m1n1.

279 2007 389 2057 Quia
416 2007 506 2049 illic
534 2007 741 2050 sederunt
768 2009 896 2051 sedes
919 2009 965 2050 in
986 2010 1043 2061 ju-

226 2061 352 2113 dicio,
367 2064 390 2089 *
405 2064 532 2106 sedes
550 2078 680 2118 super
696 2065 874 2107 domum
888 2065 1043 2107 David.

276 2120 448 2172 Rogate
476 2134 574 2173 quae
602 2121 659 2163 ad
681 2135 836 2174 pacem
857 2126 957 2164 sunt
977 2122 1001 2162 J
1004 2135 1042 2163 e-

227 2176 428 2274 &salem
442 2177 466 2203 *
484 2182 526 2218 et
545 2177 810 2220 abundantia
830 2177 1043 2230 diligenti-

257 2245 308 2274 uS
326 2238 386 2274 te:

276 2288 374 2330 Fiat
401 2303 489 2342 pax
508 2290 552 2330 in
571 2291 732 2333 virtute
750 2295 839 2332 tua:
858 2291 881 2317 *
903 2296 946 2332 et
971 2291 1043 2332 ab·

227 2344 435 2386 undantia
454 2346 497 2386 in
518 2346 710 2388 turribus
728 2348 827 2389 tuis.

279 2400 466 2454 Propter
485 2403 640 2445 fratres
663 2417 803 2454 meos,
832 2409 875 2446 et
900 2404 1043 2456 proxi-

227 2468 324 2496 mos
338 2470 471 2507 meos,
485 2459 507 2483 *
522 2459 734 2511 loquebar
748 2473 902 2513 pacem
917 2460 971 2502 de
986 2465 1044 2501 te:

279 2512 464 2564 Propter
486 2514 664 2556 domum
677 2517 854 2557 Domini
868 2516 952 2558 Dei
970 2529 1043 2557 no-

230 2567 319 2618 stri,
338 2568 362 2594 *
380 2571 562 2620 quaesivi
579 2571 695 2613 bona
713 2572 805 2614 tibi.

285 2627 381 2667 Ant.
421 2626 556 2677 Nigra
587 2640 698 2677 sum,
736 2628 814 2670 sed
844 2628 1044 2678 formosa,

229 2682 331 2724 fssiae
362 2682 615 2724 Jerusalem:
650 2683 750 2726 ideo
789 2684 940 2726 dilexit
975 2698 1045 2727 me

1091 260 1202 310 Rex,
1235 265 1277 302 et
1304 261 1547 303 introduxit
1573 275 1642 304 me
1667 262 1711 302 in
1738 262 1908 305 cubicu-

1090 316 1181 357 lum
1199 329 1334 357 suum.

1148 376 1246 415 Ant.
1283 375 1378 414 Jam
1405 373 1544 415 hiems
1569 375 1754 416 trausiit:
1783 376 1807 401 *
1835 375 1909 416 im·

1091 429 1169 470 ber
1189 430 1312 479 abiit,
1340 435 1383 471 et
1402 431 1596 472 recessit:
1621 444 1748 482 surge
1772 434 1911 473 amica

1091 499 1198 535 mea,
1220 491 1263 527 et
1281 487 1390 527 veni.

1347 544 1545 585 Psalmus
1568 546 1652 585 126.

1186 598 1238 638 isi
1269 599 1484 640 Dominus
1520 599 1803 643 aedificaverit
1836 600 1911 643 do-

1206 668 1340 705 mum,
1374 655 1398 681 *
1432 656 1476 696 in
1503 669 1662 697 vanum
1690 656 1911 699 laborave-

1091 715 1191 751 runt
1212 711 1286 762 qui
1305 711 1523 754 aedificant
1543 725 1649 754 eam.

1142 767 1239 808 Nisi
1253 768 1467 810 Dominus
1487 769 1745 812 custodierit
1765 769 1912 812 civita-

1092 827 1192 873 tem,
1210 824 1233 849 *
1251 823 1412 866 frustra
1439 825 1590 877 vigilat
1618 826 1692 878 qui
1719 825 1914 868 custodit

1094 892 1199 921 eam.

1144 936 1319 978 Vanum
1361 942 1428 979 est
1463 938 1590 980 vobis
1632 943 1733 980 ante
1771 938 1915 980 lucem

1095 996 1288 1045 surgere:
1306 994 1330 1020 *
1348 995 1514 1046 surgite
1536 1000 1771 1048 postquam
1793 994 1914 1037 sede-

1093 1050 1208 1146 ritis,
1251 1050 1326 1102 qui
1352 1050 1627 1093 manducatis
1653 1065 1812 1105 panem
1839 1051 1914 1094 do·

1111 1119 1210 1147 ons.

1146 1162 1254 1203 Cum
1291 1163 1462 1205 dederit
1503 1163 1674 1206 dilectis
1715 1164 1806 1205 suis
1848 1176 1915 1206 so-

1094 1232 1257 1260 mnum:
1284 1220 1308 1246 *
1337 1233 1439 1262 ecce
1471 1220 1706 1263 haereditas
1737 1220 1916 1262 Domini

1094 1275 1187 1316 filii:
1205 1289 1385 1327 merces,
1406 1277 1572 1319 fructus
1591 1277 1771 1319 ventris.

1145 1332 1266 1374 Sicut
1291 1335 1463 1385 sagittae
1489 1334 1533 1374 in
1553 1347 1683 1375 manu
1706 1332 1916 1387 potentis:

1094 1388 1117 1414 *
1137 1388 1198 1429 ita
1216 1388 1295 1430 filii
1314 1391 1609 1431 excussorum.

1145 1445 1310 1486 Beatus
1335 1446 1402 1487 vir
1427 1446 1501 1498 qui
1524 1446 1722 1499 implevit
1747 1445 1916 1488 deside-

1094 1501 1206 1542 rium
1226 1515 1353 1543 suum
1372 1515 1426 1544 ex
1443 1502 1568 1555 ipsis:
1588 1502 1612 1529 *
1629 1515 1718 1544 non
1741 1502 1916 1544 confun-

1096 1557 1222 1599 detur
1257 1571 1357 1600 cum
1382 1558 1586 1612 loquetur
1612 1559 1798 1601 inimicis
1826 1558 1916 1601 suis

1094 1614 1138 1655 in
1155 1619 1296 1667 porta.

1150 1671 1247 1711 Ant.
1276 1671 1371 1712 Jam
1398 1670 1538 1713 hiems
1564 1671 1751 1714 transiit:
1777 1671 1918 1714 imber

1095 1726 1213 1776 abiit,
1232 1732 1275 1769 et
1292 1728 1488 1770 recessit:
1505 1740 1634 1780 surge
1653 1731 1792 1770 amica
1809 1741 1917 1780 mea,

1096 1788 1139 1825 et
1157 1784 1267 1825 veni.

1149 1841 1246 1882 Ant.
1274 1841 1483 1894 Speciosa
1500 1842 1524 1868 *
1544 1842 1659 1884 facta
1683 1855 1730 1884 es
1756 1845 1799 1884 et
1823 1842 1917 1883 sue-

1095 1897 1160 1938 vis
1180 1897 1224 1938 in
1243 1897 1411 1940 deliciis
1434 1898 1536 1948 tuiS‚
1563 1903 1713 1940 sancta
1731 1898 1816 1940 Dei
1834 1897 1917 1940 Ge-

1095 1954 1236 1995 nitrix.

1359 2005 1556 2047 Psalmus
1576 2007 1662 2046 147.

1099 2060 1280 2165 Lauda
1323 2067 1565 2110 Jerusalem
1607 2067 1857 2109 Dominum:
1893 2067 1917 2093 *

1180 2124 1204 2150 *
1222 2123 1353 2165 lauda
1370 2124 1513 2166 Deum
1531 2129 1654 2166 tuum
1671 2124 1785 2166 Sion.

1149 2181 1364 2230 Quoniam
1388 2180 1650 2222 confortevit
1674 2192 1794 2222 seras
1817 2192 1916 2233 por-

1094 2239 1238 2277 tarum
1272 2238 1459 2278 tuarum:
1494 2237 1518 2263 *
1553 2235 1775 2279 benedixit
1818 2235 1917 2277 filiis

1094 2293 1179 2334 tuis
1198 2293 1241 2333 in
1259 2297 1314 2334 te.

1147 2349 1230 2399 Qui
1257 2349 1404 2402 posuit
1430 2349 1538 2391 fines
1565 2353 1665 2390 tuos
1692 2361 1866 2401 pacem:
1893 2350 1916 2375 *

1096 2410 1139 2447 et
1166 2405 1295 2459 adipe
1323 2406 1526 2447 frumenti
1552 2405 1681 2446 satiat
1707 2410 1762 2447 te.

1147 2462 1230 2512 Qui
1257 2462 1414 2503 emittit
1440 2461 1659 2513 eloquium
1687 2474 1813 2502 suum
1834 2466 1915 2503 ter·

1096 2531 1170 2559 rae:
1198 2519 1222 2543 *
1248 2518 1456 2560 velociter
1484 2518 1616 2558 currit
1644 2530 1788 2559 sermo
1816 2518 1916 2570 ejus.

1148 2575 1230 2625 Qui
1267 2573 1342 2615 dat
1375 2574 1519 2615 nivem
1555 2574 1666 2614 sicut
1701 2573 1859 2615 lanam:
1892 2574 1915 2600 *

1096 2630 1297 2672 nebulam
1325 2630 1435 2671 sicut
1463 2631 1651 2679 cinerem
1679 2630 1856 2683 spargit.

1146 2686 1278 2728 Mittit
1292 2685 1543 2737 crystallum
1559 2699 1681 2728 suam
1692 2687 1804 2728 sicut
1812 2686 1913 2728 buc·
