2040 2944
599 169 671 203 Die
694 169 754 204 20.
780 169 859 204 Oct.
907 169 942 204 S.
965 169 1130 203 Joannis
1156 168 1283 203 Cantii
1309 168 1416 201 Conf.

150 264 295 317 ipsum
334 261 478 304 adhuc
514 262 736 304 viventem
771 261 980 302 Sanctum

151 319 375 372 appellare
394 318 632 360 consuevit.

205 377 257 429 R.
283 375 532 416 Honestum
558 374 663 416 fecit
685 373 809 415 illum
831 373 980 415 Demi-

151 445 247 482 nus,
267 436 311 474 et
330 431 571 473 custodivit
589 444 690 473 eum
706 430 761 472 ab
781 430 979 480 inimicis,

151 493 196 530 et
224 501 250 529 a
278 488 586 530 seductoribus
608 487 769 529 tutavit
796 487 932 528 illum:
957 491 980 516 *

151 545 208 587 Et
236 544 359 586 dedit
391 545 454 586 illi
485 545 731 586 claritatem
761 545 980 585 aeternam.

153 599 204 652 V.
229 602 404 642 Justum
438 601 622 643 deduxit
648 600 866 642 Dominus
899 613 979 652 per

152 658 246 699 vias
266 662 421 708 rectas,
442 662 485 699 et
505 657 699 699 ostendit
717 656 780 698 illi
799 669 978 708 regnum

152 715 246 756 Dei.
279 714 336 756 Et
356 714 488 756 dedit.

463 773 613 815 Lectio
635 787 671 813 v.

153 824 452 932 Principum
477 826 706 878 obsequia,
739 826 814 878 qui
835 825 980 878 ipsum

251 883 372 925 velut
413 883 641 924 oraculum
677 881 980 931 consulebant,

153 953 321 981 summa
348 939 594 981 humilitate
624 939 867 987 declinans,
902 938 980 979 Ca-

151 996 247 1038 rolo
281 996 433 1048 quinto
465 996 724 1049 imperateri
756 1008 781 1037 a
813 995 979 1037 confes-

152 1052 347 1094 sionibus
380 1065 478 1094 esse
506 1052 737 1094 recusavit.
790 1052 980 1104 Pauper-

151 1109 254 1151 tatis
282 1108 573 1160 rigidissimus
602 1114 769 1159 custos,
801 1121 887 1150 una
915 1111 980 1150 tu—

151 1166 259 1215 nica,
280 1178 366 1218 qua
382 1166 500 1207 nulla
520 1165 714 1208 deterior
733 1170 860 1215 esset,
881 1177 981 1207 con-

151 1223 298 1264 tentus
332 1227 435 1264 erat.
476 1222 718 1278 Puritatem
744 1222 807 1263 ita
835 1221 981 1271 coluit,

152 1283 200 1320 ut
219 1291 245 1320 a
263 1279 412 1330 fratre,
436 1279 481 1320 in
506 1280 703 1321 extremo
721 1278 878 1321 morbo
899 1278 982 1320 sibi

152 1335 434 1384 inserviente,
478 1347 561 1377 nec
603 1335 759 1377 leviter
804 1335 982 1387 quidem

151 1392 271 1442 tangi
312 1404 470 1445 passus
511 1392 579 1434 sit.
642 1391 814 1444 Corpus
855 1405 982 1433 suum

151 1449 377 1501 perpetuis
397 1449 566 1500 vigiliis,
587 1448 766 1501 jejuniis,
785 1448 981 1499 flagellis,

152 1504 330 1555 frigore,
361 1505 576 1555 nuditate,
611 1511 743 1558 atque
768 1506 887 1547 omni
911 1508 981 1556 ge-

151 1574 255 1603 nere
267 1562 555 1614 asperitatum
564 1562 608 1603 in
624 1563 880 1604 servitutem
895 1562 983 1604 red-

153 1618 255 1668 egit,
284 1631 383 1659 cum
409 1631 496 1670 quo
523 1623 704 1671 pactum
730 1619 901 1669 inierat,
927 1631 982 1660 ne

152 1674 286 1716 ullam
316 1674 360 1715 in
391 1673 478 1716 hoc
511 1675 675 1716 saeculo
710 1675 750 1717 ei
785 1675 982 1727 requiem

153 1730 385 1782 praeberet.
423 1731 592 1773 Caritas
616 1731 701 1774 Dei
726 1736 770 1774 et
792 1732 983 1784 proximi

152 1786 197 1827 in
215 1787 306 1838 ejus
325 1787 460 1830 corde
481 1787 642 1829 diffusa
658 1792 828 1830 tantum
848 1801 980 1841 quan-

154 1841 301 1895 doque
330 1844 552 1887 excitabat
579 1843 844 1896 incendium,
882 1849 930 1887 ut
959 1858 982 1887 e

154 1899 277 1941 cellae
312 1901 525 1952 angustiis
556 1901 600 1942 in
635 1903 837 1954 apertum
868 1914 981 1943 cam-

153 1969 259 2008 pum
280 1957 500 2009 prosilire,
527 1959 730 2010 aerisque
755 1958 982 2010 refrigerio

154 2015 417 2066 conceptum
470 2013 675 2056 arderem
732 2017 982 2067 temperare

153 2071 395 2121 cogeretur.

206 2128 257 2181 R.
282 2126 460 2169 Amavit
481 2140 581 2169 eum
598 2127 833 2179 DeminuS,
853 2133 897 2171 et
916 2142 981 2171 or-

153 2182 274 2224 navit
306 2195 421 2225 eum:
460 2183 621 2226 stolam
656 2183 809 2236 gloriae
841 2185 983 2228 induit

154 2250 263 2290 eum,
280 2242 303 2265 *
320 2239 378 2282 Et
397 2239 455 2282 ad
505 2245 626 2283 ortas
644 2241 839 2294 paradisi
857 2254 981 2284 coro-

153 2296 274 2337 navit
301 2309 412 2339 eum.
497 2330 504 2338 .
529 2297 678 2340 Induit
705 2310 805 2340 eum
831 2298 981 2340 Demi-

152 2364 234 2393 nus
256 2352 439 2395 loricam
462 2353 582 2406 fidei,
608 2359 652 2397 et
676 2354 848 2397 ornavit
873 2367 982 2397 eum.

156 2407 213 2450 Et
231 2408 288 2451 ad
305 2415 469 2462 portas.

458 2465 610 2507 Lectio
629 2465 682 2506 vi.

237 2522 348 2564 ratia
380 2524 763 2576 contemplationis
797 2523 982 2566 admira·

254 2577 353 2619 bilis
377 2579 421 2620 in
448 2593 500 2621 eo
526 2581 622 2630 fuit,
650 2593 735 2632 qua
761 2593 860 2622 cum
879 2583 982 2621 assi-

156 2633 241 2675 due
265 2635 445 2686 spiritus
466 2637 736 2686 reficeretur,
765 2635 984 2679 interdum

155 2689 333 2740 accidit,
364 2696 412 2734 ut
439 2691 494 2734 ab
522 2693 642 2735 omni
669 2693 768 2736 cibo
803 2698 846 2735 et
873 2698 984 2745 potu

1797 161 1863 197 379

1030 259 1232 313 pluribus
1278 259 1434 301 diebus
1480 258 1752 301 abstinuerit.
1813 258 1864 298 In

1032 318 1135 357 aera
1154 316 1407 368 frequenter
1426 315 1637 365 sublatus,
1656 315 1767 356 miro
1787 315 1864 356 ful-

1031 374 1139 424 gere
1159 374 1392 414 coruscare
1413 372 1533 413 visus
1554 376 1633 413 est.
1661 371 1864 425 Rapidos

1032 429 1192 470 fluvios
1211 429 1328 470 sicco
1348 427 1463 481 pede
1478 428 1658 480 trajecit.
1687 428 1865 469 Fratres

1031 486 1076 526 in
1095 487 1292 527 extrema
1309 486 1506 538 penuria,
1527 485 1700 527 co'elitus
1719 485 1865 527 delata

1032 542 1237 583 alimonia
1257 541 1432 584 cibavit.
1466 541 1659 583 Baculus
1684 541 1739 583 ab
1766 542 1864 594 ipso

1031 604 1163 640 terrae
1190 598 1380 649 defixus,
1408 611 1512 639 mox
1537 598 1582 638 in
1609 597 1795 639 viridem
1819 598 1865 638 fi-

1033 655 1233 697 culneam
1258 655 1463 696 excrevit.
1502 654 1612 695 Cum
1630 659 1765 696 noctu
1784 654 1867 695 iter

1033 714 1202 763 ageret,
1234 711 1372 753 densa
1396 711 1495 752 nive
1521 710 1723 761 cadente,
1752 709 1866 752 diru-

1032 774 1123 810 tam
1157 768 1338 810 domum
1370 768 1462 809 sine
1493 772 1613 809 tecto
1642 767 1866 818 ingressus

1034 830 1114 874 est,
1142 827 1269 877 eique
1289 825 1364 865 nix
1383 824 1427 865 in
1449 827 1550 866 aere
1569 823 1763 876 pendula
1782 836 1866 876 pro

1033 886 1152 924 tecto
1177 881 1275 932 fuit,
1302 894 1358 923 ne
1385 881 1501 922 illius
1528 881 1657 933 cepia
1684 879 1866 921 suffoca-

1035 940 1166 979 retur.
1199 938 1331 980 Dono
1356 938 1604 991 prophetiae
1631 950 1682 978 ac
1707 937 1865 978 discre-

1035 995 1166 1036 tionis
1208 995 1441 1047 spirituum
1481 994 1697 1036 imbutum
1734 993 1867 1035 fuisse

1035 1056 1187 1093 sancta
1215 1051 1398 1092 Teresia
1425 1053 1624 1093 testatur.
1666 1050 1867 1102 Denique

1035 1121 1196 1149 annum
1242 1120 1375 1159 agens
1421 1107 1743 1159 sexagesimum
1783 1108 1866 1148 ter—

1035 1165 1155 1215 tium,
1173 1163 1284 1206 hora
1305 1177 1390 1216 qua
1408 1163 1687 1217 praedixerat,
1712 1163 1867 1213 migra-

1036 1221 1098 1263 vit
1122 1219 1179 1263 ad
1197 1220 1451 1271 Dominum,
1477 1219 1668 1262 mirabili
1687 1220 1867 1269 visione,

1036 1281 1378 1330 sanctorumque
1397 1277 1632 1331 praesentia
1649 1277 1866 1318 conforta-

1034 1340 1116 1376 tus.
1145 1335 1286 1385 Quem
1306 1333 1465 1376 eedem
1483 1335 1708 1375 momento
1723 1333 1766 1373 in
1783 1345 1867 1374 coe—

1034 1391 1125 1432 lum
1147 1391 1250 1432 ferri
1270 1391 1402 1433 beata
1421 1391 1603 1432 Teresia
1625 1390 1782 1443 procul
1807 1388 1868 1431 di-

1035 1453 1156 1490 stans
1188 1446 1313 1498 vidit;
1350 1447 1420 1488 cuj
1455 1449 1614 1500 pestea
1646 1448 1867 1500 apparens

1035 1504 1159 1546 dixit:
1180 1504 1217 1546 Ο
1238 1504 1342 1546 felix
1360 1504 1636 1556 poenitentia,
1658 1516 1757 1556 quae
1776 1508 1866 1545 tan-

1033 1566 1124 1603 tam
1140 1561 1247 1602 mihi
1269 1561 1512 1613 promeruit
1532 1560 1733 1612 gleriam!
1758 1560 1868 1601 Post

1034 1623 1223 1660 mortem
1259 1629 1365 1659 vero
1407 1617 1608 1670 plurimis
1646 1616 1867 1658 miraculis

1036 1674 1208 1724 claruit,
1241 1679 1285 1716 et
1317 1686 1343 1714 a
1371 1673 1597 1716 Clemente
1624 1686 1743 1715 nono
1772 1685 1866 1714 san-

1035 1733 1206 1773 ctorum
1224 1733 1408 1772 numero
1428 1730 1680 1783 adscriptus
1700 1734 1778 1772 est.

1088 1790 1138 1841 R.
1164 1788 1254 1829 Iste
1274 1786 1420 1828 homo.
1439 1787 1519 1840 [72]

1087 1854 1131 1887 In
1152 1852 1216 1887 III.
1238 1852 1439 1887 Nocturno
1464 1852 1638 1887 Homilia
1660 1854 1698 1887 in
1721 1853 1865 1897 Evang.

1038 1901 1165 1937 Nolite
1202 1900 1347 1936 timere.
1391 1901 1439 1935 de
1484 1901 1620 1935 eodem
1663 1902 1867 1937 Communi

1034 1950 1064 1984 2.
1088 1950 1187 1984 loco.
1211 1948 1283 1992 [79]

1089 1997 1277 2040 Vesperae
1317 2007 1339 2031 a
1379 1996 1503 2041 Capit.
1547 1998 1594 2032 de
1635 2008 1741 2041 sequ.
1782 2008 1867 2032 cum

1036 2055 1232 2081 commem.
1256 2044 1421 2087 praeced.

1245 2124 1329 2166 Die
1349 2125 1421 2165 20.
1441 2123 1658 2165 Octobris.

1069 2189 1112 2230 S.
1131 2189 1162 2231 J
1165 2188 1343 2231 oannis
1362 2186 1525 2229 cantii
1547 2185 1832 2226 Confessoris.

1090 2296 1228 2332 Omnia
1260 2295 1307 2330 de
1340 2243 1622 2331 Clgfficxdonf·
1655 2305 1733 2330 non
1758 2294 1866 2329 Pont.

1035 2345 1104 2389 [67]
1129 2347 1271 2388 praeter
1295 2353 1401 2387 sequ.

1245 2409 1306 2449 In
1332 2408 1368 2449 Ι.
1397 2407 1651 2458 vesperis.

1143 2466 1403 2520 Capitulum.
1553 2466 1687 2508 Eccli.
1706 2467 1764 2507 31.

1049 2544 1056 2573 ι
1149 2526 1273 2565 catus
1287 2523 1366 2572 vir,
1386 2522 1461 2574 qui
1474 2522 1676 2564 inventus
1691 2525 1759 2563 est
1772 2521 1864 2562 sine

1049 2574 1141 2639 {eff
1165 2579 1356 2621 macula:
1393 2583 1437 2620 et
1471 2579 1544 2631 qui
1575 2583 1680 2631 post
1712 2589 1865 2618 aurum

1042 2634 1142 2662 L
1173 2649 1262 2678 non
1281 2635 1398 2685 abiit,
1416 2647 1499 2677 nec
1515 2635 1711 2688 speravit
1728 2634 1771 2674 in
1789 2645 1863 2685 pe-

1037 2694 1163 2735 cunia
1183 2698 1227 2735 et
1245 2692 1472 2734 thesauris.
1505 2692 1613 2742 Quis
1633 2695 1700 2733 est
1718 2689 1799 2739 hic,
1820 2693 1864 2730 et
