2040 2944
871 193 932 226 Ad
953 193 1114 227 Nonam.
1804 194 1848 229 39

195 290 509 332 Misericordiae
538 295 626 331 tuae
654 290 802 331 multae
822 290 970 330 Demi-

142 360 212 389 ne:
230 347 253 373 *
279 346 519 388 secundum
541 345 747 398 judicium
765 351 888 388 tuum
911 346 970 386 vi-

143 404 272 445 vifica
300 416 381 445 me.

195 460 321 502 Multi
355 460 428 512 qui
454 462 777 512 persequuntur
806 472 893 509 me,
928 464 971 500 et

142 516 353 558 tribulant
379 529 465 558 me:
493 516 516 542 *
545 529 571 557 a
597 516 858 557 testimeniis
885 516 970 556 tuis

142 585 231 615 non
260 572 485 614 declinavi.

195 629 300 671 Vidi
326 629 679 682 praevaricantes
708 633 751 670 et
776 628 970 670 tabesce-

142 685 259 727 bam:
287 686 310 711 *
344 685 445 738 quia
473 685 647 738 elequia
677 690 752 726 tua
784 698 872 726 non
901 698 970 726 cu-

144 742 399 784 stodierunt.

195 798 310 840 Vide
341 798 546 851 queniam
573 797 780 839 mandata
807 803 883 839 tua
911 797 970 839 di-

142 855 229 896 lexi
250 855 452 896 Domine:
471 856 494 880 *
514 855 557 895 in
575 854 877 896 misericerdia
897 859 971 895 tua

143 911 316 952 vivifica
343 924 424 953 me.

194 968 463 1021 Principium
508 967 745 1009 verberum
786 970 970 1017 1110111111,

143 1025 320 1066 veritas:
339 1025 362 1050 *
382 1025 425 1065 in
454 1026 666 1066 aeternum
696 1025 840 1066 01111113
867 1025 970 1076 judi-

144 1081 211 1122 cia
238 1081 413 1133 justitiae
441 1086 540 1122 tuae.

228 1194 418 1246 rincipes
436 1194 659 1246 persecuti
679 1198 780 1234 sunt
793 1206 863 1234 me
878 1206 972 1244 gra-

263 1250 334 1291 tis:
362 1250 386 1275 *
415 1255 458 1291 et
486 1263 512 1291 a
539 1249 686 1292 verbis
714 1250 800 1291 tuis
828 1250 972 1291 formi-

147 1305 268 1347 davit
295 1319 372 1347 cor
399 1319 555 1348 meum.

197 1362 404 1404 Laetabor
427 1376 509 1414 ego
533 1376 664 1416 super
689 1363 862 1415 elequia
885 1368 973 1404 tua:

145 1420 170 1447 *
198 1419 310 1461 sicut
338 1420 411 1472 qui
438 1420 602 1460 invenit
630 1419 771 1472 spelia
797 1419 944 1460 multa.

197 1476 480 1528 Iniquitatem
513 1475 615 1517 edio
650 1476 798 1526 habui,
827 1481 871 1517 et
903 1476 974 1517 ab—

147 1537 365 1578 ominatus
382 1550 491 1578 sum:
502 1538 525 1562 *
537 1537 679 1588 legem
695 1542 840 1578 autem
855 1542 975 1578 tuam

149 1593 230 1634 ὂψ
252 1594 292 1634 λ1.

237 1650 370 1703 431165
398 1651 441 1691 111
469 1650 539 1692 die
565 1649 740 1692 laudem
769 1649 858 1691 dixi
885 1650 974 1700 tibi,

227 1719 332 1759 uper
359 1707 517 1759 judicia
543 1707 718 1759 justitiae
746 1711 845 1748 tuae.

200 1763 292 1804 Pax
332 1763 469 1804 multa
515 1763 793 1814 diligentibus
833 1763 975 1813 legem

185 1832 282 1860 iam:
303 1820 326 1845 *
349 1824 393 1861 et
412 1832 500 1861 non
522 1824 588 1861 est
604 1819 687 1860 illis
710 1819 974 1860 scandalum.

199 1876 525 1928 Exspectabam
545 1876 735 1917 salutare
750 1881 873 1917 tuum
887 1876 974 1916 De-

149 1932 278 1974 mine:
305 1933 328 1958 *
357 1937 401 1974 et
427 1932 633 1974 mandata
661 1938 736 1974 tua
764 1932 906 1973 dilexi.

201 1988 447 2030 Custodivit
479 1989 622 2030 anima
653 2001 751 2030 mea
783 1989 975 2030 testime-

147 2045 220 2086 nia
238 2050 326 2087 tua:
341 2046 364 2071 *
380 2050 424 2087 61
445 2045 595 2087 dilexit
615 2058 666 2086 ea
685 2044 974 2086 vehementer.

201 2102 382 2143 Servavi
414 2101 622 2143 mandata
654 2106 744 2151 tua,
781 2106 824 2143 et
858 2102 974 2143 testi-

148 2158 295 2200 monia
314 2163 403 2200 tua:
417 2159 441 2184 *
457 2158 558 2211 quia
579 2171 731 2200 omnes
757 2158 839 2199 viae
863 2170 974 2199 meae

149 2215 194 2255 in
221 2216 461 2267 conspectu
487 2219 575 2256 tuo.

201 2270 543 2324 Appropinquet
586 2270 838 2323 deprecatio
879 2282 977 2311 mea

149 2327 194 2367 in
221 2328 461 2380 conspectu
488 2331 564 2368 tuo
592 2326 794 2368 Demine:
815 2326 976 2377 *juxta

151 2382 372 2436 elequium
382 2388 505 2424 tuum
516 2381 572 2424 da
582 2381 687 2422 mihi
698 2382 975 2423 intellectum.

201 2440 341 2480 Intret
380 2438 618 2492 postulatio
655 2451 754 2479 mea
793 2438 836 2478 in
877 2450 975 2479 6011-

151 2497 305 2548 spectu
332 2501 423 2537 tuo:
442 2497 465 2521 *
487 2494 727 2536 secundum
756 2494 976 2546 elequium

150 2556 273 2593 tuum
303 2553 422 2605 eripe
448 2565 530 2593 me.

203 2608 476 2650 Eructabunt
501 2607 617 2650 labia
642 2619 739 2648 mea
757 2606 975 2658 hymnum,

151 2664 175 2690 *
203 2677 303 2705 cum
331 2664 533 2706 docueris
557 2677 626 2705 me
650 2662 976 2715 justificatienes

120 2744 122 2746 -
152 2724 260 2761 tuas.

1074 289 1378 331 Pronuntiabit
1403 289 1548 340 lingua
1568 302 1666 330 mea
1686 288 1847 340 6100111-

1023 359 1096 386 11111
1123 351 1262 387 11111111;
1289 346 1311 371 *
1342 346 1442 398 quia
1471 346 1615 387 01111113
1643 344 1849 386 mandata

1022 406 1098 443 tua
1126 403 1320 455 aequitas.

1074 459 1172 500 Fiat
1199 472 1352 500 manus
1379 464 1454 500 tua
1482 464 1529 500 ut
1551 458 1689 499 salvet
1716 471 1800 499 me:
1824 458 1847 483 *
1892 490 1894 493 ,

1025 516 1230 567 queniam
1257 515 1462 556 mandata
1489 520 1564 556 tua
1592 515 1712 565 elegi.

1077 572 1317 624 Concupivi
1340 571 1529 612 salutare
1555 576 1676 612 tuum
1700 570 1847 611 Demi-

1023 641 1092 669 ne:
1113 629 1136 653 ¹⁰¹
1155 633 1198 670 et
1221 628 1292 669 lex
1310 633 1385 669 tua
1403 627 1628 668 meditatio
1648 640 1746 668 mea
1770 632 1847 668 est.

1075 685 1207 726 Vivet
1228 685 1370 725 anima
1385 696 1493 733 mea,
1514 688 1556 724 et
1576 683 1771 724 laudabit
1790 688 1847 724 te:

1023 741 1046 766 *
1075 746 1118 782 61
1146 740 1303 793 judicia
1330 746 1404 782 tua
1432 739 1697 791 adjuvabunt
1723 752 1804 780 me.

1075 798 1240 847 Erravi,
1270 798 1381 838 sicut
1403 797 1508 845 ovis,
1538 809 1635 848 quae
1661 796 1805 848 periit:
1824 796 1846 821 *

1025 867 1172 906 quaere
1189 867 1363 895 servum
1378 858 1511 902 tuum,
1529 853 1629 905 quia
1642 851 1848 893 mandata

1023 916 1098 951 tua
1125 923 1212 952 non
1241 924 1337 951 sum
1366 909 1538 951 oblitus.

1074 974 1172 1014 Ant.
1204 971 1398 1022 Alleluia,
1427 969 1607 1021 alleluja,
1637 969 1816 1019 alleluja.

1135 1058 1392 1111 Capitulum.
1476 1058 1502 1096 1.
1524 1057 1619 1097 Cor.
1642 1058 1677 1095 6.
1699 1055 1735 1095 d.

1111 1124 1220 1177 mpti
1240 1125 1354 1165 enim
1382 1125 1485 1166 estis
1513 1126 1654 1178 pretio
1678 1138 1847 1175 magno.

1121 1181 1375 1222 Glorificate
1395 1187 1437 1222 et
1454 1184 1629 1234 portate
1642 1182 1785 1223 Deum
1804 1182 1847 1221 in

1026 1239 1214 1289 cerpore
1237 1243 1397 1279 vestro.

1076 1302 1126 1353 Rv.
1162 1301 1224 1342 br.
1273 1298 1467 1339 Clamavi
1503 1299 1546 1339 in
1582 1303 1677 1339 toto
1716 1298 1848 1340 corde

1026 1358 1187 1404 11160,’*
1221 1354 1391 1396 Exaudi
1424 1368 1493 1396 me
1521 1355 1718 1396 Demine.
1757 1355 1848 1396 Cla-

1026 1412 1152 1452 1113171.
1192 1408 1242 1460 V.
1279 1412 1618 1453 Justificatienes
1655 1417 1752 1452 tuas
1787 1424 1849 1452 re-

1029 1471 1208 1520 quiram.
1237 1468 1417 1509 Exaudi.
1442 1468 1602 1509 Gleria.
1630 1468 1832 1509 Clamavi.

1075 1528 1126 1579 Y.
1157 1533 1227 1575 Ab
1255 1533 1438 1575 occultis
1461 1533 1569 1574 meis
1595 1532 1755 1573 munda
1780 1546 1849 1573 me

1027 1591 1225 1632 Demine.
1268 1590 1318 1630 R.
1355 1590 1411 1631 Et
1444 1589 1498 1630 ab
1534 1589 1683 1630 alienis
1718 1601 1849 1641 parce

1028 1660 1156 1688 servo
1185 1651 1272 1687 tuo.

1076 1718 1125 1756 111
1169 1716 1304 1756 feriali
1348 1715 1502 1755 Officio
1546 1727 1623 1765 per
1663 1714 1846 1753 Annum.

1025 1773 1123 1813 Ant.
1167 1772 1330 1824 Aspice
1366 1772 1408 1812 in
1445 1784 1530 1820 me,
1563 1776 1606 1812 et
1644 1771 1849 1812 miserere

1027 1828 1112 1869 mei
1135 1828 1334 1869 Demine.

1080 1890 1215 1941 Capit.
1244 1889 1394 1941 Empti
1422 1888 1545 1929 enim.
1572 1891 1618 1927 ut
1646 1898 1787 1937 supra.

1076 1950 1126 2001 R.
1148 1949 1209 1989 br.
1238 1949 1422 1990 Redime
1440 1962 1510 1990 me
1529 1948 1726 1996 Demine,
1747 1946 1769 1969 *
1794 1948 1850 1988 Et

1028 2006 1235 2047 miserere
1250 2006 1345 2046 mei.
1360 2004 1554 2046 Redime.
1567 1999 1615 2050 V.
1634 2004 1718 2045 Pes
1737 2004 1850 2044 enim

1028 2075 1150 2103 meus
1180 2062 1300 2103 stetit
1327 2062 1370 2102 in
1400 2061 1469 2102 via
1496 2065 1625 2102 16613.
1653 2060 1719 2100 Ε1.
1748 2059 1849 2100 (110-

1028 2119 1091 2159 113
1118 2118 1247 2159 Ρ3111.
1275 2117 1470 2159 Redime.

1078 2177 1127 2228 Υ.
1157 2179 1227 2221 Ab
1256 2179 1438 2221 occultis
1461 2179 1569 2220 meis
1593 2177 1755 2219 munda
1779 2191 1849 2218 me

1028 2236 1226 2277 Demine.
1262 2239 1312 2289 R.
1350 2236 1406 2276 Et
1443 2234 1496 2276 ab
1534 2234 1682 2275 alienis
1717 2246 1849 2286 parce

1028 2305 1156 2334 servo
1184 2297 1271 2334 tuo.

1070 2370 1232 2410 Quando
1265 2368 1314 2403 ad
1347 2368 1573 2402 Matutinum
1611 2367 1724 2400 dietae
1760 2368 1846 2397 sunt

1026 2428 1171 2461 preces,
1196 2417 1306 2451 flexis
1331 2417 1493 2460 genibus
1520 2415 1658 2449 dieitur

1126 2479 1217 2531 yrie
1251 2478 1426 2519 eleison.
1470 2476 1643 2518 Christe
1676 2475 1848 2516 eleison.

1158 2534 1286 2587 Kyrie
1315 2533 1489 2575 eleison.

1088 2596 1210 2636 Pater
1236 2598 1396 2635 noster.
1423 2596 1604 2633 secreto.

1078 2653 1127 2704 Y.
1157 2661 1212 2702 Et
1239 2672 1293 2701 ne
1321 2672 1401 2700 nos
1431 2658 1610 2699 inducas
1642 2657 1685 2697 in
1711 2659 1845 2696 tenta-

1028 2718 1202 2758 tienem.
1228 2718 1278 2769 Rg.
1304 2715 1391 2757 Sed
1408 2714 1545 2756 libera
1571 2725 1651 2754 nos
1678 2724 1704 2752 3
1721 2710 1847 2751 111310.
