2040 2944
185 170 232 204 8*
536 172 608 206 Die
632 173 662 205 3.
688 171 790 215 Sept.
837 171 872 206 S.
896 171 1099 206 Elisabeth
1123 171 1214 213 Reg.
1239 171 1449 213 Portugall.
1474 170 1562 204 Vid.

185 265 451 318 loquebatur
471 263 526 306 de
545 263 811 306 testimoniis
827 264 1016 305 Domini.

188 320 238 372 V.
261 321 466 364 Gustavit
492 325 535 362 et
554 320 663 362 vidit
687 320 789 372 quia
812 320 930 362 bona
949 326 1016 362 est

186 378 429 430 negotiatio
459 378 564 430 ejus:
598 390 686 418 non
715 378 1016 428 exstinguetur

186 436 230 476 in
249 440 379 477 nocte
398 434 577 476 lucerna
598 434 700 484 ejus.
729 434 795 475 Et.

473 495 626 536 Lectio
648 496 731 535 viii.

190 538 324 662 Qua
342 548 386 588 in
406 559 453 588 re
472 547 559 588 hoc
580 559 758 599 quoque
772 546 1015 588 notandum

289 609 372 653 est,
407 602 528 656 quod
554 603 758 645 inventus
783 603 1016 645 thesaurus

185 659 484 710 abscenditur‚
502 665 551 702 ut
570 662 784 702 servetur:
807 660 910 712 quia
928 663 1016 701 stu-

186 717 308 760 dium
327 716 521 759 coelestis
545 716 752 758 desiderii
771 729 797 758 a
815 716 1016 767 malignis

186 773 411 827 spiritibus
449 773 674 815 custodire
709 786 799 815 non
836 773 1016 823 sufficit,

186 831 260 883 qui
285 830 371 872 hoc
396 830 451 872 ab
477 830 679 871 humanis
704 829 909 871 laudibus
928 842 1017 871 non

186 887 429 930 abscondit.
450 888 501 927 In
516 887 726 940 praese'nti
741 887 902 929 etenim
916 886 1016 937 vita,

187 944 311 997 quasi
327 944 371 985 in
384 944 455 985 via
472 957 633 993 sumus,
654 956 742 996 qua
756 943 813 985 ad
827 943 1017 996 patriam

184 1001 418 1054 pergimus.
453 1000 634 1051 Maligni
662 1005 810 1042 autem
837 1000 1017 1052 spiritus
1053 1040 1059 1045 .

185 1058 267 1099 iter
286 1062 485 1098 nostrum
513 1056 638 1108 quasi
659 1055 837 1109 quidam
855 1056 1016 1097 latrun-

186 1114 271 1155 culi
290 1112 506 1155 obsident.
534 1113 798 1165 Depraedari
817 1125 922 1164 ergo
945 1111 1016 1154 de-

186 1170 368 1220 siderat,
417 1170 491 1222 qui
537 1170 795 1211 thesaurum
839 1169 1018 1223 publice

185 1232 335 1280 portat
367 1227 411 1268 in
444 1228 526 1269 via.
586 1227 685 1268 Hoc
718 1233 865 1269 autem
898 1226 1017 1277 dico,

185 1297 273 1325 non
292 1289 340 1326 ut
359 1284 550 1337 proximi
570 1286 707 1337 opera
728 1289 880 1326 nostra
901 1284 1018 1326 bona

185 1353 273 1382 non
294 1340 482 1391 videant,
503 1354 603 1382 cum
622 1341 834 1393 scriptum
854 1341 924 1383 sit:
943 1342 1018 1383 Vi-

187 1396 320 1438 deant
340 1400 478 1451 opera
497 1404 645 1440 vestra
663 1398 796 1450 bona,
827 1405 870 1441 et
889 1399 1017 1450 glori-

186 1453 320 1495 ficent
338 1455 515 1496 Patrem
534 1460 746 1506 vestrum,
775 1457 849 1508 qui
867 1456 912 1496 in
932 1469 1018 1498 coe-

186 1509 239 1550 lis
261 1515 342 1552 est:
373 1511 453 1554 sed
479 1517 527 1553 ut
554 1525 633 1564 per
656 1511 757 1562 hoc,
791 1512 913 1565 quod
933 1514 1019 1565 agi-

188 1579 301 1617 mus,
330 1568 483 1610 laudes
513 1568 707 1611 exterius
734 1582 823 1610 non
852 1573 1019 1621 quaera-

187 1636 295 1666 mus.
314 1626 386 1668 Sic
406 1631 551 1668 autem
569 1626 625 1667 sit
640 1638 754 1678 opus
768 1626 812 1667 in
827 1627 1020 1682 publico,

189 1685 404 1734 quatenus
441 1683 625 1725 intentio
661 1685 837 1725 maneat
873 1684 917 1725 in
949 1698 1020 1728 oc-

188 1739 324 1782 culto:
350 1745 399 1782 ut
427 1745 470 1782 et
496 1739 552 1782 de
577 1739 695 1782 bono
717 1741 853 1793 opere
873 1743 1019 1794 proxi-

187 1796 269 1836 mis
294 1796 572 1849 praebeamus
597 1797 864 1849 exemplum,
893 1803 937 1840 et
954 1803 1016 1841 ta-

187 1865 287 1894 men
305 1865 385 1906 per
400 1853 698 1902 intentionem,
720 1866 806 1905 qua
820 1854 918 1896 Deo
934 1855 1018 1897 soli

187 1910 364 1961 placere
398 1910 653 1963 quaerimus,
687 1924 863 1965 semper
895 1914 1017 1965 opte-

187 1979 284 2008 mus
303 1969 533 2009 secretum.

241 2026 289 2077 151·
321 2024 548 2075 Invocavi‚
574 2030 618 2066 et
638 2025 756 2066 venit
779 2025 822 2066 in
842 2038 913 2067 me
933 2029 1017 2078 spi·

188 2080 297 2121 ritus
316 2080 559 2133 sapientiae,
585 2086 628 2123 et
650 2082 877 2134 praeposui
899 2082 1019 2123 illam

189 2136 334 2186 regnis
359 2142 402 2178 et
426 2137 621 2179 sedibus:
643 2140 665 2164 *
683 2138 740 2180 Et
763 2138 938 2180 divitias
957 2139 1017 2179 ni-

189 2191 249 2232 hil
278 2205 376 2235 esse
410 2193 515 2235 duxi
541 2194 585 2235 in
613 2195 943 2247 comparatione
970 2196 1017 2236 il-

189 2248 284 2289 lius.
318 2245 368 2295 V.
393 2250 550 2292 Melior
575 2256 642 2292 est
665 2252 779 2292 enim
804 2252 1019 2304 sapientia

191 2306 358 2347 cunctis
387 2307 546 2358 opibus
574 2308 915 2360 pretiosissimis.
951 2309 1018 2350 Et.

192 2361 343 2403 Gloria
361 2363 490 2405 Patri.
518 2364 586 2405 Et.

490 2423 642 2464 Lectio
662 2424 715 2463 ix.

268 2475 482 2517 hesaurus
502 2482 647 2519 autem
667 2478 848 2520 coeleste
865 2484 931 2521 est
947 2479 1018 2521 de·

278 2531 499 2574 siderium:
515 2546 618 2583 ager
633 2547 750 2584 vero,
765 2535 808 2575 in
825 2548 912 2586 quo
927 2535 1018 2577 the-

191 2591 347 2630 saurus
367 2589 661 2639 absconditur,
681 2590 912 2643 disciplina
932 2596 1018 2634 stu-

192 2646 251 2688 dii
267 2646 470 2688 coelestis.
497 2648 635 2696 Quem
652 2648 853 2699 profecto
868 2661 1019 2699 agrum

192 2703 382 2745 venditis
420 2703 621 2744 omnibus
658 2706 903 2756 comparat,
945 2706 1019 2757 qui

1070 262 1373 315 voluptatibus
1433 260 1576 303 carnis
1628 259 1899 308 renuntians,

1070 324 1227 361 cuncta
1256 331 1334 360 sua
1368 319 1546 360 terrena
1573 315 1794 359 desideria
1819 327 1899 368 per

1070 375 1314 428 disciplinae
1333 374 1530 416 coelestis
1549 372 1796 415 custodiam
1815 372 1899 413 cal-

1070 438 1155 475 cat:
1182 438 1229 475 ut
1251 432 1358 474 nihil
1383 433 1482 484 jam,
1512 429 1634 482 quod
1657 443 1760 473 caro
1778 430 1898 472 blan-

1071 488 1205 539 ditur,
1227 488 1379 539 libeat;
1403 487 1510 530 nihil
1534 486 1655 540 quod
1679 486 1899 529 carnalem

1070 546 1204 588 vitam
1244 545 1452 595 trucidat,
1500 544 1680 597 spiritus
1720 543 1900 598 perhorf

1070 604 1224 644 rescat.
1842 619 1850 629 ·

1123 662 1187 703 Te
1206 660 1350 702 Deum
1368 657 1610 700 laudamus.

1331 738 1410 780 Ad
1436 739 1636 782 Laudes

1246 800 1328 832 ‘et
1366 808 1465 841 per
1500 799 1696 833 Horas.
1867 839 1870 842 Δ

1124 854 1224 894 Ant.
1245 855 1273 893 1.
1304 853 1422 893 Dum
1449 854 1567 892 esset
1592 849 1691 891 Rex
1714 849 1738 874 *
1764 849 1808 890 in
1834 861 1902 890 ac-

1071 907 1222 950 cubitu
1241 919 1334 957 suo,
1353 905 1518 948 nardus
1535 919 1635 948 mea
1652 905 1776 948 dedit
1795 904 1901 947 odo-

1071 977 1164 1006 rem
1183 963 1424 1005 suavitatis.

1121 1027 1182 1060 Ps.
1207 1024 1397 1061 Dominus
1417 1023 1605 1068 regnavit.
1630 1034 1716 1058 cum
1738 1023 1900 1068 reliquis

1071 1075 1117 1109 de
1142 1074 1294 1109 Domin.

1120 1128 1155 1167 2.
1197 1127 1258 1167 Et
1286 1126 1571 1177 concupiscet
1596 1124 1695 1166 Rex
1721 1125 1745 1150 *
1774 1123 1902 1166 deeo-

1070 1194 1163 1223 rem
1186 1186 1326 1231 tuum,
1356 1181 1469 1233 quia·
1480 1180 1577 1234 ipse
1603 1185 1671 1223 est
1689 1180 1903 1222 Dominus

1071 1238 1192 1280 Deus
1213 1243 1326 1280 tuus.

1125 1298 1168 1337 3:
1180 1297 1345 1337 Potens
1362 1295 1407 1336 in
1426 1297 1563 1348 opere
1581 1295 1605 1320 *
1625 1299 1669 1336 et
1689 1296 1902 1344 sermone,

1070 1352 1222 1394 lenivit
1239 1351 1513 1394 iracundiam
1532 1351 1722 1402 Domini,
1742 1356 1786 1393 et
1804 1363 1903 1393 con-

1072 1409 1237 1451 ciliavit
1256 1421 1333 1451 cor
1350 1408 1491 1462 patris
1510 1408 1567 1450 ad
1586 1408 1735 1449 filium.

1123 1468 1160 1508 4.
1191 1466 1327 1518 Quasi
1352 1478 1480 1507 arcus
1503 1464 1725 1516 refulgens
1744 1466 1768 1492 *
1789 1465 1904 1506 inter

1071 1522 1253 1564 nebulas
1273 1522 1443 1574 gloriae,
1471 1526 1515 1564 et
1536 1521 1662 1574 quasi
1681 1521 1764 1563 flos
1782 1524 1902 1563 rosu-

1073 1593 1169 1621 rum
1187 1579 1231 1620 in
1252 1579 1408 1621 diebus
1426 1579 1584 1621 vernis.

1123 1638 1160 1677 5
1182 1636 1315 1687 Quasi
1335 1635 1462 1678 stella
1479 1637 1694 1677 matutina
1711 1635 1736 1661 *
1754 1634 1798 1675 in
1816 1636 1902 1676 me-

1073 1692 1147 1734 dio
1167 1692 1355 1743 nebulae,
1380 1697 1425 1735 et
1444 1692 1570 1745 quasi
1587 1692 1690 1733 luna
1708 1691 1841 1745 plena
1859 1691 1902 1732 in

1074 1748 1230 1792 diebus
1249 1750 1349 1791 suis.

1125 1818 1386 1871 Capitulum.
1595 1818 1720 1858 Prov.
1735 1818 1793 1858 31.
1810 1817 1849 1858 b.

1070 1876 1358 1984 Mulierem
1382 1881 1542 1922 fortem
1567 1881 1665 1933 quis
1684 1867 1901 1923 inveniet?

1197 1938 1370 1991 procul,
1400 1942 1443 1979 et
1469 1937 1524 1980 de
1550 1937 1714 1979 ultimis
1740 1937 1900 1979 finibus

1069 1994 1260 2048 pretium
1290 1995 1392 2047 ejus.
1447 1993 1642 2036 Confidit
1671 1995 1715 2034 in
1744 2006 1796 2035 ea
1824 2006 1902 2035 cor

1070 2051 1152 2093 viri
1172 2052 1250 2103 sui,
1271 2056 1314 2094 et
1333 2051 1487 2104 speliis
1506 2064 1595 2093 non
1614 2050 1840 2102 indigebit.

1382 2122 1592 2173 Hymnus.

1156 2198 1237 2238 pes
1266 2185 1492 2239 decusque
1520 2186 1689 2237 regium
1715 2185 1900 2238 relique-

1122 2300 1362 2350 Elisabeth‚
1381 2256 1467 2342 18ξί
1487 2300 1634 2342 dicata
1651 2299 1832 2341 numini:

1123 2357 1322 2409 Recepta
1354 2369 1470 2398 nunc
1498 2357 1645 2398 bearis
1673 2356 1786 2398 inter
1814 2357 1900 2397 An-

1121 2472 1286 2513 Libens
1306 2470 1360 2512 ab
1379 2413 1574 2512 {gffiiqum
1589 2470 1714 2512 tuere
1727 2481 1808 2510 nos
1825 2468 1900 2510 do-

1380 2526 1444 2568 lis.

1074 2593 1201 2642 Praei,
1227 2593 1432 2643 viamque
1456 2591 1546 2632 dux
1568 2589 1722 2631 salutis
1740 2589 1901 2631 indica:

1122 2647 1443 2745 Sequemur:li(3
1441 2648 1524 2744 11sit
1547 2660 1634 2688 una
1653 2659 1777 2688 mens
1796 2645 1900 2688 fide-

1488 2736 1496 2754 ⁷
