2040 2944
664 186 765 219 Infra
791 183 1084 218 llcbdomadam
1110 182 1158 215 iv.
1181 181 1424 215 Novembris

495 286 645 328 Lectio
666 286 719 325 iii.

278 364 296 399 t
322 356 508 399 vendam
538 353 652 394 filios
679 355 869 398 vestros,
902 353 946 390 et
972 348 1019 388 fi-

290 414 369 455 lias
401 417 570 454 vestras
603 410 647 449 in
678 406 880 449 manibus
912 404 1019 446 filio-

193 484 289 513 rum
325 468 454 518 Juda,
499 472 543 509 et
577 462 907 507 venumdabunt
943 474 1021 503 eos

193 527 369 575 SabaeiS,
389 524 506 577 genti
525 523 786 574 longinquae,
812 519 913 572 quia
932 519 1019 559 Do-

192 583 334 625 minus
352 582 527 623 locutus
546 584 623 621 est.
658 577 856 619 Clamate
875 575 960 616 hoc
978 574 1021 614 in

193 638 420 688 Gentibus,
440 635 712 678 sanctificate
730 632 904 682 bellum,
930 644 1020 673 sus-

193 697 325 738 citate
353 695 578 736 robustos:
611 689 839 739 accedant,
873 690 1020 730 ascen-

193 752 298 794 dant
319 763 471 794 omnes
491 749 573 791 viri
590 747 839 790 bellatores.
869 745 1021 786 Conci-

193 810 282 853 dite
316 810 461 850 aratra
494 810 641 848 vestra
671 804 716 844 in
749 802 936 855 gladios,
978 806 1022 843 et

191 868 361 918 liganes
386 868 558 906 vestros
585 862 629 903 in
655 861 844 902 lanceas.
897 858 1020 899 Infir-

191 937 289 965 mus
323 922 456 964 dicat:
495 919 606 970 Quia
640 917 766 959 fortis
799 928 882 968 ego
915 928 1022 956 sum.

193 979 439 1032 Erumpite,
469 982 512 1019 et
531 977 678 1018 venite
698 986 850 1016 omnes
870 977 1022 1023 gentes

194 1036 249 1079 de
278 1035 478 1084 circuitu,
517 1038 560 1075 et
589 1029 932 1082 congregamini:
963 1027 1023 1069 ibi

194 1092 457 1135 occumbere
491 1089 621 1131 faciet
648 1086 864 1128 Dominus
892 1085 1021 1126 robu-

193 1155 287 1192 stos
318 1154 430 1190 tuos.
473 1147 766 1195 Consurgant‚
799 1148 843 1184 et
875 1143 1022 1183 ascen-

195 1206 302 1248 dant
330 1205 496 1247 Gentes
529 1203 573 1243 in
605 1201 764 1243 vallem
791 1198 1023 1252 Josaphat:

195 1262 297 1315 quia
321 1261 383 1303 ibi
407 1258 573 1302 sedebo
596 1262 645 1299 ut
664 1256 852 1309 judicem
872 1267 1023 1297 omnes

194 1324 348 1370 gentes
367 1318 412 1358 in
431 1315 626 1358 circuitu.

246 1387 296 1437 R.
323 1383 443 1424 Misit
460 1381 687 1423 D6minus
708 1379 794 1420 197.

646 1459 710 1466 W

394 1506 564 1542 Feria
601 1503 824 1551 Quinta.

315 1563 477 1616 Incipit
503 1563 644 1602 Amos
671 1558 905 1612 Propheta.

271 1633 422 1674 Lectio
444 1633 467 1672 i.
792 1631 895 1682 Cap.
916 1632 944 1670 1.

205 1711 302 1795 W
315 1694 1025 1802 Ἓξῗιὲἕὲῗὴέἓίἓῗᾞῗὲἳῗὲῗὲ

196 1824 328 1864 super
351 1810 489 1852 Israel
513 1810 557 1850 in
584 1808 740 1850 diebus
761 1807 882 1849 Oziae
908 1805 1024 1857 regis

196 1867 325 1917 Juda,
354 1872 399 1909 et
429 1867 473 1907 in
502 1865 657 1907 diebus
682 1863 921 1906 Jer6boam
948 1862 1027 1903 filii

196 1925 220 1966 J
224 1938 301 1966 oas
329 1923 445 1974 regis
463 1922 600 1963 Israel
625 1926 726 1963 ante
753 1920 863 1962 duos
889 1931 1027 1961 annos

198 1983 488 2023 terraemotus.
516 1979 573 2020 Et
592 1977 716 2019 dixit:
734 1977 949 2018 Dominus
971 1975 1026 2017 de

198 2038 303 2080 Sion
322 2037 480 2088 rugiet,
505 2041 548 2077 et
567 2034 622 2076 de
642 2033 885 2076 Jerusalem
905 2032 1028 2074 dabit

198 2106 355 2136 vocem
374 2105 513 2134 suam:
540 2096 583 2133 et
602 2091 806 2132 luxerunt
825 2089 1028 2142 speciusa

198 2152 439 2203 pastorum,
460 2154 504 2190 et
524 2148 770 2190 exsiccatus
790 2151 857 2188 est
876 2150 1028 2187 vertex

202 2206 398 2249 Carmeli.
444 2204 493 2254 R.
529 2204 634 2246 Vidi
653 2203 903 2245 Dominum.
921 2202 1008 2243 214.

506 2269 656 2310 Lectio
677 2269 716 2309 ii.

295 2340 360 2369 aec
391 2327 496 2368 dicit
523 2326 753 2368 Daminus:
785 2325 926 2377 Super
957 2324 1029 2365 tri-

303 2383 386 2425 bus
406 2383 643 2425 sceleribus
660 2381 878 2431 Damasci,
899 2385 942 2422 et
961 2393 1028 2421 su-

202 2453 282 2493 per
308 2442 496 2492 quatuor
520 2452 608 2480 non
634 2439 889 2480 convertam
913 2449 1030 2478 eum:

203 2509 256 2538 eo
283 2495 404 2548 quod
426 2495 726 2537 trituraverint
753 2495 797 2536 in
822 2493 1030 2547 plaustris

204 2553 355 2594 ferreis
381 2551 562 2593 Galaad.
603 2552 660 2592 Et
687 2552 858 2592 mittam
885 2550 1030 2600 ignem

204 2610 248 2650 in
268 2608 447 2650 domum
467 2607 620 2656 Azael,
642 2612 685 2648 et
705 2605 936 2648 devorabit
956 2604 1031 2646 do-

204 2678 300 2707 mos
311 2663 532 2706 Benadad.
551 2664 607 2704 Et
622 2666 846 2705 conteram
860 2664 1041 2703 vectem

204 2721 428 2767 Damasci:
464 2725 507 2762 et
536 2719 788 2772 disperdam
814 2718 1030 2760 habitato-

1073 293 1165 322 rem
1194 280 1248 322 de
1277 293 1434 332 campo
1459 278 1581 328 idoli,
1609 283 1653 320 et
1679 279 1902 320 tenentem

1073 342 1298 390 sceptrum
1327 336 1382 378 de
1411 335 1544 378 domo
1572 335 1826 388 voluptatis:
1858 338 1902 375 et

1072 393 1358 436 transferetur
1387 392 1579 445 populus
1607 391 1743 444 Syriae
1773 390 1901 443 Cyre-

1072 463 1168 500 nen,
1189 450 1294 492 dicit
1312 449 1540 490 Dominus.

1124 508 1175 558 R.
1202 506 1366 559 Aspice
1385 506 1575 547 Domine
1599 503 1655 546 de
1675 503 1792 546 sede.
1814 503 1902 544 215.

1372 570 1526 611 Lectio
1546 570 1600 609 iii.

1169 647 1234 675 aec
1262 633 1367 675 dicit
1393 632 1628 673 Daminus:
1664 631 1804 683 Super
1830 629 1902 672 tri-

1177 690 1260 732 bus
1280 689 1520 731 sceleribus
1541 688 1686 737 Gazae,
1707 692 1750 729 et
1769 698 1904 739 super

1075 750 1264 801 quatuor
1296 759 1385 788 non
1418 747 1674 787 convertam
1702 757 1816 786 eum:
1848 755 1902 784 eo

1075 803 1196 858 quod
1246 803 1549 845 transtulerint
1601 799 1903 854 captivitatem

1073 861 1324 914 perfectam,
1344 864 1393 902 ut
1412 858 1726 901 concluderent
1745 869 1842 898 eam
1859 856 1904 897 in

1073 917 1280 959 Idumaea.
1313 917 1371 958 Et
1394 916 1564 958 mittam
1582 915 1727 966 ignem
1750 913 1794 954 in
1813 926 1903 954 mu-

1074 988 1170 1016 rum
1186 975 1331 1020 Gazae,
1352 978 1396 1015 et
1416 971 1647 1015 devorabit
1665 969 1784 1012 aedes
1802 970 1904 1022 ejus.

1073 1031 1130 1073 Et
1143 1031 1397 1084 disperdam
1411 1029 1704 1072 habitatorem
1719 1027 1774 1069 de
1789 1026 1902 1068 Azo-

1072 1093 1131 1138 to,
1151 1093 1194 1129 et
1212 1089 1433 1129 tenentem
1452 1090 1675 1139 sceptrum
1695 1083 1751 1125 de
1770 1083 1903 1124 Asca-

1072 1144 1187 1186 lOne:
1217 1149 1260 1186 et
1285 1145 1539 1186 convertam
1561 1154 1738 1183 manum
1761 1152 1905 1182 meam

1073 1213 1207 1254 super
1238 1200 1461 1250 Accaron,
1495 1204 1538 1241 et
1571 1197 1777 1252 peribunt
1808 1195 1902 1238 reli-

1075 1258 1148 1310 qui
1184 1257 1559 1306 Philisthinorum,
1606 1254 1712 1296 dicit
1755 1252 1903 1295 Domi-

1073 1327 1154 1356 nus
1178 1315 1311 1356 Deus.

1127 1372 1177 1411 R.
1204 1371 1368 1424 Aspice
1386 1369 1590 1419 D6mine,
1612 1368 1724 1420 quia.
1740 1368 1828 1408 215.

1315 1473 1472 1510 Feria
1495 1472 1666 1509 Sexta.

1184 1527 1344 1581 Incipit
1369 1525 1539 1568 Abdias
1566 1523 1802 1577 Propheta.

1392 1582 1588 1624 Lectioi.

1084 1654 1182 1736 w
1193 1636 1908 1739 sffsssffiiffadffiissfflussffl

1080 1755 1325 1797 audivimus
1353 1767 1379 1795 a
1405 1752 1612 1802 Domino,
1645 1755 1688 1793 et
1714 1750 1907 1802 legatum

1079 1811 1136 1854 ad
1164 1816 1317 1863 gentes
1344 1809 1478 1851 misit:
1512 1807 1702 1860 Surgite,
1736 1812 1780 1849 et
1808 1819 1906 1849 con-

1080 1870 1309 1920 surgamus
1341 1866 1553 1908 adversus
1587 1877 1687 1906 eum
1719 1864 1763 1904 in
1794 1865 1907 1917 prae·

1079 1925 1196 1966 lium.
1249 1925 1365 1966 Ecce
1397 1921 1631 1976 parvulum
1662 1919 1766 1962 dedi
1793 1925 1837 1962 te
1864 1920 1908 1961 in

1081 1981 1313 2024 Gentibus:
1367 1977 1710 2031 contemptibilis
1759 1981 1810 2018 tu
1861 1988 1909 2018 es

1080 2038 1220 2080 valde.
1257 2036 1471 2090 Superbia
1495 2034 1642 2077 cordis
1665 2033 1730 2076 tui
1753 2032 1909 2075 extulit

1079 2100 1140 2145 te,
1167 2094 1438 2136 habitantem
1465 2093 1509 2133 in
1537 2090 1738 2133 scissuris
1765 2091 1908 2142 petra-

1080 2165 1191 2202 rum,
1211 2150 1478 2192 exaltantem
1496 2148 1655 2190 s61ium
1671 2152 1810 2189 tuum:
1835 2145 1911 2198 qui

1082 2208 1191 2250 dicis
1218 2208 1263 2249 in
1291 2205 1425 2249 corde
1453 2211 1545 2248 tuo:
1573 2205 1680 2255 Quis
1708 2203 1910 2246 detrahet

1081 2277 1151 2306 me
1174 2265 1218 2305 in
1243 2261 1428 2309 terram?
1463 2263 1509 2304 Si
1534 2261 1750 2304 exaltatus
1775 2261 1908 2302 fueris

1081 2326 1129 2363 ut
1149 2321 1312 2373 aquila,
1341 2325 1385 2362 et
1409 2319 1446 2361 si
1470 2320 1583 2360 inter
1608 2316 1753 2359 sidera
1776 2320 1907 2370 posu-

1083 2377 1168 2419 eris
1196 2376 1347 2419 nidum
1373 2381 1512 2418 tuum:
1528 2373 1650 2415 ·inde
1682 2372 1909 2415 detraham

1082 2439 1136 2483 te,
1157 2433 1263 2475 dicit
1281 2433 1508 2475 Daminus.

1133 2491 1184 2542 R.
1212 2490 1352 2542 Super
1370 2500 1519 2531 muros
1536 2491 1649 2528 tuos.
1666 2486 1754 2526 215.

1388 2543 1542 2585 Lectio
1561 2542 1600 2582 ii.

1152 2603 1166 2644 i
1191 2603 1308 2644 fures
1333 2601 1586 2643 introissent
1612 2598 1668 2640 ad
1694 2603 1753 2649 te,
1790 2598 1826 2639 si
1851 2597 1909 2639 la·

1167 2661 1316 2701 trenes
1348 2670 1428 2710 per
1460 2661 1652 2705 noctem,
1685 2654 1909 2708 quomodo

1085 2712 1393 2758 conticuisses?
1430 2725 1574 2755 nonne
1606 2711 1736 2753 furati
1764 2715 1912 2752 essent
