2040 2944
578 163 650 197 Die
676 164 701 196 1.
727 163 970 198 Novembris.
1017 164 1195 198 Omnium
1220 164 1455 197 Sanctorum.

215 259 438 301 Delictum
471 271 618 300 meum
654 258 878 309 cognitum
911 257 991 299 tibi

164 316 263 358 feci:
300 318 324 343 *
359 320 403 357 et
438 315 690 368 injustitiam
725 327 868 356 meam
903 326 991 355 non

165 371 387 414 abscondi.

216 428 332 469 Dixi:
367 428 623 469 Confitebor
655 426 889 469 adversum
922 439 992 467 me

165 485 416 537 injustitiam
438 497 581 526 meam
606 483 811 525 Domino:
830 483 853 508 *
879 487 922 524 et
945 487 993 523 tu

166 540 368 582 remisisti
387 540 658 592 impietatem
677 539 850 592 peccati
866 539 963 580 mei.

215 597 303 638 Pro
328 597 410 638 hac
435 596 578 638 orabit
598 595 654 637 ad
673 601 717 637 te
738 595 878 636 omnis
899 607 992 635 san-

165 658 273 703 ctus,
293 653 316 678 *
335 653 379 693 in
397 654 596 705 tempore
617 654 881 704 opportuno.

217 710 531 751 Verumtamen
544 709 588 749 in
603 707 768 750 diluvio
781 709 994 758 aquarum

164 765 414 815 multarum,
433 767 457 792 *
476 764 533 806 ad
559 778 658 806 eum
684 777 772 806 non
792 763 994 816 approxi-

164 821 356 863 mabunt.

216 878 286 919 Tu
313 890 360 919 es
392 877 608 928 refugium
635 889 781 917 meum
810 889 835 917 a
862 875 994 917 tribu-

164 934 337 983 latione,
357 946 456 985 quae
472 931 760 975 circumdedit
777 945 861 973 me:
881 934 904 959 *
925 944 994 973 ex-

166 990 343 1032 sultatio
362 1003 460 1031 mea
480 991 582 1031 erue
600 1001 670 1030 me
688 1002 714 1030 a
728 987 994 1030 circumdan-

165 1045 282 1088 tibus
300 1059 381 1088 me.

216 1102 492 1144 Intellectum
514 1101 594 1143 tibi
617 1099 749 1150 dabo,
778 1105 822 1141 et
840 1102 995 1142 instru-

167 1171 237 1199 am
263 1164 308 1200 te
334 1159 378 1199 in
404 1159 475 1200 via
498 1158 594 1208 hac,
624 1171 711 1210 qua
728 1156 953 1208 gradieris:
972 1158 996 1184 *

166 1214 352 1256 firmabo
374 1227 505 1267 super
524 1222 568 1256 te
588 1214 740 1256 oculos
757 1226 892 1255 meos.

217 1271 366 1312 Nolite
385 1271 480 1312 fieri
498 1271 611 1312 sicut
628 1283 767 1322 equus
782 1274 826 1312 et
840 1269 996 1319 mulus,

166 1329 189 1354 *
211 1326 368 1379 quibus
386 1340 475 1368 non
494 1332 561 1369 est
578 1326 836 1368 intellectus

217 1384 268 1424 In
302 1396 428 1425 camo
462 1389 506 1426 et
533 1383 670 1425 fraeno
698 1382 898 1424 maxillas
926 1384 996 1424 eo·

166 1453 262 1481 rum
290 1442 555 1491 constringe,
573 1441 597 1466 *
620 1440 695 1492 qui
721 1452 808 1481 non
837 1441 995 1492 appro-

165 1497 331 1538 ximant
350 1496 407 1538 ad
423 1502 479 1539 te.

217 1553 355 1595 Multa
379 1553 552 1604 flagella
575 1552 838 1606 peccatoris,
857 1554 881 1580 *
901 1565 995 1605 spe-

166 1611 336 1651 rantem
367 1615 513 1651 autem
544 1610 588 1650 in
614 1609 805 1650 Domino
833 1609 996 1650 miseri-

167 1665 318 1707 cordia
338 1665 637 1708 circumdabit.

219 1722 449 1763 Laetamini
483 1723 527 1763 in
554 1721 745 1763 Domino
780 1726 824 1763 et
857 1721 996 1763 exsul-

168 1779 259 1820 tate
292 1778 408 1830 justi,
433 1779 457 1804 *
491 1783 535 1820 et
568 1778 815 1829 gloriamini
845 1790 996 1820 omnes

168 1834 277 1876 recti
296 1833 441 1876 corde.

220 1903 319 1943 Ant.
349 1903 578 1945 Laetamini
590 1903 634 1943 in
648 1903 851 1954 Domino,
867 1908 911 1945 et
925 1916 995 1945 ex-

168 1959 328 2001 sultate
361 1960 472 2012 justi,
501 1965 545 2002 et
571 1960 817 2011 gloriamini
845 1973 996 2002 omnes

167 2017 276 2058 recti
295 2017 440 2058 corde.

220 2074 271 2124 V.
297 2077 530 2119 Exsultent
561 2077 660 2130 justi
687 2079 730 2119 in
759 2081 998 2132 conspectu

168 2133 261 2175 Dei.
298 2133 348 2184 R.
366 2134 423 2175 Et
443 2134 715 2176 delectentur
733 2135 776 2175 in
795 2135 959 2178 laetitia.

281 2220 433 2261 Sermo
461 2221 723 2263 venerabilis
751 2222 887 2264 Bedae

451 2278 712 2330 Presbyteri.

350 2342 481 2376 Sermo
510 2342 560 2375 18.
586 2342 633 2375 de
658 2342 819 2376 Sanctis.

471 2399 623 2439 Lectio
643 2399 695 2438 iv.
715 2437 717 2439 ,

183 2500 185 2502 ,
289 2459 421 2512 odie,
472 2459 758 2510 dilectissimi,
804 2460 998 2501 omnium

184 2527 186 2569 l
289 2513 291 2573 ξ
320 2516 578 2558 Sanctorum
593 2516 674 2557 sub
693 2529 778 2557 una
798 2516 996 2557 solemni-

218 2567 253 2582 ”
278 2577 291 2595 ³
319 2573 423 2613 tatis
453 2572 606 2614 laetitia
639 2572 912 2614 celebramus
940 2573 996 2614 fe-

171 2627 423 2669 stivitatem:
459 2642 644 2681 quorum
673 2629 884 2670 societate
913 2641 997 2670 coe-

171 2683 260 2724 lum
290 2684 494 2735 exsultat,
527 2698 714 2738 quorum
744 2685 998 2738 patrociniis

1042 262 1161 299 terra
1187 258 1377 307 laetatur,
1410 258 1642 311 triumphis
1674 257 1875 299 Ecclesia

1045 319 1196 355 sancta
1219 316 1471 365 coronatur,
1498 328 1683 367 quorum
1708 314 1873 356 confes-

1045 371 1110 412 sio
1123 375 1285 422 quanto
1300 371 1344 411 in
1354 371 1560 423 passione
1572 371 1740 421 fortior,
1750 375 1873 412 tanto

1044 432 1112 468 est
1143 427 1303 468 clarior
1333 427 1377 467 in
1409 427 1591 469 honore:
1626 427 1737 480 quia,
1771 426 1875 468 dum

1045 483 1183 524 crevit
1198 495 1356 535 pugna,
1378 484 1515 525 erevit
1530 489 1573 525 et
1588 483 1876 536 pugnantium

1044 539 1200 590 gloria,
1225 544 1268 580 et
1288 540 1485 591 martyrii
1502 539 1750 592 triumphus
1768 539 1875 580 mul-

1045 596 1184 648 tiplici
1211 595 1467 648 passionum
1499 598 1658 647 genere
1692 596 1874 637 adorna-

1045 657 1135 693 tur:
1183 665 1352 704 perque
1400 653 1604 702 graviora
1647 654 1876 701 tormenta,

1045 708 1248 759 graviora
1285 709 1405 750 fuere
1445 713 1488 750 et
1524 709 1724 760 praemia:
1773 708 1877 750 dum

1047 764 1264 806 catholica
1290 769 1430 806 mater
1448 765 1658 815 Ecclesia,
1679 778 1777 817 quae
1797 777 1876 816 per

1046 826 1189 862 totum
1208 821 1361 863 orbem
1380 821 1510 872 longe
1525 821 1702 873 lateque
1718 820 1877 862 diffusa

1048 882 1126 927 est,
1142 877 1186 918 in
1201 878 1300 930 ipso
1320 878 1466 930 capite
1481 890 1561 919 suo
1580 877 1753 919 Christo
1772 878 1797 918 J
1801 890 1878 918 esu

1048 932 1206 975 edocta
1230 939 1313 980 est,
1335 934 1633 983 contumelias,
1659 946 1811 975 cruces
1836 937 1879 974 et

1047 995 1235 1031 mortem
1254 1003 1342 1032 non
1366 990 1535 1042 timere3
1560 991 1698 1041 magis
1722 992 1877 1041 magis-

1049 1058 1135 1098 que
1154 1046 1381 1096 roborata,
1401 1059 1488 1088 non
1511 1045 1773 1096 resistendo,
1799 1045 1878 1088 sed

1047 1103 1323 1154 perferendo,
1338 1103 1562 1153 universis,
1579 1116 1690 1155 quos
1709 1103 1879 1154 agmine

1048 1159 1212 1211 inclyto
1224 1172 1374 1201 carcer
1384 1160 1573 1212 poenalis
1587 1160 1772 1209 inclusit,
1784 1159 1879 1212 pari

1050 1220 1093 1257 et
1122 1216 1251 1257 simili
1275 1216 1423 1258 calore
1446 1217 1619 1258 virtutis
1649 1216 1705 1258 ad
1729 1218 1879 1267 geren-

1049 1272 1153 1314 dum
1178 1275 1411 1323 certamen,
1435 1272 1619 1324 gloriam
1642 1273 1879 1325 triumpha-

1048 1329 1135 1371 lem
1154 1329 1395 1382 inspiravit.

1100 1401 1150 1451 Rg.
1177 1400 1433 1441 Praecursor
1460 1399 1639 1441 Domini
1668 1400 1796 1450 venit,
1825 1400 1880 1442 de

1050 1469 1138 1508 quo
1165 1456 1261 1508 ipse
1286 1458 1491 1498 testatur:
1511 1456 1531 1477 *
1561 1456 1718 1498 Nullus
1743 1458 1881 1509 major

1049 1513 1162 1555 inter
1188 1518 1317 1555 natos
1344 1513 1574 1555 mulierum
1602 1513 1626 1554 J
1629 1515 1770 1555 oanne
1798 1514 1880 1555 Ba-

1047 1571 1193 1622 ptista.
1213 1562 1262 1614 V.
1285 1569 1370 1610 Hic
1393 1574 1460 1611 est
1478 1569 1706 1622 propheta,
1723 1575 1767 1612 et
1780 1570 1880 1623 plus

1050 1638 1182 1678 quam
1208 1625 1441 1678 propheta,
1474 1627 1529 1668 de
1559 1639 1646 1678 quo
1678 1626 1880 1669 Salvator

1049 1683 1120 1724 ait.
1148 1682 1318 1724 Nullus.

1359 1753 1509 1794 Lectio
1532 1767 1566 1792 ν.

1054 1819 1129 1926 Ο
1170 1839 1273 1868 vere
1316 1826 1447 1869 beata
1490 1832 1630 1869 mater
1670 1827 1879 1877 Ecclesia,

1173 1896 1304 1935 quam
1318 1884 1381 1925 sic
1396 1884 1538 1926 honor
1555 1883 1715 1926 divinae
1732 1884 1878 1935 digna·
1924 1886 1926 1888 ’

1048 1940 1181 1982 tionis
1206 1939 1431 1990 illuminat,
1460 1954 1591 1992 quam
1615 1941 1880 1982 vincentium

1048 1996 1269 2047 gloriosus
1287 1996 1531 2048 Martyrum
1554 1997 1730 2048 sanguis
1755 2000 1878 2038 exor-

1049 2058 1143 2103 nat,
1178 2066 1310 2105 quam
1340 2053 1563 2095 inviolatae
1593 2053 1879 2095 confessionis

1050 2109 1238 2152 candida
1256 2108 1396 2151 induit
1410 2110 1652 2161 virginitas!
1676 2109 1879 2151 Floribus

1050 2167 1141 2218 ejus
1160 2178 1242 2207 nec
1257 2178 1372 2207 rosae
1387 2179 1469 2208 nec
1482 2166 1572 2207 lilia
1587 2166 1757 2208 desunt.
1781 2166 1879 2207 Cer-

1048 2227 1142 2264 tent
1169 2235 1285 2263 nunc
1309 2223 1533 2273 carissimi,
1559 2222 1726 2274 singuli,
1750 2227 1799 2264 ut
1824 2222 1879 2264 ad

1049 2281 1261 2330 utrosque
1276 2278 1468 2320 honores
1486 2279 1798 2332 amplissimam
1813 2291 1878 2320 ac-

1051 2335 1214 2387 cipiant
1232 2334 1499 2385 dignitatem,
1518 2338 1717 2386 coronas,
1736 2335 1806 2376 vel
1825 2334 1880 2377 de

1050 2391 1297 2442 virginitate
1317 2390 1539 2441 candidas»,
1553 2391 1624 2433 vel
1643 2391 1698 2433 de
1712 2392 1879 2444 passio-

1050 2460 1104 2489 ne
1119 2451 1375 2500 purpureas.
1394 2448 1446 2488 In
1456 2448 1710 2490 coelestibus
1724 2448 1879 2490 castris

1050 2517 1137 2556 pax
1175 2509 1219 2545 et
1251 2504 1368 2546 acies
1404 2504 1567 2546 habent
1599 2505 1732 2546 flores
1765 2516 1880 2550 suos,

1053 2560 1211 2612 quibus
1229 2561 1389 2602 milites
1411 2560 1571 2602 Christi
1590 2563 1866 2603 coronantur.

1103 2629 1153 2678 K.
1167 2630 1248 2671 Isti
1263 2635 1364 2671 sunt
1380 2630 1454 2682 qui
1468 2630 1666 2673 viventes
1679 2631 1723 2671 in
1738 2642 1879 2679 carne,

1052 2686 1360 2739 plantaverunt
1395 2687 1636 2729 Ecclesiam
1670 2686 1878 2738 sanguine
