2040 2944
0 99 7 150 —v

772 180 978 214 Dominica
1003 180 1052 214 ad
1073 180 1251 214 Primam.

204 281 330 322 Tunc
348 293 436 322 non
456 279 710 329 confundar,
728 280 752 305 *
773 293 873 321 cum
886 293 983 332 per-

83 386 88 391 «
153 339 340 390 spexero
360 338 404 377 in
425 336 628 378 omnibus
647 335 866 377 mandatis
886 337 983 377 tuis.

206 393 462 435 Confitebor
480 393 561 434 tibi
574 393 619 433 in
634 392 876 433 directione
892 405 983 433 cor-

153 449 235 491 dis:
254 450 277 475 *
296 450 340 490 in
365 463 418 491 eo
446 449 566 502 quod
590 448 723 490 didici
743 447 902 500 judicia
925 450 983 501 ju-

153 507 284 548 stitiae
303 511 402 547 tuae.

203 563 547 604 Justificationes
583 567 682 603 tuas
720 561 984 602 custodiam:

152 620 175 646 *
229 632 318 660 non
370 632 441 661 me
494 618 773 670 derelinquas
827 631 983 670 usque-

155 677 341 728 quaque.

204 733 255 772 In
301 745 389 784 quo
436 732 616 782 corrigit
662 731 984 773 adolescentior

152 788 268 829 viam
297 786 443 829 suam?
463 789 549 828 *in
578 787 868 829 custodiendo
898 801 984 829 ser-

151 847 306 886 mones
326 850 439 886 tuos.
511 879 513 881 .

204 902 255 942 In
279 906 375 942 toto
401 901 535 942 corde
560 914 660 942 meo
687 901 902 953 exquisivi
926 905 985 942 te:

152 958 176 984 *
195 971 250 999 ne
270 957 458 1010 repellas
477 971 548 999 me
568 971 593 998 a
611 957 830 998 mandatis
849 958 946 998 tuis.

204 1015 255 1054 In
281 1013 416 1056 corde
440 1027 539 1055 meo
570 1013 783 1055 abscondi
811 1013 986 1066 eloquia

152 1075 242 1112 tua:
261 1071 284 1096 *
304 1075 352 1111 ut
371 1083 459 1111 non
478 1083 660 1123 peccem
678 1069 768 1111 tibi.

205 1126 473 1168 Benedictus
507 1139 554 1168 es
586 1126 794 1167 Domine:
822 1127 845 1151 *
874 1126 985 1167 doce

153 1196 224 1224 me
243 1183 574 1235 justificationes
594 1187 703 1224 tuas.

205 1240 257 1280 In
301 1239 429 1281 labiis
474 1239 604 1288 meis,
641 1240 664 1264 *
705 1239 987 1291 pronuntiavi

154 1296 301 1337 omnia
318 1295 478 1348 judicia
498 1296 587 1337 oris
607 1296 682 1337 tui.

205 1353 255 1393 In
297 1353 368 1393 via
412 1353 766 1394 testimoniorum
810 1354 986 1393 tuorum

154 1408 399 1450 delectatus
420 1422 528 1459 sum,
547 1410 570 1434 *
590 1409 704 1450 sicut
722 1408 767 1448 in
783 1409 986 1451 omnibus

153 1464 328 1507 divitiis.

203 1522 255 1562 In
274 1521 493 1563 mandatis
513 1523 600 1563 tuis
621 1524 878 1565 exercebor:
897 1524 920 1549 *
942 1529 986 1565 et

154 1577 446 1620 considerabo
467 1579 560 1620 vias
579 1584 688 1620 tuas.

204 1634 256 1675 In
278 1635 660 1686 justificationibus
688 1636 775 1677 tuis
804 1635 985 1677 medita-

151 1690 253 1732 bor:
290 1691 314 1717 *
350 1704 438 1732 non
480 1691 715 1733 obliviscar
759 1694 985 1734 sermones

152 1751 264 1788 tuos.

152 1845 411 1951 Retribue
432 1868 560 1897 servo
581 1861 674 1906 tuo,
703 1856 877 1897 vivifica
900 1869 985 1897 me:

261 1912 285 1937 *
306 1916 350 1953 et
365 1911 613 1953 custodiam
633 1915 858 1954 sermones
874 1917 985 1954 tuos.

205 1967 372 2010 Revela
396 1968 549 2025 oculos
573 1981 712 2010 meos:
731 1970 755 1995 *
779 1974 823 2010 et
846 1969 984 2010 consi—

153 2023 320 2066 derabo
340 2024 555 2066 mirabilia
575 2024 630 2066 de
649 2025 745 2076 lege
764 2030 850 2066 tua.

203 2080 356 2122 Incola
385 2093 467 2132 ego
497 2094 594 2122 sum
622 2081 666 2121 in
693 2086 826 2122 terra:
850 2082 873 2107 *
897 2094 985 2122 non

153 2136 401 2178 abscondas
422 2150 447 2178 a
465 2150 535 2178 me
554 2137 762 2179 mandata
780 2142 865 2178 tua.
930 2181 935 2188 l

207 2193 470 2246 Concupivit
503 2193 648 2234 anima
684 2206 782 2235 mea
815 2193 983 2235 deside-

153 2251 252 2291 rare
270 2250 603 2301 justificationes
623 2254 737 2299 tuas,
756 2250 779 2275 *
799 2250 842 2290 in
867 2250 984 2291 omni

152 2307 364 2358 tempore.

205 2362 450 2415 Increpasti
469 2361 700 2414 superbos:
720 2363 743 2387 *
762 2362 984 2403 maledicti

155 2419 230 2471 qui
249 2417 470 2459 declinant
489 2431 514 2459 a
533 2418 752 2459 mandatis
772 2419 870 2459 tuis.

206 2475 344 2516 Aufer
363 2488 388 2515 a
407 2488 477 2516 me
498 2474 802 2527 opprobrium,
822 2479 866 2515 et
885 2487 983 2515 con-

152 2532 388 2583 temptum:
420 2531 444 2557 *
478 2531 579 2583 quia
619 2530 869 2572 testimonia
908 2535 984 2571 tua

154 2587 380 2639 exquisivi.

205 2643 380 2684 Etenim
417 2642 624 2684 sederunt
660 2643 897 2695 principes,
940 2647 983 2683 et

154 2698 389 2740 adversum
416 2712 486 2741 me
514 2699 823 2752 loquebantur:
847 2699 871 2724 *
896 2711 982 2740 ser-

1037 293 1117 321 vus
1141 285 1287 322 autem
1310 286 1410 322 tuus
1435 281 1722 322 exercebatur
1746 282 1789 321 in
1809 283 1865 333 ju-

1038 337 1374 378 stificationibus
1393 338 1490 379 tuis.

1088 393 1203 434 Nam
1223 398 1266 434 et
1283 394 1533 434 testimonia
1546 398 1622 434 tua
1636 392 1864 434 meditatio

1039 462 1137 490 mea
1162 454 1242 490 est:
1266 450 1289 474 *
1315 454 1358 490 et
1386 450 1615 490 consilium
1638 462 1784 491 meum
1808 450 1865 501 ju-

1038 506 1325 547 stificationes
1345 510 1443 546 tuae.

1090 561 1293 603 Adhaesit
1315 562 1566 614 pavimento
1593 562 1736 602 anima
1755 574 1866 602 mea:

1038 619 1061 644 *
1094 618 1266 659 vivifica
1300 631 1370 659 me
1407 618 1647 659 secundum
1683 617 1865 659 verbum
1914 642 1916 645 -

1037 680 1171 715 tuum.

1089 731 1198 772 Vias
1213 743 1334 771 meas
1351 730 1582 779 enuntiavi,
1594 735 1638 771 et
1649 730 1863 771 exaudisti

1037 800 1121 828 me:
1143 788 1166 813 *
1187 787 1297 828 doce
1317 800 1386 828 me
1406 786 1737 838 justificationes
1756 791 1865 827 tuas.

1090 844 1220 885 Viam
1239 843 1594 895 justificationum
1615 844 1787 883 tuarum
1807 845 1865 882 in-

1039 905 1158 941 strue
1185 913 1270 941 me:
1289 900 1312 925 *
1333 904 1377 940 et
1405 898 1644 948 exercebor
1671 899 1714 938 in
1741 899 1865 939 mira-

1037 956 1198 997 bilibus
1218 956 1315 997 tuis.

1090 1012 1355 1053 Dormitavit
1380 1012 1522 1052 anima
1546 1024 1643 1052 mea
1671 1023 1763 1062 prae
1792 1013 1866 1052 tae-

1039 1068 1128 1110 dio:
1147 1069 1170 1094 *
1191 1068 1402 1109 confirma
1420 1080 1490 1108 me
1510 1071 1553 1107 in
1573 1067 1719 1108 verbis
1738 1067 1835 1108 tuis.

1091 1125 1223 1166 Viam
1245 1124 1488 1176 iniquitatis
1514 1125 1669 1164 amove
1694 1136 1719 1164 a
1741 1136 1825 1164 me:
1844 1124 1866 1148 *

1040 1186 1083 1223 et
1104 1181 1158 1222 de
1178 1181 1273 1231 lege
1292 1186 1367 1221 tua
1386 1181 1593 1221 miserere
1612 1180 1708 1220 mei.

1090 1238 1221 1278 Viam
1237 1237 1434 1277 veritatis
1451 1236 1607 1286 elegiz*
1620 1235 1777 1287 judicia
1792 1240 1867 1277 tua

1039 1307 1127 1335 non
1147 1307 1243 1334 sum
1264 1293 1436 1334 oblitus.

1091 1349 1275 1391 Adha'esi
1285 1349 1546 1390 testimoniis
1557 1349 1654 1397 tuis,
1665 1348 1867 1389 Domine:

1038 1408 1062 1433 *
1080 1406 1170 1447 noli
1189 1419 1259 1447 me
1279 1404 1557 1447 confundere.

1090 1463 1221 1504 Viam
1252 1461 1561 1502 mandatorum
1593 1462 1767 1502 tuorum
1797 1474 1866 1501 cu-

1039 1519 1166 1568 curri,
1186 1519 1209 1544 *
1229 1531 1328 1559 cum
1349 1517 1543 1559 dilatasti
1563 1530 1639 1558 cor
1659 1529 1814 1558 meum.

1091 1595 1264 1638 Sequens
1290 1594 1515 1638 Symbolum
1550 1594 1689 1627 dicitur
1722 1595 1758 1627 in
1791 1595 1865 1628 Do-

1038 1644 1190 1677 minicis
1221 1647 1384 1684 tantum,
1423 1642 1578 1684 quando
1609 1642 1649 1675 fit
1678 1642 1783 1675 Offic.
1818 1642 1864 1675 dc

1038 1691 1242 1725 Dominica
1272 1694 1311 1724 ut
1343 1690 1380 1723 in
1404 1690 1604 1723 Psalterio.

1168 1767 1421 1819 Symbolum
1442 1769 1479 1808 S.
1502 1767 1738 1807 Athanasii.

1040 1834 1359 1957 Quicumque
1391 1859 1484 1900 vult
1517 1858 1662 1899 salvus
1697 1871 1809 1907 esse,
1841 1858 1864 1884 *

1146 1920 1246 1956 ante
1263 1916 1408 1956 omnia
1423 1928 1534 1967 opus
1555 1920 1632 1964 est,
1652 1920 1700 1956 ut
1719 1917 1865 1956 teneat

1038 1970 1300 2012 catholicam
1319 1971 1466 2012 fidem:

1090 2028 1231 2077 Quam
1254 2027 1337 2068 nisi
1364 2028 1547 2079 quisque
1572 2029 1786 2077 integram
1805 2027 1863 2066 in-

1037 2083 1333 2135 violatamque
1363 2083 1619 2131 servaverit,
1647 2083 1670 2108 *
1699 2082 1863 2134 absque

1039 2138 1174 2180 dubio
1193 2139 1238 2178 in
1258 2141 1470 2180 aeternum
1487 2138 1657 2190 peribit.

1090 2194 1221 2236 Fides
1250 2199 1395 2236 autem
1425 2194 1639 2235 catholica
1663 2193 1758 2235 haec
1783 2198 1864 2235 est:

1038 2251 1062 2276 *
1084 2255 1133 2291 ut
1159 2264 1293 2291 unum
1321 2251 1464 2291 Deum
1491 2251 1535 2290 in
1562 2250 1792 2298 Trinitate‚
1821 2254 1864 2290 et

1038 2307 1298 2347 Trinitatem
1318 2307 1361 2346 in
1381 2307 1546 2347 unitate
1565 2307 1831 2347 veneremur.

1089 2362 1245 2414 Neque
1265 2361 1579 2403 confundentes
1598 2363 1825 2413 personas,
1840 2361 1864 2387 *

1037 2431 1179 2470 neque
1200 2418 1489 2459 substantiam
1509 2419 1773 2470 separantes.

1089 2474 1189 2514 Alia
1204 2478 1271 2515 est
1286 2474 1400 2514 enim
1412 2475 1601 2526 persona
1611 2473 1763 2522 Patris,
1780 2473 1863 2513 alia

1036 2530 1146 2579 Filii,
1166 2531 1189 2555 *
1209 2529 1293 2570 alia
1312 2530 1500 2581 Spiritus
1521 2529 1674 2570 sancti:

1089 2585 1175 2628 Sed
1202 2585 1360 2634 Patris,
1389 2590 1432 2626 et
1459 2585 1571 2634 Filii,
1605 2589 1649 2626 et
1676 2584 1861 2636 Spiritus

1038 2642 1177 2683 sancti
1200 2654 1285 2682 una
1309 2646 1376 2682 est
1400 2640 1618 2689 divinitas,
1637 2641 1660 2665 *
1680 2638 1860 2691 aequalis

1035 2697 1184 2750 gloria,
1205 2699 1424 2739 coaeterna
1442 2697 1655 2748 majestas.
