2040 2944
807 220 1008 255 Dominica
1034 221 1059 254 1.
1083 220 1326 255 Novembris.

211 320 445 361 adventum
464 318 704 367 nationum,
730 317 809 358 sed
827 317 871 358 in
889 321 1035 358 mente

211 376 422 418 haberent
459 374 672 425 adjutoria
710 373 793 416 sibi
829 374 944 415 facta
981 372 1036 414 de

211 433 344 481 coelo,
370 437 413 473 et
431 443 545 472 nunc
564 433 795 483 sperarent
814 430 868 471 ab
889 430 1035 471 Omni-

210 490 389 541 potente
426 486 508 528 sibi
537 486 770 528 affutiiram
797 486 1036 527 victoriam.

210 545 267 586 Et
293 544 509 585 allocfitus
539 555 616 584 eos
645 542 699 584 de
723 543 837 594 lege,
866 548 910 584 et
934 543 1036 582 Pro-

210 600 363 653 phetis,
383 599 625 641 admonens
641 599 771 641 etiam
788 599 1036 648 certamina,

211 669 309 709 quae
343 657 538 698 fecerant
569 656 707 708 prius,
740 655 1036 708 promptiores

210 713 437 755 constituit
456 725 546 754 eos:
566 718 610 754 et
629 713 690 754 ita
710 711 864 752 animis
885 713 1037 752 eorum

210 770 381 819 erectis,
401 769 529 810 simul
549 768 811 811 ostendebat
831 768 1038 809 Gentium

210 827 441 876 fallaciam,
480 832 523 868 et
556 827 896 877 juramentorum
928 838 1037 877 prae-

209 883 531 924 varicatiOnem.
559 882 762 933 Singulos
781 887 927 924 autem
945 881 1037 922 illo-

210 953 306 980 rum
325 939 520 989 armavit,
547 951 635 980 non
654 938 806 991 clypei,
833 943 876 980 et
899 937 1038 979 hastae

210 996 461 1045 munitione,
474 995 553 1037 sed
565 995 839 1037 sermonibus
851 994 1038 1047 eptimis‚

212 1058 254 1094 et
273 1052 664 1102 exhortationibus,
684 1051 889 1104 exposito
906 1051 1037 1102 digno

211 1108 299 1150 fide
328 1109 517 1159 somnio,
553 1121 632 1161 per
662 1107 783 1160 quod
809 1108 1039 1149 universos

210 1165 461 1207 laetificavit.

263 1226 313 1276 Rg.
341 1221 530 1263 Refulsit
550 1220 627 1262 sol.
646 1222 734 1263 163.

516 1279 667 1320 Lectio
688 1279 726 1318 ii.

291 1341 358 1378 rat
393 1340 539 1377 autem
575 1334 876 1387 hujuscemodi
907 1335 1040 1376 visus:

308 1392 479 1442 oniam,
506 1392 579 1444 qui
598 1392 741 1433 flierat
761 1404 955 1432 summus
976 1404 1039 1432 sa-

213 1449 380 1498 cerdos,
399 1449 540 1490 virum
556 1448 722 1490 bonum
737 1454 780 1489 et
794 1447 1040 1498 benignum,

212 1504 509 1548 verecsmdum
535 1505 648 1553 visu,
675 1504 927 1546 modestum
950 1506 1040 1545 mo-

213 1563 350 1611 ribus,
379 1567 423 1603 et
447 1561 623 1613 eloquio
645 1560 870 1611 decorum,
899 1566 942 1602 et
967 1561 1041 1612 qui

212 1633 236 1661 a
269 1622 409 1672 p1'1ero
442 1618 486 1658 in
514 1617 748 1659 virtntibus
777 1617 1041 1659 exercitatus

213 1676 284 1726 sit,
323 1687 478 1715 manus
515 1674 870 1726 protendentem,
913 1676 1041 1715 orare

212 1745 295 1785 pro
317 1731 435 1773 omni
453 1730 620 1783 pepulo
640 1730 664 1771 J
666 1729 906 1772 udaeorum.
933 1731 1042 1771 Post

212 1788 298 1830 hoc
324 1790 583 1841 apparuisse
607 1792 651 1828 et
675 1786 807 1827 alium
825 1787 967 1827 virum
987 1799 1041 1828 ae-

215 1847 316 1893 tate,
335 1849 378 1885 et
396 1844 536 1895 gloria
554 1842 811 1892 mirabilem,
836 1848 879 1885 et
896 1843 1042 1894 magni

215 1901 387 1943 decoris
437 1899 693 1941 habitiidine
744 1900 859 1940 circa
910 1899 1042 1941 illum.

214 1957 574 2010 Respondentem
620 1968 725 1997 vero
772 1956 929 1997 Oniam
981 1956 1042 1998 di-

214 2017 347 2055 xisse:
375 2014 460 2054 Hic
490 2018 556 2054 est
579 2013 761 2054 fratrum
781 2015 970 2062 amator,
999 2017 1043 2054 et

214 2070 367 2124 pepuli
389 2069 543 2111 Israel:
571 2068 642 2110 hic
662 2075 740 2119 est⁷
767 2069 841 2121 qui
857 2069 1043 2111 multum

215 2133 312 2169 orat
334 2139 417 2179 pro
440 2125 626 2178 populo,
652 2131 695 2167 et
720 2127 925 2167 universa
950 2138 1044 2167 san-

215 2189 285 2225 cta
296 2184 483 2232 civitate,
497 2182 520 2222 J
523 2184 709 2223 eremias
720 2181 939 2235 propheta
950 2182 1044 2224 Dei.

215 2239 478 2282 Extendisse
506 2245 650 2281 autem
679 2239 914 2280 Jeremiam
943 2238 1044 2281 dex-

215 2302 339 2346 tram,
359 2302 401 2338 et
421 2296 597 2338 dedisse
613 2296 637 2336 J
640 2296 740 2337 udae
758 2295 952 2347 gladium
972 2299 1044 2337 aii-

218 2366 356 2403 reum,
385 2352 619 2394 dicentem:
648 2352 815 2405 Accipe
845 2358 1044 2394 sanctum

216 2407 410 2460 gladium
430 2422 586 2450 munus
605 2422 630 2450 a
650 2409 763 2458 Deo,
791 2409 833 2449 in
859 2422 946 2462 quo
972 2408 1043 2451 de-

217 2465 335 2517 jicies
367 2464 645 2506 adversarios
681 2466 836 2518 pepuli
868 2466 954 2507 mei
983 2467 1045 2506 Is-

218 2521 318 2562 ra‘el.
353 2523 401 2573 R.
424 2521 699 2564 Ornaverunt
718 2522 884 2564 faciem.
908 2524 995 2563 164.

520 2576 672 2616 Lectio
693 2577 746 2616 iii.

300 2634 495 2676 xhortati
518 2637 664 2686 itaque
687 2635 711 2675 J
714 2634 814 2676 udae
840 2635 1045 2676 sel-meni-

307 2691 390 2733 bus
410 2690 538 2732 bonis
557 2690 698 2740 valde,
719 2691 774 2733 de
796 2691 954 2744 quibus
975 2704 1044 2732 ex-

218 2747 314 2789 tolli
340 2752 493 2799 posset
520 2749 726 2799 impetus,
757 2753 800 2789 et
828 2747 959 2790 animi
986 2748 1044 2799 j1'1-

1087 329 1247 358 venum
1263 318 1512 368 confortari,
1532 319 1778 360 statuerunt
1793 291 1913 358 dimi-

1088 375 1189 415 care
1213 379 1257 415 et
1282 375 1518 424 confligere
1543 374 1731 416 fortiter:
1757 378 1806 415 ut
1830 373 1913 414 vir-

1087 435 1158 471 tus
1184 429 1239 471 de
1262 431 1450 481 negetiis
1470 430 1696 482 judicaret,
1722 442 1776 472 eo
1796 429 1916 482 quod

1089 486 1243 527 civitas
1264 492 1432 537 sancta,
1453 492 1496 528 et
1514 486 1727 540 templum
1745 485 1915 539 pericli-

1088 544 1294 584 tarentur.
1326 543 1433 586 Erat
1457 543 1573 585 enim
1591 555 1674 596 pro
1694 542 1915 593 uxoribus,

1089 603 1133 639 et
1152 598 1268 648 filiis,
1295 599 1488 652 itemque
1513 611 1598 652 pro
1620 598 1844 648 fratribus
1873 603 1918 640 et

1089 655 1288 706 cognatis
1315 656 1457 697 minor
1485 654 1753 697 sollicitt'xdo:
1779 655 1914 696 maxi-

1088 724 1185 751 mus
1205 723 1310 752 vero
1331 717 1374 753 et
1393 712 1560 764 primus
1580 724 1663 765 pro
1684 711 1914 753 sanctitate

1089 767 1221 823 timor
1240 772 1334 808 erat
1357 767 1521 820 templi.
1555 766 1643 809 Sed
1662 772 1706 809 et
1725 780 1816 817 eos,
1842 767 1918 819 qui

1088 824 1132 864 in
1156 823 1332 865 civitate
1357 830 1496 874 erant,
1524 837 1612 865 non
1636 824 1814 864 minima
1833 823 1916 865 sol-

1089 879 1272 921 licitlido
1291 880 1483 923 habebat
1502 894 1585 934 pro
1606 880 1689 930 his,
1719 880 1793 932 qui
1817 892 1917 921 con-

1090 936 1282 987 gressiiri
1301 942 1434 979 erant.

1144 994 1196 1046 R.
1221 993 1272 1033 In
1290 992 1474 1046 hymnis.
1493 995 1582 1034 164.

1368 1096 1395 1133 S
1414 1108 1440 1133 a
1456 1098 1482 1133 b
1499 1097 1526 1133 b
1546 1108 1572 1133 a
1587 1101 1604 1132 t
1622 1108 1647 1133 ο

1170 1154 1256 1183 ante
1281 1147 1525 1182 Dominicam
1548 1145 1574 1179 Ι.
1598 1144 1842 1179 Novembris.

1147 1201 1218 1242 Ad
1238 1200 1411 1251 Magnis.
1439 1200 1540 1240 Ant.
1568 1197 1670 1240 Vidi
1683 1197 1922 1240 Deminum

1092 1256 1115 1280 *
1131 1254 1357 1296 sedentem
1373 1267 1506 1307 super
1520 1254 1678 1296 selium
1691 1254 1922 1305 excelsum,

1093 1316 1136 1353 et
1150 1311 1281 1364 plena
1296 1316 1389 1353 erat
1404 1311 1544 1353 omnis
1559 1316 1679 1353 terra
1693 1312 1922 1364 maiestate

1093 1370 1200 1421 ejus:
1224 1374 1268 1410 et
1289 1381 1339 1410 ea
1360 1381 1459 1420 quae
1479 1368 1561 1410 sub
1580 1369 1679 1422 ipso
1700 1373 1839 1418 erant,
1858 1380 1922 1410 re-

1092 1425 1273 1478 plebant
1291 1424 1515 1478 templum.

1147 1476 1198 1528 V.
1231 1481 1498 1534 Vespertina
1533 1482 1676 1523 oratio
1710 1481 1920 1524 ascendat

1094 1538 1150 1581 ad
1181 1544 1224 1581 te
1255 1538 1454 1580 Domine.
1508 1538 1559 1589 Rz.
1593 1538 1651 1580 Et
1683 1537 1924 1580 descendat

1094 1609 1226 1648 super
1244 1608 1326 1637 nos
1344 1593 1644 1637 misericerdia
1663 1600 1750 1636 tua.

1353 1677 1665 1704 *Q—

1166 1755 1443 1805 Dominica
1465 1753 1854 1805 I.-NovembriS.

1334 1832 1383 1870 In
1407 1831 1437 1870 Ι.
1461 1830 1683 1870 Nocturno.

1098 1892 1254 1945 Incipit
1277 1891 1388 1934 liber
1408 1890 1652 1932 Ezechielis
1672 1888 1922 1942 Prophetae.

1201 1953 1354 1994 Lectio
1375 1953 1399 1993 i.
1672 1951 1776 2003 Cap.
1791 1952 1821 1991 1.

1102 2019 1107 2020 ⁷
1190 2043 1195 2059 i
1211 2018 1229 2055 t
1252 2013 1416 2055 factum
1444 2018 1511 2055 est
1533 2013 1578 2053 in
1600 2011 1825 2062 trigesimo
1851 2024 1921 2052 an-

1102 2115 1107 2123 .,
1227 2082 1298 2120 no,
1318 2070 1362 2110 in
1383 2074 1555 2122 quarto,
1574 2069 1618 2110 in
1637 2067 1787 2120 quinta
1805 2079 1922 2109 men-

1101 2124 1184 2151 ὲ
1228 2126 1304 2176 sis,
1329 2139 1428 2167 cum
1452 2138 1595 2168 essem
1619 2125 1663 2165 in
1685 2123 1832 2166 medio
1855 2136 1922 2165 ca-

1094 2183 1316 2235 ptivorum
1351 2183 1470 2235 juxta
1511 2181 1693 2223 fliivium
1730 2179 1922 2230 Chobar‚

1094 2239 1234 2292 aperti
1263 2244 1363 2280 sunt
1391 2239 1510 2288 coeli,
1543 2243 1587 2280 et
1615 2237 1923 2280 vidi‘visienes

1093 2296 1187 2337 Dei.
1217 2296 1268 2336 In
1289 2296 1441 2348 quinta
1458 2295 1631 2345 mensis,
1649 2294 1746 2347 ipse
1765 2298 1833 2335 est
1851 2306 1923 2335 an-

1093 2366 1175 2394 nus
1198 2352 1373 2405 quintus
1393 2350 1788 2402 transmigrationis
1806 2349 1923 2400 regis

1093 2408 1294 2459 Joachin‚
1326 2409 1490 2451 factum
1522 2413 1589 2450 est
1621 2406 1804 2448 verbum
1835 2406 1923 2447 Do-

1094 2466 1198 2506 mini
1236 2465 1292 2507 ad
1330 2464 1608 2506 Ezechielem
1644 2462 1782 2503 fssium
1813 2462 1924 2503 Buzi

1095 2521 1372 2564 sacerdetem
1396 2522 1440 2562 in
1462 2526 1580 2563 terra
1604 2518 1923 2569 Chaldaeorum,

1095 2591 1221 2620 secus
1248 2579 1409 2619 flumen
1434 2575 1624 2618 Chobar:
1649 2581 1692 2617 et
1717 2575 1832 2617 facta
1857 2580 1924 2617 est

1095 2647 1229 2687 super
1254 2647 1354 2676 eum
1376 2633 1437 2675 ibi
1460 2645 1615 2674 manus
1638 2632 1827 2673 Demini.
1866 2631 1924 2673 Et

1095 2691 1200 2741 vidi,
1232 2695 1276 2733 et
1308 2702 1411 2732 ecce
1445 2694 1601 2730 ventus
1636 2688 1822 2730 t1'1rbinis
1853 2700 1924 2730 ve-

1095 2747 1244 2790 niebat
1268 2746 1323 2789 ab
1343 2745 1580 2798 Aquilone:
1606 2750 1650 2787 et
1674 2744 1812 2787 nubes
1837 2757 1923 2786 ma-
