2040 2944
558 175 629 209 Die
654 175 706 208 25.
731 175 831 208 Nov.
879 174 913 208 S.
940 173 1163 208 Catharinae
1188 173 1293 215 Virg.
1320 177 1357 207 et
1381 173 1489 207 Mart.

216 252 267 322 Ψ.
282 275 307 315 J
309 279 456 316 ustum
476 273 661 315 deduxit
679 273 896 315 Dominus
914 286 996 326 per

162 332 255 374 vias
277 336 432 372 rectas.
461 332 512 383 R.
538 330 595 372 Et
625 328 821 372 ostendit
843 330 906 371 illi
930 343 995 372 re-

161 401 295 439 gnum
313 387 408 428 Dei.

216 458 378 498 Oratio.
407 456 540 502 Deus,
561 453 646 505 qui.
664 453 761 494 459.

219 526 260 560 In
293 527 318 561 Ι.
348 525 549 559 Nocturno
579 523 785 557 Lectiones
819 521 865 555 de
897 520 995 555 Scri-

162 579 274 617 ptura
301 577 535 608 occurrente.

397 644 446 682 In
465 643 515 681 11.
536 642 760 680 Nocturno.

466 703 621 744 Lectio
643 702 696 743 iv.

169 785 174 795 ·
202 803 204 805 ,
213 773 269 823 9¹4*
283 765 483 807 atharina
499 764 659 806 nobilis
674 765 799 816 virgo
815 764 997 806 Alexan-

196 823 217 846 ‘5
244 815 258 848 ἶ
270 816 273 854 ἶ
299 821 440 872 drina‚
468 835 494 863 a
520 822 662 875 prima
690 823 822 863 aetate
849 820 997 863 studia

169 853 275 904 &⁹4

299 878 546 920 liberalium
576 878 735 920 artium
764 891 864 920 cum
891 877 997 920 fidei

160 933 320 977 ardore
351 936 635 988 conjungenS,
662 934 788 977 brevi
817 934 875 977 ad
899 947 997 977 eam

161 992 406 1034 sanctitatis
441 997 484 1034 et
516 991 731 1034 doctrinae
763 991 996 1044 perfectio-

160 1060 260 1089 nem
292 1050 510 1102 pervenit,
547 1054 595 1091 ut
629 1048 785 1091 decem
819 1053 863 1090 et
894 1053 996 1090 octo

160 1117 299 1147 annos
332 1111 436 1148 nata
470 1106 815 1148 eruditissimum
849 1118 997 1158 quem-

162 1174 247 1214 que
285 1165 528 1216 superaret.
583 1164 692 1214 Quae
728 1176 828 1205 cum
861 1162 997 1203 Maxi-

163 1219 267 1260 mini
302 1220 423 1271 jussu
463 1219 627 1262 multos
664 1224 850 1272 propter
888 1218 997 1260 chri-

163 1275 319 1317 stianae
337 1276 563 1328 religionis
582 1276 907 1329 professionem
926 1277 997 1316 va-

163 1332 227 1373 rie
245 1333 478 1375 tormentis
498 1333 736 1382 cruciatos,
757 1331 813 1373 ad
833 1331 998 1384 suppli-

164 1388 278 1430 cium
302 1389 400 1442 rapi
422 1388 609 1439 videret,
632 1401 722 1430 non
746 1388 998 1430 dubitanter

162 1445 309 1498 ipsum
328 1446 437 1487 adiit
456 1446 757 1495 Maximinum,
779 1447 908 1497 eique
926 1457 998 1486 ne-

164 1502 321 1543 fariam
338 1502 658 1545 immanitatem
678 1502 907 1554 objiciens,
934 1514 999 1542 sa-

163 1558 450 1611 pientissimis
483 1559 728 1601 rationibus
757 1558 921 1600 Christi
952 1557 998 1598 fi-

165 1614 267 1657 dem
291 1615 349 1658 ad
373 1615 562 1658 salutem
585 1615 881 1658 necessariam
901 1627 1000 1657 esse

164 1672 412 1715 affirmavit.

220 1744 271 1793 R.
303 1739 493 1792 Propter
520 1739 772 1789 veritatem,
809 1743 853 1780 et
883 1751 1000 1779 man-

165 1794 457 1846 suetudinem,
486 1801 530 1837 et
552 1795 775 1847 justitiam:
808 1795 832 1820 *
847 1795 904 1836 Et
927 1794 1000 1836 de-

165 1849 298 1894 ducet
329 1856 374 1893 te
408 1851 664 1894 mirabiliter
701 1851 884 1894 dextera
914 1856 1000 1894 tua.

168 1906 220 1957 V.
243 1908 398 1960 Specie
423 1913 499 1950 tua
519 1914 563 1950 et
580 1907 907 1962 pulchritudine
926 1912 1002 1949 tua

166 1963 359 2015 intende,
387 1967 601 2018 prospere
624 1964 836 2018 procede,
865 1970 910 2007 et
936 1977 999 2006 re-

165 2033 261 2072 gna.
295 2022 362 2063 Et.

482 2085 634 2126 Lectio
655 2099 692 2125 v.

173 2142 342 2249 Cujus
356 2147 636 2202 prudentiam
651 2148 916 2190 Maximinus
936 2147 1003 2191 ad-

272 2205 473 2254 miratus,
510 2205 690 2246 retineri
727 2217 824 2246 eam
870 2205 1001 2257 jubet,

169 2261 393 2303 accersitis
416 2260 611 2313 undique
634 2260 902 2303 doctissimis
925 2261 1001 2303 ho-

169 2317 375 2367 minibus,
439 2320 699 2370 magnisque
758 2319 1002 2371 propesitis

169 2373 381 2426 praemiis,
420 2374 494 2426 qui
526 2376 774 2416 convictam
807 2374 1001 2417 Cathari-

169 2442 272 2470 nam
309 2443 334 2470 a
367 2430 529 2472 Christi
564 2430 653 2472 fide
690 2429 748 2472 ad
782 2431 1003 2473 idolerum

170 2485 336 2527 cultum
350 2486 669 2538 perduxissent.
698 2486 830 2537 Quod
849 2493 1004 2530 contra

172 2541 343 2584 accidit.
397 2542 512 2583 Nam
548 2543 698 2595 plures
734 2542 1004 2597 philesophi,

173 2598 248 2651 qui
276 2597 334 2640 ad
362 2611 459 2640 eam
492 2598 819 2651 coarguendam
847 2602 1003 2642 conve-

172 2659 339 2703 nerant,
357 2655 401 2696 vi
420 2667 472 2695 ac
492 2655 733 2698 subtilitate
750 2657 841 2709 ejus
857 2656 1003 2708 dispu-

172 2711 352 2753 tationis
379 2715 503 2753 tanto
531 2711 556 2752 J
558 2724 636 2754 esu
664 2713 827 2755 Christi
855 2715 1005 2754 amere

1049 278 1152 315 sunt
1178 273 1359 323 incensi,
1387 277 1437 314 ut
1460 285 1544 325 pro
1563 273 1639 315 illo
1658 271 1773 316 r‘nori
1793 287 1883 316 non

1049 329 1359 372 dubitaverint.
1414 329 1714 380 Quamobrem
1747 330 1883 372 Maxi-

1047 389 1192 428 minus
1218 384 1443 428 blanditiis
1469 398 1522 428 ac
1547 387 1779 439 promissis
1805 387 1884 429 Ca-

1047 444 1267 485 tharinam
1309 442 1365 485 de
1407 443 1625 485 sententia
1661 442 1884 486 deducere

1049 499 1317 551 aggreditur:
1346 512 1500 541 verum
1527 499 1574 541 id
1599 499 1762 542 frustra
1788 501 1885 542 fieri

1047 556 1319 608 intelligens,
1365 555 1626 598 verberibus
1672 556 1885 608 affectam,

1048 612 1377 666 plumbatisque
1406 616 1658 663 contusam,
1686 612 1780 655 dies
1808 617 1885 655 un-

1049 669 1195 712 decim
1221 670 1315 712 sine
1340 669 1440 711 cibo
1465 683 1518 712 ac
1541 675 1653 723 potu
1670 670 1886 713 inclusam

1047 732 1170 769 tenet
1188 727 1233 769 in
1253 729 1442 768 carcere.

1107 799 1159 850 R.
1189 796 1395 839 Dilexisti
1423 797 1645 849 justitiam,
1681 802 1725 839 et
1753 796 1887 839 odisti

1048 853 1341 906 iniquitatem:
1373 855 1397 881 *
1419 854 1663 906 Propterea
1690 854 1815 895 unxit
1841 858 1887 896 te

1049 910 1186 961 Deus,
1238 910 1362 952 Deus
1411 915 1514 952 tuus
1561 910 1660 952 oleo
1706 910 1886 953 laetitiae.

1056 965 1107 1015 V.
1127 968 1317 1021 Propter
1341 967 1588 1018 veritatem,
1617 971 1661 1009 et
1687 980 1886 1009 mansue-

1049 1023 1258 1075 tudinem,
1279 1029 1323 1067 et
1340 1024 1561 1076 justitiam.
1588 1024 1842 1077 Propterea.

1361 1095 1513 1137 Lectio
1535 1096 1587 1136 vi.

1136 1177 1194 1206 uo
1219 1166 1422 1218 tempore
1441 1163 1671 1205 Maximini
1690 1176 1818 1214 uxor,
1843 1168 1888 1206 et

1146 1221 1418 1274 Porphyrius
1438 1220 1543 1263 belli
1562 1220 1667 1271 dux,
1691 1220 1888 1263 visendae

1051 1279 1230 1330 virginis
1263 1291 1397 1320 causa
1429 1279 1654 1320 carcerem
1685 1277 1888 1329 ingressi,

1052 1341 1096 1378 et
1116 1335 1314 1388 ejusdem
1334 1334 1653 1388 praedicatione
1673 1334 1718 1375 in
1735 1335 1761 1375 J
1763 1347 1889 1376 esum

1053 1391 1275 1434 Christum
1303 1391 1553 1442 credentes,
1589 1392 1750 1444 pestea
1777 1404 1888 1433 mar-

1052 1449 1167 1502 tvrio
1200 1448 1401 1491 coronati
1433 1453 1544 1490 sunt.
1598 1448 1780 1489 Interim
1810 1448 1887 1490 Ca-

1052 1506 1225 1548 tharina
1267 1505 1469 1547 educitur
1512 1518 1536 1547 e
1574 1504 1793 1555 custudia,
1844 1509 1889 1547 et

1052 1568 1151 1605 rota
1184 1561 1435 1616 expeditur,
1469 1561 1636 1604 crebris
1668 1566 1713 1603 et
1748 1562 1889 1604 acutis

1052 1620 1239 1673 praefixa
1257 1618 1430 1671 gladiis,
1456 1622 1505 1660 ut
1523 1618 1705 1670 virginis
1727 1631 1889 1672 corpus

1055 1677 1358 1719 crudelissime
1395 1675 1721 1717 dilaceraretur.
1779 1676 1889 1727 Quae

1052 1733 1257 1776 machina
1280 1733 1422 1783 brevi,
1452 1732 1701 1774 Catharinae
1729 1733 1889 1776 oratio-

1054 1804 1125 1841 ne,
1153 1791 1379 1832 confracta
1405 1794 1488 1832 est:
1513 1791 1657 1842 eoque
1675 1789 1889 1832 miraculo

1053 1848 1179 1890 multi
1218 1847 1382 1889 Christi
1417 1846 1553 1888 fidem
1589 1848 1890 1900 susceperunt.

1053 1905 1158 1958 Ipse
1190 1904 1456 1946 Maximinus
1493 1903 1537 1944 in
1577 1903 1806 1956 impietate
1845 1909 1891 1946 et

1056 1960 1320 2003 crudelitate
1366 1959 1647 2010 obstinatior,
1694 1959 1890 2001 Cathari-

1055 2031 1158 2060 nam
1183 2018 1326 2060 securi
1349 2017 1523 2070 percuti
1541 2018 1742 2070 imperat.
1779 2017 1889 2067 Quae

1055 2075 1229 2118 fertiter
1263 2074 1368 2116 dato
1402 2073 1565 2126 capite,
1606 2072 1664 2115 ad
1694 2072 1889 2126 duplica-

1056 2137 1150 2174 tum
1181 2130 1444 2183 virginitatis
1476 2135 1520 2172 et
1553 2129 1751 2181 martyrii
1778 2131 1889 2182 prae-

1055 2189 1192 2230 mium
1211 2187 1424 2238 evolavit,
1454 2186 1643 2240 septimo
1661 2184 1889 2227 Kalendas

1055 2244 1330 2287 Decembris:
1350 2244 1471 2296 cujus
1490 2255 1652 2296 corpus
1674 2241 1730 2284 ab
1745 2241 1888 2293 Ange-

1056 2301 1110 2342 lis
1129 2301 1173 2342 in
1193 2301 1297 2343 Sina
1315 2299 1494 2342 Arabiae
1517 2303 1667 2341 monte
1686 2298 1890 2340 mirabili-

1057 2363 1124 2400 ter
1144 2357 1410 2400 collocatum
1429 2362 1508 2399 est.

1113 2429 1164 2479 R.
1187 2423 1440 2465 Afferentur
1458 2421 1562 2473 regi.
1583 2420 1659 2473 [91]

1112 2505 1155 2539 In
1179 2505 1245 2539 ΙΙΙ.
1266 2504 1467 2539 Nocturno
1492 2501 1664 2537 Homilia
1689 2501 1728 2534 in
1745 2501 1892 2543 Evang.

1062 2552 1193 2588 Simile
1211 2551 1283 2586 erit
1297 2559 1459 2595 regnum
1475 2548 1672 2583 coelerum.
1690 2549 1737 2583 de
1756 2549 1894 2583 eodem

1061 2600 1266 2636 Communi
1291 2600 1319 2634 1.
1341 2599 1441 2634 loco.
1463 2596 1535 2640 [93]

1114 2657 1158 2691 In
1180 2656 1227 2690 11.
1251 2655 1368 2698 Vesp.
1394 2655 1435 2688 fit
1459 2663 1656 2688 commem.
1682 2662 1788 2695 sequ.
