2040 2944
679 194 854 228 Officium
879 195 918 228 B.
944 195 1075 229 Mariae
1101 196 1137 228 in
1163 196 1341 229 Sabbato.

217 289 473 341 Capitulum.
666 290 794 331 Eccli.
814 292 877 330 24.
899 291 935 331 b.

164 351 239 457 In
261 357 418 411 plateis
446 357 557 398 sicut
584 356 918 405 cinnamomum,
944 359 988 397 et

228 413 472 457 balsamum
494 415 784 455 aromatizans
805 411 988 453 oderem

164 471 285 513 dedi:
332 471 456 524 quasi
494 469 671 522 myrrha
711 468 850 511 electa
886 467 989 510 dedi

163 527 424 569 suavitatem
443 526 602 568 oderis.

218 592 268 644 R.
302 591 363 632 br.
399 591 543 643 Elegit
577 603 673 632 eam
703 590 845 641 Deus,
878 592 899 614 *
932 589 988 631 Et

163 647 391 701 praeelegit
416 661 525 696 eam.
564 647 719 698 Elegit.
766 642 815 693 V.
849 646 900 686 In
926 651 986 687 ta-

163 704 400 746 bernaculo
427 716 506 745 suo
530 703 728 745 habitare
755 702 857 744 facit
882 715 988 743 eam.

163 761 221 802 Et
239 760 476 814 praeelegit.
505 759 655 801 Gloria
671 759 802 800 Patri.
833 758 988 809 Elegit.

216 816 267 868 ys.
302 820 473 862 Diffasa
509 825 575 862 est
609 819 750 871 gratia
784 820 828 860 in
863 808 988 861 labiis

1040 290 1137 331 tuis.
1190 295 1237 346 K·
1275 292 1517 344 Propterea
1555 289 1780 333 benedixit
1820 296 1864 332 te
1910 290 1913 294 ’

1040 347 1161 388 Deus
1187 347 1232 388 in
1260 350 1479 390 aeternum.
1910 344 1912 347 ”

1241 422 1302 463 In
1328 421 1389 462 11.
1415 423 1665 474 vesperis.

1103 481 1238 516 Omnia
1256 481 1326 515 dic.
1344 486 1385 516 ut
1403 482 1439 515 in
1456 481 1481 515 Ι.
1493 480 1708 524 Vesp.[133]
1725 485 1863 523 practer

1093 528 1142 580 V.
1162 532 1352 583 Dignare
1370 545 1440 574 me
1458 531 1637 574 laudare
1655 538 1710 583 te,
1725 532 1864 584 Virgo

1042 591 1223 630 sacrata.
1260 591 1309 643 R.
1330 589 1400 630 Da
1418 588 1523 629 mihi
1541 589 1746 631 virtutem
1764 602 1863 630 con-

1041 650 1109 687 tra
1126 645 1276 687 hostes
1294 651 1406 688 tuos.

1094 706 1163 747 Ad
1184 707 1355 757 Magnis.
1380 708 1477 748 Ant.
1510 708 1687 747 Beatam
1709 719 1778 747 me
1803 705 1863 747 di-

1042 766 1141 803 cent
1172 763 1196 789 *
1229 774 1379 803 omnes
1408 763 1728 813 generationes,
1765 762 1866 814 quia

1043 818 1242 860 ancillam
1260 818 1467 860 humilem
1486 819 1678 872 respexit
1695 819 1826 860 Deus.

937 898 1095 924 4035*ss

441 965 760 1016 OFFICIUM
792 965 850 1013 B.
884 961 1120 1012 MARIAE
1154 961 1223 1010 IN
1257 961 1587 1010 SABBATO.

218 1074 403 1115 Omnibus
424 1075 604 1110 Sabbatis
624 1085 693 1119 per
717 1084 867 1117 annum,
894 1084 988 1117 prae-

164 1127 337 1166 terquam
376 1123 415 1157 in
452 1123 624 1164 Quatuor
657 1122 913 1166 Temporibus
954 1125 989 1155 et

165 1170 335 1213 Vigiliis,
366 1175 402 1205 et
428 1171 505 1208 nisi
534 1171 711 1206 Officium
739 1170 820 1204 fieri
851 1170 989 1204 debeat

166 1218 212 1253 de
227 1219 349 1262 Feria,
366 1223 525 1262 propter
541 1219 717 1254 Officium
733 1218 895 1261 alicujus
912 1217 987 1252 Do-

164 1266 315 1301 minicae
333 1267 431 1301 infra
446 1267 741 1302 Hebdomadam
755 1265 988 1310 ponendum,

165 1318 206 1348 ut
227 1314 367 1349 dicitur
386 1315 425 1349 in
441 1315 609 1350 Rubrica
630 1315 677 1349 de
694 1314 923 1355 Dominicis;
946 1323 989 1347 ac

165 1362 241 1396 nisi
258 1362 397 1397 festum
412 1373 552 1398 novem
564 1362 789 1397 Lectionum
805 1365 989 1402 occurrat,

166 1410 207 1444 fit
239 1410 415 1445 Officium
451 1411 497 1445 de
535 1415 667 1445 saneta
699 1410 836 1451 Maria,
873 1409 988 1443 modo

166 1458 422 1502 infrascripto.

216 1506 260 1540 In
288 1507 474 1550 Vesperis
504 1507 627 1541 Feriae
658 1510 779 1541 sextae
812 1506 990 1540 dicuntur

166 1554 310 1589 Psalmi
330 1555 483 1589 feriales
499 1554 538 1589 in
555 1554 745 1589 Psalterio
763 1553 893 1597 positi,
913 1553 989 1587 nisi

166 1602 280 1637 fuerit
303 1602 441 1637 festum
465 1612 605 1637 novem
628 1602 869 1637 Lectionum:
900 1601 989 1644 quia

165 1654 255 1685 tunc
279 1650 327 1685 de
351 1654 484 1685 sancta
503 1650 625 1685 Maria
649 1651 689 1684 fit
712 1653 859 1684 tantum
879 1649 989 1683 Com-

166 1698 391 1733 memoratio
408 1698 447 1732 in
465 1698 578 1733 dictis
591 1698 776 1741 Vesperis
794 1707 878 1732 cum
891 1697 989 1739 Ant..

166 1741 212 1787 V.
237 1750 274 1780 et
296 1745 488 1790 Oratione,
509 1750 551 1781 ut
574 1745 687 1780 infra:
714 1755 800 1790 quae
822 1745 989 1780 Comem.

168 1793 363 1837 omittitur,
385 1794 539 1838 quando
560 1794 673 1828 Feria
694 1797 804 1828 sexta
825 1792 990 1827 occurrit

168 1841 274 1876 aliud
298 1841 470 1885 ejusdem
491 1842 533 1877 B.
557 1842 690 1876 Mariae
714 1840 901 1876 Officium.

220 1898 439 1943 Capitulum
469 1904 505 1933 et
532 1899 708 1942 Hymnus
740 1903 780 1932 ut
812 1898 849 1931 in
882 1897 990 1931 festis

167 1947 208 1981 B.
232 1947 279 1981 M.
303 1947 347 1980 V.
375 1945 466 1989 [135]

220 1998 269 2050 ΧΤ.
305 2001 476 2044 Diffusa
513 2006 579 2044 est
614 2001 754 2053 gratia
788 2000 831 2041 in
866 1999 993 2042 labiis

168 2060 266 2102 tuis.
316 2061 366 2112 Rt.
406 2059 648 2111 Propterea
687 2056 911 2100 benedixit
949 2061 993 2098 te

168 2117 289 2158 Deus
316 2116 362 2156 in
388 2117 608 2157 aeternum.

222 2185 291 2226 Ad
310 2186 482 2236 Magnis.
502 2187 600 2226 Ant.
630 2186 771 2226 Beata
787 2182 944 2231 Mater,
969 2181 992 2207 *

171 2247 214 2284 et
240 2242 403 2284 intacta
424 2242 580 2293 Virgo,
609 2240 801 2293 gloriosa
824 2239 994 2288 Regina

168 2298 328 2350 mundi,
346 2298 569 2341 intercede
587 2311 668 2351 pro
687 2296 815 2339 nobis
835 2294 891 2336 ad
905 2294 992 2335 Do-

169 2368 342 2397 minum.

221 2410 272 2462 Ys-
311 2419 524 2461 Deminus
564 2418 803 2461 vobiscum.
847 2418 896 2469 Rz.
936 2413 994 2455 Et

172 2488 271 2516 cum
297 2476 453 2528 spiritu
478 2479 567 2517 tuo.

502 2542 664 2582 Oratio.

176 2604 455 2668 ffifgi.3''4oncede
468 2617 549 2646 nos
563 2602 749 2645 famulos
764 2607 874 2650 tuos,
887 2601 995 2651 quae-

177 2699 179 2701 ,
198 2663 282 2702 «ἄιε-ω
306 2673 452 2702 sumus
474 2660 661 2702 Demine
679 2660 814 2708 DeUS,
839 2656 992 2719 perpe-

180 2713 188 2725 ,-
210 2703 273 2720 ‘'x-J„

223 2711 275 2739 Ψ
304 2722 380 2758 tua
404 2717 562 2758 mentis
590 2721 634 2758 et
660 2713 856 2768 cerporis
885 2725 992 2753 sani-

326 2859 390 2884 Pars
406 2859 574 2884 Autumnalis.

301 2901 312 2914 ο

1040 1075 1131 1115 tate
1167 1072 1375 1124 gaudere:
1414 1077 1457 1115 et
1494 1072 1684 1124 gloriesa
1722 1073 1866 1115 beatae

1041 1130 1191 1170 Mariae
1227 1142 1399 1182 semper
1431 1129 1624 1180 Virginis
1661 1129 1864 1171 interces-

1043 1185 1180 1236 siene,
1205 1199 1230 1226 a
1253 1185 1460 1239 praesenti
1482 1185 1659 1227 liberari
1680 1186 1865 1236 tristitia,

1044 1246 1086 1283 et
1109 1243 1272 1283 aeterna
1293 1242 1457 1295 perfrui
1479 1241 1641 1283 laetitia.
1672 1242 1756 1283 Per
1777 1242 1864 1283 De-

1041 1297 1205 1339 minum
1222 1303 1431 1340 nostrum.

1095 1382 1189 1416 Post
1218 1381 1317 1416 Orat.
1349 1381 1442 1414 fiunt
1472 1380 1864 1414 Commemoratione<

1044 1434 1238 1464 consuetae
1262 1430 1309 1463 de
1337 1429 1371 1463 S.
1398 1429 1560 1471 Joseph,
1591 1428 1637 1462 dc
1662 1428 1863 1471 Apostolis
1913 1462 1915 1466 .

1044 1482 1079 1511 et
1104 1478 1150 1512 de
1174 1478 1283 1511 Pace.
1313 1475 1385 1510 125.

1094 1533 1134 1567 Si
1159 1538 1284 1567 autem
1310 1536 1483 1566 occurrat
1507 1531 1661 1565 Festum
1683 1530 1864 1574 Simplex,

1043 1581 1089 1615 de
1115 1591 1159 1615 eo
1184 1581 1225 1614 fit
1249 1581 1415 1615 Cofflem.
1441 1584 1527 1613 ante
1554 1579 1640 1622 ipsa
1665 1578 1863 1620 Suffragia.
1912 1588 1914 1605 1

1093 1632 1394 1676 Completorium
1416 1636 1456 1665 ut
1477 1631 1513 1664 in
1532 1631 1730 1665 Psaltcrio.
1760 1630 1806 1663 Et
1827 1630 1864 1662 in

1042 1682 1115 1715 fine
1146 1681 1287 1724 Hymni
1325 1679 1379 1712 Te
1408 1677 1506 1712 lucis
1538 1681 1624 1712 ante
1654 1677 1865 1721 terminum,
1912 1686 1914 1690 ’

1043 1729 1183 1763 dicitur

1126 1785 1236 1833 Jesu,
1255 1782 1334 1824 tibi
1354 1782 1408 1824 sit
1426 1781 1575 1833 gloria,

1174 1839 1258 1890 Qui
1274 1843 1401 1880 natus
1420 1851 1467 1880 es
1486 1837 1541 1880 de
1559 1837 1751 1889 Virgine.

1045 1915 1194 1950 etiamsi
1216 1915 1254 1948 in
1271 1914 1386 1957 Vesp.
1404 1914 1504 1947 facta
1526 1913 1575 1946 sit
1596 1916 1741 1946 tantum
1758 1912 1862 1946 Com.

1045 1964 1091 1998 de
1117 1963 1158 1997 B.
1182 1963 1318 2005 Maria,
1348 1962 1423 1996 nisi
1447 1961 1590 2005 Hymni
1620 1960 1723 1994 illius
1748 1959 1862 1997 Festi,

1045 2012 1149 2055 quod
1172 2011 1283 2045 Feria
1307 2010 1369 2044 VI.
1399 2010 1631 2044 celebratum
1654 2012 1725 2050 est,
1755 2007 1864 2042 aliter

1045 2059 1299 2094 concludendi
1332 2058 1424 2095 sint.
1460 2061 1499 2091 ut
1533 2057 1571 2090 in
1602 2056 1864 2098 Transfigura-

1044 2108 1147 2142 tione
1169 2106 1334 2141 Domini.

1203 2205 1290 2247 Ad
1324 2204 1706 2246 matutinum.

1098 2287 1220 2327 Invit.
1255 2287 1347 2326 Ave
1374 2283 1527 2334 Maria,
1560 2282 1701 2333 gratia
1727 2281 1866 2334 plena,

1046 2346 1068 2369 *¹
1088 2342 1302 2384 Dominus
1320 2345 1475 2382 tecum.

1096 2409 1163 2448 Ps.
1192 2408 1356 2456 Venite,
1376 2405 1651 2448 exsultemus.
1669 2405 1706 2445 2.

1353 2476 1561 2527 Hymnus.

1182 2550 1282 2579 uem
1300 2541 1427 2586 terra,
1446 2539 1619 2588 pontus,
1639 2533 1783 2575 sidera

1212 2593 1380 2643 Colunt,
1400 2591 1596 2640 aderant,
1614 2589 1865 2643 praedicant,

1149 2651 1327 2692 Trinam
1346 2650 1568 2700 regentem
1587 2645 1839 2693 machinam,

1150 2708 1397 2749 Claustrum
1415 2706 1564 2746 Mariae
1583 2702 1754 2754 bajulat.
