2040 2944
185 214 238 249 80

188 320 342 350 carnes
371 308 622 347 sanctorum
650 304 827 344 tuerum
856 301 1011 343 bestiis

187 370 328 406 terrae.

239 419 496 460 Effuderunt
550 415 805 466 sanguinem
860 416 1012 455 eerum

187 482 409 527 tamquam
433 485 590 524 aquam
615 472 658 511 in
686 471 873 512 circuitu
891 470 915 510 J
919 473 1012 510 eru-

188 532 340 573 salem:
360 533 382 557 *
403 534 445 570 et
464 541 553 569 non
574 533 667 569 erat
694 528 769 578 qui
795 526 1013 579 sepeliret.

239 587 360 628 Facti
398 598 549 626 sumus
587 583 878 636 opprObrium
912 582 1013 623 vici-

188 644 255 684 nis
283 642 460 683 nostris:
489 643 512 667 *
533 639 818 681 subsannatio
848 644 892 679 et
920 638 1013 678 illu-

188 700 252 740 sio
271 698 349 747 his,
371 698 444 749 qui
466 698 509 737 in
528 697 714 737 circuitu
730 700 883 736 nostro
902 699 1014 735 sunt.

239 755 479 805 Usquequo
512 753 700 793 Domine
735 751 938 792 irasceris
970 751 1014 790 in

187 811 337 851 finem:
374 812 396 836 *
436 808 700 850 accendetur
742 807 861 848 velut
901 806 1014 857 ignis

187 867 307 908 zelus
335 865 463 907 tuus?

241 922 427 963 Effunde
462 922 572 962 iram
604 926 726 962 tuam
759 920 801 960 in
837 920 1014 968 Gentes,

190 992 288 1030 quae
330 984 374 1020 te
416 990 504 1019 non
547 979 786 1018 noverunt:
829 978 852 1002 *
890 981 932 1017 et
971 975 1015 1015 in

189 1048 334 1085 regna,
355 1047 452 1085 quae
472 1046 631 1074 nomen
650 1038 775 1073 tuum
790 1045 877 1073 non
896 1033 1015 1072 invo-

190 1093 408 1132 caverunt:

243 1147 355 1196 Quia
374 1145 662 1187 comederunt
681 1144 834 1186 Jacob:
854 1147 877 1171 *
893 1150 935 1186 et
955 1145 1015 1185 lo-

190 1216 289 1244 cum
318 1204 408 1254 ejus
438 1201 760 1243 desolaverunt.

242 1259 311 1300 Ne
343 1258 592 1299 memineris
630 1257 910 1308 iniquitatum
942 1270 1016 1297 no-

192 1317 381 1356 strarum
415 1314 710 1365 antiquarum,
744 1313 832 1354 cito
867 1313 1016 1354 antici-

191 1376 297 1423 pent
317 1383 397 1412 nos
418 1369 733 1411 misericordiae
753 1375 859 1410 tuae:
875 1371 898 1396 *
915 1370 1017 1421 quia

192 1430 410 1479 pauperes
438 1426 542 1466 facti
571 1439 720 1466 sumus
748 1426 888 1466 nimis.

244 1483 416 1534 Adjuva
451 1494 533 1523 nos
562 1482 682 1523 Deus
712 1482 916 1523 salutaris
944 1494 1018 1522 no-

193 1544 298 1580 ster:
324 1544 367 1580 et
394 1543 576 1591 propter
610 1538 796 1589 gluriam
829 1538 1019 1579 nominis
1059 1568 1065 1575 .

193 1596 257 1636 tui
285 1595 474 1636 Dumine
501 1594 639 1635 libera
667 1607 765 1635 nos:
794 1597 817 1621 *
850 1599 892 1635 et
919 1607 1018 1646 pro—

193 1651 327 1704 pitius
361 1656 455 1692 esto
488 1651 683 1703 peccatis
715 1651 895 1700 nostris,
928 1664 1020 1703 pro-

194 1713 292 1760 pter
320 1720 479 1748 nomen
508 1712 646 1748 tuum:

245 1764 313 1804 Ne
333 1763 444 1804 forte
463 1763 611 1804 dicant
629 1764 673 1803 in
687 1763 919 1804 Gentibus:
933 1763 1020 1805 Ubi

196 1824 262 1860 est
288 1820 410 1860 Deus
446 1818 622 1860 eurum?
653 1821 676 1846 *
705 1825 748 1860 et
775 1820 1021 1861 innotescat

195 1876 238 1915 in
255 1875 506 1916 nationibus
522 1888 671 1916 coram
689 1875 828 1916 oculis
847 1876 1021 1917 nostris.

247 1931 367 1972 Ultio
406 1932 628 1981 sanguinis
664 1933 892 1972 servorum
926 1934 1020 1973 tuo-

196 2000 308 2036 rum,
346 1987 421 2038 qui
456 1987 619 2028 effusus
655 1992 741 2028 est:
773 1989 796 2014 *
832 1988 1022 2029 introeat

197 2043 240 2083 in
268 2045 510 2095 conspectu
536 2049 613 2084 tuo
632 2043 820 2093 gemitus
848 2056 1021 2096 compe-

198 2098 399 2140 ditorum.

249 2155 452 2196 Secundu
479 2155 825 2206 magnitudinem
853 2156 1023 2198 brachii

198 2211 272 2259 tui,
283 2213 306 2238 *
317 2211 498 2263 posside
515 2211 630 2253 filios
646 2212 1031 2254 mortificatorum:

251 2267 306 2307 Et
334 2267 470 2309 redde
499 2268 654 2309 vicinis
682 2269 847 2310 nostris
878 2271 1023 2321 septu-

199 2322 321 2374 plum
355 2323 398 2363 in
432 2324 527 2364 sinu
561 2326 728 2365 eorum:
755 2325 1024 2378 &imprope-

201 2378 313 2419 rium
339 2378 552 2430 ips6rum,
586 2380 705 2432 quod
733 2381 1024 2433 exprobrave-

201 2439 303 2475 runt
329 2433 409 2475 tibi
437 2435 636 2477 Demine.
689 2455 702 2467 ·

252 2489 348 2530 Nos
365 2495 510 2531 autem
526 2492 717 2543 pupulus
734 2498 846 2543 tuus,
864 2499 907 2535 et
919 2507 1026 2535 oves

202 2547 380 2598 pascuae
400 2551 498 2596 tuae‚
518 2549 541 2573 *
562 2549 868 2591 confitebimur
884 2549 962 2591 tibi
983 2550 1026 2590 in

203 2601 424 2642 saeculum.

255 2658 304 2697 In
340 2659 666 2708 generationem
707 2667 750 2702 et
784 2663 1027 2712 generatio-

204 2726 302 2754 nem
320 2715 343 2740 *
360 2715 681 2757 anuntiabimus
702 2716 877 2760 laudem
895 2723 1027 2760 tuam.

740 213 846 246 Fcria
873 212 1002 254 quium
1033 211 1078 244 aid
1108 210 1343 243 Matutinum.

1340 301 1539 341 l’salmus
1569 301 1632 340 79.

1152 357 1196 397 ui
1225 357 1341 407 regis
1369 355 1518 404 Israel,
1546 354 1740 396 intende:
1767 356 1792 382 *
1821 354 1896 406 qui

1168 412 1351 454 deducis
1379 412 1501 454 velut
1529 423 1658 453 ovem
1685 410 1866 463 Joseph.

1117 469 1202 519 Qui
1238 469 1367 510 sedes
1411 480 1545 521 super
1583 466 1838 516 Cherubim,
1872 469 1897 494 *

1063 526 1344 567 manifestare
1369 538 1519 567 coram
1541 523 1764 577 Ephraim,
1784 523 1894 564 Ben-

1065 582 1195 634 iamin
1225 587 1268 623 et
1297 582 1512 622 Manasse.

1117 639 1273 679 Excita
1283 638 1527 691 potentiam
1541 643 1673 687 tuam,
1691 641 1735 679 et
1750 636 1862 686 veni,
1874 638 1897 663 *¹

1065 700 1113 736 ut
1142 695 1290 736 salvos
1319 695 1453 736 facias
1478 707 1572 735 nos.

1117 751 1239 792 Deus
1260 753 1470 792 converte
1490 762 1585 791 nos:
1605 752 1628 777 *
1647 755 1691 792 et
1711 748 1898 791 ostende

1066 807 1223 848 faciem
1252 812 1385 857 tuam,
1406 812 1458 848 et
1487 807 1598 847 salvi
1620 806 1793 847 erimus.

1117 863 1310 904 Domine
1338 864 1459 904 Deus
1488 863 1714 912 virtutum,
1740 864 1764 889 *
1793 874 1899 913 quo-

1066 923 1208 971 usque
1242 920 1447 961 irasceris
1481 932 1615 972 super
1650 918 1899 959 oratic'mem

1068 976 1184 1017 servi
1211 974 1301 1017 tui?

1120 1031 1300 1073 Cibabis
1321 1045 1402 1073 nos
1422 1045 1537 1084 pane
1561 1031 1857 1072 lacrimarum:
1877 1031 1900 1057 *

1069 1095 1112 1130 et
1140 1093 1295 1141 potum
1323 1088 1451 1130 dabis
1476 1088 1607 1130 nobis
1634 1087 1678 1128 in
1706 1087 1899 1128 lacrimis

1068 1146 1112 1186 in
1141 1144 1372 1186 mensura?

1120 1201 1316 1243 Posuisti
1334 1213 1416 1242 nos
1437 1202 1481 1241 in
1501 1201 1903 1243 contradictionem

1069 1258 1224 1299 vicinis
1266 1258 1447 1299 nostris:
1479 1259 1503 1285 *
1540 1262 1584 1299 et
1622 1257 1788 1298 inimici
1828 1268 1903 1297 no-

1071 1314 1151 1355 stri
1179 1313 1561 1355 subsannaverunt
1587 1327 1680 1355 nos.

1122 1371 1244 1411 Deus
1273 1370 1487 1411 virtutum
1516 1372 1727 1411 converte
1755 1382 1852 1411 nos:
1880 1371 1904 1397 *

1072 1431 1116 1468 et
1145 1426 1332 1468 ostende
1360 1426 1519 1468 faciem
1546 1432 1685 1476 tuam,
1720 1431 1764 1468 et
1790 1426 1905 1467 salvi

1072 1483 1246 1524 erimus.

1123 1539 1311 1581 Vineam
1332 1539 1387 1581 de
1402 1540 1602 1592 AEgypto
1623 1539 1906 1581 transtulisti:

1072 1597 1095 1622 *
1116 1595 1282 1647 ejecisti
1302 1595 1481 1646 Gentes,
1503 1601 1546 1637 et
1566 1596 1779 1648 plantasti
1798 1608 1907 1638 eam.

1124 1652 1226 1692 Dux
1251 1652 1421 1693 itineris
1446 1652 1567 1693 fuisti
1593 1652 1638 1692 in
1662 1654 1907 1705 conspectu

1074 1709 1181 1759 ejus:
1214 1710 1238 1735 *
1265 1708 1478 1760 plantasti
1511 1708 1684 1750 radices
1718 1709 1827 1761 ejus,
1861 1713 1905 1750 et

1073 1764 1274 1816 implevit
1302 1770 1477 1806 terram.

1127 1820 1314 1872 Operuit
1347 1826 1522 1862 montes
1556 1821 1714 1862 umbra
1745 1821 1854 1873 ejus:
1882 1822 1906 1848 *

1075 1882 1118 1918 et
1143 1876 1324 1918 arbusta
1353 1878 1444 1929 ejus
1473 1877 1633 1919 cedros
1661 1877 1756 1919 Dei.

1127 1933 1338 1975 Extendit
1377 1934 1584 1986 palmites
1621 1946 1726 1975 suos
1765 1946 1907 1986 usque

1075 1989 1132 2030 ad
1168 2002 1305 2031 mare:
1337 1991 1361 2017 *
1397 1994 1440 2031 et
1477 2003 1618 2042 usque
1655 1989 1714 2032 ad
1745 1990 1908 2031 flumen

1075 2046 1343 2098 propagines
1372 2047 1473 2098 ejus.
1562 2085 1565 2089 .

1127 2102 1187 2144 Ut
1225 2102 1332 2154 quid
1370 2102 1630 2144 destruxisti
1670 2102 1908 2144 maceriam

1077 2159 1182 2210 ejus:
1202 2160 1225 2186 *
1249 2163 1292 2200 et
1317 2159 1589 2201 vindemiant
1617 2172 1714 2201 eam
1743 2171 1908 2208 omnes,

1077 2215 1151 2266 qui
1179 2215 1606 2267 praetergrediuntur
1634 2214 1775 2258 viam?
1938 2217 1944 2222 “

1128 2271 1452 2313 Exterminavit
1468 2285 1565 2314 eam
1585 2284 1692 2324 aper
1707 2271 1763 2313 de
1780 2271 1907 2312 silva:

1077 2329 1100 2354 *
1119 2332 1162 2368 et
1191 2327 1424 2378 singularis
1453 2329 1570 2370 ferus
1600 2328 1812 2380 depastus
1841 2332 1910 2369 est

1079 2396 1186 2425 eam.

1130 2440 1252 2481 Deus
1281 2441 1494 2482 virtutum
1516 2442 1791 2482 convertere:
1807 2442 1831 2467 *
1845 2442 1909 2481 re-

1079 2496 1200 2548 spice
1229 2496 1285 2538 de
1314 2497 1448 2546 coelo,
1484 2501 1528 2539 et
1556 2496 1674 2546 vide,
1707 2501 1751 2538 et
1779 2497 1910 2538 visita

1079 2554 1252 2593 vineam
1281 2553 1422 2594 istam.

1133 2609 1189 2649 Et
1210 2609 1375 2660 perfice
1403 2621 1511 2658 eam,
1537 2621 1667 2660 quam
1692 2608 1910 2661 plantavit

1081 2663 1264 2705 dextera
1292 2667 1417 2705 tuaz*
1434 2669 1478 2706 et
1506 2677 1639 2717 super
1666 2665 1806 2706 filium
1835 2665 1910 2706 ho-

1080 2720 1222 2770 minis,
1251 2733 1382 2773 quem
1410 2721 1682 2763 confirmasti
1710 2720 1802 2763 tibi.
