2040 2944
516 162 588 196 Die
614 162 668 195 io.
696 160 885 194 Octobris.
931 158 965 192 S.
991 136 1189 192 francisci
1217 157 1369 199 Boi-giac-
1396 156 1503 189 (tons.

154 262 376 305 Christum
407 261 646 302 Dominum
677 258 984 305 resurrexisse,

155 323 199 361 et
217 320 416 360 mortuos
436 329 589 359 omnes
607 316 652 356 in
669 315 804 356 vitam
821 312 982 355 reditu-

154 388 228 417 ros
253 387 365 417 esse:
391 387 491 415 cum
517 373 589 414 alii
610 371 747 421 multi,
769 375 864 412 tum
887 369 984 422 ipse

154 431 391 484 Dionysius
409 431 454 471 in
474 430 695 472 Christum
715 426 914 469 credidit.

206 492 257 543 Κ.
288 488 435 529 Sancti
467 487 532 529 tui
558 484 748 527 Domine
782 482 982 524 mirabile

154 544 381 588 consecuti
394 547 495 585 sunt
507 543 601 591 iter,
616 541 858 583 servientes
871 552 983 592 prae-

153 601 293 655 ceptis
320 601 423 650 tuis,
453 604 503 641 ut
531 597 828 640 invenirentur
856 595 984 636 illaesi

152 659 196 700 in
222 658 347 710 aquis
367 655 537 706 validis3
565 658 588 682 *
613 655 754 697 Terra
778 653 984 706 apparuit

154 714 287 764 arida,
308 718 352 756 et
370 714 415 754 in
428 713 538 754 Mari
558 711 692 754 rubro
707 711 778 753 via
798 710 890 751 sine
905 709 981 750 im-

152 771 418 825 pedimento.
454 766 503 818 V.
527 768 745 819 Quoniam
763 765 983 820 percussit

153 832 337 882 petram,
364 831 407 868 et
430 826 649 868 fluxerunt
669 837 808 877 aquae,
834 828 878 865 et
895 827 982 864 tor-

153 886 300 926 rentes
319 883 650 925 inundaverunt.
678 882 827 923 Terra.

461 940 613 981 Lectio
636 954 671 979 v.

201 1002 334 1050 taque
360 1001 403 1039 et
426 996 677 1048 baptizatus
702 999 769 1037 est
789 994 843 1036 ab
864 994 983 1046 Apo-

226 1053 351 1105 stolo,
372 1058 416 1095 et
431 1052 765 1094 Atheniensium
786 1050 983 1093 ecclesiae

154 1111 404 1165 praefectus.
460 1110 544 1160 Qui
575 1122 675 1151 cum
707 1110 865 1161 postea
896 1108 983 1148 Ro-

154 1180 271 1209 mam
297 1169 502 1216 venisset,
530 1179 556 1207 a
585 1166 810 1208 Clemente
837 1165 984 1206 Ponti·

155 1224 238 1266 fice
263 1224 422 1265 missus
450 1228 518 1265 est
544 1223 589 1264 in
615 1222 804 1264 Galliam
826 1221 984 1274 praedi-

155 1280 284 1323 cendi
307 1280 533 1332 Evangelii
560 1292 702 1322 causa.
739 1280 880 1329 Quem
902 1278 984 1319 Lu-

154 1337 307 1379 tetiam
328 1346 471 1389 usque·
488 1336 756 1378 Parisiorum
775 1335 985 1377 Rusticus

154 1395 399 1448 presbyter,
419 1399 463 1436 et
477 1393 756 1435 Eleutherius
773 1393 985 1434 diaconus

155 1451 382 1504 prosecuti
419 1455 535 1492 sunt:
570 1450 646 1492 ubi
682 1463 708 1491 a
741 1449 984 1491 Fescennio

155 1508 379 1560 praefecto,
400 1507 521 1560 quod
539 1507 703 1548 multos
720 1506 776 1548 ad
791 1506 984 1548 christia-

154 1577 256 1605 nam
279 1564 535 1615 religionem
559 1565 860 1613 convertisset,
889 1563 985 1615 ipse

156 1633 255 1662 cum
279 1621 411 1663 sociis
437 1621 571 1672 virgis
597 1633 739 1662 caesus
764 1625 846 1661 est:
871 1633 985 1661 cum-

157 1690 242 1729 que
266 1678 310 1718 in
332 1677 650 1730 praedicatione
670 1676 919 1718 christianae
938 1676 986 1717 fi-

159 1733 231 1775 dei
246 1734 599 1776 constantissime
613 1735 929 1786 perseveraret,
943 1733 988 1774 in

159 1790 414 1832 craticulam
441 1790 638 1842 subjecto
664 1791 764 1842 igne
788 1790 987 1842 injicitur,

158 1847 394 1899 multisque
418 1849 638 1900 praeterea
656 1846 882 1900 suppliciis
901 1859 989 1888 una

160 1915 260 1944 cum
278 1904 410 1945 sociis
430 1904 660 1946 cruciatur.

210 1964 262 2016 R.
274 1960 473 2002 Verbera
487 1961 740 2002 carnificum
756 1973 845 2002 non
862 1960 987 2003 timu-

159 2017 286 2058 erunt
318 2017 459 2058 sancti
492 2018 595 2067 Dei,
631 2017 868 2058 morientes
905 2030 987 2070 pro

159 2072 322 2115 Christi
348 2074 539 2123 nomine,
569 2074 592 2098 *
618 2074 678 2115 Ut
709 2073 909 2115 haeredes
941 2074 987 2114 fi-

160 2134 283 2172 erent
299 2130 343 2171 in
369 2129 503 2172 domo
522 2130 710 2172 Domini.
754 2126 804 2176 V.
834 2129 986 2172 Tradi-

160 2186 318 2230 derunt
337 2191 526 2241 corpora
545 2200 624 2229 sua
642 2192 825 2240 propter
844 2187 988 2228 Deum

160 2243 218 2286 ad
236 2245 462 2298 supplicia.
490 2245 550 2287 Ut
568 2244 779 2286 haeredes.

459 2299 611 2340 Lectio
635 2299 687 2338 vi.

160 2349 286 2457 Sed
343 2370 395 2399 ea
449 2359 771 2399 tormentorum
827 2358 989 2407 genera

256 2414 456 2456 omnibus
478 2415 581 2456 forti
601 2427 651 2455 ac
670 2413 822 2455 libenti
843 2413 988 2455 animo

159 2470 479 2522 perferentibus
490 2503 499 2521 ,
548 2470 787 2523 Dionysius
829 2483 990 2511 annum
1045 2485 1056 2523 ςῆ
1094 2514 1100 2522 ,,
1128 2520 1135 2528 .

161 2539 294 2577 agens
313 2540 446 2580 supra
463 2528 760 2575 centesimum,
776 2539 875 2568 cum
894 2526 988 2567 reli·
1046 2527 1056 2582 ἰξ
1094 2553 1101 2565 «ι
1113 2524 1153 2582 ᾆξ

163 2583 259 2634 quis
275 2584 418 2625 securi
426 2585 669 2637 percutitur
686 2584 872 2636 septimo
883 2582 989 2625 Idus
1046 2584 1059 2606 ¹²

162 2639 380 2682 Octobris.
418 2641 487 2682 De
516 2654 603 2694 quo
630 2640 740 2682 illud
766 2638 990 2682 memoriae

160 2696 388 2749 proditum
406 2702 486 2748 est,
512 2697 757 2740 abscissum
774 2710 902 2739 suum
922 2709 989 2738 ca-

1035 258 1116 307 put
1148 252 1396 303 sustulisse,
1431 257 1474 294 et
1501 254 1789 305 progressum
1814 251 1870 294 ad

1037 310 1126 353 duo
1142 309 1277 351 millia
1291 312 1503 362 passuum
1522 310 1566 351 in
1579 309 1783 351 manibus
1798 322 1867 360 ge-

1038 369 1189 409 stasse.
1208 365 1369 407 Libros
1384 366 1561 419 scripsit
1575 366 1869 416 admirabiles,

1038 437 1089 465 ac
1115 423 1245 476 plane
1275 422 1497 472 coelesteS,
1531 422 1586 465 de
1610 422 1770 464 divinis
1794 435 1868 464 no-

1037 479 1238 529 minibus,
1253 478 1309 521 de
1325 478 1495 521 coelesti
1510 485 1554 521 et
1570 479 1870 522 ecclesiastica

1035 535 1294 586 hierarchia,
1306 534 1362 577 de
1376 536 1563 588 mystica
1575 536 1810 587 theologia,
1827 541 1870 577 et

1038 593 1148 635 alios
1170 591 1399 645 quosdam.

1091 655 1140 705 R.
1158 650 1404 702 Tamquam
1424 663 1589 691 aurum.
1617 650 1694 703 [41]

1093 717 1136 750 In
1161 716 1225 749 ΙΙΙ.
1250 716 1449 749 Nocturno
1471 716 1638 749 Homilia
1664 716 1699 749 in
1723 717 1868 759 Evang.

1039 763 1235 799 Attendite
1261 774 1283 798 a
1306 763 1504 800 fermento.
1531 764 1577 798 de
1605 765 1741 798 codem
1766 766 1870 799 Com.

1038 814 1068 847 3.
1094 813 1191 847 loco.
1218 811 1287 855 [47]

1091 861 1207 903 Yesp.
1227 872 1247 894 a
1269 860 1393 903 Capit.
1413 860 1458 894 dc
1475 871 1592 903 sequ„
1611 871 1694 894 cum
1714 863 1871 895 comem.

1040 909 1204 953 praeccd.

1239 994 1324 1036 Die
1352 995 1418 1035 10.
1447 994 1666 1036 Octobris.

1101 1055 1143 1097 S.
1170 1054 1428 1096 Francisci
1454 1054 1654 1104 Borgiae
1690 1057 1811 1097 Conf.

1327 1111 1589 1155 Semiduplex.

1095 1162 1231 1197 Omnia
1256 1163 1302 1197 de
1322 1163 1426 1197 Com.
1446 1164 1555 1198 Conf.
1578 1175 1656 1199 non
1673 1165 1781 1200 Pont.
1799 1165 1868 1210 [67]

1042 1216 1183 1255 praetcr
1208 1222 1313 1255 sequ.
1338 1212 1398 1256 (m.
1416 1216 1439 1248 t.
1457 1213 1506 1256 v.)

1377 1263 1542 1303 Oratio.

1133 1322 1277 1364 omine
1302 1321 1327 1362 J
1330 1334 1408 1362 esu
1436 1321 1628 1372 Christe,
1659 1335 1776 1364 verae
1795 1323 1871 1364 hu-

1134 1378 1332 1419 militatis
1358 1382 1401 1419 et
1431 1378 1670 1430 exemplar,
1699 1383 1743 1421 et
1761 1382 1870 1432 prae-

1038 1436 1192 1477 mium:
1222 1436 1493 1487 qua'esumus3
1528 1440 1592 1484 ut,
1630 1436 1744 1478 sicut
1772 1436 1872 1478 bea-

1039 1498 1132 1535 tum
1150 1493 1434 1533 Franciscum
1453 1492 1493 1532 in
1511 1493 1675 1534 terreni
1691 1492 1872 1535 honoris

1041 1551 1299 1601 contemptu
1325 1548 1594 1590 imitatorem
1623 1549 1687 1590 tui
1711 1549 1871 1601 glorio-

1042 1619 1139 1647 sum
1159 1605 1358 1655 effecisti,
1383 1605 1444 1647 ita
1463 1618 1544 1646 nos
1566 1605 1762 1657 ejusdem
1780 1606 1871 1647 imi-

1040 1662 1218 1704 tationis
1238 1667 1282 1704 et
1300 1661 1452 1712 gloriae
1471 1661 1639 1703 tribuas
1660 1675 1757 1705 esse
1773 1676 1872 1704 con-

1042 1721 1202 1760 sortes:
1232 1719 1316 1769 Qui
1335 1718 1446 1759 vivis
1467 1723 1512 1760 et
1533 1731 1701 1770 regnas.

1095 1780 1141 1814 Et
1162 1781 1202 1814 fit
1228 1790 1423 1813 commem.
1450 1780 1614 1823 praeced.

1097 1827 1195 1869 Ant.
1234 1826 1440 1869 Gaudent
1477 1828 1522 1868 in
1559 1828 1683 1870 coelis
1717 1829 1872 1870 animae

1043 1887 1316 1935 sanctorum,
1366 1885 1440 1937 qui
1484 1884 1647 1927 Christi
1688 1886 1873 1936 vestigia

1043 1948 1143 1984 sunt
1165 1941 1323 1983 secuti:
1343 1947 1386 1983 et
1403 1941 1503 1994 quia
1519 1955 1601 1995 pro
1617 1943 1707 1994 ejus
1723 1945 1873 1984 amore

1043 1999 1299 2049 sanguinem
1339 2012 1466 2040 suum
1507 1998 1732 2049 fuderunt,
1771 1999 1872 2041 ideo

1043 2068 1142 2097 cum
1162 2055 1337 2097 Christo
1356 2055 1578 2097 exsultant
1599 2055 1692 2096 sine
1711 2055 1809 2097 fine.

1096 2106 1146 2158 V.
1171 2112 1466 2154 Exsultabunt
1490 2112 1629 2153 sancti
1655 2112 1699 2152 in
1723 2113 1873 2164 gloria.

1043 2170 1093 2222 R.
1111 2167 1399 2211 Laetabuntur
1415 2169 1459 2209 in
1479 2167 1696 2210 cubilibus
1717 2170 1817 2210 suis.

1096 2227 1260 2268 Oratio.
1287 2226 1420 2275 Deus,
1442 2225 1526 2277 qui.
1545 2226 1640 2266 368.

1093 2289 1137 2323 In
1160 2288 1188 2323 Ι.
1212 2288 1323 2322 Noct.
1348 2287 1449 2321 Lect.
1473 2286 1520 2320 de
1550 2286 1687 2330 Script.
1711 2296 1855 2321 occurr.

1276 2354 1326 2393 In
1345 2354 1395 2393 II.
1416 2352 1639 2392 Nocturno.

1344 2414 1498 2454 Lectio
1519 2413 1573 2453 iv.

1101 2482 1135 2522 ’ς
1151 2469 1381 2510 ranciscus
1410 2467 1597 2509 Gendiae
1626 2467 1715 2510 dux
1749 2480 1872 2520 quar-

1176 2530 1258 2575 tus,
1278 2525 1302 2566 J
1306 2526 1447 2566 oenne
1461 2524 1626 2576 Borgia
1644 2530 1688 2566 et
1703 2525 1727 2566 J
1731 2526 1873 2566 oenna

1126 2579 1153 2606 ’ἐ
1176 2581 1402 2632 Aragonia
1426 2581 1694 2623 Ferdinandi
1715 2580 1872 2622 Catho-

1042 2639 1115 2680 lici
1141 2643 1274 2691 nepte
1302 2638 1495 2688 genitus,
1527 2643 1632 2691 post
1658 2636 1872 2690 puerilem

1043 2698 1221 2738 aetatem
1246 2695 1360 2737 inter
1388 2694 1656 2737 domesticos
1679 2693 1788 2734 mira
1811 2693 1870 2733 in-
