2040 2944
782 228 889 261 Fcriu
916 229 1024 262 tertia

218 325 279 366 eis
307 326 508 373 Domine,
543 329 585 365 et
618 324 692 364 lux
726 326 938 376 perpetua
971 325 1032 365 lu-

217 387 313 422 ceat
341 381 413 422 eis.

268 433 312 481 ,ΥΞ
330 438 365 476 R
372 437 621 488 equie'scant
632 436 675 476 in
686 449 806 488 pace.
818 437 864 486 K.
880 436 1032 477 Amen.

266 486 312 536 Y.
343 493 428 533 Pro
456 492 662 533 fratribus
691 493 855 534 nostris
880 492 1031 534 absen-

215 549 340 590 tibus.
384 548 428 597 Rg.
461 548 616 589 Salvos
645 549 712 590 fac
741 562 891 590 servos
919 554 1031 599 tuos,

214 605 333 646 Deus
360 617 493 653 meus,
522 607 749 657 sperantes
778 605 820 646 in
848 611 903 647 te.

264 654 310 702 Y·
331 661 417 701 Pro
435 661 607 702 afflictis
624 667 666 702 et
681 662 877 714 captivis.
899 663 945 713 R·.
964 661 1030 702 Li-

213 717 315 758 bera
344 730 418 758 eos
440 717 560 758 Deus
584 717 720 758 Israel
749 731 801 759 ex
829 717 1030 759 Omnibus

212 773 565 832 tribulatiOnibus
585 774 684 814 suis.

265 825 309 869 ,Υ-
348 829 474 870 Mitte
508 830 570 871 eis
603 830 790 871 DOmine
823 830 1030 871 auxilium

213 885 267 926 de
289 891 450 927 sancto.
480 886 525 934 Rg.
547 887 602 927 Et
621 886 675 927 de
689 886 791 927 Sion
806 888 929 928 tuere
943 900 1029 928 eos.

265 935 310 986 Y·
356 942 543 983 DOmine
587 942 744 983 exaudi
786 943 1029 984 oraticnem

210 1010 363 1038 meam.
403 998 446 1047 Rp
476 999 532 1039 Et
560 998 724 1039 clamor
751 1012 873 1040 meus
901 999 956 1040 ad
985 1004 1029 1041 te

211 1054 364 1095 veniat.

254 1122 397 1155 Deinde
424 1123 561 1156 dicitur

259 1174 325 1211 ΡΞ.
346 1174 416 1211 50.
447 1174 661 1216 Miserere.
692 1183 735 1216 ut
756 1189 895 1229 supra.
917 1179 983 1218 49.

254 1242 376 1275 Finito
403 1242 563 1283 Psalmo,
590 1244 728 1278 dicitur

260 1288 306 1340 δ”.
336 1295 523 1337 Domine
546 1296 665 1338 Deus
688 1298 898 1339 virtutum
927 1311 1026 1340 con—

209 1353 329 1392 vcrte
357 1364 448 1392 nos.
500 1351 548 1402 Rg.
577 1353 633 1394 Et
662 1354 844 1395 ostende
872 1355 1026 1396 faciem

208 1412 337 1456 tuam,
366 1413 408 1449 et
427 1408 535 1449 salvi
555 1409 724 1450 erimus.

259 1458 306 1508 Y.
336 1464 531 1516 Exsurge
554 1465 735 1516 Christe,
759 1467 915 1520 adjuva
934 1481 1025 1509 nos.

208 1519 255 1569 R.
290 1519 346 1560 Et
376 1520 513 1562 libera
544 1535 623 1563 nos
656 1528 837 1576 propter
866 1537 1025 1566 nomen

207 1580 340 1616 tuum.

258 1629 305 1678 Y.
352 1633 538 1674 Domine
580 1634 736 1676 exaudi
781 1637 1025 1679 orationem

206 1701 356 1729 meam.
396 1691 443 1741 Rg.
472 1689 528 1731 Et
556 1690 720 1732 clamor
746 1705 868 1734 meus
897 1693 953 1735 ad
980 1698 1024 1735 te

206 1745 360 1785 veniat.

257 1797 305 1845 Y.
339 1801 551 1843 D6minus
589 1803 826 1846 vobiscum.
881 1807 930 1859 R.
968 1807 1025 1848 Et

206 1868 302 1896 cum
331 1857 486 1908 spiritu
513 1863 599 1899 tuo.

261 1925 407 1961 Oratio.
445 1929 597 1969 quando
632 1933 786 1974 propria
822 1943 896 1967 non
931 1935 1023 1968 assi-

205 1981 354 2013 gnatur.
391 1975 528 2008 dicitur
558 1977 602 2010 dc
635 1978 741 2013 Doni.
774 1982 951 2022 praeced..
984 1989 1023 2016 ut

205 2021 365 2054 habetur
391 2022 426 2055 in
456 2023 613 2066 Proprio
639 2026 684 2060 dc
711 2027 909 2071 Tempore.

256 2075 339 2108 Ant.
379 2085 461 2107 cum
494 2075 551 2109 Ps.
583 2087 733 2120 semper
763 2080 940 2115 dicuntur
974 2083 1022 2116 ad

205 2121 330 2165 Yesp„
353 2123 388 2156 in
421 2122 524 2156 Ostic.
551 2124 629 2161 fer..
662 2133 699 2159 ut
730 2127 790 2161 hic
822 2128 859 2162 in
891 2129 1021 2164 psalta

205 2169 342 2213 Hymni
370 2181 459 2204 vcro
487 2173 533 2204 ub
559 2172 701 2207 Octava
726 2174 874 2210 l'cntec.
900 2188 1020 2221 usquc

204 2217 251 2250 ud
277 2218 509 2254 Adventum:
541 2220 625 2254 Ant.
656 2230 779 2257 autem
805 2224 853 2258 ud
877 2225 1020 2270 Magni-

203 2264 289 2298 ficat
313 2266 446 2301 eodem
470 2273 648 2311 tempore.

407 2362 443 2364 ‚r
515 2353 714 2379 ..420⁷

253 2426 400 2467 Feria
427 2427 582 2470 tertia
611 2431 677 2471 ad
703 2431 968 2484 vesperas.

255 2493 350 2533 Ant.
385 2495 432 2536 In
452 2496 629 2539 domum
648 2500 836 2543 Domini.

464 2565 659 2607 psalmus
682 2571 754 2610 121.

208 2623 211 2626 ’
246 2624 475 2682 gig-jaeta‘ms,
495 2635 590 2663 sum
607 2624 649 2664 in
670 2624 751 2675 his,
782 2640 880 2679 quae
901 2628 1019 2671 dieta

258 2684 298 2700 ‘f
336 2682 436 2718 sunt
464 2678 582 2719 mihi:
607 2681 629 2705 *
655 2681 697 2721 in
729 2682 905 2725 domum
934 2686 1020 2727 Do-

271 2734 274 2735 ’
335 2732 439 2774 mini
457 2733 626 2776 ibimus.

1052 230 1097 263 ad
1128 230 1326 272 Vesperus.

1137 325 1310 366 Stantes
1339 330 1462 367 erant
1488 324 1626 378 pedes
1653 325 1804 375 nostri,
1822 326 1846 351 ¹⁸¹
1864 325 1908 366 in

1085 381 1206 422 atriis
1226 382 1312 422 tuis
1331 381 1583 423 Jerusalem.

1135 438 1388 487 Jerusalem,
1408 451 1506 489 quae
1523 437 1767 480 aedificatur
1783 442 1833 479 ut
1851 439 1906 479 ci-

1085 493 1210 534 vitas:
1236 495 1259 519 *
1289 495 1408 546 cujus
1436 494 1716 546 participatio
1745 495 1836 546 eius
1863 494 1908 535 in

1084 549 1284 602 idipsum.

1135 605 1245 647 Illuc
1280 606 1393 647 enim
1428 605 1720 648 ascenderunt
1752 605 1907 656 tribus,

1083 661 1224 702 tribus
1248 662 1442 703 Domini:
1470 663 1494 687 *
1521 660 1822 704 testimonium
1845 663 1907 704 Is-

1083 714 1173 754 rael
1195 713 1251 755 ad
1269 714 1564 756 confitendum
1583 714 1748 755 n6mini
1769 714 1865 756 Dfii.

1135 771 1246 820 Quia
1274 770 1364 812 illic
1392 771 1600 812 sederunt
1629 770 1757 813 sedes
1782 771 1827 812 in
1847 771 1906 823 ju-

1083 825 1211 876 dicio,
1226 827 1249 852 *
1264 827 1392 868 sedes
1410 841 1541 880 super
1557 827 1736 869 domum
1750 826 1907 869 David.

1134 883 1307 935 Rogate
1336 897 1434 936 quae
1463 883 1519 926 ad
1542 897 1698 937 pacem
1719 889 1820 925 sunt
1839 883 1906 925 Je-

1082 940 1287 981 rusalem:
1301 941 1324 966 *
1342 946 1386 982 et
1404 940 1671 983 abundantia
1691 940 1906 992 diligenti-

1082 996 1164 1037 bus
1182 1001 1244 1037 te:

1133 1053 1231 1094 Fiat
1258 1066 1346 1105 pax
1366 1054 1411 1094 in
1429 1054 1591 1096 virtute
1609 1058 1699 1095 tua:
1718 1054 1742 1080 *
1763 1058 1806 1095 et
1831 1053 1904 1096 ab·

1082 1109 1291 1150 undantia
1310 1110 1354 1150 in
1375 1110 1569 1152 turribus
1587 1110 1686 1152 tuis.

1131 1166 1321 1218 Propter
1339 1166 1496 1209 fratres
1519 1179 1661 1217 meos,
1689 1171 1734 1208 et
1758 1166 1904 1219 pr6xi-

1079 1234 1176 1263 mos
1192 1235 1326 1273 meOS,
1339 1223 1363 1248 *
1377 1223 1592 1275 loquebar
1606 1236 1761 1276 pacem
1775 1222 1831 1265 de
1845 1227 1905 1265 te:

1131 1279 1318 1331 Propter
1340 1279 1519 1321 domum
1534 1280 1713 1321 D6mini
1726 1279 1811 1321 Dei
1829 1291 1904 1322 no-

1080 1335 1170 1386 stri,
1189 1336 1212 1361 *
1232 1336 1415 1387 quaesivi
1434 1336 1551 1378 bona
1569 1335 1662 1378 tibi.

1134 1392 1231 1433 Ant.
1266 1393 1316 1432 In
1344 1391 1522 1434 domum
1550 1393 1728 1434 Domini
1755 1393 1903 1434 laetan-

1078 1452 1146 1489 tes
1165 1448 1336 1489 ibimus.

1132 1506 1231 1546 Ant.
1261 1505 1346 1556 Qui
1364 1505 1547 1547 habitas.

1336 1563 1535 1605 Psalmus
1562 1566 1644 1605 122.

1149 1617 1178 1659 d
1205 1622 1249 1659 te
1275 1618 1419 1659 levavi
1448 1619 1600 1660 oculos
1627 1631 1767 1670 meos,
1785 1619 1809 1645 *
1828 1618 1904 1671 qui

1180 1674 1352 1716 habitas
1380 1675 1424 1715 in
1448 1675 1584 1716 coelis.

1128 1731 1243 1772 Ecce
1272 1731 1386 1772 sicut
1414 1732 1530 1772 oculi
1554 1733 1797 1782 servorum,
1815 1732 1840 1758 '⁴¹
1858 1732 1903 1773 in

1076 1787 1276 1829 manibus
1299 1787 1576 1829 dominorum
1593 1790 1782 1838 suorum,

1128 1844 1249 1885 Sicut
1281 1844 1398 1886 oculi
1426 1844 1597 1887 ancillae
1629 1845 1674 1886 in
1700 1845 1901 1887 mfmibus

1077 1900 1267 1942 dominae
1293 1910 1403 1942 'suae:
1421 1901 1444 1927 *
1463 1901 1525 1943 ita
1550 1901 1667 1943 oculi
1685 1902 1824 1943 nostri
1844 1901 1902 1944 ad

1075 1957 1313 1998 Dominum
1346 1958 1489 2000 Deum
1524 1963 1724 2000 nostrum
1760 1957 1902 2000 donec

1049 2042 1053 2061 =
1075 2013 1335 2055 misereatur
1354 2015 1505 2056 nostri.

1048 2064 1053 2125 Ι
1127 2070 1335 2112 Miserere
1367 2071 1507 2112 nostri
1535 2070 1741 2121 D6mine,
1773 2071 1899 2113 mise-

1076 2128 1171 2167 rere
1192 2127 1349 2168 nostri:
1368 2127 1392 2153 *
1412 2127 1514 2180 quia
1534 2127 1720 2169 multum
1740 2126 1899 2180 repleti

1076 2196 1224 2224 sumus
1245 2183 1547 2236 despectione:

1127 2239 1238 2288 Quia
1265 2240 1451 2282 multum
1479 2240 1647 2293 repleta
1667 2244 1734 2282 est
1756 2241 1899 2282 anima

1076 2300 1241 2337 nostra:
1268 2297 1292 2322 *
1320 2296 1608 2349 oppr6brium
1642 2296 1898 2339 abundanti-

1074 2351 1166 2402 bus,
1195 2357 1237 2393 et
1257 2352 1483 2406 despectio
1504 2353 1716 2406 superbis.

1128 2410 1226 2449 Ant.
1257 2410 1339 2459 Qui
1359 2409 1531 2452 habitas
1550 2411 1594 2451 in
1614 2409 1749 2460 coelis,
1770 2410 1896 2452 mise-

1074 2465 1169 2505 rere
1188 2464 1326 2506 nobis.

1125 2521 1223 2561 Ant.
1258 2522 1544 2575 AdjutOrium.

1334 2580 1528 2623 l’salmus
1554 2584 1637 2623 123.

1167 2634 1219 2674 isi
1249 2634 1350 2686 quia
1377 2634 1593 2677 D6minus
1629 2640 1722 2677 erat
1751 2636 1795 2676 in
1822 2649 1895 2678 no-

1184 2689 1266 2739 bis,
1295 2690 1413 2732 dicat
1441 2704 1556 2733 nunc
1580 2692 1732 2733 Israel:
1759 2693 1783 2718 *
1810 2693 1895 2733 nisi

1074 2745 1175 2796 quia
1193 2746 1409 2788 Dominus
1430 2754 1523 2790 erat
1542 2748 1586 2790 in
1603 2748 1743 2798 nobis,
