2040 2944
631 153 702 187 Die
726 154 778 187 21.
806 154 885 187 Oct.
932 154 967 188 S.
993 154 1207 189 Hilarionis
1234 156 1411 190 Abbatis.

162 260 271 297 eum,
302 251 324 274 *
351 247 408 287 Et
435 246 492 287 ad
519 250 673 312 portas
700 246 896 300 paradisi
924 261 993 289 co-

162 303 335 345 ronavit
368 316 478 344 eum.
516 299 564 350 x.
584 302 734 344 Induit
766 317 866 345 eum
899 305 994 345 Dfis

160 360 343 401 loricam
367 358 486 409 fidei,
512 363 556 401 et
579 359 752 402 ornavit
776 373 886 403 eum.
927 362 994 403 Et.

464 431 618 472 Lectio
639 432 690 471 vi.

161 483 364 588 Brevis
388 489 450 530 illi
474 502 669 541 somnuS,
697 495 831 544 atque
857 491 993 542 humi3

254 546 407 596 vestis,
437 560 536 599 quae
566 547 828 598 nuditatem,
858 548 993 598 cibus,

159 604 234 656 qui
249 609 438 645 mortem
455 603 686 647 dumtaxat
701 607 881 647 arceret.
896 605 993 647 Vir-

158 661 350 712 ginalem
384 660 662 713 pudicitiam,
699 662 819 704 velut
854 661 994 703 lilium

158 718 272 759 inter
292 718 459 770 spinas,
484 720 645 771 aspero
666 719 826 769 cilicio,
847 719 992 770 flagel-

157 774 210 815 lis
236 779 370 827 atque
397 775 565 827 jejuniis
592 775 841 818 custodivit.
878 776 994 826 Quin

158 836 202 872 et
227 844 308 884 per
333 844 472 873 annos
498 837 607 878 ante.
620 832 791 874 obitum
814 833 994 884 triginta

158 889 332 931 circiter
352 894 395 931 et
416 890 610 942 quinque
631 889 685 932 ab
702 903 780 932 esu
796 890 993 932 carnium

157 947 374 998 perpetuo
408 945 629 989 abstinuit.
671 946 871 989 Tandem
905 947 992 989 die-

157 1015 253 1044 rum
290 1003 410 1055 juxta
447 1017 498 1045 ac
532 1004 790 1047 meritorum
822 1005 992 1058 plenus,

158 1074 257 1102 cum
271 1060 439 1109 vicinae,
456 1073 588 1112 quam
603 1062 847 1114 praesensit,
861 1062 994 1103 morti

158 1130 206 1159 se
231 1116 308 1158 diu
333 1116 654 1170 diligenterque
682 1120 992 1171 praeparasset,

158 1187 213 1215 ne
252 1186 338 1226 qua
375 1187 423 1215 re
457 1174 646 1227 amplius
679 1177 918 1225 teneretur,
957 1175 993 1216 si

159 1231 266 1283 quid
299 1231 419 1273 domi
452 1233 701 1283 supererat,
736 1232 782 1273 id
813 1235 992 1274 omnino

156 1288 428 1341 pauperibus
449 1288 684 1330 distribuit.
713 1290 829 1330 Tum
843 1289 992 1331 Eccle-

157 1345 235 1386 siae
255 1345 541 1387 sacramentis
565 1346 648 1388 rite
671 1349 880 1397 munitus,
908 1346 991 1388 dis-

160 1401 273 1443 solvi
305 1403 390 1454 jam
428 1403 628 1455 cupiens,
674 1408 718 1445 et
757 1416 854 1445 esse
892 1416 992 1444 cum

158 1458 350 1508 Christo,
375 1459 518 1512 pridie
538 1459 796 1502 Nativitatis
817 1461 925 1512 ejus,
947 1461 992 1502 in

158 1515 319 1557 coelum
348 1516 541 1559 evolavit
567 1517 791 1559 miraculis
821 1523 922 1560 ante
949 1523 994 1560 et

156 1577 261 1625 post
287 1578 477 1615 mortem
505 1574 660 1616 clarus.
704 1574 907 1616 Mortuus
936 1575 993 1618 ad

156 1630 406 1682 proximam
466 1631 705 1673 academiae
760 1632 993 1674 ecclesiam

157 1691 324 1729 sanctae
352 1688 495 1729 Annae
525 1688 698 1730 delatus
727 1694 810 1740 est,
842 1689 993 1742 ibique

156 1743 401 1786 honorifice
431 1745 641 1797 sepultus.
687 1745 920 1798 Auctaque
948 1747 993 1788 in

159 1800 253 1842 dies
298 1801 453 1854 populi
489 1802 772 1844 veneratione
818 1815 870 1845 ac
910 1803 992 1845 fre-

159 1858 338 1909 quentia
376 1858 490 1899 inter
524 1859 761 1911 primarios
793 1860 992 1901 Poloniae

158 1926 210 1955 ac
235 1913 484 1956 Lithuaniae
511 1915 728 1957 Patronos
756 1916 992 1968 religiosis-

158 1970 266 2012 sime
292 1970 461 2013 colitur.
497 1971 729 2025 Novisque
754 1977 992 2015 coruscans

156 2027 398 2078 miraculis,
425 2041 450 2070 a
471 2028 697 2071 Clemente
718 2029 889 2072 decimo
907 2032 991 2072 ter-

156 2084 219 2125 tio
248 2084 464 2127 Pontifice
492 2085 687 2128 Maximo
722 2085 894 2129 decimo
928 2090 992 2130 se-

156 2140 296 2192 ptimo
312 2141 538 2183 Kalendas
554 2143 755 2194 Augusti,
771 2157 885 2186 anno
900 2145 992 2185 mil—

157 2196 311 2238 lesimo
349 2198 741 2250 septingentesimo
775 2201 991 2253 sexagesi-

157 2265 230 2294 mo
257 2254 465 2307 septimo,
495 2255 680 2297 solemni
706 2257 793 2298 ritu
819 2260 991 2300 sancto-

157 2321 254 2350 rum
272 2310 396 2353 fastis
416 2311 668 2364 adscriptus
689 2317 766 2354 est.

209 2374 259 2426 R.
286 2371 378 2413 Iste
397 2372 542 2414 homo.
563 2373 643 2426 [72]

208 2444 250 2478 In
273 2445 336 2479 111.
356 2445 557 2480 Nocturno
583 2447 755 2482 llomilia
782 2448 819 2482 in
841 2449 898 2483 Ev
902 2460 986 2492 ang.

157 2492 242 2528 Sint
265 2493 388 2529 lumbi
407 2494 530 2529 vestri
550 2496 760 2538 praecincti.
780 2496 826 2531 dc
850 2497 985 2531 codem

157 2541 361 2576 Communi
388 2543 414 2575 1.
440 2543 538 2577 loco.
565 2542 635 2586 [74]

212 2598 272 2631 Ad
300 2598 463 2635 Laudes.
492 2599 551 2642 113
556 2610 666 2634 mnus
692 2605 731 2635 ut
759 2601 794 2634 in
820 2601 846 2635 Ι.
870 2602 986 2645 Vcsp.

159 2646 218 2679 vel
253 2646 307 2680 Te
335 2645 567 2690 deprecante
593 2649 814 2692 corporum,
848 2650 879 2683 si
910 2661 984 2684 non

156 2695 298 2729 habeat
321 2695 366 2729 Π.
391 2695 589 2739 Vesperas
615 2697 795 2739 integras.

1254 253 1316 294 In
1338 253 1401 295 11.
1420 254 1671 306 vesperis.

1358 315 1570 366 Hymnus.

1187 388 1210 417 e
1231 376 1509 430 deprecante,
1529 381 1766 432 corporum

1189 433 1306 475 Lues
1325 435 1507 483 recedit,
1525 435 1715 488 improbi

1149 490 1295 533 Morbi
1315 491 1532 542 fugantur,
1551 492 1737 545 pristina

1151 547 1356 590 Redeunt
1375 549 1530 590 salutis
1548 552 1741 591 munera.

1102 612 1280 664 Phthisi,
1300 614 1512 668 febrique,
1532 619 1576 657 et
1594 614 1741 657 ulcere

1150 670 1304 711 Diram
1325 671 1534 714 redactos
1553 671 1611 713 ad
1629 684 1794 722 necem,

1150 727 1355 769 Sacratas
1374 729 1507 770 morti
1526 729 1737 779 victimas,

1146 781 1254 836 Ejus
1273 785 1392 838 rapis
1412 798 1436 827 e
1455 785 1666 828 faucibus.

1101 849 1165 891 Te
1185 849 1464 902 deprecante,
1483 851 1655 893 tumido

1149 906 1323 949 Merces
1343 907 1515 950 abactae
1535 909 1723 958 flumine,

1151 962 1327 1006 Tractae
1346 964 1431 1006 Dei
1449 965 1648 1018 potentia

1150 1021 1333 1063 Sursum
1351 1022 1490 1064 fluunt
1509 1021 1792 1074 retrogradae.

1102 1087 1211 1128 Cum
1229 1092 1351 1130 tanta
1370 1087 1527 1140 possis,
1546 1087 1726 1140 sedibus

1152 1144 1264 1186 Coeli
1283 1144 1466 1194 locatus,
1485 1145 1737 1198 poscimus:

1150 1200 1393 1254 Responde
1413 1201 1530 1243 votis
1550 1201 1812 1255 supplicum,

1149 1258 1206 1300 Et
1226 1258 1458 1300 invocatus
1479 1258 1675 1300 subveni.

1101 1322 1137 1361 O
1158 1336 1245 1364 una
1265 1335 1441 1376 semper
1460 1323 1664 1374 Trinitas,

1150 1379 1188 1421 O
1208 1380 1323 1422 trina
1342 1393 1517 1434 semper
1537 1381 1708 1423 Unitas:

1150 1436 1229 1487 Da,
1249 1437 1528 1490 supplicante
1548 1437 1717 1488 Cantio,

1148 1495 1334 1536 AEterna
1352 1494 1482 1537 nobis
1499 1494 1692 1547 praemia.
1724 1494 1879 1536 Amen.

1099 1559 1151 1611 V.
1167 1560 1192 1601 J
1193 1565 1341 1602 ustum
1361 1559 1545 1602 deduxit
1562 1561 1780 1602 Dominus
1799 1574 1881 1614 per

1045 1616 1139 1657 vias
1163 1622 1319 1659 rectas.
1357 1617 1410 1670 Ην.
1428 1617 1486 1660 Et
1511 1617 1706 1660 ostendit
1727 1617 1792 1658 illi
1814 1631 1878 1660 re-

1045 1686 1179 1724 gnum
1197 1674 1292 1716 Dei.

1099 1735 1170 1777 Ad
1195 1736 1370 1787 Magnis.
1404 1737 1505 1778 Ant.
1539 1736 1624 1778 Hic
1642 1735 1709 1778 vir
1735 1735 1879 1788 despi-

1046 1791 1164 1833 ciens
1197 1791 1410 1834 mundum
1446 1797 1490 1834 et
1525 1795 1699 1835 terrena
1729 1792 1879 1835 trium-

1044 1847 1202 1900 phans,
1229 1848 1404 1891 divitias
1428 1849 1542 1891 coelo
1570 1849 1767 1892 condidit
1793 1860 1897 1900 ore,

1045 1918 1188 1946 manu.

1098 1963 1262 2005 Oratio.
1291 1966 1376 2013 Da,
1397 1965 1661 2015 quaesumus.
1680 1963 1782 2004 380.

1098 2025 1146 2059 Et
1170 2026 1210 2060 fit
1235 2037 1369 2061 comm.
1395 2037 1500 2071 sequ.
1527 2031 1595 2062 etc.
1620 2031 1662 2062 ut
1686 2026 1795 2061 infra.

1259 2112 1344 2154 Die
1363 2113 1422 2154 21.
1443 2112 1664 2155 Octobris.

1176 2181 1219 2221 S.
1243 2180 1524 2224 Hilarionis
1547 2182 1745 2224 Abbatis.

1098 2244 1167 2285 Ad
1196 2245 1331 2297 Vesp.
1384 2245 1484 2286 Ant.
1539 2243 1748 2285 Similabo
1777 2256 1878 2285 eum

1045 2298 1140 2339 viro
1175 2299 1381 2352 sapienti,
1422 2299 1498 2351 qui
1530 2299 1768 2342 aedificavit
1801 2298 1876 2342 do-

1044 2368 1164 2396 mum
1183 2368 1308 2397 suam
1327 2369 1461 2409 supra
1479 2361 1662 2409 petram.

1098 2410 1149 2460 Y.
1175 2412 1357 2454 Amavit
1375 2425 1476 2454 eum
1492 2413 1721 2462 Dominus,
1746 2418 1789 2454 et
1809 2426 1875 2455 or-

1045 2468 1167 2510 navit
1195 2481 1306 2511 eum.
1355 2470 1405 2520 Ru
1438 2469 1607 2511 Stolam
1633 2469 1787 2521 gloriae
1815 2472 1875 2511 in-

1045 2523 1140 2566 duit
1160 2537 1269 2567 eum.

1380 2577 1543 2618 Ora-tio.

1092 2634 1333 2676 ntercessio
1366 2646 1467 2683 nOS,
1501 2637 1754 2686 quaesumus
1786 2636 1874 2677 Do-

1108 2691 1242 2740 mine,
1270 2690 1390 2732 beati
1417 2691 1656 2733 Hilarionis
1684 2692 1875 2735 Abbatis
