2040 2944
729 188 932 222 Dominica
959 190 1007 222 ad
1030 190 1267 223 Matutinum.

193 285 393 333 Exsurge
421 283 611 324 Domine
638 285 778 333 Deus,
812 286 971 325 exalte-

141 344 213 380 tur
244 352 399 380 manus
432 344 522 380 tua:
553 339 577 365 *
609 352 664 380 ne
697 339 971 381 obliviscaris

140 398 398 447 pauperum.

192 452 381 503 Propter
430 451 535 503 quid
578 452 766 492 irritavit
811 453 971 504 impius

140 506 307 548 Deum?
331 508 354 533 *
380 507 490 548 dixit
513 508 629 549 enim
651 509 695 548 in
720 509 855 550 corde
876 516 980 550 suot·

141 564 243 605 Non
262 566 467 616 requiret.

193 620 334 661 Vides
373 620 579 671 quoniam
616 625 664 661 tu
696 621 896 662 laborem
929 627 972 662 et

143 676 344 718 dolorem
377 676 652 717 consideras:
684 678 707 703 *
740 683 788 719 ut
821 677 971 718 tradas

143 745 219 774 eos
238 733 282 773 in
301 745 457 774 manus
476 738 585 774 tuas.

193 788 294 830 Tibi
314 788 550 830 derelictus
570 794 637 830 est
655 802 838 841 pauper:
857 790 879 815 *
905 792 971 831 ότ-

141 845 290 898 phano
310 850 359 886 tu
379 846 464 887 eris
484 845 668 897 adjutor.

195 901 385 943 Contere
409 901 638 943 brachium
661 903 909 954 peccatOris
930 908 973 944 et

141 957 337 1008 maligni:
365 958 388 983 *
418 959 638 1010 quaeretur
666 960 899 1010 peccatum
926 959 972 999 il-

141 1014 236 1063 lius,
257 1019 300 1055 et
319 1027 408 1055 non
427 1014 682 1055 invenietur.

194 1071 410 1111 D6minus
442 1070 644 1120 regnabit
675 1070 718 1110 in
748 1072 971 1119 aeternum,

143 1131 187 1168 et
213 1127 257 1166 in
285 1126 494 1167 saeculum
522 1126 686 1167 saeculi:
718 1127 741 1152 *
773 1126 972 1178 peribitis

143 1183 309 1224 Gentes
330 1182 384 1224 de
404 1187 522 1224 terra
540 1182 665 1223 illius.

193 1238 473 1280 Desiderium
487 1242 732 1291 pauperum
751 1238 973 1279 exaudivit

141 1295 373 1336 Dominus:
392 1295 416 1320 *
436 1295 806 1347 praeparationem
826 1294 972 1336 cordis

143 1354 295 1393 eorum
315 1350 481 1392 audivit
500 1351 616 1391 auris
636 1356 721 1392 tua.

193 1407 398 1449 Judicare
423 1407 592 1459 'pupillo
619 1412 662 1448 et
687 1407 854 1456 humili,
872 1408 896 1433 *
925 1412 973 1448 ut

142 1477 234 1505 non
257 1465 453 1516 apponat
480 1463 595 1504 ultra
620 1464 901 1514 magnificare
925 1477 971 1505 se

142 1520 275 1562 homo
297 1532 429 1571 super
447 1524 621 1560 terram.

413 1578 612 1618 Psalmus
641 1579 705 1618 10.

142 1629 218 1735 In
236 1629 428 1670 Domino
449 1629 641 1670 confido:
667 1629 891 1681 quomodo
912 1629 972 1670 di-

208 1685 304 1726 citis
324 1686 480 1726 animae
499 1698 627 1726 meae:
646 1686 669 1711 *
689 1686 972 1736 Transmigra

141 1741 185 1781 in
203 1746 399 1783 montem
418 1742 530 1783 sicut
549 1739 725 1793 passer?

195 1798 411 1847 Quoniam
436 1810 540 1839 ecce
558 1799 817 1850 peccateres
836 1797 971 1838 inten-

144 1853 302 1895 derunt
321 1866 485 1903 arcum,
505 1855 772 1906 paraverunt
791 1857 971 1904 sagittas

143 1923 243 1951 suas
262 1910 306 1950 in
324 1909 548 1962 pharetra,
575 1910 599 1935 *
627 1914 675 1951 ut
699 1912 906 1959 sagittent
929 1911 971 1950 in

143 1965 333 2007 obscuro
353 1971 500 2007 rectos
520 1965 665 2007 corde.

195 2023 411 2072 Quoniam
432 2035 530 2074 quae
549 2022 782 2074 perfecisti,
805 2022 971 2063 destru-

142 2080 314 2120 xerunt:
333 2079 357 2104 *
375 2079 513 2130 justus
533 2083 680 2119 autem
700 2078 805 2130 quid
824 2078 948 2120 fecit?

193 2135 409 2175 D6minus
429 2135 472 2175 in
490 2134 657 2186 templo
678 2139 830 2175 sancto
851 2136 971 2185 suo,*

142 2191 358 2231 Dominus
376 2191 420 2231 in
440 2191 554 2232 coelo
575 2190 704 2231 sedes
725 2191 834 2245 ejus:-

195 2247 322 2288 Oculi
347 2247 437 2298 ejus
464 2247 508 2287 in
531 2250 773 2298 pauperem
796 2247 971 2299 respici-

142 2308 238 2344 unt:
270 2303 294 2329 *
326 2302 552 2355 palpebrae
581 2303 672 2354 ejus
699 2303 972 2354 interrogant

142 2359 257 2399 filios
275 2359 512 2400 heminum.

194 2415 409 2455 D6minus
450 2415 692 2464 interrogat
731 2415 891 2465 justum
928 2420 972 2456 et

142 2471 340 2522 impium:
359 2471 382 2496 *
405 2471 478 2522 qui
497 2475 642 2511 autem
662 2469 802 2520 diligit
820 2471 970 2522 iniqui-

142 2528 290 2576 tatem,
310 2526 404 2567 odit
425 2526 613 2567 animam
633 2539 778 2566 suam.-

194 2587 321 2628 Pluet
345 2599 477 2639 super
496 2588 754 2638 peccatores
772 2586 970 2638 laqueos:

142 2643 166 2668 *
184 2643 310 2693 ignis,
331 2647 374 2684 et
393 2642 589 2694 sulphur,
614 2647 657 2683 et
676 2642 853 2694 spiritus
872 2655 970 2694 pro-

144 2698 353 2740 cellarum
371 2711 475 2751 pars
495 2698 641 2739 calicis
662 2699 825 2739 eorum.

1078 286 1293 335 Quoniam
1313 287 1449 337 justus
1469 287 1702 336 Dominus,
1728 292 1770 327 et
1795 288 1852 338 ju-

1026 342 1165 382 stitias
1199 342 1366 384 dilexit:
1398 344 1421 368 *
1460 343 1713 394 aequitatem
1746 343 1853 384 vidit

1025 397 1170 438 vultus
1191 399 1291 449 ejus.

1083 452 1164 491 Per
1184 453 1369 493 Annum.
1392 455 1490 494 Ant.
1514 456 1628 496 Deus
1647 456 1777 506 judex
1795 457 1852 507 ju-

1026 514 1129 558 stus⁷
1145 510 1270 550 fortis
1287 515 1330 551 et
1344 510 1620 561 longanimis:
1641 512 1852 564 numquid

1024 566 1238 607 irascetur
1256 579 1336 618 per
1356 568 1549 617 singulos
1570 566 1687 609 dies?

1084 624 1181 662 Ant.
1202 623 1266 663 Tu
1284 623 1482 664 Domine.

1309 682 1506 721 Psalmus
1539 683 1585 721 ll.

1097 735 1242 776 alvum
1261 748 1330 776 me
1351 736 1418 776 fac
1432 736 1630 785 Domine,
1648 736 1852 788 quoniam

1117 791 1276 832 defecit
1300 797 1489 833 sanctus:
1513 792 1536 817 *
1562 793 1766 843 quoniam
1791 792 1851 832 di—

1024 848 1203 888 mimitae
1232 853 1332 889 sunt
1357 849 1564 889 veritates
1598 861 1623 888 a
1650 848 1749 888 filiis
1777 848 1851 888 ho-

1025 904 1199 944 minum.

1077 960 1204 1001 Vana
1245 960 1380 1001 locuti
1417 965 1517 1001 sunt
1552 963 1850 1012 unusquisque

1026 1015 1082 1057 ad
1097 1017 1346 1068 prdximum
1363 1030 1502 1057 suum:
1517 1017 1539 1041 *
1555 1016 1670 1057 labia
1686 1017 1850 1065 dolosa,

1025 1072 1068 1112 in
1088 1072 1222 1113 corde
1243 1078 1286 1113 et
1306 1073 1438 1114 corde
1458 1073 1591 1113 locuti
1612 1078 1722 1113 sunt.

1077 1128 1316 1180 Disperdat
1335 1130 1549 1169 DOminus
1573 1129 1774 1169 universa
1793 1129 1851 1168 la-

1024 1184 1097 1225 bia
1116 1184 1287 1234 dolo'sa,
1316 1186 1338 1210 *
1367 1190 1411 1226 et
1436 1185 1625 1235 linguam
1645 1185 1851 1235 magnilo-

1027 1254 1168 1292 quam.

1078 1297 1161 1347 Qui
1181 1297 1398 1338 dixerunt:
1422 1298 1634 1348 Linguam
1657 1301 1851 1337 nostram

1024 1353 1410 1403 magnificabimus,
1430 1353 1544 1394 labia
1563 1358 1714 1394 nostra
1734 1366 1758 1393 a
1777 1366 1851 1393 no-

1024 1409 1092 1450 bis
1126 1414 1244 1458 sunt,
1273 1410 1296 1434 *
1331 1410 1426 1461 quis
1458 1415 1608 1450 noster
1636 1409 1851 1450 D6minus

1026 1464 1113 1506 est?

1076 1522 1264 1574 Propter
1278 1522 1497 1563 miseriam
1512 1525 1702 1574 inopum,
1723 1525 1766 1561 et
1782 1522 1852 1570 ge-

1024 1578 1177 1619 mitum
1210 1582 1471 1630 pauperum,
1503 1579 1526 1604 *
1558 1590 1673 1618 nunc
1705 1580 1851 1617 exsur-

1025 1647 1134 1684 gam,
1157 1634 1261 1675 dicit
1279 1635 1505 1675 DOminus.

1076 1691 1242 1731 Ponam
1261 1691 1303 1730 in
1324 1691 1516 1731 salutari:
1539 1692 1562 1715 *
1591 1688 1850 1730 fiducialiter

1025 1759 1151 1796 agam
1170 1747 1213 1786 in
1233 1759 1296 1787 eo.

1076 1803 1263 1854 Eloquia
1277 1802 1464 1851 Domini,
1485 1802 1658 1853 eloquia
1678 1805 1811 1841 casta:
1826 1801 1849 1825 *

1025 1861 1252 1909 argentum
1280 1859 1378 1908 igne
1407 1858 1719 1905 examinatum,
1751 1868 1849 1908 pro-

1024 1914 1175 1956 batum
1194 1920 1324 1955 terrae
1340 1916 1574 1966 purgatum
1590 1912 1849 1965 septuplum.

1076 1971 1145 2011 Tu
1167 1971 1351 2012 Domine
1372 1970 1566 2011 servabis
1585 1982 1684 2009 nos:
1713 1973 1756 2009 et
1780 1981 1849 2008 cu-

1025 2027 1191 2068 stodies
1210 2039 1290 2067 nos
1313 2027 1336 2052 *
1363 2040 1387 2067 a
1406 2026 1685 2077 generatione
1705 2025 1787 2064 hac
1806 2024 1848 2063 in

1025 2085 1247 2124 aeternum.

1075 2140 1126 2179 In
1147 2139 1329 2180 circuitu
1347 2139 1468 2190 impii
1488 2137 1723 2178 ambulant:
1743 2136 1765 2161 *
1786 2148 1848 2176 se-

1025 2195 1215 2236 cundum
1249 2195 1521 2235 altitiidinem
1553 2198 1673 2234 tuam
1708 2191 1848 2232 multi-

1023 2251 1196 2303 plicasti
1215 2250 1328 2291 filios
1347 2250 1581 2290 hominum.

1303 2307 1497 2346 Psalmus
1524 2308 1579 2346 12.

1113 2374 1311 2413 squequo
1352 2361 1539 2401 Domine
1580 2359 1848 2401 oblivisceris

1125 2431 1195 2458 me
1210 2418 1253 2457 in
1268 2415 1420 2458 finem?
1436 2417 1459 2442 *
1474 2417 1713 2467 Usquequo
1729 2417 1847 2455 aver-

1022 2474 1078 2514 tis
1098 2474 1253 2514 faeiem
1271 2478 1391 2513 tuam
1411 2485 1436 2512 a
1454 2470 1546 2513 me?

1075 2528 1294 2579 Quamdiu
1316 2541 1478 2580 ponam
1498 2527 1679 2568 consilia
1697 2527 1740 2566 in
1760 2525 1844 2565 ani-

1022 2598 1093 2626 ma
1111 2597 1228 2633 mea,
1256 2585 1279 2610 *
1309 2584 1508 2625 dolorem
1530 2584 1574 2623 in
1593 2581 1727 2623 corde
1746 2592 1844 2620 meo

1022 2654 1102 2693 per
1123 2638 1260 2681 diem?

1073 2697 1312 2749 Usquequo
1350 2694 1611 2736 exaltabitur
1647 2693 1844 2734 inimicus
