2040 2944
644 207 748 241 Infra
772 208 1067 244 Hebdomadam
1092 211 1128 245 ii.
1155 210 1344 247 Octobris.

141 300 246 342 dere
278 301 333 342 de
361 300 546 353 populo,
579 305 623 342 et
655 301 872 353 persequi.
913 301 970 343 Et

141 356 393 399 debellabat
431 355 567 398 Judas
609 356 725 398 filios
764 358 884 399 Esau
924 358 968 398 in

139 412 347 464 Idumaea⁷
368 418 411 454 et
431 426 519 463 eos,
541 413 615 465 qui
635 418 758 455 erant
776 413 820 454 in
834 415 968 455 Acra-

139 469 346 511 bathane:
375 469 477 522 quia
501 469 883 512 circumsedebant
906 471 967 511 Is-

139 525 328 575 rafflstas,
348 531 392 567 et
409 526 629 579 permissit
645 538 722 567 eos
737 526 867 578 plaga
880 540 967 568 ma-

139 595 233 635 gna.
287 583 344 624 Et
375 582 632 624 recordatus
665 587 732 624 est
758 582 969 625 malitiam

138 638 330 680 fili6rum
347 639 480 688 Bean‚
502 639 576 691 qui
595 643 719 680 erant
738 639 905 692 p6pulo
925 641 969 680 in

139 694 362 747 laqueum,
400 700 443 737 et
478 695 523 736 in
560 695 832 746 scandalum,
868 697 966 738 insi-

1784 209 1845 244 171

1019 303 1179 355 spolia‚
1226 308 1270 345 et
1311 307 1593 356 peremerunt
1628 307 1716 348 illic
1755 308 1845 350 fere

1019 359 1137 400 mille
1157 360 1286 401 viros.

1078 422 1128 474 R,
1148 416 1286 468 Aperi
1306 417 1458 458 oculos
1477 423 1590 460 tuos.
1610 421 1698 461 165.

1229 530 1392 566 Feria
1425 531 1639 578 Quarta.

1064 589 1130 629 De
1149 585 1261 627 libro
1280 587 1421 639 primo
1440 589 1806 631 Machabaeorum.

1126 655 1277 696 Lectio
1297 656 1320 695 i.
1548 659 1651 711 Cap.
1667 660 1703 699 5.
1720 661 1744 700 f.

1029 727 1054 750 ’τι-τ»
1158 715 1322 767 diebus,
1345 717 1501 770 quibus
1522 724 1613 760 erat
1632 720 1657 759 J
1658 719 1779 770 udas,
1803 725 1846 762 et

140 751 313 793 diantes
332 753 372 793 ei
390 752 435 793 in
453 752 535 793 via.
572 753 628 794 Et
651 752 848 794 conclusi
868 759 968 795 sunt
1025 752 1050 803 ’ζῇ
1071 757 1097 784 ³

139 807 195 850 ab
223 821 275 850 eo
301 809 345 849 in
367 809 577 851 turribus:
607 814 650 851 et
674 810 887 863 applicuit
912 810 968 851 ad

140 877 233 914 eos,
261 869 304 906 et
325 865 709 908 anathematizavit
727 879 820 916 eos,
846 872 890 908 et
907 867 966 908 in-

141 919 287 962 cendit
335 926 479 964 turres
530 924 682 963 e6rum
731 923 820 974 igni
869 937 967 965 cum

140 977 353 1028 omnibus,
375 979 450 1031 qui
468 979 512 1019 in
531 979 593 1020 eis
614 985 747 1021 erant.

189 1042 241 1093 Rz.
268 1039 354 1081 Hic
372 1045 438 1082 est
457 1041 650 1082 fratrum.
673 1042 760 1082 165.

444 1112 597 1154 Lectio
618 1113 657 1154 ii.

215 1178 234 1214 t
252 1175 454 1216 transivit
473 1174 530 1217 ad
549 1175 664 1217 filios
685 1177 893 1225 Ammon,
923 1181 966 1218 et

228 1230 401 1273 invenit·
415 1244 593 1280 manum
616 1233 792 1283 fortem,
823 1238 865 1274 et
888 1236 964 1286 po-

135 1287 288 1342 pulum
321 1288 566 1341 copi6sum,
608 1294 651 1331 et
684 1289 965 1331 Timotheum

136 1344 294 1387 ducem
312 1345 525 1397 ipsorum:
553 1350 597 1387 et
622 1347 841 1388 commisit
866 1359 965 1387 cum

136 1401 199 1442 eis
226 1401 381 1454 praelia
407 1401 560 1452 multa,
588 1407 632 1444 et
660 1403 837 1444 contriti
865 1409 965 1446 sunt

134 1458 179 1498 in
206 1459 449 1511 conspectu
478 1461 647 1509 eorum,
676 1464 720 1501 et
746 1461 965 1512 permissit

135 1526 229 1555 eos:
262 1519 307 1555 et
335 1515 453 1567 cepit
481 1516 625 1557 Gazer
655 1516 892 1567 civitatem,
921 1522 964 1559 et

133 1569 246 1611 filias
276 1572 383 1623 ejus,
416 1577 461 1613 et
492 1574 694 1614 reversus
728 1579 794 1615 est
821 1573 864 1613 in
892 1574 962 1615 Ju-

135 1626 288 1669 da'eam.
329 1628 386 1670 Et
414 1632 692 1681 congregatae
721 1636 822 1672 sunt
850 1630 962 1672 Gen-

133 1688 218 1734 teS,
246 1697 345 1737 quae
370 1690 471 1727 sunt
493 1686 537 1726 in
557 1687 728 1728 Galaad
752 1687 963 1729 adversus

132 1740 372 1791 Israelitas,
401 1742 475 1794 qui
498 1747 622 1784 erant
644 1744 688 1784 in
712 1743 872 1785 finibus
893 1747 962 1785 eo-

132 1809 228 1837 rum
256 1802 303 1839 ut
330 1797 535 1841 tollerent
563 1812 655 1841 eos:
688 1805 731 1841 et
759 1800 963 1851 fugerunt

131 1852 175 1893 in
193 1853 442 1896 Datheman
459 1856 755 1898 munitionem.

185 1917 236 1969 R.
261 1915 330 1955 Tu
347 1916 549 1957 Do'mine.
569 1918 657 1958 165.

429 1990 583 2032 Lectio
603 1991 658 2031 iii.

211 2059 230 2096 t
261 2056 473 2097 miserunt
502 2055 672 2097 litteras
705 2055 761 2097 ad
791 2055 960 2106 Judam,

229 2117 272 2154 et
294 2112 452 2154 fratres
471 2113 580 2164 ejus,
609 2112 821 2154 dicentes:
849 2113 958 2155 Con-

130 2171 324 2220 gregatae
354 2174 455 2210 sunt
481 2168 714 2211 adversum
738 2183 820 2211 nos
846 2170 958 2211 Gen-

130 2229 198 2266 tes
216 2237 297 2278 per
318 2225 558 2275 circuitum,
577 2231 626 2267 ut
643 2238 725 2267 nos
745 2226 960 2268 auferant:

130 2287 175 2324 et
191 2287 349 2334 parant
368 2284 533 2328 venire,
562 2287 605 2324 et
629 2285 846 2335 occupare
868 2296 958 2324 mu-

129 2339 356 2389 nitionem,
379 2339 423 2380 in
445 2351 576 2391 quam
595 2340 886 2390 confligimus:
915 2345 959 2382 et

130 2395 388 2437 Tim6theus
422 2400 489 2437 est
523 2395 612 2437 dux
641 2396 859 2438 exercitus
888 2398 957 2437 eo-

129 2465 236 2493 rum.
263 2452 391 2494 Nunc
411 2465 516 2503 ergo
536 2453 652 2502 veni,
673 2458 716 2494 et
736 2453 855 2505 eripe
875 2465 956 2494 nos

131 2508 185 2550 de
217 2509 419 2550 manibus
452 2511 619 2559 eorum,
662 2509 763 2561 quia
800 2509 957 2551 cecidit

129 2563 364 2606 multitudo
385 2565 440 2606 de
459 2565 597 2607 nobis.
624 2566 681 2607 Et
703 2578 854 2607 omnes
873 2566 955 2606 fra-

128 2626 218 2662 tres
241 2622 397 2672 nostri,
428 2623 501 2674 qui
526 2627 650 2664 erant
671 2623 714 2662 in
738 2622 847 2664 locis
871 2622 955 2663 Tu-

129 2676 215 2727 bin,
233 2678 451 2721 interfecti
469 2684 583 2720 sunt:
602 2683 645 2720 et
664 2681 860 2731 captivas
880 2677 954 2719 du-

129 2734 286 2775 xerunt
304 2737 466 2776 uxores
485 2738 654 2785 eorum,
679 2740 723 2777 et
742 2739 886 2784 natOS‚
911 2739 955 2776 et

1025 785 1043 812 ι,
1071 787 1102 814 »fi
1131 772 1342 814 Jonathas
1371 774 1415 814 in
1443 779 1561 815 terra
1589 775 1772 826 Galaad,
1803 781 1846 818 et

1018 827 1170 869 Simon
1195 829 1328 870 frater
1355 831 1446 882 ejus
1470 831 1514 870 in
1540 831 1722 872 Galilaea
1747 845 1845 874 con-

1018 888 1085 925 tra
1129 885 1286 926 faciem
1333 887 1637 938 Ptolemaidis,
1682 888 1846 931 audivit

1017 941 1042 981 J
1045 941 1238 994 osephus
1263 943 1489 984 Zachariae
1513 944 1644 994 filius,
1674 950 1716 986 et
1735 945 1844 986 Aza-

1017 999 1104 1038 rias
1123 998 1329 1051 princeps
1349 1000 1531 1049 virtutis,
1554 1013 1624 1041 res
1644 1000 1755 1042 bene
1774 1014 1844 1051 ge-

1018 1059 1124 1104 staS,
1154 1060 1198 1096 et
1220 1056 1373 1107 praelia
1398 1069 1496 1107 quae
1520 1057 1635 1098 facta
1659 1063 1773 1107 sunt,
1802 1062 1846 1099 et

1018 1109 1143 1151 dixit:
1171 1111 1401 1153 Faciamus
1431 1117 1475 1153 et
1502 1112 1586 1165 ipsi
1614 1113 1741 1155 nobis
1769 1126 1843 1154 no-

1016 1179 1133 1216 men,
1163 1173 1207 1209 et
1233 1170 1382 1209 eamus
1408 1171 1605 1221 pugnare
1631 1168 1841 1211 adversus

1018 1223 1201 1273 Gentes,
1249 1237 1347 1276 quae
1389 1225 1432 1265 in
1469 1226 1653 1268 circuitu
1688 1231 1840 1267 nostro

1018 1285 1128 1321 sunt.
1181 1281 1238 1322 Et
1268 1282 1482 1334 praecepit
1514 1282 1580 1323 his
1615 1283 1689 1334 qui
1722 1288 1844 1324 erant

1015 1336 1059 1376 in
1092 1338 1287 1378 exercitu
1319 1351 1416 1388 suo,
1460 1343 1504 1380 et
1542 1338 1742 1380 abierunt
1773 1339 1842 1380 Ja-

1015 1406 1188 1433 mmam.

1069 1454 1120 1505 Rz.
1145 1450 1334 1491 Refulsit
1355 1451 1431 1492 sol.
1451 1452 1538 1492 163.

1252 1560 1263 1565 -
1326 1524 1478 1565 Lectio
1498 1524 1537 1564 ii.

1096 1590 1115 1627 t
1138 1585 1271 1627 exivit
1291 1585 1478 1637 Gorgias
1503 1586 1558 1627 de
1578 1587 1772 1635 civitate,
1802 1591 1844 1627 et

1106 1642 1186 1683 viri
1202 1642 1292 1693 ejus
1305 1641 1480 1683 obviam
1490 1643 1574 1683 illis
1585 1643 1628 1683 in
1641 1655 1843 1695 pugnam.

1014 1699 1071 1740 Et
1089 1698 1226 1748 fugati
1246 1704 1346 1739 sunt
1360 1699 1385 1739 J
1388 1699 1580 1751 osephus
1600 1704 1643 1741 et
1658 1699 1841 1739 Azarias

1014 1767 1154 1807 usque
1182 1755 1225 1795 in
1253 1755 1363 1796 fines
1391 1754 1572 1796 Judaeae:
1602 1761 1645 1797 et
1675 1754 1841 1796 cecide-

1014 1816 1115 1853 runt
1142 1811 1217 1852 illo
1247 1811 1317 1852 die
1347 1811 1400 1853 de
1426 1812 1593 1864 populo
1619 1812 1757 1853 Israel
1785 1811 1842 1853 ad

1015 1867 1102 1909 duo
1131 1867 1267 1909 millia
1294 1868 1391 1917 viri,
1431 1873 1474 1909 et
1502 1868 1617 1910 facta
1646 1874 1712 1910 est
1740 1869 1842 1919 fuga

1012 1937 1169 1976 magna
1188 1924 1232 1964 in
1249 1924 1433 1977 populo:
1460 1925 1562 1977 quia
1585 1938 1673 1966 non
1697 1925 1839 1966 audie-

1012 1986 1114 2022 runt
1132 1981 1157 2021 J
1159 1980 1307 2031 udam,
1327 1986 1371 2022 et
1389 1981 1547 2023 fratres
1569 1983 1675 2033 ejus,
1696 1982 1839 2023 existi-

1012 2039 1181 2079 mantes
1214 2037 1386 2079 fortiter
1419 2050 1466 2079 se
1497 2038 1704 2079 facturos.
1748 2038 1840 2090 Ipsi

1012 2099 1159 2136 autem
1187 2107 1276 2135 non
1306 2099 1428 2136 erant
1456 2094 1510 2135 de
1539 2095 1702 2135 semine
1726 2094 1838 2135 viro-

1011 2163 1107 2191 rum
1126 2150 1316 2200 illorum,
1340 2163 1420 2202 per
1444 2163 1555 2202 quos
1581 2150 1698 2191 salus
1723 2150 1838 2191 facta

1012 2211 1080 2247 est
1098 2206 1142 2246 in
1161 2206 1308 2248 Israel.

1063 2264 1114 2314 Ην.
1140 2262 1415 2304 Ornaverunt
1433 2263 1599 2304 faciem.
1619 2264 1708 2303 164.

1312 2331 1465 2372 Lectio
1484 2331 1538 2371 iii.

1090 2401 1108 2437 t
1148 2397 1230 2436 viri
1269 2395 1382 2437 Juda
1426 2397 1693 2447 magnificati
1737 2401 1837 2438 sunt

1107 2452 1235 2494 valde
1251 2453 1309 2493 ‘in
1337 2454 1578 2504 conspectu
1606 2453 1746 2494 omnis
1774 2454 1833 2494 Is-

1009 2509 1114 2559 rael,
1145 2514 1188 2550 et
1216 2508 1409 2559 gentium
1439 2509 1630 2550 omnium
1660 2509 1734 2551 ubi
1764 2521 1833 2549 au-

1009 2564 1211 2607 diebatur
1229 2577 1389 2606 nomen
1408 2567 1570 2606 eorum.
1603 2565 1660 2607 Et
1678 2577 1831 2607 conve-

1007 2624 1164 2663 nerunt
1188 2620 1244 2662 ad
1268 2633 1344 2662 eos
1368 2621 1510 2663 fausta
1530 2622 1831 2663 acclamantes.

1007 2679 1064 2720 Et
1084 2678 1217 2719 exivit
1235 2678 1259 2718 J
1261 2677 1386 2727 udas,
1412 2683 1456 2719 et
1476 2678 1632 2719 fratres
1653 2679 1758 2730 ejus,
1785 2682 1829 2718 et

1007 2733 1318 2787 expugnabant
1345 2734 1460 2776 filios
1483 2734 1602 2775 Esau
1626 2734 1669 2774 in
1699 2738 1828 2783 terra,
