2040 2944
552 191 625 225 Die
651 192 700 225 14.
725 192 827 235 Sept.
874 192 917 226 In
941 192 1188 228 Exultatione
1214 194 1248 227 S.
1275 193 1420 228 Crucis.

187 289 275 332 Sed
289 290 334 331 in
346 289 444 342 lege
454 289 632 331 Domini
641 289 846 332 voluntas
862 291 963 342 eius

135 347 160 374 *
187 351 231 388 et
262 346 307 388 in
334 346 431 398 lege
462 347 552 398 ejus
580 345 864 388 meditabitur
893 346 964 388 die

135 415 187 445 ac
204 407 346 444 nocte.

186 459 243 501 Et
270 459 352 501 erit
378 464 604 511 tamquam
629 458 814 510 lignum,
844 459 965 511 quod

135 516 382 570 plantatum
394 520 460 557 est
471 528 597 557 secus
609 515 822 557 decursus
833 518 963 567 aqua-

135 574 277 622 rum,*
289 572 408 625 quod
427 572 616 614 fructum
634 585 760 614 suum
780 571 902 614 dabit
920 573 964 613 in

135 631 336 682 tempore
357 641 452 671 suo:

187 686 244 728 Et
269 685 420 727 folium
446 685 536 737 ejus
562 697 649 726 non
676 684 856 727 defluet:
875 687 900 713 *
920 690 964 727 et

136 742 281 783 omnia
301 744 589 794 quaecumque
609 741 755 792 faciet,
779 755 963 795 prospe-

135 798 357 840 rabuntur.

185 855 287 897 Non
305 855 367 896 sic
385 854 517 908 impii,
536 868 626 897 non
641 855 751 896 sicz*
763 855 843 896 sed
856 859 962 896 tam-

137 924 267 965 quam
284 911 444 964 pulvis,
462 924 595 964 ,quem
612 912 786 964 projicit
806 916 962 954 ventus

135 981 161 1010 a
179 968 288 1010 facie
306 973 448 1010 terrae.

186 1024 294 1066 Ideo
319 1038 408 1066 non
435 1028 665 1076 resurgent
690 1025 812 1077 impii
836 1025 880 1065 in
906 1026 962 1076 ju-

135 1081 265 1123 dicio:
291 1082 314 1109 *
339 1094 482 1133 neque
508 1082 766 1134 peccatores
792 1082 836 1122 in
863 1094 962 1123 con-

135 1138 235 1179 cilio
254 1138 477 1190 justorum.

185 1198 401 1249 Quoniam
425 1198 548 1240 novit
571 1198 666 1239 Dfis
691 1198 807 1239 viam
830 1199 961 1251 justo-

133 1267 245 1296 rum:
268 1256 292 1282 *
318 1260 362 1296 et
385 1255 467 1296 iter
490 1255 725 1307 impiorum
748 1255 919 1308 peribit.

190 1320 289 1361 Ant.
330 1319 485 1361 Nobile
523 1319 688 1371 lignum
730 1320 961 1370 exaltatur,

133 1376 295 1418 Christi
317 1375 428 1418 fides
451 1376 616 1426 rutilat,
644 1376 748 1418 dum
770 1377 886 1418 Crux
906 1376 961 1419 ab

133 1432 335 1475 omnibus
354 1434 599 1474 veneratur.

186 1503 284 1545 Ant.
325 1503 485 1544 Sancta
518 1502 637 1544 Crux
672 1503 898 1545 extollitur
936 1517 962 1545 a

132 1559 299 1601 cunctis
322 1558 516 1611 regibus,
543 1559 665 1611 virga
690 1560 811 1611 regia
837 1561 960 1612 erigi-

130 1620 212 1666 tur,
230 1616 275 1656 in
295 1629 380 1668 qua
398 1616 601 1658 Salvator
619 1617 918 1669 triumphavit.

422 1697 623 1737 Psalmus
641 1698 679 1736 2.

138 1747 322 1871 Quare
354 1762 625 1805 fremuerunt
652 1765 835 1814 Gentes,
867 1768 891 1792 ¹⁸¹
919 1770 963 1808 et

234 1819 390 1873 populi
408 1818 607 1862 meditati
627 1826 728 1862 sunt
744 1819 911 1862 inania?

183 1876 430 1919 Astiterunt
456 1889 583 1928 reges
602 1882 750 1927 terrae,
778 1883 822 1920 et
846 1881 960 1931 prin-

132 1932 252 1985 cipes
281 1935 580 1975 convenerunt
607 1934 651 1974 in
679 1947 813 1975 unum
840 1936 863 1960 *
888 1933 961 1976 ad-

130 1990 284 2030 versus
295 1989 542 2040 Dominum,
558 1994 602 2032 et
616 1989 827 2032 adversus
843 1990 961 2032 Chri-

132 2049 247 2086 stum
266 2046 368 2098 ejus.

181 2102 493 2155 Dirumpamus
525 2103 700 2144 vincula
731 2106 899 2145 eorum:
937 2105 961 2132 *

131 2163 175 2200 et
201 2158 483 2212 projiciamus
511 2171 536 2200 a
563 2158 691 2201 nobis
723 2160 871 2212 jugum
898 2160 960 2213 ip-

131 2216 290 2256 sorum.

182 2271 266 2321 Qui
302 2270 472 2312 habitat
506 2271 551 2312 in
592 2271 717 2313 coelis
758 2271 960 2314 irridebit

131 2339 223 2369 eos:
237 2329 261 2355 *
276 2333 321 2370 et
335 2328 552 2369 Dominus
568 2327 855 2370 subsannabit
872 2341 959 2370 eos.

181 2383 307 2426 Tunc
342 2385 548 2436 loquetur
594 2383 652 2426 ad
699 2397 777 2426 eos
814 2385 859 2425 in
895 2385 960 2426 ira

133 2452 222 2490 sua,
239 2440 264 2467 *
283 2445 327 2483 et
345 2441 390 2481 in
409 2441 556 2482 furore
576 2453 656 2482 suo
677 2440 959 2483 conturbabit

134 2507 220 2538 eos.

183 2551 279 2604 Ego
296 2558 443 2595 autem
460 2554 726 2596 constitutus
746 2567 842 2595 sum
861 2554 959 2595 Rex

131 2607 187 2649 ab
230 2621 282 2650 eo
322 2622 453 2662 super
486 2611 592 2652 Sion
628 2615 822 2652 montem
864 2623 958 2651 san-

132 2669 251 2730 ctum
266 2666 367 2718 eius,
382 2666 405 2692 *
420 2667 667 2719 praedicans
686 2668 959 2720 praeceptum

132 2733 233 2773 elus.

1067 289 1284 331 Dominus
1317 289 1429 331 dixit
1457 288 1514 331 ad
1541 301 1630 331 me:
1657 289 1681 315 *
1708 288 1846 330 Filius

1015 359 1140 387 meus
1161 359 1206 387 es
1224 351 1287 396 tu,
1311 358 1393 398 ego
1411 345 1545 387 hodie
1564 345 1695 397 genui
1713 350 1768 387 te.

1066 402 1250 444 Postula
1270 415 1295 444 a
1313 415 1400 452 me,
1427 407 1471 444 et
1491 401 1608 444 dabo
1630 401 1718 457 tibi·
1733 402 1845 444 Gen-

1016 463 1084 500 tes
1116 458 1423 501 haereditatem
1457 463 1596 509 tuam,
1623 459 1647 484 *
1675 463 1719 500 et
1746 471 1845 511 pos-

1016 515 1260 557 sessionem
1279 520 1400 556 tuam
1419 515 1631 556 terminos
1649 520 1793 557 terrae.

1070 572 1216 623 Reges
1246 584 1323 613 eos
1350 572 1395 612 in
1422 571 1547 623 virga
1571 571 1728 621 ferrea,
1751 572 1775 598 *
1802 576 1846 613 et

1016 633 1243 680 tamquam
1257 641 1335 669 vas
1351 627 1473 678 figuli
1490 627 1739 680 confringes
1758 641 1846 670 eos.

1067 685 1124 726 Et
1148 697 1263 726 nunc
1287 697 1415 736 reges
1442 683 1688 735 intelligite:
1707 685 1731 710 *
1752 698 1845 727 eru-

1017 740 1169 782 dimini
1189 741 1264 793 qui
1283 741 1485 793 judicatis
1505 745 1678 782 terram.

1067 798 1238 840 Servite
1263 797 1456 840 Domino
1483 797 1527 838 in
1554 797 1727 839 timore:
1753 799 1777 824 *
1802 803 1845 840 et

1017 855 1235 896 exsultate
1256 855 1296 896 ei
1313 867 1413 896 cum
1430 856 1634 895 tremore.

1068 911 1403 964 Apprehendite
1441 910 1733 963 disciplinam,
1774 923 1845 951 ne-

1017 967 1193 1020 quando
1231 968 1446 1009 irascatur
1480 967 1716 1017 Dominus,
1745 967 1769 992 *
1803 972 1846 1008 et

1015 1025 1208 1077 pereatis
1228 1024 1283 1066 de
1303 1025 1374 1066 via
1393 1025 1516 1077 justa.

1067 1081 1177 1123 Cum
1236 1082 1449 1123 exarserit
1502 1082 1547 1122 in
1603 1080 1728 1123 brevi
1782 1080 1847 1121 ira

1016 1139 1119 1190 ejus,
1142 1139 1166 1164 *
1186 1138 1306 1180 beati
1330 1150 1494 1188 omnes,
1520 1138 1594 1190 qui
1618 1136 1847 1179 confidunt

1015 1208 1059 1235 1n
1088 1207 1153 1236 eo.

1069 1261 1168 1301 Ant.
1211 1261 1372 1302 Sancta
1408 1259 1525 1301 Crux
1562 1259 1785 1301 extollitur
1822 1271 1847 1300 a

1016 1316 1183 1359 cunctis
1209 1315 1402 1367 regibus,
1432 1316 1554 1368 virga
1577 1316 1697 1368 regia
1723 1315 1846 1367 erigi-

1013 1379 1095 1423 tur,
1114 1373 1158 1413 in
1179 1385 1265 1424 qua
1284 1372 1488 1415 Salvator
1506 1372 1804 1426 triumphavit.

1071 1444 1170 1485 Ant.
1214 1443 1251 1484 O
1281 1442 1399 1484 Crux
1431 1442 1711 1491 venerabilis,
1747 1454 1847 1494 quae

1015 1499 1203 1540 salutem
1222 1499 1406 1540 attulisti
1423 1499 1604 1548 miseris,
1626 1498 1784 1551 quibus
1802 1503 1846 1540 te

1015 1555 1193 1596 efferam
1213 1555 1465 1608 praeconiis,
1486 1555 1694 1607 quoniam
1712 1556 1847 1596 vitam

1014 1612 1143 1654 nobis
1161 1611 1354 1653 co'elitem
1372 1610 1659 1665 praeparasti?

1307 1695 1503 1734 Psalmus
1527 1696 1563 1735 3.

1107 1763 1252 1805 omine
1289 1762 1395 1815 quid
1429 1763 1708 1816 multiplicati
1743 1769 1845 1805 sunt

1121 1820 1196 1872 qui
1219 1819 1431 1862 tribulant
1458 1819 1551 1861 me?
1580 1821 1603 1846 *
1631 1820 1757 1862 multi
1785 1821 1844 1861 in-

1016 1880 1200 1929 surgunt
1219 1875 1453 1917 adversum
1473 1889 1554 1917 me.

1066 1933 1194 1974 Multi
1214 1932 1365 1974 dicunt
1384 1933 1541 1974 animae
1555 1946 1683 1975 meae:
1702 1935 1726 1960 *
1741 1933 1844 1974 Non

1015 1994 1083 2031 est
1102 1989 1220 2030 salus
1238 1989 1324 2041 ipsi
1342 1989 1386 2029 in
1405 1989 1502 2030 Deo
1523 1991 1624 2042 ejus.

1065 2046 1135 2087 Tu
1182 2050 1330 2087 autem
1374 2046 1564 2088 Domine
1610 2047 1843 2098 susceptor

1012 2115 1137 2144 meus
1158 2115 1220 2152 es,
1240 2102 1263 2127 *
1282 2102 1421 2153 gloria
1440 2115 1555 2153 mea,
1579 2108 1622 2144 et
1642 2102 1840 2144 exaltans

1014 2163 1147 2211 caput
1165 2171 1323 2202 meum.

1063 2215 1190 2257 Voce
1214 2228 1313 2256 mea
1337 2215 1395 2256 ad
1420 2215 1657 2256 Dominum
1686 2214 1842 2257 clama-

1013 2272 1076 2312 vi:
1107 2272 1131 2297 *
1164 2276 1208 2313 et
1239 2271 1462 2313 exaudivit
1498 2284 1568 2313 me
1599 2271 1655 2313 de
1691 2276 1841 2313 monte

1012 2332 1164 2370 sancto
1193 2340 1284 2369 suo.

1063 2384 1159 2436 Ego
1184 2383 1382 2434 dormivi,
1407 2389 1450 2426 et
1474 2386 1709 2437 soporatus
1731 2397 1841 2425 sum:

1011 2442 1035 2468 *
1056 2445 1100 2482 et
1123 2440 1364 2491 exsurrexi,
1391 2440 1494 2492 quia
1513 2441 1726 2483 Dominus
1750 2453 1840 2482 sus-

1012 2496 1130 2549 cepit
1150 2509 1230 2538 me.

1062 2553 1165 2595 Non
1203 2552 1369 2595 timebo
1400 2553 1538 2595 millia
1572 2553 1728 2607 populi
1761 2553 1839 2594 cir-

1012 2609 1258 2651 cumdantis
1282 2622 1367 2651 me:
1386 2611 1410 2637 *
1430 2613 1616 2661 exsurge
1639 2610 1838 2659 Domine,

1011 2666 1182 2708 salvum
1201 2678 1272 2707 me
1292 2665 1361 2707 fac
1382 2666 1504 2708 Deus
1522 2679 1657 2708 meus.

1063 2722 1281 2773 Quoniam
1314 2726 1363 2764 tu
1397 2722 1655 2776 percussisti
1685 2732 1836 2763 omnes
