2040 2944
731 208 770 240 In
799 208 1049 241 Dedicatione
1076 207 1269 242 Ecclcsiae.

1767 201 1857 245 [121]

153 307 406 357 interrogat,
447 305 564 358 apud
595 305 780 346 alterum
812 317 860 346 se
891 317 979 346 non

153 362 359 404 invitatus
374 362 539 403 invitat.
558 361 732 403 Sciebat
748 361 862 403 enim
876 360 978 402 ube—

153 431 246 460 rem
276 418 456 471 hospitii
488 418 555 459 sui
588 430 685 459 esse
720 417 978 459 mercedem.

152 474 240 517 Sed
258 479 416 524 tamen,
437 475 518 516 etsi
537 473 732 515 nondum
746 487 902 515 vocem
919 474 978 514 in-

151 532 328 573 vitantis
348 530 561 579 audierat,
587 531 671 582 jam
690 529 860 572 viderat
878 530 977 571 affe-

151 593 280 630 ctum.

202 655 251 693 R.
276 652 467 705 Lapides
487 652 669 705 pretiesi
694 665 845 694 omnes
864 653 975 693 muri

152 710 230 751 tui:
244 711 265 734 *
291 710 348 750 Et
370 713 513 750 turres
532 709 774 750 Jerusalem
793 709 975 760 gemmis

152 765 495 807 aedificabuntur.
542 761 592 813 Y.
626 765 774 807 Portae
806 765 830 806 J
833 768 977 806 erusa-

150 822 237 863 lem
257 835 310 864 ex
329 821 540 874 sapphiro
560 826 604 863 et
624 821 856 873 smaragdo
876 821 976 864 aedi-

151 878 410 928 ficabuntur,
444 883 487 920 et
520 891 574 919 ex
604 878 751 931 lapide
780 878 976 931 pretioso

152 936 291 976 omnis
315 935 521 977 circuitus
545 936 658 976 muri
677 936 779 987 ejus.
815 935 872 977 Et
890 940 976 976 tur-

150 1004 232 1033 res.
262 992 413 1033 Gloria
431 992 561 1033 Patri.
590 992 646 1034 Et
665 997 818 1033 turres.

201 1057 361 1098 Bened.
394 1057 460 1099 Ad
480 1057 745 1099 societatem.

448 1141 599 1182 Lectio
621 1142 673 1181 ix.

241 1221 362 1250 erum
376 1219 430 1248 ne
446 1218 611 1248 caecum
624 1206 745 1247 illum
755 1210 977 1259 tamquam

252 1263 468 1306 fastidiosi
494 1266 738 1315 pauperum
767 1263 854 1304 cito
882 1263 977 1304 reli-

152 1324 299 1375 quisse
326 1319 571 1369 videamur,
605 1323 648 1361 et
679 1321 889 1361 transisse
921 1319 978 1361 ad

151 1378 347 1427 divitem,
381 1377 688 1429 exspectemus
722 1389 838 1426 eum,
877 1377 978 1429 quia

151 1433 422 1487 exspectavit
437 1438 481 1474 et
493 1432 722 1474 Dominus:
741 1432 976 1484 interroge-

149 1504 245 1532 mus
261 1503 371 1539 eum,
387 1489 488 1542 quia
502 1489 789 1539 interrogavit
804 1494 847 1530 et
859 1489 977 1531 Chri-

150 1553 253 1590 stus.
272 1547 368 1588 Nos
382 1546 712 1597 interrogemus,
729 1546 829 1597 quia
841 1549 976 1587 nesci-

149 1617 261 1645 mus:
286 1602 359 1645 ille
384 1603 485 1655 quia
503 1603 696 1644 neverat.
731 1602 826 1644 Nos
850 1603 976 1644 inter-

151 1662 369 1711 rogemus,
396 1664 445 1701 ut
463 1659 650 1700 sciamus
671 1658 786 1700 unde
804 1659 887 1700 iste
906 1672 975 1700 cu-

150 1719 271 1759 ratus
282 1716 352 1758 sit:
367 1715 439 1758 ille
453 1716 751 1767 interrogavit,
770 1720 818 1756 ut
831 1716 875 1756 in
890 1729 976 1757 uno

151 1773 300 1827 plures
316 1772 593 1823 disceremus,
607 1771 723 1814 unde
739 1771 977 1813 Dominum

151 1829 300 1872 videre
325 1831 580 1871 mereamur.
617 1829 909 1881 Interrogavit
937 1841 976 1870 e-

150 1887 256 1935 nim,
279 1891 327 1928 ut
346 1885 637 1937 crederemuS,
660 1886 877 1928 neminem
895 1885 978 1926 nisi

153 1943 432 1985 confitentem
451 1955 584 1996 posse
603 1943 773 1985 salvari.

196 2009 269 2052 ‚Te
291 2008 434 2049 Deum
451 2007 691 2050 laudamus.
719 2010 777 2049 14.

416 2097 495 2139 Ad
520 2097 716 2140 Laudes
842 2085 846 2090 ¹

370 2165 416 2194 et
451 2171 541 2204 per
576 2160 759 2196 Horas.

203 2225 300 2265 Ant.
324 2226 353 2265 1.
381 2225 571 2267 Domum
596 2231 717 2268 tuam
743 2227 930 2270 Demine
955 2230 978 2256 *

154 2283 281 2382 {iacet
309 2282 555 2324 sanctitudo
592 2283 636 2324 in
662 2283 979 2335 longitudinem

201 2343 333 2383 erum.

205 2394 361 2435 Psalm.
396 2395 612 2438 Dominus
640 2398 849 2449 regnavit.
877 2409 973 2436 cum

151 2451 339 2501 reliquis.
368 2454 427 2494 15.

205 2508 240 2547 2-
268 2508 438 2552 Domus
462 2522 560 2551 mea
584 2511 607 2536 *
633 2510 789 2552 domus
821 2510 978 2551 oratio—

155 2565 221 2606 nis
240 2565 479 2607 vocabitur.
688 2613 693 2617 ,

206 2622 242 2661 3.
270 2621 379 2663 Haec
403 2627 470 2664 est
494 2622 650 2665 domus
669 2623 846 2664 Domini
865 2623 888 2648 *
908 2622 978 2662 fir-

155 2678 283 2719 miter
307 2677 537 2728 aedificata,
569 2678 681 2721 bene
708 2679 889 2721 fundata
913 2683 980 2720 est

157 2746 290 2787 supra
307 2734 477 2775 firmam
495 2740 676 2789 petram.

1080 308 1117 345 4.
1142 306 1258 346 Bene
1278 303 1460 346 fundata
1479 308 1546 345 est
1560 305 1584 330 *
1600 303 1757 345 domus
1771 303 1858 344 Do-

1030 361 1135 401 mini
1154 374 1287 413 supra
1306 361 1477 402 firmam
1495 365 1677 413 petram.

1081 419 1116 457 .5.
1167 417 1359 470 Iiapides
1406 417 1592 470 pretiesi
1636 418 1659 443 *
1705 430 1857 458 omnes

1030 474 1144 514 muri
1162 474 1235 523 tui,
1258 479 1301 516 et
1320 480 1463 516 turres
1482 473 1723 515 Jerusalem
1742 486 1857 524 gem-

1031 530 1112 571 mis
1132 529 1477 572 aedificabuntur.

1134 602 1391 654 Capitulum.
1538 602 1673 653 Apoc.
1694 603 1749 641 21.

1122 666 1181 708 idi
1213 667 1433 708 civitatem
1462 671 1659 708 sanctam
1686 667 1710 708 J
1714 671 1857 708 erusa-

1135 723 1220 764 lem
1249 736 1407 764 novam
1436 723 1774 765 descendentem
1803 723 1857 765 de

1032 779 1146 820 coelo
1175 792 1199 820 a
1225 780 1338 829 Deo,
1366 782 1566 832 paratam
1592 780 1704 821 sicut
1730 793 1856 833 spon-

1031 848 1124 876 sam
1145 838 1342 877 ornatam
1361 836 1456 877 viro
1477 849 1568 877 suo.

1344 907 1548 957 Hymnus.

1161 972 1224 1013 lto
1245 985 1299 1013 ex
1319 972 1495 1025 Olympi
1514 973 1677 1014 vertice

1185 1029 1349 1070 Summi
1368 1029 1566 1070 Parentis
1585 1029 1730 1079 Filius,

1140 1085 1230 1126 Ceu
1248 1090 1398 1126 monte
1417 1084 1620 1127 desectus
1639 1085 1750 1139 lapis

1134 1141 1295 1182 Terras
1314 1142 1358 1182 in
1378 1142 1487 1182 imas
1508 1141 1726 1193 decidens,

1134 1199 1302 1239 Domus
1323 1200 1536 1251 supernae,
1555 1203 1598 1240 et
1617 1199 1788 1249 infimae,

1132 1255 1376 1306 Utrumque
1395 1255 1533 1306 junxit
1553 1255 1768 1307 angulum.

1084 1328 1170 1370 Sed
1189 1328 1261 1369 illa
1282 1327 1409 1369 sedes
1429 1328 1624 1369 co'elitum

1133 1385 1314 1438 Semper
1333 1385 1516 1426 resultat
1534 1384 1748 1435 laudibus,

1133 1442 1364 1493 Deumque
1383 1441 1565 1482 Trinum
1586 1446 1628 1483 et
1646 1442 1831 1483 Unicum

1133 1498 1231 1549 Jugi
1251 1500 1410 1539 canore
1430 1498 1660 1551 praedicat:

1133 1554 1201 1595 Illi
1222 1557 1427 1596 canentes
1447 1555 1661 1606 jungimur

1132 1610 1274 1652 Almae
1294 1610 1435 1652 Sienis
1456 1611 1610 1652 aemuli.

1080 1686 1190 1725 Haec
1209 1684 1383 1736 templa,
1402 1685 1499 1725 Rex
1519 1684 1775 1734 coelestium,

1132 1740 1273 1793 Imple
1292 1740 1480 1791 benigno
1500 1741 1675 1782 lumine:

1132 1797 1231 1838 Huc
1252 1809 1278 1838 o
1298 1799 1477 1848 rogatus
1497 1797 1664 1847 adveni,

1134 1853 1368 1906 Plebisque
1388 1858 1491 1895 vota
1510 1854 1695 1907 suscipe,

1133 1910 1191 1951 Et
1209 1915 1361 1951 nostra
1380 1910 1516 1952 corda
1535 1911 1688 1962 jugiter

1132 1966 1351 2008 Perfunde
1371 1966 1472 2008 coeli
1491 1967 1639 2018 gratia.

1082 2040 1167 2081 Hic
1187 2042 1422 2093 impetrent
1440 2040 1633 2082 fidelium

1132 2097 1280 2139 Voces
1299 2098 1542 2149 precesque
1562 2097 1810 2150 supplicum

1132 2154 1299 2195 Domus
1319 2153 1461 2195 beatae
1478 2157 1668 2203 munera,

1132 2211 1364 2262 Partisque
1383 2209 1510 2251 donis
1530 2209 1764 2260 gaudeant:

1135 2268 1289 2309 Donec
1308 2266 1440 2307 soluti
1462 2268 1648 2319 corpore

1136 2323 1272 2366 Sedes
1291 2322 1445 2365 beatas
1463 2323 1684 2375 impleant.

1082 2397 1228 2439 Decus
1247 2396 1422 2437 Parenti
1440 2395 1635 2438 debitum

1133 2453 1198 2494 Sit
1216 2453 1533 2505 usquequaque
1552 2452 1791 2503 Altissimo,

1132 2509 1339 2560 Natoque
1358 2508 1502 2550 Patris
1522 2509 1662 2559 unico,

1133 2566 1190 2607 Et
1211 2565 1373 2616 inclyto
1394 2564 1624 2615 Paraclito,

1136 2622 1214 2663 Cui
1232 2620 1337 2670 laus,
1357 2622 1565 2674 potestas,
1588 2621 1727 2672 gleria

1134 2679 1316 2719 AEterna
1336 2677 1392 2718 sit
1411 2690 1490 2730 per
1510 2677 1681 2720 saecula.

1340 2734 1492 2776 Amen.
