2040 2944
544 148 615 182 Die
641 148 694 182 25.
718 147 817 182 Nov.
865 147 899 181 S.
927 147 1148 181 Catharinae
1173 147 1278 190 Yirg.
1305 152 1340 181 et
1363 147 1470 181 Mart.

143 247 215 289 nie
232 246 522 296 manantibus,
543 246 599 288 ad
614 246 887 299 implendum
901 260 975 300 pa-

145 303 283 345 tiendi
318 302 585 345 desiderium
622 304 976 345 constantissime

143 359 353 409 toleratis,
370 359 584 401 Ecclesiae
601 361 889 401 sacramentis
905 361 976 413 pie

143 417 383 468 sancteque
399 416 627 469 susceptis,
647 416 691 457 in
707 416 868 458 Christi
883 429 976 458 cru-

144 472 264 514 cifixi
296 473 520 525 amplexu,
564 485 694 525 quem
727 485 903 525 semper
932 473 977 513 in

144 528 279 571 corde
317 534 450 582 atque
488 542 566 571 ore
603 529 836 579 habuerat,
873 534 978 582 post

143 585 218 627 illa
236 585 386 628 verba:
405 586 456 627 In
475 599 630 628 manus
645 590 744 627 tuas
760 588 977 628 commen-

144 642 203 684 do
228 643 431 696 spiritum
453 656 617 693 meum,
645 642 916 685 obdormivit
933 643 977 683 in

144 699 352 750 Domino,
386 698 457 741 die
486 704 530 741 et
558 699 668 741 hora
693 713 719 741 a
746 712 794 740 se
816 699 976 751 praedi-

145 756 244 805 ctis,
272 768 387 797 anno
416 756 570 798 salutis
596 756 829 798 millesimo
855 756 975 808 quin-

144 813 388 863 gentesimo
416 813 702 865 nonagesimo
731 813 892 866 primo,
922 826 976 854 ae-

143 868 248 910 tatis
269 868 608 921 quadragesimo
628 883 758 911 nono.
790 870 977 920 Migran-

143 930 234 967 tem
263 927 356 978 ejus
381 926 571 968 animam
596 926 978 979 splendidissimus

143 981 256 1033 ignis
280 982 440 1033 globus
464 984 654 1036 excepit:
684 997 847 1037 eorpus
870 995 977 1024 vero

144 1039 452 1081 suavissimum
461 1039 646 1082 odorem
654 1040 848 1093 spiravit,
858 1038 978 1091 quod

147 1095 387 1137 etiamnum
429 1097 735 1150 incorruptum
777 1095 978 1147 Segoviae

144 1151 389 1194 honorifice
422 1153 591 1195 colitur.
633 1154 746 1195 Eum
777 1152 978 1206 plurimis

147 1214 248 1251 ante
275 1214 319 1251 et
342 1214 447 1263 post
473 1209 643 1252 obitum
666 1210 907 1261 fulgentem
927 1209 979 1249 si-

146 1266 243 1317 gnis
276 1266 545 1309 Benedictus
585 1266 782 1308 decimus
813 1266 980 1315 tertius,

146 1323 350 1365 Pontifex
382 1323 618 1375 Maximus,
650 1325 694 1364 in
726 1326 981 1366 sanctorum

146 1381 376 1421 numerum
394 1379 555 1421 retulit.

199 1447 250 1499 R.
276 1445 369 1487 Iste
388 1444 535 1487 homo.
555 1445 637 1498 [72]

198 1523 244 1557 In
266 1523 332 1557 ΠΙ.
356 1523 556 1557 Nocturno
579 1524 751 1557 Homilia
776 1523 815 1556 in
832 1523 977 1565 Evang.

150 1570 234 1606 Sint
248 1571 381 1607 lumbi.
394 1571 441 1606 de
459 1572 597 1606 eodem
614 1572 720 1606 Com.
743 1572 769 1605 1.
786 1571 884 1605 loco.
911 1571 980 1615 [74]

286 1650 362 1685 Pro
387 1650 422 1685 S.
448 1650 707 1694 Chrysogono
732 1650 842 1684 Mart.

449 1712 602 1753 Lectio
624 1713 678 1752 ix.

149 1774 513 1876 =hrysogonus
538 1774 818 1817 Diocletiano
845 1776 980 1828 impe-

251 1833 398 1873 ratore
417 1831 575 1872 Romae
600 1831 795 1873 inclusus
819 1832 863 1872 in
890 1835 981 1874 car-

148 1899 263 1937 cere,
289 1886 351 1929 ibi
369 1887 592 1929 biennium
611 1893 775 1930 sanctae
795 1888 981 1930 Anasta-

148 1943 226 1985 siae
244 1943 527 1986 facultatibus
549 1944 672 1986 vixit:
697 1958 830 1997 quam
849 1945 982 1987 etiam

148 1999 359 2042 afflictam
382 2005 569 2053 propter
588 2000 810 2043 Christum
836 2014 862 2043 a
884 2002 980 2043 viro

148 2068 229 2098 suo
261 2056 437 2106 Publio,
469 2060 800 2110 proptereaque
833 2071 859 2099 a
891 2058 981 2099 suis

149 2113 425 2156 orationibus
455 2128 537 2168 per
569 2114 739 2157 litteras
771 2116 983 2157 auxilium

147 2170 467 2222 postulantem,
494 2171 657 2213 mutuis
686 2172 885 2224 epistolis
914 2178 982 2215 est

148 2227 414 2269 consolatus.
480 2228 569 2270 Sed
605 2241 705 2270 cum
739 2229 981 2282 imperator

148 2282 338 2324 Romam
378 2284 646 2337 scripsisset,
690 2289 756 2334 ut,
801 2285 981 2337 reliquis

149 2338 425 2391 Christianis,
453 2341 528 2392 qui
551 2341 596 2382 in
614 2341 798 2382 vinculis
823 2347 980 2393 essent,

146 2395 403 2447 interfectis,
451 2396 764 2450 Chrysogonus
801 2398 979 2451 Aquile-

147 2451 232 2502 jam
249 2451 306 2493 ad
325 2465 373 2494 se
391 2452 649 2504 mitteretur,
669 2466 722 2496 eo
737 2454 980 2507 perductus

149 2511 228 2548 est.
264 2507 345 2550 Cui
362 2509 620 2562 imperator:
648 2511 893 2560 Accersivi‚
920 2510 980 2551 in-

149 2563 258 2615 quit,
278 2568 323 2606 te
343 2564 647 2618 Chrysogone,
671 2573 720 2609 ut
739 2566 981 2608 honoribus

147 2622 342 2670 augeam,
353 2621 390 2662 si
399 2621 534 2664 modo
547 2623 772 2665 induxeris
787 2623 980 2664 animum

148 2674 257 2717 deos
283 2676 440 2719 colere.
474 2679 535 2720 At
552 2679 641 2721 ille:
667 2679 764 2730 Ego
786 2692 886 2721 eum
906 2679 981 2731 qui

305 2817 369 2842 Pars
386 2819 559 2844 Autumnalis.

1029 260 1135 289 vere
1162 251 1229 289 est
1254 248 1392 298 Deus,
1421 253 1567 290 mente
1594 252 1638 289 et
1663 247 1864 289 oratione

1030 306 1232 354 vener0r3
1254 303 1362 346 deos
1378 309 1536 354 autem,
1553 305 1627 356 qui
1641 303 1748 344 nihil
1764 309 1865 345 sunt

1030 361 1114 401 nisi
1147 360 1398 402 daemonum
1426 361 1677 411 simulacra,
1716 359 1791 402 odi
1821 365 1865 401 et

1032 419 1250 458 exsecror.
1315 418 1412 467 Quo
1453 419 1669 470 responso
1707 429 1863 459 excan-

1033 473 1218 515 descens
1238 474 1489 526 imperator,
1510 474 1567 516 ad
1583 475 1736 527 Aquas
1757 475 1864 516 Gra-

1034 530 1161 572 datas
1203 543 1302 572 eum
1343 531 1488 572 securi
1522 532 1695 583 percuti
1731 531 1865 583 jubet,

1034 590 1193 628 octavo
1221 586 1447 628 Kalendas
1472 588 1742 629 Decembris.
1785 588 1865 629 Cu-

1033 645 1098 695 jus
1144 656 1306 696 corpus
1354 645 1600 697 projectum
1645 645 1689 685 in
1734 657 1866 693 mare,

1032 700 1166 753 paulo
1208 705 1313 752 post
1353 701 1398 741 in
1437 700 1587 742 littore
1625 701 1866 750 inventum,

1036 757 1187 798 Zoilus
1224 757 1458 810 presbyter
1493 757 1537 797 in
1571 757 1662 798 suis
1694 756 1866 799 aedibus

1036 814 1249 866 sepelivit.

1087 875 1149 916 Te
1168 875 1313 916 Deum
1330 874 1574 916 laudamus.
1594 876 1652 916 14.
1724 920 1727 925 ¹

1085 943 1129 977 In
1146 944 1266 978 Laud.
1286 944 1326 978 fit
1344 954 1478 978 comm.
1497 943 1531 978 S.
1551 943 1809 987 Chrysogoni.

1087 1008 1187 1049 Ant.
1223 1007 1308 1058 Qui
1336 1006 1430 1047 odit
1458 1005 1647 1046 animam
1676 1018 1799 1046 suam
1823 1005 1868 1045 in

1032 1063 1119 1104 hoc
1139 1063 1322 1113 mundo,
1347 1063 1391 1103 in
1412 1062 1547 1104 vitam
1567 1064 1777 1104 aeternam
1797 1074 1866 1103 cu-

1035 1119 1173 1161 stodit
1191 1133 1299 1161 eam.

1086 1183 1139 1234 V.
1193 1185 1344 1226 Justus
1394 1190 1442 1226 ut
1489 1185 1636 1237 palma
1681 1183 1867 1225 florebit.

1034 1245 1084 1297 R.
1120 1241 1241 1283 Sicut
1280 1240 1437 1283 cedrus
1471 1241 1628 1283 Libani
1660 1240 1867 1292 multipli-

1035 1297 1215 1339 cabitur.

1088 1367 1252 1409 Oratio.
1289 1364 1455 1406 Adesto
1475 1363 1676 1405 Domine.
1701 1363 1798 1403 459.

1084 1436 1202 1479 vesp.
1240 1447 1260 1470 a
1297 1436 1422 1478 Capit.
1462 1435 1508 1468 de
1547 1432 1741 1476 sequenti,
1783 1442 1868 1465 cum

1035 1495 1231 1518 commem.
1258 1484 1423 1527 praeced.
1918 1486 1919 1489 ’

1219 1595 1304 1636 Die
1322 1595 1389 1635 25.
1408 1591 1685 1634 Novembris.

1100 1672 1142 1712 S.
1164 1671 1455 1713 Gatharinae
1476 1672 1595 1721 Virg.
1618 1677 1661 1711 et
1680 1671 1804 1711 Mart.

1367 1740 1532 1783 Duplex.

1088 1799 1225 1834 Omnia
1256 1799 1302 1832 dc
1334 1799 1537 1833 Communi
1563 1799 1667 1841 Virg.
1698 1803 1733 1832 ct
1758 1798 1866 1832 Mart.

1037 1855 1109 1899 [83]
1134 1852 1276 1891 praeter
1301 1858 1406 1890 sequ.
1665 1856 1672 1861 ·

1372 1914 1536 1954 Oratio.
1786 1935 1790 1937 -

1036 1983 1212 2088 Deus,
1233 1984 1308 2036 qui
1328 1982 1490 2025 dedisti
1508 1982 1652 2033 legem
1666 1980 1811 2032 Moysi
1824 1979 1868 2019 in

1138 2041 1390 2082 summitate
1414 2039 1576 2081 montis
1596 2037 1728 2086 Sinai,
1758 2041 1802 2078 et
1824 2035 1868 2076 in

1036 2098 1194 2141 eodem
1222 2098 1323 2139 loco
1352 2109 1433 2149 per
1464 2100 1642 2137 sanctos
1669 2092 1866 2144 Angelos

1034 2160 1135 2198 tuos
1155 2167 1318 2207 corpus
1338 2152 1483 2194 beatae
1504 2150 1752 2193 Catharinae
1767 2149 1867 2190 Vir-

1033 2211 1146 2263 ginis
1179 2215 1223 2253 et
1250 2209 1457 2261 Martyris
1488 2213 1577 2249 tuae
1610 2204 1868 2247 mirabiliter

1035 2267 1278 2309 collocasti:
1310 2270 1492 2319 praesta,
1522 2265 1789 2316 quaesumus3
1819 2266 1869 2302 ut

1036 2325 1126 2375 ejus
1158 2323 1326 2366 meritis
1359 2326 1403 2364 et
1436 2319 1771 2368 intercessione,
1811 2317 1868 2358 ad

1033 2385 1244 2429 montem,
1275 2379 1349 2431 qui
1374 2377 1574 2419 Christus
1603 2380 1687 2425 est,
1714 2386 1864 2428 perve-

1033 2438 1127 2478 nire
1146 2435 1388 2478 valeamus:
1407 2434 1492 2483 Qui
1510 2437 1657 2474 tecum
1676 2431 1794 2473 vivit.

1087 2503 1134 2537 Et
1158 2503 1199 2538 fit
1224 2512 1420 2538 commem.
1444 2500 1609 2544 praeeed.

1087 2564 1189 2605 Ant.
1208 2565 1290 2605 Hic
1305 2563 1372 2605 vir
1392 2562 1641 2615 despiciens
1655 2558 1866 2602 mundum

1035 2627 1079 2664 et
1119 2622 1310 2669 terrena,
1352 2618 1647 2671 triumphans,
1691 2614 1864 2658 divitias

1034 2677 1149 2720 coelo
1170 2675 1368 2718 condidit
1387 2688 1474 2725 ore,
1492 2687 1635 2716 manu.

1591 2802 1659 2836 30*
