2040 2944
191 156 258 191 394

607 157 677 191 Die
707 158 731 190 1.
757 157 1001 191 Novembris.
1049 159 1225 192 Omnium
1251 161 1487 194 Sanctorum.

191 252 307 293 niam
322 253 610 302 magnificasti
620 265 753 305 super
764 265 846 295 nos
861 266 1020 294 nomen

191 313 388 349 sanctum
403 313 537 350 tuum.
561 309 618 351 Et
633 309 843 351 adorabo.
868 309 1021 351 Gloria

191 364 321 406 Patri.
348 365 405 406 Et
423 365 634 408 adorabo.

420 444 467 482 In
495 444 544 482 II.
570 444 791 483 Nocturno.

249 511 343 550 Ant.
376 508 570 559 Domine,
589 509 614 535 *
634 509 708 561 qui
728 509 900 562 operati
919 515 1020 552 sunt

189 564 415 615 justitiam,
450 565 713 607 habitabunt
746 565 791 606 in
818 565 1018 608 taberna-

189 621 287 662 culo
311 626 405 671 tuo,
435 627 478 663 et
503 622 783 674 requiescent
801 623 845 663 in
868 627 1018 665 monte

190 683 342 720 sancto
363 683 452 719 tuo.

464 747 530 786 1³³
521 747 659 787 llmus
688 748 746 786 14.

200 810 253 859 Γ
255 814 307 853 γ-
321 801 465 842 omine
478 801 575 853 quis
586 801 830 844 habitabit
818 816 862 843 1n
875 802 1017 845 taber-

199 847 250 913 ξρρί
248 845 290 903 ··-’·]
335 858 493 900 naculo
509 857 611 900 tuo?
631 859 655 885 *
670 864 747 901 aut
763 860 861 912 quis
876 860 1016 912 requi-

335 916 455 956 escet
474 915 519 955 in
538 920 689 957 monte
709 921 863 957 sancto
883 915 986 958 tuo?

240 970 325 1020 Qui
344 970 587 1022 ingreditur
611 972 706 1014 sine
725 972 955 1023 macula*
976 978 1019 1015 et

187 1029 397 1079 operatur
416 1028 640 1079 justitiam:

239 1083 324 1134 Qui
347 1083 543 1136 loquitur
561 1086 796 1127 veritatem
819 1086 862 1126 in
882 1086 1017 1128 corde

187 1153 286 1189 suo,
306 1141 329 1166 *
351 1142 425 1193 qui
454 1154 543 1182 non
572 1142 660 1193 egit
690 1142 841 1184 dolum
867 1143 911 1184 in
939 1143 1015 1184 lin-

186 1210 272 1248 gua
292 1210 384 1238 sua:

238 1254 334 1295 Nec
354 1254 456 1296 fecit
476 1255 680 1306 proximo
700 1268 780 1297 suo
801 1256 975 1306 malum,
993 1258 1017 1283 *

188 1315 232 1352 et
253 1310 543 1364 opprobrium
562 1325 650 1354 non
674 1313 846 1366 accepit
865 1313 1016 1355 adver-

187 1380 261 1408 sus
280 1367 508 1420 proximos
528 1381 642 1410 suos.

238 1424 311 1465 Ad
330 1424 511 1465 nihilum
531 1425 750 1468 deductus
771 1431 837 1468 est
857 1426 902 1467 in
916 1440 1016 1468 con-

187 1482 343 1532 spectu
376 1482 467 1532 ejus
500 1482 733 1534 malignus:
760 1484 784 1510 *
811 1483 1017 1526 timentes

187 1542 335 1578 autem
353 1538 593 1579 Dominum
611 1539 844 1590 glorificat:

240 1594 325 1644 Qui
351 1595 463 1646 jurat
491 1595 695 1647 proximo
725 1609 823 1647 suo,
856 1601 901 1638 et
928 1609 1017 1638 non

188 1649 365 1703 decipit,
385 1652 408 1678 *
429 1652 503 1703 qui
526 1653 760 1704 pecliniam
783 1666 908 1694 suam
929 1667 1017 1695 non

187 1706 310 1748 dedit
329 1707 386 1748 ad
405 1711 594 1759 usuram,
618 1714 662 1750 et
681 1713 864 1751 munera
884 1723 1017 1763 super

186 1763 463 1806 innocentem
481 1777 569 1807 non
589 1767 773 1819 accepit:

239 1821 324 1871 Qui
349 1820 453 1862 facit
478 1821 591 1873 haec,
611 1823 634 1848 *
654 1836 742 1864 non
767 1823 1017 1866 movebitur

185 1876 230 1917 in
250 1879 473 1918 aeternum.

244 1941 343 1981 Ant.
373 1939 575 1989 Domine,
609 1940 683 1992 qui
716 1942 889 1994 operati
916 1947 1017 1985 sunt

187 1994 414 2045 justitiam,
451 1995 711 2038 habitabunt
737 1998 781 2038 in
814 1998 1015 2040 taberna-

187 2050 285 2092 culo
313 2056 410 2101 tuo,
440 2058 483 2094 et
506 2054 784 2105 requiescent
802 2055 846 2095 in
865 2061 1015 2097 monte

186 2112 340 2149 sancto
359 2112 447 2150 tuo.

240 2171 338 2211 Ant.
368 2170 477 2210 Haec
504 2174 571 2212 est
593 2171 820 2221 generatio
847 2171 870 2197 *
900 2184 1015 2223 quae-

187 2224 374 2265 rentium
389 2225 638 2278 Dominum,
659 2227 949 2280 quaerentium
964 2229 1017 2270 fa·

187 2280 297 2321 ciem
316 2281 400 2323 Dei
418 2282 567 2325 Jacob.

460 2348 657 2388 Psalmus
677 2350 740 2389 23.

187 2402 408 2508 Domini
441 2410 508 2446 est
540 2410 675 2455 terra,
710 2411 754 2447 et
786 2406 1014 2458 plenitudo

296 2459 402 2510 ejus:
425 2460 448 2485 *
472 2460 591 2502 orbis
611 2464 838 2510 terrarum,
863 2467 907 2504 et
926 2463 1014 2504 uni-

187 2513 302 2554 versi
321 2515 394 2566 qui
414 2515 612 2558 habitant
630 2518 674 2558 in
693 2531 758 2559 eo.

164 2583 167 2586 ·
238 2570 349 2620 Quia
375 2571 470 2623 ipse
500 2585 631 2625 super
655 2575 792 2615 maria
816 2574 1014 2617 fundavit

186 2639 300 2668 eum:
319 2628 342 2652 *
363 2632 407 2669 et
435 2640 567 2680 super
591 2630 770 2671 flumina
794 2633 1014 2683 praepara-

186 2683 248 2724 vit
267 2695 376 2724 eum.

1126 253 1233 303 Quis
1271 254 1480 296 ascendet
1513 255 1556 296 in
1587 261 1782 298 montem
1815 257 1902 298 Do-

1073 308 1204 349 mini?
1247 311 1270 335 *
1307 315 1382 352 aut
1419 311 1516 363 quis
1553 312 1687 354 stabit
1722 313 1766 354 in
1802 313 1902 355 loco

1074 372 1227 408 sancto
1254 365 1367 419 ejus?

1125 423 1342 466 Innocens
1387 424 1588 466 manibus
1641 430 1685 468 et
1737 426 1901 473 mundo

1074 480 1223 530 corde,
1252 482 1275 508 *
1306 481 1380 533 qui
1408 493 1496 522 non
1521 482 1695 535 accepit
1719 482 1764 523 in
1787 495 1901 524 vano

1073 537 1260 578 animam
1281 550 1419 587 suam,
1444 550 1527 579 nec
1550 538 1709 590 juravit
1733 539 1778 580 in
1796 538 1901 581 dolo

1072 594 1275 645 proximo
1302 606 1394 635 suo.

1122 649 1209 691 Hic
1255 651 1442 703 accipiet
1481 650 1835 693 benedictionem
1876 665 1902 694 a

1071 706 1277 748 Domino:
1297 709 1320 734 *
1340 712 1384 749 et
1398 707 1745 750 misericordiam
1763 721 1789 750 a
1802 708 1901 751 Deo

1072 763 1252 805 salutari
1271 777 1364 806 suo.

1123 820 1234 862 Haec
1262 826 1328 862 est
1358 821 1584 872 generatio
1615 821 1902 874 quaerentium

1072 889 1190 926 eum,
1231 878 1255 904 *
1293 878 1582 930 quaerentium
1623 878 1782 920 faciem
1817 878 1901 920 Dei

1071 933 1222 975 Jacob.

1123 990 1326 1032 Attollite
1366 996 1520 1044 portas
1565 992 1790 1045 principes
1829 1004 1900 1034 ve-

1071 1051 1201 1097 stras,
1229 1052 1273 1089 et
1297 1047 1528 1089 elevamini
1550 1054 1695 1101 portae
1719 1050 1900 1091 aeterna-

1070 1103 1149 1145 les:
1168 1105 1191 1129 *
1212 1109 1255 1146 et
1274 1104 1473 1147 introibit
1491 1105 1590 1147 Rex
1608 1105 1772 1156 gloriae.

1123 1161 1230 1211 Quis
1256 1166 1323 1203 est
1346 1161 1430 1203 iste
1449 1162 1548 1203 Rex
1571 1160 1748 1213 gloriae?
1768 1163 1792 1190 *
1811 1162 1901 1204 Do-

1070 1217 1213 1258 minus
1244 1217 1370 1260 fortis
1403 1223 1446 1260 et
1473 1223 1652 1271 potens:
1685 1219 1902 1261 Dominus

1070 1279 1230 1326 potens
1248 1274 1292 1315 in
1311 1275 1477 1327 praelio.

1123 1331 1326 1373 Attollite
1370 1337 1524 1384 portas
1564 1332 1787 1385 principes
1828 1345 1899 1374 ve-

1071 1392 1200 1437 stras,
1227 1393 1271 1430 et
1295 1388 1525 1430 elevamini
1548 1395 1692 1442 portae
1718 1391 1900 1431 aeterna-

1069 1443 1150 1485 les:
1169 1445 1192 1470 *
1213 1450 1256 1486 et
1275 1445 1472 1487 introibit
1491 1446 1589 1487 Rex
1608 1446 1771 1498 gloriae.

1123 1501 1230 1551 Quis
1255 1507 1323 1544 est
1345 1502 1428 1544 iste
1447 1503 1546 1544 Rex
1563 1502 1744 1554 gloriae?
1764 1504 1788 1530 *
1806 1503 1901 1544 Dfis
1950 1557 1953 1561 ¹

1070 1558 1281 1600 virtutum
1297 1559 1394 1611 ipse
1414 1565 1481 1601 est
1499 1560 1599 1601 Rex
1617 1560 1782 1611 gloriae.

1125 1631 1223 1670 Ant.
1252 1630 1360 1670 Haec
1375 1633 1443 1670 est
1456 1629 1682 1680 gener-itio
1704 1631 1899 1681 quaeren-

1069 1683 1179 1725 tium
1214 1684 1472 1736 Dominum,
1517 1686 1806 1738 quaerentium
1842 1686 1900 1728 fa-

1071 1740 1182 1782 ciem
1199 1741 1284 1782 Dei
1303 1741 1454 1784 Jacob.

1126 1814 1223 1853 Ant.
1253 1811 1485 1852 Laetamini
1507 1811 1552 1852 in
1575 1812 1786 1863 Domino,
1809 1812 1833 1838 *
1857 1817 1901 1854 et

1070 1866 1289 1908 exsultate
1303 1867 1415 1919 justi,
1432 1873 1476 1910 et
1490 1868 1737 1919 gloriamini
1748 1881 1900 1911 omnes

1069 1923 1180 1965 recti
1199 1923 1346 1966 corde.

1349 2005 1545 2045 Psalmus
1565 2006 1622 2045 31.

1068 2063 1240 2170 Beati
1264 2080 1450 2120 quorum
1478 2070 1676 2110 remissae
1700 2074 1801 2111 sunt
1823 2069 1899 2111 ini—

1174 2123 1380 2175 quitates:
1411 2125 1435 2150 *
1468 2129 1513 2166 et
1554 2137 1740 2177 quorum
1780 2130 1900 2168 tecta

1069 2185 1170 2221 sunt
1187 2182 1382 2232 peccata.

1119 2236 1287 2278 Beatus
1320 2237 1402 2287 vir,
1439 2237 1509 2278 cui
1543 2250 1631 2278 non
1665 2237 1900 2290 imputavit

1068 2293 1283 2334 Dominus
1316 2295 1563 2346 peccatum,
1591 2294 1614 2319 *
1641 2306 1723 2335 nec
1756 2299 1824 2336 est
1854 2295 1899 2336 in

1069 2349 1225 2401 spiritu
1244 2350 1335 2402 ejus
1355 2349 1494 2391 dolus.

1121 2405 1339 2456 Quoniam
1373 2406 1508 2456 tacui,
1544 2405 1898 2450 inveteraverunt

1069 2474 1171 2503 ossa
1182 2475 1290 2512 mea,
1300 2463 1324 2487 *
1335 2461 1440 2504 dum
1456 2462 1691 2503 clamarem
1705 2468 1801 2505 tota
1816 2463 1897 2506 die.

1121 2519 1337 2568 Quoniam
1370 2517 1441 2560 die
1472 2531 1524 2560 ac
1556 2524 1686 2560 nocte
1716 2522 1897 2570 gravata

1068 2580 1134 2616 est
1154 2587 1286 2628 super
1304 2587 1374 2616 me
1393 2587 1546 2615 manus
1565 2580 1655 2616 tua:
1675 2577 1698 2600 *
1718 2578 1896 2618 conver-

1067 2643 1142 2671 sus
1161 2644 1258 2672 sum
1275 2631 1319 2671 in
1338 2633 1534 2672 aerumna
1548 2644 1656 2681 mea,
1676 2631 1779 2674 dum
1796 2645 1896 2674 con-

1067 2687 1214 2737 figitur
1233 2687 1370 2739 spina.
