2040 2944
739 205 939 239 Dominica
965 205 1011 238 ad
1039 205 1239 248 Vespera&

186 295 400 336 Dominus
433 307 599 336 memor
634 295 714 335 fuit
747 295 902 336 nostri:
933 294 955 319 *

137 357 180 393 et
207 351 431 393 benedixit
458 351 602 392 nobis:

185 407 419 449 Benedixit
448 407 597 448 domui
616 406 767 448 Israel:
786 408 809 432 *
828 406 956 448 bene-

136 463 246 506 dixit
273 463 423 505 domui
450 463 609 504 Aaron.

187 519 420 561 Benedixit
449 519 668 569 omnibus,
702 519 775 570 qui
803 518 958 559 timent

137 577 387 626 Dominum,
415 577 438 602 *
466 575 636 628 pusillis
664 588 763 616 cum
789 575 957 626 majori-

134 632 228 674 bus.

187 688 376 741 Adjiciat
403 689 618 730 Dominus
651 700 782 740 super
810 699 907 727 vos:
934 686 958 711 *

136 757 268 798 super
295 757 385 796 vos,
413 750 456 786 et
485 757 616 797 super
640 744 755 785 filios
775 748 958 784 vestros.

188 800 418 842 Benedicti
445 813 526 842 vos
554 814 578 842 a
603 801 805 849 Domino,
833 800 856 825 *
885 799 959 850 qui

135 857 239 899 fecit
266 857 441 907 coelum,
469 862 512 899 et
531 862 703 898 terram.

189 914 358 955 Coelum
386 913 487 955 coeli
513 914 720 954 Domino:
747 914 770 938 *
799 918 959 953 terram

137 975 283 1011 autem
311 969 433 1011 dedit
462 970 562 1010 filiis
590 970 825 1011 hominum.

187 1027 288 1068 Non
323 1027 484 1068 mortui
520 1026 760 1067 laudabunt
793 1031 838 1066 te
871 1025 958 1065 Do-

135 1083 268 1124 mine:
287 1083 310 1108 *
329 1095 472 1134 neque
492 1095 659 1132 omnes,
688 1082 762 1134 qui
781 1081 958 1123 descen-

139 1139 248 1180 dunt
271 1139 315 1179 in
343 1139 567 1180 infernum.

187 1195 275 1236 Sed
302 1208 383 1236 nos
411 1196 484 1247 qui
512 1195 714 1244 vivimus,
741 1193 958 1236 benedici-

136 1265 232 1293 mus
268 1251 475 1301 Domino,
502 1252 526 1277 *
555 1264 609 1293 ex
645 1251 730 1292 hoc
764 1264 877 1292 nunc
916 1254 958 1291 et

135 1320 275 1360 usque
302 1308 346 1348 in
371 1307 590 1349 saeculum.

190 1374 290 1415 Ant.
324 1373 417 1414 Nos
446 1373 520 1424 qui
548 1372 749 1422 vivimus,
783 1372 958 1414 benedi-

136 1428 274 1470 cimus
301 1429 504 1470 Domino.

191 1512 449 1564 Capitulum.
691 1512 743 1552 Π.
764 1512 860 1552 Cor.
882 1514 909 1551 1.

219 1580 444 1622 enedictus
471 1581 608 1631 Deus,
643 1586 686 1622 et
714 1581 844 1622 Pater
871 1582 958 1622 Do-

232 1637 339 1678 mini
357 1638 498 1678 nostri
514 1638 538 1678 J
541 1650 618 1679 esu
635 1637 808 1687 Christi,
827 1638 959 1678 Pater

136 1692 552 1743 misericordiarum,
591 1699 634 1735 et
665 1694 786 1734 Deus
823 1696 959 1735 totius

137 1749 472 1799 consolationis,
501 1750 576 1801 qui
602 1749 855 1791 consolatur
879 1762 959 1790 nos

136 1804 182 1845 in
209 1806 327 1846 omni
355 1805 637 1847 tribulatione
664 1811 826 1847 nostra.

450 1881 659 1932 Hymnus.

257 1956 350 1998 ucis
379 1956 560 1998 Creator
589 1957 754 2009 optime

290 2013 454 2055 Lucem
484 2013 653 2055 dierum
681 2013 920 2066 proferens,

239 2069 497 2111 Primordiis
524 2069 635 2111 lucis
662 2082 800 2119 novae,

239 2125 392 2167 Mundi
419 2139 579 2179 parans
607 2127 834 2178 originem:

186 2190 272 2241 Qui
299 2203 426 2232 mane
453 2191 645 2241 junctum
672 2191 845 2244 vesperi

238 2247 367 2288 Diem
395 2247 545 2288 vocari
572 2247 793 2300 praecipis:

239 2302 440 2344 Illabitur
467 2308 629 2344 tetrum
657 2303 800 2354 chaos,

239 2358 358 2400 Audi
385 2371 540 2412 preces
569 2372 667 2400 cum
695 2359 881 2400 fletibus.

193 2423 256 2465 Ne
282 2437 404 2466 mens
433 2426 612 2475 gravata
639 2423 830 2473 crimine,

240 2480 358 2522 Vitae
386 2481 443 2521 sit
470 2480 594 2521 exsul
621 2482 810 2529 munere,

238 2537 355 2577 Dum
382 2536 442 2577 nil
469 2538 660 2588 pere'nne
688 2535 863 2586 cogitat,

240 2593 433 2645 Sese'que
461 2592 602 2645 culpis
630 2591 778 2643 illigat.

187 2657 380 2699 Coeleste
407 2657 553 2710 pulset
581 2657 757 2698 ostium:

239 2713 387 2754 Vitale
414 2713 542 2754 tollat
566 2713 810 2765 praemium:

291 2856 354 2880 Pars
369 2855 538 2880 Autumnalis.

1757 201 1828 235 109

1111 295 1310 336 Vitemus
1340 309 1467 337 omne
1494 296 1687 337 noxium:

1111 351 1350 402 Purgemus
1380 365 1507 393 omne
1535 352 1782 404 pessimum.

1069 418 1246 465 Praesta,
1273 417 1402 458 Pater
1429 417 1634 469 piissime,

1112 472 1318 523 Patrique
1346 485 1525 525 compar
1552 473 1699 522 Unice,

1114 527 1222 568 Cum
1249 528 1412 580 Spiritu
1438 529 1656 570 Paraclito

1114 584 1318 635 Regnans
1338 598 1416 636 per
1438 597 1565 626 omne
1585 584 1803 626 saeculum.

1320 641 1470 682 Amen.

1069 696 1352 751 Y.Dirigatur
1364 701 1550 741 Domine
1566 701 1706 742 oratio
1722 713 1829 742 mea.

1016 760 1066 810 Rg.
1077 756 1197 797 Sicut
1207 757 1429 797 incensum
1440 756 1483 796 in
1494 759 1731 808 conspectu
1741 762 1829 797 tuo.

1060 828 1272 862 praedictus
1299 828 1471 871 Hymnus
1503 839 1586 861 cum
1618 838 1685 861 suo
1712 823 1755 867 Y.
1782 828 1834 861 di-

1018 877 1114 910 citur
1144 887 1162 909 a
1192 876 1300 909 Doni.
1327 875 1388 909 ΙΙΙ.
1422 883 1506 918 post
1537 876 1683 909 l’cntcc.
1716 887 1834 917 usquc

1018 925 1066 957 ad
1092 924 1321 958 Adventum.
1347 924 1468 966 Capit,
1498 935 1586 957 vei-‹⁷›
1612 923 1834 966 praedictum

1018 972 1157 1005 dicitur
1183 972 1216 1005 in
1244 972 1386 1005 eisdem
1413 972 1517 1005 Imm.
1557 971 1702 1004 Dicitur
1724 971 1832 1004 etiam

1018 1021 1053 1053 in
1081 1020 1143 1053 fer.
1168 1020 1272 1053 Offic.
1299 1020 1345 1053 ab
1370 1019 1447 1053 Oct.
1474 1020 1618 1053 l‘cntcc.
1644 1031 1762 1061 usquc
1789 1019 1834 1051 ud

1016 1068 1245 1101 Adventum.
1277 1068 1458 1102 Similiter
1475 1074 1509 1101 ct
1529 1063 1587 1107 ἲς
1609 1068 1693 1100 Ant.
1713 1072 1834 1100 mitem

1017 1127 1100 1150 cum
1135 1116 1194 1149 Ps.
1232 1127 1381 1159 semper
1420 1117 1597 1149 dicuntur
1636 1123 1673 1148 ut
1711 1126 1835 1157 supra.

1018 1164 1171 1207 quando
1198 1165 1236 1197 tit
1262 1165 1366 1197 ostie.
1394 1164 1438 1197 dc
1467 1164 1675 1197 Dominicu.

1069 1224 1292 1264 Canticum
1324 1225 1369 1263 Β.
1401 1214 1547 1262 Μῖπὶιυ
1581 1223 1780 1269 Virginis.

1316 1280 1430 1314 Lucu:
1459 1280 1483 1314 1.
1510 1292 1537 1314 c.

1011 1327 1319 1434 Magnificat
1343 1332 1366 1357 *
1391 1332 1533 1372 anima
1559 1345 1656 1372 mea
1682 1331 1828 1372 Domi-

1133 1403 1250 1430 num:

1061 1445 1118 1486 Et
1147 1445 1381 1486 exsultavit
1406 1444 1584 1497 spiritus
1603 1457 1725 1484 meus
1744 1444 1767 1469 *
1787 1444 1831 1484 in

1010 1502 1106 1542 Deo
1137 1502 1316 1542 salutari
1343 1513 1453 1547 meo.

1065 1559 1176 1608 Quia
1210 1558 1404 1610 respexit
1438 1557 1726 1598 humilitatem
1760 1569 1829 1596 an-

1012 1614 1123 1655 cillae
1143 1627 1248 1655 suae:
1267 1615 1290 1639 *
1307 1626 1409 1654 ecce
1429 1614 1541 1654 enim
1560 1614 1616 1654 ex*
1632 1612 1714 1653 hoc
1733 1612 1830 1653 bea-

1010 1675 1100 1711 tam
1114 1684 1184 1711 me
1200 1670 1346 1711 dicent
1358 1682 1508 1710 omnes
1519 1669 1830 1720 generationes.

1064 1727 1174 1776 Quia
1202 1727 1304 1767 fecit
1331 1725 1436 1766 mihi
1463 1738 1619 1776 magna
1654 1724 1727 1776 qui
1755 1736 1829 1776 po-

1011 1788 1108 1824 tens
1131 1787 1214 1824 est:
1229 1783 1252 1807 *
1272 1787 1315 1823 et
1335 1787 1532 1822 sanctum
1552 1793 1710 1821 nomen
1731 1781 1830 1830 eius.

1063 1839 1119 1880 Et
1142 1837 1443 1880 misericordia
1468 1839 1557 1888 eius
1579 1850 1603 1877 a
1624 1836 1830 1888 progenie

1011 1897 1056 1936 in
1083 1895 1312 1948 progenies
1337 1895 1359 1919 *
1382 1893 1634 1935 timentibus
1660 1906 1768 1933 eum.

1063 1953 1186 1993 Fecit
1209 1951 1452 2004 potentiam
1472 1950 1515 1990 in
1534 1948 1713 1990 brachio
1735 1961 1830 1989 suo:

1011 2009 1035 2034 *
1069 2007 1276 2060 dispersit
1314 2005 1527 2059 superbos
1559 2010 1703 2046 mente
1738 2017 1829 2045 cor-

1013 2064 1080 2106 dis
1108 2064 1185 2105 sui.

1061 2120 1280 2173 Deposuit
1307 2120 1510 2171 potentes
1536 2116 1590 2157 de
1609 2116 1722 2167 sede,
1742 2116 1765 2141 *
1786 2121 1829 2157 et

1013 2177 1219 2221 exaltavit
1244 2174 1438 2215 humiles.

1061 2232 1314 2273 Esurientes
1342 2229 1538 2282 implevit
1563 2228 1707 2270 bonis:
1734 2228 1757 2253 *
1786 2232 1828 2268 et

1013 2289 1170 2330 divites
1200 2287 1363 2329 dimisit
1391 2286 1551 2325 inanes.

1062 2343 1263 2396 Suscepit
1280 2341 1415 2383 Israel
1443 2344 1626 2393 puerum
1644 2353 1784 2388 suum,
1804 2339 1827 2364 *

1010 2399 1265 2442 recordatus
1293 2395 1604 2438 misericordiae
1633 2409 1732 2437 suae.

1061 2456 1180 2497 Sicut
1208 2454 1379 2495 locutus
1408 2458 1474 2494 est
1501 2451 1558 2493 ad
1582 2457 1729 2507 patres
1755 2463 1826 2491 no-

1011 2517 1142 2562 stros,
1169 2512 1192 2537 *
1220 2508 1458 2558 Abraham,
1487 2513 1530 2549 et
1558 2507 1709 2548 semini
1739 2507 1826 2558 ejus

1010 2569 1053 2609 in
1082 2567 1251 2609 saecula.

1062 2624 1213 2665 Gloria
1236 2621 1366 2662 Patri.

1071 2688 1217 2721 Deinde
1244 2687 1314 2720 dic.
1340 2688 1425 2720 Ant.
1455 2691 1489 2719 et
1514 2686 1643 2719 Oratio
1667 2681 1831 2726 propria.

1392 2745 1439 2760 <w

1578 2833 1621 2866 8*
