2040 2944
406 1163 726 1214 OFFICIUM
758 1166 1044 1215 PARVUM
1076 1167 1133 1214 B.
1167 1166 1405 1214 MARIAE
1440 1164 1619 1214 VIRG.

904 1251 1076 1263 —O—v-‹N-—o
1080 1257 1114 1259 —-

209 1316 297 1351 Non
338 1317 494 1359 dieitur,
536 1318 691 1361 quando
731 1318 771 1351 fit
806 1319 981 1353 Officium

156 1374 297 1398 novem
331 1365 571 1408 Lectionum,
610 1376 680 1400 nee
716 1367 755 1399 in
790 1367 981 1409 &abbatis³

157 1413 312 1455 quando
327 1414 367 1447 fit
381 1414 557 1448 Officium
573 1415 618 1448 de
634 1414 668 1449 S.
684 1415 814 1448 Mariti.
834 1415 981 1455 Quibus

156 1460 292 1494 diebus
323 1462 510 1496 omittitur
539 1474 559 1496 a
589 1462 615 1496 Ι.
641 1462 836 1506 Vesperis.
885 1464 981 1498 Cum

155 1507 295 1542 dicitur
312 1509 349 1542 in
370 1510 509 1544 Choro.
528 1510 566 1543 in
583 1510 781 1544 Matutinis
801 1516 837 1545 et
856 1512 893 1545 in
910 1512 981 1546 Ve-

155 1557 278 1599 speris
302 1559 543 1601 przeponitur
561 1558 696 1592 Officio
716 1560 811 1597 diei;
837 1560 874 1593 in
894 1560 980 1593 aliis

153 1603 270 1638 Horis
292 1607 550 1649 postponitur.
584 1606 711 1640 Prima
733 1608 873 1641 dieitur
892 1613 981 1650 post

152 1651 430 1687 BenedicAmus
447 1651 626 1696 Domino,
656 1660 860 1698 antequam
880 1657 981 1699 legn-

152 1704 213 1733 tur
227 1700 555 1745 Martyrologium.
579 1703 696 1737 Extra
712 1703 881 1738 Chol-um
899 1708 980 1748 pot-

156 1752 213 1781 est
238 1749 313 1783 dici
338 1760 409 1793 pro
434 1752 618 1793 temporis
645 1752 943 1795 opportunitate.

251 1896 493 1946 Officium
521 1895 580 1944 Β.
603 1893 788 1944 Mariae
811 1894 872 1944 V.

209 1973 435 2008 extra
481 1967 922 2010 Adventum.

381 2050 459 2091 Ad
479 2051 742 2101 vesperas.

207 2128 288 2161 Ave
303 2125 433 2160 Maria.
456 2129 614 2168 secreto,
633 2136 719 2169 quae
738 2127 809 2161 dic.
828 2138 979 2172 semper

151 2173 189 2207 in
206 2174 400 2218 principio
420 2174 588 2207 omnium
607 2173 798 2209 Horarum
816 2176 857 2210 B.
872 2177 919 2211 M.
934 2176 977 2210 V.

151 2223 307 2265 quando
330 2232 407 2256 non
432 2222 715 2264 coniunguntur
738 2234 823 2258 eum
841 2224 977 2259 Officio

150 2270 237 2304 diei.
532 2299 535 2302 -

204 2315 251 2365 Y.
278 2317 399 2358 Deus
417 2316 461 2357 in
482 2316 752 2368 adjutorium.
779 2317 838 2358 15.

199 2377 249 2416 In
270 2378 388 2428 eujus
412 2378 496 2418 fine
522 2376 715 2429 Allelnja.
751 2377 807 2419 ad
827 2390 977 2419 omnes

150 2431 304 2473 Horas.

201 2502 299 2544 Ant„
313 2502 385 2544 Ps.‚
401 2503 523 2547 Capit.
539 2509 574 2537 et
589 2504 727 2547 Hymn.
741 2508 782 2537 ut
797 2504 836 2537 in
848 2503 975 2538 Festis

148 2550 189 2585 B.
215 2552 260 2587 M.
283 2553 326 2587 V.
352 2554 442 2599 [133]

200 2599 250 2650 ‹V-
283 2606 453 2648 Diffi'isa
488 2613 555 2649 est
590 2608 730 2659 gratia
765 2607 808 2648 in
844 2608 973 2650 labiis

148 2662 245 2703 tuis.
294 2661 344 2712 R.
385 2663 627 2716 Propterea
667 2664 889 2706 benedixit
929 2670 972 2706 te

147 2718 270 2759 Deus
296 2719 340 2759 in
368 2721 589 2761 aeternum.

300 2862 363 2887 Pars
379 2863 548 2888 Autumnalis.

1091 1319 1159 1360 Ad
1179 1321 1350 1370 Magnif.
1375 1322 1469 1361 Ant.
1501 1321 1634 1361 Beata
1656 1320 1811 1371 Mater,
1834 1322 1858 1348 *

1032 1379 1075 1415 et
1101 1374 1266 1417 intacta
1288 1375 1443 1426 Virgo,
1473 1375 1665 1427 gloriesa
1690 1377 1858 1428 Regina

1030 1431 1193 1482 mundi,
1212 1431 1434 1473 intercede
1451 1445 1532 1485 pro
1551 1433 1679 1474 nobis
1698 1433 1755 1475 ad
1769 1435 1856 1476 Do-

1029 1487 1203 1529 minum.

1088 1549 1215 1601 Kyrie
1248 1548 1424 1590 eleison.
1480 1549 1651 1591 Christe
1681 1550 1856 1593 eleison.

1038 1605 1165 1656 Kyrie
1184 1605 1360 1647 eleison.

1090 1661 1138 1712 V.
1170 1666 1386 1707 Dominus
1422 1666 1660 1708 vobiscum.

1030 1734 1130 1763 cum
1148 1722 1303 1775 spiritu
1321 1728 1410 1764 tuo.

1371 1794 1533 1834 Oratio.

1035 1848 1271 1955 Concede
1291 1866 1371 1895 nos
1392 1852 1580 1894 famulos
1602 1857 1713 1903 tuos,
1739 1856 1853 1906 quae-

1120 1922 1268 1950 sumus
1287 1909 1474 1951 D6mine
1493 1910 1624 1959 Deus,
1642 1912 1855 1963 perpetua

1029 1965 1187 2007 mentis
1221 1970 1265 2007 et
1299 1966 1498 2019 eorporis
1537 1966 1720 2008 sanitate
1753 1979 1853 2017 gau-

1030 2021 1146 2063 dere:
1162 2027 1204 2063 et
1218 2021 1412 2072 gloriosa
1424 2022 1568 2064 beatae
1579 2022 1730 2063 Mariae
1745 2035 1854 2064 sem-

1028 2091 1108 2130 per
1128 2078 1322 2129 Virginis
1344 2078 1672 2129 intercessione,
1696 2091 1721 2120 a
1743 2091 1853 2131 prae-

1029 2134 1140 2175 senti
1171 2133 1349 2176 liberari
1385 2135 1579 2184 tristitia,
1616 2140 1659 2176 et
1691 2137 1855 2176 aeterna

1027 2190 1192 2243 perfrui
1212 2190 1374 2232 laetitia.
1401 2191 1486 2232 Per
1503 2191 1750 2232 Dominum.

1724 1671 1771 1719 n.
1800 1667 1857 1709 Et

1084 2272 1257 2316 Sequens
1290 2274 1495 2309 Commem.
1530 2285 1601 2318 pro
1634 2274 1784 2309 Sanctis
1816 2276 1857 2309 fit

1030 2324 1175 2355 tantum
1202 2323 1250 2356 ad
1276 2323 1390 2366 Vesp.
1417 2328 1452 2357 et
1476 2323 1628 2357 Laudes
1655 2324 1694 2356 in
1719 2323 1854 2357 Officio

1029 2368 1063 2403 S.
1091 2369 1233 2404 Mariae.

1079 2434 1177 2473 Ant.
1208 2432 1356 2474 Sancti
1382 2432 1465 2474 Dei
1494 2445 1645 2474 omnes
1671 2432 1851 2474 interce-

1028 2488 1132 2530 dere
1165 2488 1399 2540 dignemini
1426 2502 1508 2542 pro
1540 2494 1692 2531 nostra
1719 2489 1850 2530 omni-

1026 2548 1188 2597 nmque
1207 2545 1357 2586 saltate.

1080 2608 1129 2659 Y.
1155 2609 1384 2651 Laetamini
1408 2609 1452 2650 in
1475 2610 1681 2660 Domino,
1712 2613 1755 2650 et
1780 2620 1848 2649 ex-

1027 2666 1186 2707 sultate
1214 2666 1325 2718 justi.
1370 2670 1418 2719 R2.
1451 2666 1507 2707 Et
1534 2664 1777 2717 gloriamini
1805 2675 1849 2704 o-

1025 2734 1147 2763 mnes
1165 2722 1275 2763 recti
1295 2721 1439 2763 corde.

1584 2850 1639 2884 K*
