2040 2944
155 275 307 317 thecas
344 274 468 317 duas·
525 276 842 318 Monasterium
882 291 980 320 con-

157 332 317 374 struxit
340 344 427 373 una
451 344 550 373 cum
574 332 733 382 balneo
756 337 803 375 ‘et
821 338 980 387 praete-

154 388 236 438 rio,
261 388 318 430 ad
341 393 541 430 sanctum
559 389 842 431 Laurentium
864 391 981 441 foris,

155 444 428 496 alterumque
468 444 512 485 in
549 445 669 487 Urbe
711 445 767 487 ad
802 446 981 488 Lunam.

155 613 373 666 (libusque
418 615 645 666 pretiosis,
691 615 827 656 sacris
872 615 979 657 locis

154 670 349 711 centulit.
386 670 623 712 Constituit
648 672 691 712 in
716 671 834 713 Urbe
859 672 979 713 mini-

154 726 367 777 steriales,
389 727 462 778 qui
480 728 688 780 praefixas
707 728 879 771 obirent
897 734 979 770 sta—

153 783 308 824 tiones.
344 784 431 825 Pro
457 785 676 826 communi
702 785 980 826 sacerdetum

152 839 329 880 Domini
353 840 590 882 concordia
614 841 800 883 sollicite
824 855 979 894 procu·

152 896 280 946 ravit,
315 909 370 938 ne
407 910 485 938 sua
522 897 733 939 auderent
771 901 978 950 quaerere,

152 952 232 994 sed
260 965 359 1005 quae
387 959 535 996 essent
564 954 725 996 Christi
754 954 979 998 studerent

152 1008 362 1052 obtinere.
388 1010 577 1052 Demum
595 1011 691 1064 ipse
707 1014 894 1064 cerpore
910 1025 977 1054 so—

150 1065 284 1116 lntus,
322 1066 430 1109 abiit
460 1067 504 1108 in
533 1068 692 1110 coelum
719 1072 978 1119 regnaturus

153 1134 252 1163 cum
273 1122 462 1174 Christo,
483 1129 642 1176 quarto
659 1125 765 1166 Idus
785 1126 976 1177 Septem-

152 1177 257 1229 bris,
287 1179 367 1221 sub
393 1180 733 1233 imperatoribus
758 1182 906 1224 Leene
935 1187 978 1224 et

152 1234 404 1287 Anthemi03
437 1237 618 1290 ejusque
646 1251 808 1291 corpus
836 1239 976 1290 sepul-

151 1296 245 1333 tum
276 1292 356 1334 fuit
387 1292 444 1335 ad
471 1299 671 1336 sanctum
695 1295 978 1338 Laurentium

150 1347 194 1388 in
214 1354 368 1402 crypta
387 1350 506 1401 juxta
525 1363 686 1404 corpus
702 1351 821 1394 beati
835 1353 977 1405 Xysti.

151 1403 249 1446 Una
273 1405 550 1449 ordinatiene
571 1420 723 1450 mense
743 1409 978 1451 Decembri

150 1462 316 1504 creavit
353 1463 638 1516 presbyteros
671 1465 824 1516 viginti
857 1466 976 1519 quin-

152 1530 253 1570 que,
281 1518 493 1562 diaconos
518 1533 612 1570 sex,
641 1523 876 1574 episcopos
898 1535 978 1574 per

150 1572 327 1617 diversa
339 1575 437 1618 loca
455 1576 610 1628 viginti
628 1576 750 1619 duos.
782 1579 974 1630 Aposto-

147 1628 246 1671 licae
278 1631 404 1673 Sedis
439 1633 633 1684 regimen
667 1634 806 1676 tenuit
837 1647 974 1676 annos

147 1698 238 1736 sex,
259 1700 434 1730 menses
452 1702 624 1740 novem,
647 1690 740 1732 dies
759 1690 911 1741 viginti
930 1696 975 1733 et

147 1748 262 1785 octo.

196 1811 248 1864 R.
276 1809 366 1852 Iste
385 1816 453 1852 est
473 1812 558 1864 qui.

193 1875 238 1910 In
257 1876 322 1911 111.
341 1877 541 1913 Nocturno
566 1879 738 1913 Homilia
762 1880 800 1913 in
823 1880 968 1924 Evang.

139 1922 325 1971 xVigilate.
353 1925 400 1960 de
424 1926 561 1961 eodem
586 1927 730 1962 Comm.
752 1928 782 1962 2.
806 1929 904 1963 loco.

330 2020 415 2062 Die
434 2022 484 2062 11.
503 2021 785 2074 Septembris.

245 2085 289 2126 S.
307 2086 497 2129 Nicolai
515 2089 729 2131 Toletini
752 2092 872 2132 Conf.

473 2158 637 2203 Duplex.

194 2212 331 2247 Omnia
355 2219 396 2249 ut
419 2215 458 2249 in
480 2215 681 2250 Breviario
705 2216 766 2250 die
790 2217 845 2250 10.
864 2216 964 2259 Sept.

320 2298 404 2341 Die
421 2301 492 2342 20.
511 2301 792 2354 Septembris.

215 2365 258 2406 S.
276 2365 486 2418 Agapiti
504 2370 540 2410 1.
557 2371 691 2422 Papae
711 2376 754 2411 et
775 2370 894 2411 Conf.

472 2436 636 2480 Duplex.

139 2547 197 2577 ter
220 2546 431 2587 sequentia.

195 2599 358 2641 Oratio.
386 2602 465 2650 Da,
487 2602 747 2652 quaesumus.

190 2656 234 2690 In
266 2657 294 2691 I.
322 2658 521 2693 Nocturno
554 2658 755 2693 Lectiones
788 2658 834 2692 de
864 2659 961 2692 Scri-

140 2708 252 2746 ptura
276 2711 507 2741 occurrente.

288 179 359 213 Die
375 179 424 213 11.
439 179 540 223 Sept.
566 180 600 215 S.
617 181 771 216 Nicolai
787 182 956 218 Toletini
970 184 1077 219 Conf.
1094 190 1130 219 et
1141 186 1200 220 20.
1217 186 1251 220 S.
1269 187 1423 230 Agapiti
1440 188 1465 221 I.
1480 189 1598 232 Papae
1613 190 1719 225 Conf.

154 501 286 542 Plura
328 506 461 554 atque
501 502 732 552 magnifica
767 507 861 543 tum
896 504 980 545 alia
1038 509 1074 562 ᾗ

156 559 412 599 ornamenta
431 570 486 599 ex
504 571 627 608 auro,
655 560 851 609 argento,
875 559 978 611 lapi·
1038 576 1073 592 ¹

193 2495 329 2530 Omnia
354 2497 401 2531 de
426 2497 570 2531 Comm.
595 2497 702 2532 Conf.
724 2496 843 2535 Pont..
867 2507 962 2539 prae-
996 2545 998 2549 Ι

1013 2707 1209 2748 hemines
1224 2706 1345 2747 illum
1359 2706 1626 2748 destinarant
1640 2703 1832 2755 consilio,

1795 190 1857 224 13*

1088 281 1131 315 In
1164 281 1336 321 Quatuor
1369 282 1500 326 Temp.
1542 283 1687 318 Fidelis
1721 294 1856 319 sermo.

1036 330 1083 363 de
1109 329 1244 364 eodem
1269 330 1411 364 Comm.
1438 332 1465 365 1.
1490 332 1587 366 loeo.

1267 387 1315 425 In
1333 387 1383 426 ΙΙ.
1402 388 1437 426 N
1440 389 1624 429 octurno.

1334 443 1485 485 Lectio
1504 445 1556 484 iv.

1102 510 1133 553 [ε’
1146 503 1287 542 oanne
1306 500 1430 552 hujus
1450 502 1635 543 nominis
1650 504 1856 554 secundo,

1103 557 1107 596 ζ
1130 577 1140 604 ·;
1162 569 1184 597 e
1201 557 1311 598 vivis
1327 557 1512 608 sublato,
1528 560 1754 611 Agapitus,
1768 562 1855 602 Ro—

1096 620 1106 629 *
1130 632 1136 634 -
1161 615 1314 654 manus
1333 615 1502 664 genere,
1526 621 1652 668 patre
1671 616 1854 659 Gordia-

1033 681 1110 718 no,
1164 675 1328 711 sanctae
1380 671 1590 713 Romanae
1643 673 1854 715 Ecclesiae

1033 725 1376 774 archidiaconus
1392 733 1574 779 propter
1592 729 1855 779 singularem

1033 781 1339 832 eruditionem,
1369 796 1453 835 qua
1479 783 1617 836 probe
1643 791 1686 828 et
1712 788 1853 838 appri—

1032 851 1101 879 me
1126 838 1364 880 instructus
1384 845 1494 889 erat,
1523 845 1565 882 et
1584 842 1853 893 compesitos

1033 895 1379 946 castigatissimae
1399 896 1499 938 vitae
1518 910 1675 947 mores,
1698 898 1853 950 quibus

1032 965 1124 1004 prae
1156 951 1312 994 ceteris
1344 954 1578 1004 eminebat,
1617 955 1852 995 commani-

1031 1008 1113 1050 bus
1132 1012 1268 1051 totius
1288 1010 1392 1052 cleri
1411 1010 1638 1061 suffragiis,
1658 1015 1701 1052 et
1720 1012 1852 1052 emni-

1031 1079 1104 1106 um
1123 1065 1338 1108 bonerum
1356 1066 1659 1116 gratulatione,
1683 1066 1740 1108 ad
1758 1080 1851 1108 san-

1032 1127 1146 1163 ctam
1176 1123 1295 1164 Petri
1328 1122 1479 1165 sedem
1510 1126 1737 1175 promotus
1770 1129 1852 1174 est,

1032 1183 1075 1219 et
1095 1178 1324 1221 sublimem
1338 1179 1457 1220 illam
1473 1180 1743 1232 provinciam
1756 1193 1851 1233 per-

1031 1235 1131 1276 inde
1163 1235 1497 1285 administravit,
1530 1249 1580 1277 ac
1612 1237 1648 1277 si
1679 1249 1765 1278 non
1796 1237 1852 1278 ab

1030 1291 1295 1342 hominibus,
1330 1292 1409 1334 sed
1437 1292 1493 1335 ab
1520 1293 1617 1345 ipso
1645 1293 1740 1334 Deo
1769 1293 1850 1334 ele-

1031 1353 1126 1390 ctus
1145 1348 1309 1391 fuisset.

1080 1409 1130 1459 Ιίι.
1157 1406 1309 1446 Inveni
1326 1406 1483 1447 David.
1502 1406 1573 1446 12*

1332 1471 1482 1512 Lectio
1504 1486 1539 1511 V.

1105 1521 1265 1572 gregiis
1292 1521 1469 1563 laudum
1496 1522 1633 1564 titulis
1662 1522 1717 1564 ab
1745 1525 1850 1564 anti-

1129 1579 1225 1630 quis
1260 1578 1465 1620 Patribus
1502 1578 1736 1620 decoratus
1774 1585 1850 1629 est,

1028 1634 1259 1686 dictusque
1297 1634 1351 1676 ab
1388 1635 1440 1675 iis
1477 1647 1626 1687 praeco
1662 1635 1848 1686 justitiae,

1027 1690 1252 1741 Evangelii
1288 1690 1410 1741 tuba,
1455 1703 1532 1731 vas
1570 1690 1847 1741 cathelicum,

1025 1747 1092 1788 vir
1117 1747 1281 1799 pietate
1308 1752 1351 1789 et
1376 1746 1595 1788 miraculis
1620 1747 1845 1788 celeberri-

1024 1815 1137 1853 mus,
1167 1802 1323 1855 quibus
1350 1803 1550 1844 hereicas
1575 1802 1689 1843 illius
1714 1803 1844 1844 virtti-

1024 1863 1091 1901 tes
1124 1865 1167 1901 et
1199 1859 1456 1912 apostolicae
1483 1858 1584 1901 vitae
1615 1859 1844 1900 sanctime-

1023 1916 1139 1957 niam
1157 1916 1278 1957 Deus
1296 1915 1540 1957 illustravit.
1566 1914 1748 1966 Aliquot
1768 1915 1842 1956 hu-

1022 1973 1087 2024 jus
1105 1972 1366 2014 sanctissimi
1379 1971 1585 2013 Praesulis
1602 1971 1843 2013 decretales

1023 2033 1211 2079 exstant,
1236 2029 1279 2069 in
1306 2028 1462 2080 quibus
1489 2027 1715 2070 cathelicae
1739 2027 1843 2069 fidei

1022 2084 1229 2136 dogmata
1248 2090 1365 2126 sarta
1382 2086 1585 2136 tectaque
1605 2085 1842 2134 servantur,

1022 2141 1331 2183 ecclesiasticae
1360 2140 1601 2192 disciplinae
1630 2140 1771 2181 forma
1798 2144 1842 2181 et

1019 2197 1169 2249 regula
1204 2197 1408 2247 traditur,
1450 2198 1674 2238 sacrerum
1713 2197 1839 2238 cano-

1019 2268 1122 2295 num
1163 2259 1207 2296 et
1246 2254 1521 2306 antiquarum
1559 2252 1840 2295 traditionum

1018 2310 1292 2352 indemnitati
1312 2309 1568 2358 consulitur,
1594 2321 1645 2349 ac
1665 2308 1839 2350 demum

1019 2379 1170 2407 omnes
1197 2371 1240 2408 et
1265 2365 1446 2416 singulae
1470 2364 1704 2417 pastoralis
1723 2365 1836 2406 solli-

1018 2423 1223 2464 citudinis
1241 2427 1390 2474 partes
1408 2420 1652 2474 implentur.

1069 2482 1120 2531 R.
1145 2478 1277 2521 Posui
1296 2477 1568 2529 adjuterium.
1587 2478 1659 2518 12*

1314 2539 1463 2579 Lectio
1483 2540 1534 2579 vi.
1854 2571 1856 2574 ,

1019 2591 1484 2699 Constantinopolim
1509 2593 1731 2646 profectus
1757 2596 1833 2641 est,

1107 2650 1193 2691 alio
1230 2662 1411 2702 prorsus
1449 2662 1579 2702 quam
1613 2648 1669 2690 ad
1704 2660 1832 2699 quem
