2040 2944
783 1243 867 1285 Die
895 1244 933 1284 8.
961 1244 1244 1297 Septembris.

174 1328 287 1395 IN
333 1327 991 1396 NATIVITATE
1037 1327 1533 1396 RMARIAE
1574 1322 1849 1398 VIRG.

823 1434 980 1478 Duplex
1003 1435 1032 1469 2.
1059 1434 1208 1468 elassis.

371 1510 433 1551 In
453 1511 490 1552 1.
513 1510 765 1562 vesperis.

207 1566 295 1601 Ant.
322 1566 368 1601 de
392 1567 512 1602 Laud.
538 1568 618 1612 267;
645 1568 707 1603 Ps.
732 1573 774 1603 ut
797 1569 836 1603 in
859 1569 985 1604 Festis

413 1627 432 1649 r
455 1627 606 1651 annum.
633 1616 723 1661 [133]

247 1683 273 1699 ὲ·
298 1683 355 1723 ff
421 1670 557 1721 Capit.
668 1671 800 1711 Eeeli.
814 1672 880 1711 24.
895 1671 935 1712 b.

167 1767 172 1772 ,
216 1730 235 1772 .'
274 1727 275 1730 ’
316 1724 390 1774 [b
426 1725 568 1774 initio,
607 1730 651 1766 et
687 1730 787 1767 ante
825 1727 986 1768 saecula

168 1797 288 1860 M*
313 1795 345 1850 “t
378 1783 900 1880 ἓζῗῗέηῗῖὲίζιῗὲῗπ
929 1783 987 1881 3⁶¹

164 1849 179 1876 ‚¹¹
221 1846 265 1866 ⁸¹?
293 1862 298 1864 -
342 1860 356 1877 ·.
445 1852 475 1879 U
897 1854 925 1880 n
957 1854 986 1880 n

160 1893 370 1944 desinam,
399 1899 443 1936 et
469 1895 514 1935 in
540 1895 810 1938 habitatidne
834 1901 986 1938 saneta

159 1963 309 1992 coram
330 1951 429 2003 ipso
448 1952 702 1994 ministravi.

466 2013 676 2064 Hymnus.

356 2091 410 2120 ve
429 2079 562 2121 maris
582 2079 719 2129 stella,

404 2135 489 2177 Dei
506 2135 649 2178 Mater
668 2136 792 2186 alma,

341 2192 490 2244 Atque
510 2205 685 2245 semper
703 2192 854 2243 Virgo,

338 2248 463 2290 Felix
482 2249 583 2291 coeli
601 2254 741 2302 porta.

288 2311 472 2355 Sumens
490 2314 598 2355 illud
616 2314 712 2356 Ave

341 2370 562 2413 Gabrielis
572 2383 666 2420 ore,

295 2459 298 2461 Α
341 2426 496 2469 Funda
514 2441 595 2469 nos
614 2428 659 2468 in
677 2440 797 2480 pace,

340 2483 513 2526 Mutans
532 2485 671 2525 Hevae
690 2496 861 2526 nomen.

290 2544 423 2590 Solve
441 2549 583 2591 vincla
601 2550 698 2598 reis,

341 2603 493 2647 Profer
511 2606 658 2647 lumen
677 2606 818 2655 caeeis,

343 2659 459 2702 Mala
476 2667 626 2704 nostra
645 2662 771 2714 pelle,

344 2715 468 2758 Bona
487 2723 645 2760 cuncta
662 2731 810 2772 posce.

1169 1509 1366 1551 Monstra
1385 1515 1429 1551 te
1449 1522 1547 1551 esse
1568 1515 1765 1560 matrem,

1218 1566 1370 1608 Sumat
1389 1579 1470 1619 per
1487 1572 1531 1608 te
1551 1579 1719 1619 preces

1220 1623 1303 1672 Qui
1322 1636 1403 1675 pro
1426 1623 1554 1665 nobis
1574 1628 1713 1672 natus,

1218 1679 1340 1720 Tulit
1360 1692 1457 1721 esse
1474 1685 1586 1721 tuus.

1171 1742 1307 1794 Virgo
1330 1744 1572 1796 singularis,

1218 1800 1338 1841 Inter
1358 1814 1511 1842 omnes
1533 1801 1660 1850 mitis,

1218 1856 1314 1898 Nos
1334 1857 1475 1910 culpis
1494 1857 1666 1899 solutos

1219 1913 1350 1955 Mites
1368 1914 1438 1956 fae
1457 1920 1500 1956 et
1520 1920 1677 1956 castos.

1173 1976 1319 2022 Vitam
1336 1986 1501 2034 praesta
1519 1994 1687 2034 puram,

1218 2036 1309 2078 Iter
1327 2050 1435 2089 para
1453 2042 1607 2087 tutum,

1218 2093 1278 2135 Ut
1295 2094 1495 2136 videntes
1514 2095 1538 2135 J
1542 2107 1677 2144 esum,

1217 2149 1401 2203 Semper
1419 2150 1701 2192 collaetemur.

1169 2213 1232 2255 Sit
1250 2214 1345 2256 laus
1364 2216 1462 2257 Deo
1482 2216 1613 2265 Patri,

1217 2271 1397 2313 Summo
1419 2271 1594 2313 Christo
1613 2271 1760 2323 decus,

1219 2328 1401 2380 Spiritui
1420 2334 1584 2378 sancto,
1818 2366 1821 2370 .

1218 2383 1380 2425 Tribus
1399 2384 1541 2426 honor
1560 2398 1684 2426 unus.
1712 2385 1866 2427 Amen.

1091 2434 1142 2487 V.
1174 2439 1393 2481 Nativitas
1430 2445 1496 2482 est
1532 2440 1665 2483 h6die
1699 2447 1864 2484 sanetae

1038 2495 1189 2536 Mariae
1214 2496 1417 2548 Virginis.
1452 2496 1503 2547 Rz.
1534 2497 1665 2550 Cujus
1690 2498 1779 2539 vita
1803 2500 1864 2538 1'n-

1040 2551 1155 2604 clyta
1175 2557 1353 2593 cunctas
1372 2552 1563 2594 illustrat
1584 2554 1803 2595 ecelesias.

1092 2608 1163 2649 Ad
1186 2608 1360 2659 Magnis.
1392 2609 1493 2650 Ant.
1528 2609 1747 2651 Glor16sae
1766 2610 1862 2650 Vir-

1038 2664 1149 2714 ginis
1185 2665 1336 2705 Mariae
1377 2670 1522 2707 ortum
1563 2666 1864 2717 dignissimum

1038 2721 1302 2771 recolamus,
1336 2734 1434 2773 quae
1466 2727 1510 2764 et
1537 2721 1776 2764 Genitricis·
1801 2720 1862 2762 di-
