2040 2944
734 208 945 241 Commune
970 218 1047 242 non
1073 209 1283 251 Virginum.

160 300 456 352 pulchritudo:
478 301 634 342 mulier
658 301 816 342 timens
839 301 988 341 Domi-

159 369 273 405 num,
293 356 391 408 ipsa
409 356 669 398 laudabitur.

1781 211 1872 255 [111]

1089 305 1140 356 Ει.
1179 302 1369 355 Propter
1397 305 1644 355 veritatem,
1679 311 1722 348 et
1753 321 1870 348 man-

1041 358 1333 409 suetudinem,
1363 365 1406 401 et
1425 361 1649 412 justitiam:
1664 363 1687 388 *
1714 363 1771 404 Et
1791 363 1870 405 ⁴de-

204 417 255 469 R.
271 417 332 458 br.
353 414 500 468 Elegit
515 429 613 458 eam
627 417 788 465 Deus,*
802 417 860 457 Et
877 429 986 468 prae-
1041 412 1174 454 ducet
1205 419 1248 455 te
1282 415 1538 458 mirabiliter
1571 417 1753 460 dextera
1783 424 1869 460 tua.

157 470 289 522 elegit
312 484 419 513 eam.
454 472 607 524 Elegit.
640 471 691 523 V,
717 473 769 512 In
787 471 986 513 taberna·
1036 468 1088 519 V.
1117 470 1273 521 Specie
1293 476 1368 512 tua
1388 477 1431 513 et
1451 472 1775 524 pulchritudine
1794 480 1869 516 tua

157 526 256 568 culo
290 540 370 568 suo
402 527 601 570 habitare
632 527 737 569 facit
764 540 871 569 eam.
919 528 985 568 Et.

155 581 309 623 Gloria
327 583 457 624 Patri.
493 584 648 634 Elegit.

202 634 253 684 V.
299 639 471 680 Diffusa
507 644 574 681 est
610 639 750 690 gretia
781 639 826 679 in
857 638 984 680 labiis

154 693 251 734 tuis.
298 696 349 747 R.
398 696 641 748 Propterea
679 693 906 736 benedixit
940 699 983 735 te

152 749 275 791 Deus
302 750 347 791 in
373 753 597 792 aeternum.

358 833 420 873 In
441 832 500 874 H.
523 832 774 882 vesperis.

203 897 341 932 Omnia
364 903 405 932 ut
427 909 545 942 supra
570 899 609 932 in
631 899 658 933 I.
681 900 867 942 Vcspcris
897 898 981 941 [99],

148 950 291 987 praeter

201 992 251 1042 V.
292 994 463 1036 Diffusa
500 1001 567 1038 est
601 997 741 1047 gratia
778 997 822 1036 in
853 996 981 1038 labiis

151 1049 247 1089 tuis.
296 1054 347 1104 R.
391 1051 635 1104 Propterea
672 1051 897 1094 benedixit
936 1058 980 1094 te

148 1103 270 1145 Deus
297 1105 342 1146 in
369 1109 591 1149 aeternum.

198 1173 271 1214 Ad
295 1174 467 1223 Magnis.
510 1175 608 1214 Ant.
650 1175 829 1213 Manum
856 1185 979 1214 suam

147 1224 171 1249 *
206 1227 376 1278 aperuit
413 1228 548 1280 inopi,
594 1233 638 1269 et
673 1228 841 1280 palmas
879 1241 979 1270 suas

148 1281 344 1324 extendit
371 1283 429 1324 ad
455 1287 711 1336 pauperem,
750 1289 793 1325 et
820 1297 979 1336 panem

148 1337 290 1378 otiosa
310 1351 399 1380 non
420 1339 621 1381 comedit.

197 1403 237 1437 Si
263 1403 404 1437 fuerint
420 1405 551 1447 plures
569 1414 645 1438 non
662 1403 854 1446 Virgines,
872 1403 975 1436 idem

144 1450 185 1484 fit
209 1450 314 1485 Offie.
341 1455 382 1485 ut
406 1462 533 1494 supra.
560 1451 633 1494 [99]

352 1536 356 1537 1
379 1536 388 1538 -
501 1524 690 1551 Ώ-Φ-ς-,-μ
760 1537 765 1539 ,

383 1601 445 1641 11.
473 1600 736 1642 Lectiones

240 1669 337 1707 pro
376 1656 621 1707 Martyrc
659 1662 881 1697 tantum.

373 1735 422 1772 In
447 1735 497 1773 II.
523 1734 746 1773 Nocturno.

143 1801 297 1842 Sermo
314 1803 453 1843 sancti
462 1802 487 1843 J
489 1803 642 1844 oannis
658 1803 972 1856 Chrysostomi.

165 1865 281 1900 Serm.
294 1866 346 1900 67.
362 1866 409 1900 de
424 1867 591 1901 diversis
604 1867 698 1901 novi
712 1867 950 1900 Testamenti

503 1915 611 1948 loeis.

442 1970 594 2012 Lectio
615 1972 667 2012 iv.

328 2029 517 2071 maxime
532 2032 970 2073 commemorationes

150 2127 152 2130 ,
181 2086 251 2142 fl
274 2084 408 2136 diligo
441 2086 702 2139 Martyrum,
742 2086 894 2138 diligo,
927 2093 971 2129 et

187 2151 223 2163 ’ἑν
275 2141 533 2193 amplector;
555 2147 687 2195 atque
706 2155 858 2184 omnes
881 2145 969 2196 qui-

140 2194 255 2245 dem,
308 2197 388 2239 sed
437 2202 530 2239 tum
578 2201 817 2251 praecipue,
870 2213 969 2241 cum

137 2251 368 2294 mulierum
392 2254 630 2295 certamina
648 2258 967 2307 proponuntur.

139 2307 312 2357 Quanto
357 2309 471 2350 enim
511 2309 725 2351 infirmius
767 2315 835 2352 est
875 2325 967 2361 vas,

137 2367 260 2404 tanto
284 2365 422 2415 major
448 2370 515 2406 est
540 2366 695 2416 gratia,
725 2371 848 2408 tanto
874 2367 966 2408 illu-

137 2418 267 2459 strius
299 2425 366 2461 est
397 2421 663 2473 trophaeum,
705 2427 828 2464 tanto
868 2423 966 2463 insi-

135 2474 260 2524 gnior
279 2480 346 2517 est
364 2476 563 2526 victoria,
588 2490 676 2518 non
695 2477 753 2519 ob
773 2478 965 2519 imbecil-

135 2528 302 2571 litatem
316 2543 446 2573 sexus
462 2532 735 2583 athletarum,
751 2533 830 2575 sed
847 2534 966 2586 quod

134 2597 214 2636 per
251 2598 317 2635 ea,
364 2587 520 2639 quibus
558 2591 724 2630 vicerat
754 2589 964 2636 inimicus,

133 2652 249 2681 nunc
269 2641 400 2683 etiam
417 2643 628 2685 vincatur.

1038 524 1232 575 intende,
1259 529 1473 580 prospere
1497 529 1706 581 procede,
1735 536 1779 572 et
1803 544 1867 572 re-

1037 592 1133 630 gna.
1170 582 1227 622 Et
1246 582 1447 625 deducet.

1343 643 1495 683 Lectio
1518 658 1554 683 v.

1035 693 1167 798 Per
1194 693 1422 735 mulierem
1449 695 1568 744 vicit,
1606 710 1686 748 per
1718 698 1865 739 mulie-

1130 762 1223 790 rem
1253 753 1484 802 superatus
1513 756 1588 792 est.
1625 753 1724 794 Hoc
1751 754 1865 794 illius

1036 807 1165 846 antea
1192 805 1329 846 telum
1357 811 1468 847 erat:
1496 807 1581 848 1100
1608 808 1722 849 illius
1751 823 1865 850 nunc

1036 861 1169 902 caedis
1206 862 1370 903 factum
1411 868 1478 904 est
1513 863 1864 914 instrumentum,

1034 916 1120 958 hoc
1173 931 1250 958 vas
1302 919 1509 970 apparuit
1557 920 1864 972 insuperabile.

1033 973 1241 1014 Peccavit
1260 973 1334 1014 ffla
1355 974 1491 1026 prior,
1520 979 1563 1016 et
1585 978 1760 1017 mortua
1784 982 1864 1017 est:

1033 1028 1117 1069 ista
1144 1031 1318 1070 mortua
1341 1035 1422 1079 est,
1451 1043 1506 1071 ne
1530 1033 1747 1082 peccaret.
1784 1032 1865 1073 Illa

1033 1088 1126 1124 tum
1167 1084 1300 1125 futilis
1341 1087 1547 1137 promissi
1583 1099 1662 1138 spe
1702 1087 1863 1137 inflata,

1032 1139 1117 1180 Dei
1135 1139 1256 1190 leges
1275 1141 1469 1182 violavit:
1488 1141 1584 1182 haec
1601 1143 1734 1183 vitam
1753 1156 1863 1195 prae-

1033 1197 1202 1236 sentem
1238 1197 1516 1249 contempsit,
1559 1211 1613 1238 ne
1651 1198 1785 1239 fidem
1819 1199 1863 1239 in

1032 1264 1159 1292 suum
1169 1251 1496 1294 benefactorem
1508 1254 1704 1304 ejuraret.
1722 1256 1863 1304 Quam

1032 1307 1162 1357 igitur
1196 1308 1405 1361 deinceps
1443 1311 1621 1361 sperare
1653 1312 1863 1361 poterunt

1032 1365 1361 1405 exeusationem
1385 1365 1482 1414 viri,
1517 1365 1553 1405 si
1581 1365 1736 1406 molles
1766 1366 1862 1415 sint,

1031 1423 1075 1459 et
1093 1419 1253 1469 ignavi3
1279 1433 1410 1471 quam
1429 1433 1534 1462 vero
1555 1422 1741 1470 veniam,
1762 1435 1862 1462 cum

1031 1474 1202 1516 fortiter
1226 1489 1278 1517 ac
1303 1477 1484 1518 viriliter
1515 1490 1562 1517 se
1589 1482 1743 1527 gerant
1771 1491 1861 1518 mu-

1030 1530 1174 1580 lieres,
1212 1545 1310 1573 cum
1343 1532 1455 1573 adeo
1484 1546 1531 1573 se
1563 1535 1776 1583 generose
1804 1533 1861 1575 ad

1030 1588 1270 1628 certamina
1287 1588 1463 1640 pietatis
1483 1588 1734 1638 accingant?

1081 1645 1131 1684 R.
1165 1643 1369 1685 Dilexisti
1396 1644 1618 1695 justitiam,
1656 1650 1699 1685 et
1727 1644 1859 1686 odisti

1026 1697 1315 1749 iniquitatem:
1346 1700 1367 1723 *
1395 1700 1636 1751 Propterea
1664 1700 1788 1740 unxit
1814 1705 1858 1741 10

1024 1753 1165 1803 Deus,
1219 1755 1340 1796 Deus
1386 1760 1486 1795 tuus
1537 1755 1636 1796 oleo
1682 1755 1856 1796 laetitiae.

1030 1806 1079 1857 V.
1102 1810 1290 1862 Propter
1318 1811 1560 1860 veritatem,
1589 1815 1632 1851 et
1659 1824 1856 1851 mansue-

1024 1864 1232 1915 tudinem,
1255 1871 1299 1907 et
1316 1866 1532 1918 justitiam.
1559 1867 1810 1918 Propterea.

1327 1922 1479 1963 Lectio
1501 1923 1552 1961 vi.

1106 1976 1169 2018 uit
1201 1976 1262 2017 illi
1295 1989 1455 2029 corpus
1487 1977 1770 2026 imbecillum,
1809 1983 1852 2019 et

1111 2032 1328 2073 obnoxius
1344 2046 1474 2074 sexus
1486 2033 1669 2084 injUriae,
1684 2036 1851 2074 vertim-

1023 2092 1170 2129 tamen
1189 2089 1382 2129 omnium
1406 2088 1563 2130 horum
1582 2088 1851 2129 imbecillita-

1022 2148 1113 2184 tem
1148 2143 1384 2185 adveniens
1424 2145 1565 2195 gratia
1603 2144 1850 2185 occultavit.

1021 2198 1140 2239 Nihil
1165 2200 1280 2240 enim
1305 2205 1387 2249 est,
1415 2200 1521 2240 nihil
1544 2199 1673 2252 plane
1698 2201 1849 2251 poten-

1022 2254 1107 2295 tius
1127 2260 1193 2296 est
1213 2268 1282 2305 eo,
1308 2256 1381 2308 qui
1403 2268 1563 2306 magno
1584 2268 1683 2296 cum
1702 2254 1848 2296 studio

1021 2310 1104 2351 Dei
1128 2311 1332 2352 timorem
1356 2311 1517 2352 habeat
1540 2311 1584 2351 in
1607 2315 1752 2352 mente
1778 2310 1849 2352 de-

1020 2366 1171 2416 fixum3
1191 2366 1270 2408 sed
1287 2367 1484 2419 quamvis
1499 2367 1632 2418 ignes,
1651 2366 1848 2418 quamvis

1020 2421 1197 2472 ferrum,
1225 2423 1423 2475 quamvis
1442 2422 1622 2472 bestias,
1649 2422 1848 2474 quamvis

1021 2477 1139 2519 aliud
1167 2478 1340 2530 quidvis
1368 2479 1585 2519 minentur
1608 2478 1775 2527 hostes,
1804 2479 1847 2518 o-

1019 2533 1136 2574 mnia
1147 2534 1265 2575 nullo
1275 2535 1452 2584 negotio
1463 2534 1717 2583 contemnit;
1727 2532 1847 2585 quod

1019 2590 1170 2640 sitique
1189 2591 1328 2631 Beata
1347 2591 1431 2631 ista
1449 2590 1581 2631 etiam
1600 2590 1713 2631 fecit.

1072 2649 1121 2698 R«.
1145 2646 1297 2687 Fallax
1315 2646 1468 2696 gratia.
1486 2646 1598 2698 [106]

727 2727 1253 2756 w
