2040 2944
600 199 704 233 Infra
727 199 1022 235 Hebdomadam
1046 202 1095 237 iv.
1120 203 1366 246 Septembris.

141 298 264 349 ipsos
286 301 336 338 ut
357 297 602 340 invenirent
624 299 969 341 misericordiam

141 352 185 393 in
203 355 443 406 conspectu
462 359 621 396 vestro.

190 415 242 466 R.
269 413 604 456 Tribulationes.
624 416 712 456 149.

440 484 591 525 Lectio
611 484 667 524 iii.

137 551 503 658 Duxeruntque
534 551 654 592 illam
685 551 742 593 ad
769 551 968 594 taberna-

241 607 386 648 culum
413 607 686 658 Holofernis,
715 609 967 650 annuntian-

139 668 207 705 tes
238 677 345 705 eam.
399 663 596 716 Cumque
628 665 837 707 intrasset
868 671 967 707 ante

138 719 295 762 faciem
323 721 431 772 ejus,
463 721 614 762 statim
644 725 800 773 captus
829 727 896 763 est
923 722 967 762 in

140 777 229 818 suis
258 777 396 818 oculis
421 776 698 819 Holofernes.
734 778 966 820 Dixeri'mt-

140 846 224 886 que
257 833 314 875 ad
346 846 445 875 eum
477 834 687 881 satellites
721 836 826 887 ejus:
860 836 966 886 Quis

138 891 388 932 contemnat
417 890 631 943 populum
661 891 965 943 Hebraeorum,

138 946 213 998 qui
235 950 326 987 tam
356 946 540 988 decoras
564 948 768 989 mulieres
791 948 964 1000 habent,

136 1008 186 1044 ut
204 1015 291 1044 non
309 1016 390 1056 pro
407 1003 475 1044 his
489 1005 646 1046 merito
661 1007 857 1058 pugnare
873 1018 966 1047 con·

136 1063 203 1100 tra
229 1072 306 1101 eos
333 1059 595 1102 debeamus?
622 1062 792 1103 Videns
815 1064 964 1115 itaque

135 1114 286 1157 Judith
322 1116 610 1159 Holofemem
653 1118 878 1160 sedentem
919 1119 964 1159 in

136 1174 356 1224 conopeo,
391 1173 511 1225 quod
544 1179 638 1216 erat
671 1187 725 1215 ex
755 1178 963 1228 purpura,

136 1232 179 1269 et
198 1241 323 1279 auro,
343 1234 387 1271 et
407 1230 657 1282 smaragdo,
682 1236 725 1273 et
742 1230 963 1284 lapidibus

133 1284 340 1336 pretiosis
369 1286 600 1328 intextum:
633 1292 677 1328 et
706 1300 806 1329 cum
832 1288 875 1328 in
903 1288 962 1329 fa-

134 1341 245 1382 ciem
295 1343 384 1394 ejus
433 1343 708 1395 intendisset,
761 1344 963 1386 adoravit

135 1409 248 1447 eum,
267 1400 552 1450 prosternens
573 1413 619 1441 se
639 1413 771 1453 super
790 1405 962 1442 terram.

182 1462 234 1514 Rz.
262 1459 505 1502 Benedicat
522 1465 566 1502 te
584 1461 810 1503 Dominus.
830 1462 924 1502 150.

317 1585 503 1622 Feria
540 1586 779 1634 Quinta.

182 1643 223 1679 Si
254 1644 339 1678 haec
375 1644 489 1678 fuerit
520 1643 655 1678 ultima
686 1644 810 1678 Hebd.
843 1644 957 1687 Sept,

130 1691 203 1726 hac
234 1697 346 1727 nocte
378 1692 536 1736 ponitur
573 1693 672 1727 liber
702 1693 841 1726 Esther
873 1703 958 1726 cum

133 1750 202 1774 sua
226 1740 405 1783 historia,
434 1745 475 1774 ut
498 1740 598 1775 infra
622 1740 660 1774 in
685 1741 888 1775 Dominica
912 1741 956 1774 V.

130 1788 244 1831 hujus
274 1789 430 1822 mensis.
465 1786 544 1829 155,
589 1792 625 1822 et
658 1789 798 1831 legitur
832 1789 877 1823 de
911 1799 956 1822 eo

130 1836 245 1870 etiam
295 1837 448 1870 duobus
502 1837 752 1879 sequentibus
808 1837 955 1871 diebus.

130 1883 243 1924 Quod
272 1884 305 1918 si
334 1884 409 1919 hoc
433 1884 561 1918 triduo
587 1895 664 1919 non
690 1890 866 1919 occurrat
888 1885 956 1919 Fe-

127 1932 196 1975 ria,
220 1933 259 1966 in
285 1943 360 1976 qua
386 1933 539 1976 possint
562 1933 656 1976 poni
680 1933 955 1977 Responsoria‚

129 1990 174 2014 eo
200 1991 300 2015 anno
326 1981 560 2015 omittuntur.

182 2032 223 2068 Si
255 2044 348 2068 vero
386 2044 466 2068 non
498 2034 613 2068 fuerit
646 2034 780 2068 ultima
814 2034 956 2077 Hebd.,

127 2080 306 2125 leguntur
329 2086 535 2126 sequentes
560 2082 775 2117 Lectiones.

353 2154 422 2194 De
441 2150 553 2194 libro
574 2151 599 2192 J
600 2151 735 2194 udith.

205 2218 357 2260 Lectio
379 2218 402 2258 i.
651 2219 755 2271 Cap.
771 2219 828 2259 12.
844 2232 878 2259 c.

139 2281 236 2324 Γ,’[
253 2277 417 2318 factum
437 2282 520 2323 est,
537 2277 581 2318 in
602 2283 758 2329 quarto
779 2277 849 2319 die
868 2279 957 2319 Ho-

136 2307 205 2377 Ῐῖ)
234 2333 425 2375 lofernes
465 2333 570 2374 fecit
611 2346 782 2375 coenam
819 2334 956 2375 servis

132 2389 237 2440 suis,
264 2394 307 2431 et
331 2389 441 2431 dixit
460 2389 516 2431 ad
535 2389 689 2441 Vagao
709 2389 957 2431 eunuchum

131 2458 272 2486 suum:
305 2445 452 2495 Vade,
484 2450 528 2487 et
555 2445 691 2487 suade
719 2445 957 2487 Hebraeam

129 2501 248 2542 illam
283 2507 332 2544 ut
369 2507 526 2554 sponte
563 2501 807 2543 consentiat
837 2501 955 2543 habi-

130 2559 226 2599 tare
261 2571 444 2600 mecum.
496 2558 684 2599 Foedum
730 2562 797 2599 est
842 2558 957 2599 enim

131 2613 251 2666 apud
275 2614 501 2666 Ass5⁷rios,
530 2615 566 2655 si
597 2614 755 2655 femina
778 2613 957 2655 irrideat

131 2671 272 2710 virum
305 2670 475 2720 agendo
508 2676 557 2712 ut
589 2670 790 2711 immunis
819 2669 873 2710 ab
902 2682 955 2711 eo

130 2727 335 2767 transeat.
363 2725 488 2767 Tunc
507 2726 705 2768 introivit
722 2726 878 2777 Vagao
899 2724 956 2767 ad

284 2853 348 2878 Pars
364 2853 533 2878 Autumnalis.

1784 210 1846 246 153

1021 301 1047 341 J
1047 301 1190 351 udith,
1217 308 1260 344 et
1279 302 1402 345 dixit:
1426 304 1527 346 Non
1546 307 1749 347 vereatur
1768 305 1844 347 bo-

1020 370 1076 398 na
1116 358 1261 410 puella
1303 360 1484 402 introire
1525 361 1581 403 ad
1622 360 1845 403 dominum

1020 426 1182 464 meum,
1223 420 1271 467 ut
1307 415 1621 459 honorificetur
1654 423 1753 460 ante
1786 419 1844 460 fa-

1021 469 1132 510 ciem
1152 471 1256 522 ejus,
1274 477 1323 514 ut
1340 473 1575 516 manducet
1595 487 1693 516 cum
1714 488 1781 525 eo,
1802 480 1846 517 et

1019 525 1143 567 bibat
1178 527 1325 569 vinum
1357 529 1400 569 in
1431 530 1708 581 jucunditate.
1765 532 1845 573 Cui

1019 582 1044 623 J
1044 582 1170 624 udith
1188 584 1429 636 respondit:
1449 587 1557 636 Quae
1572 600 1654 638 ego
1673 601 1778 639 sum,
1796 593 1845 629 ut

1021 639 1319 681 contradicam
1339 641 1515 684 domino
1534 642 1656 685 meo?

1070 701 1121 753 Rz.
1148 700 1324 743 Adonai
1343 702 1540 745 Domine.
1559 706 1646 745 149.

1056 792 1064 796 Χ
1094 775 1246 816 Lectio
1267 776 1306 816 ii.
1584 779 1685 831 Cap.
1706 781 1761 821 13.

1107 845 1126 882 t
1145 846 1291 882 autem
1315 854 1414 883 sero
1439 841 1601 883 factum
1621 847 1700 893 est,
1728 843 1841 885 festi-

1121 899 1335 939 naverunt
1356 898 1471 940 servi
1489 898 1603 939 illius
1623 899 1678 940 ad
1697 898 1841 952 hospi·
1878 903 1881 907 '

1016 953 1079 994 tia
1110 967 1203 1004 sua,
1238 959 1282 996 et
1313 955 1528 996 conclusit
1550 956 1705 1007 Vagao
1731 957 1842 998 ostia

1017 1009 1221 1061 cubiculi,
1248 1016 1292 1052 et
1316 1011 1434 1053 abiit.
1471 1012 1607 1053 Erant
1630 1017 1774 1054 autem
1798 1026 1840 1054 o-

1015 1079 1138 1108 mnes
1166 1067 1336 1118 fatigati
1364 1081 1389 1109 a
1416 1068 1534 1109 vino:
1562 1070 1743 1120 eratque
1771 1070 1796 1110 J
1798 1083 1841 1110 u-

1017 1122 1111 1164 dith
1130 1124 1224 1165 sola
1242 1124 1286 1164 in
1307 1124 1520 1166 cubiculo.
1547 1125 1685 1166 Porro
1704 1126 1839 1167 Holo-

1015 1179 1159 1221 fernes
1178 1180 1349 1232 iacebat
1366 1181 1410 1221 in
1429 1181 1561 1231 lecto,
1580 1182 1713 1222 nimia
1731 1182 1839 1223 ebri-

1016 1238 1134 1277 etate
1186 1239 1368 1290 sopitus.
1430 1237 1639 1289 Dixitque
1690 1238 1841 1280 Judith

1014 1292 1174 1344 puellae
1213 1306 1304 1334 suae
1340 1298 1388 1335 ut
1425 1299 1561 1336 staret
1597 1294 1702 1335 foris
1740 1300 1840 1336 ante

1015 1348 1277 1400 cubiculum,
1311 1355 1354 1392 et
1389 1350 1656 1392 observaret.
1695 1351 1840 1392 Stetit-

1016 1418 1100 1457 que
1115 1406 1266 1447 Judith
1285 1411 1386 1448 ante
1402 1406 1575 1457 lectum,
1596 1419 1726 1448 orans
1742 1420 1840 1448 cum

1013 1461 1220 1513 lacrimis,
1254 1467 1298 1504 et
1324 1463 1540 1505 labiorum
1566 1468 1688 1505 motu
1716 1463 1759 1504 in
1787 1464 1839 1504 si-

1013 1518 1165 1569 lentio,
1198 1519 1362 1561 dicens:
1397 1520 1618 1561 Confirma
1650 1533 1719 1561 me
1749 1521 1837 1561 Do-

1013 1575 1128 1616 mine
1159 1576 1281 1617 Deus
1316 1576 1470 1627 Israel,
1510 1581 1553 1618 et
1589 1577 1759 1629 respice
1796 1577 1839 1617 in

1012 1631 1096 1673 hac
1119 1631 1229 1674 hora
1253 1632 1310 1675 ad
1337 1635 1472 1685 opera
1497 1635 1702 1674 manuum
1726 1635 1838 1674 mea-

1012 1700 1124 1738 rum,
1150 1693 1215 1738 ut,
1249 1690 1361 1731 sicut
1384 1690 1639 1742 promisisti,
1667 1689 1692 1730 J
1694 1692 1836 1730 erusa-

1011 1743 1097 1785 lem
1122 1745 1343 1787 civitatem
1365 1750 1486 1787 tuam
1513 1746 1667 1796 erigas:
1692 1750 1735 1787 et
1753 1745 1838 1786 hoc

1013 1800 1132 1851 quod
1170 1801 1353 1843 credens
1384 1815 1466 1855 per
1501 1806 1545 1843 te
1576 1814 1710 1855 posse
1741 1801 1838 1843 fieri

1011 1857 1214 1908 cogitavi,
1233 1858 1471 1911 perficiam.
1633 1879 1634 1882 ¹

1064 1919 1115 1971 R.
1140 1918 1476 1961 Tribulationes.
1495 1920 1583 1959 149.

1307 1986 1460 2027 Lectio
1481 1987 1537 2026 iii.

1010 2047 1107 2152 Et
1126 2065 1225 2094 cum
1243 2052 1341 2095 haec
1360 2052 1557 2103 dixisset,
1577 2053 1761 2094 accessit
1779 2053 1835 2094 ad

1105 2108 1371 2160 columnam,
1400 2122 1498 2161 quae
1519 2113 1612 2150 erat
1629 2108 1685 2150 ad
1704 2114 1836 2161 caput

1008 2164 1156 2207 lectuli
1176 2166 1286 2217 ejus,
1311 2171 1354 2207 et
1371 2166 1607 2218 pugionem
1627 2165 1734 2217 ejus,
1761 2165 1835 2217 qui

1008 2221 1053 2262 in
1085 2234 1137 2263 ea
1167 2221 1327 2272 ligatus
1359 2220 1597 2275 pendebat,
1635 2221 1835 2263 exsolvit.

1010 2277 1206 2329 Cumque
1226 2278 1500 2329 evaginasset
1518 2277 1653 2327 illum,
1680 2290 1832 2330 appre-

1007 2332 1158 2374 hendit
1183 2346 1354 2375 comam
1378 2333 1537 2386 capitis
1561 2334 1668 2385 ejus,
1695 2339 1738 2375 et
1757 2334 1833 2375 ait:

1009 2389 1230 2430 Confirma
1252 2402 1322 2431 me
1341 2389 1528 2431 Domine
1546 2390 1667 2431 Deus
1690 2390 1734 2430 in
1751 2389 1833 2430 hac

1006 2444 1126 2486 hora.
1158 2445 1214 2486 Et
1232 2446 1451 2498 percussit
1469 2445 1537 2487 bis
1556 2445 1600 2486 in
1619 2448 1832 2487 cervicem

1008 2502 1109 2553 ejus,
1130 2506 1173 2542 et
1192 2500 1380 2543 abscidit
1399 2507 1532 2555 caput
1551 2503 1652 2554 ejus,
1674 2507 1717 2543 et
1735 2501 1830 2543 abs-

1007 2557 1106 2598 tulit
1124 2560 1370 2610 conopeum
1389 2559 1479 2610 ejus
1499 2571 1524 2599 a
1544 2558 1768 2606 columniS‚
1788 2561 1831 2598 et

1008 2613 1171 2655 evolvit
1204 2627 1364 2666 corpus
1396 2615 1488 2665 ejus
1522 2619 1732 2655 truncum.
1773 2612 1830 2653 Et

1006 2675 1110 2722 post
1143 2669 1351 2722 pusillum
1385 2670 1533 2719 exivit,
1576 2675 1619 2711 et
1650 2667 1830 2711 tradidit

1008 2731 1140 2778 caput
1167 2726 1419 2767 Holofernis
1447 2725 1615 2767 ancsslae
1643 2736 1749 2771 suae,
1785 2727 1829 2764 et

1585 2853 1623 2886 11
