2040 2944
783 188 1021 231 Praeparatio
1049 191 1097 224 ad
1122 191 1290 225 Missam.

180 277 221 312 in
236 288 296 313 me
317 278 479 323 aliquod
493 279 589 314 boni
605 280 735 324 operis
747 282 1010 317 testimenium

179 339 258 364 non
282 330 491 373 agnescas,
515 330 684 366 officium
700 332 837 367 saltem
855 333 1009 377 dispen-

181 378 344 414 sati6nis
369 379 526 415 creditae
548 390 628 415 non
650 383 823 425 recuses,
846 392 918 417 nec
940 393 1010 427 per

178 439 240 464 me
282 429 484 473 indignum
528 431 660 466 eorum
698 432 835 467 salutis
877 434 1010 477 pereat

179 479 359 523 pretium,
386 490 458 524 pro
483 480 624 524 quibus
646 482 803 517 victima
827 483 1008 518 salutaris

180 528 361 572 dignatus
386 539 427 564 es
453 539 555 574 esse,
585 534 623 565 et
645 531 872 576 redemptio.
918 532 1009 567 Pro-

179 579 262 615 fero
278 579 404 623 etiam,
427 579 591 615 Demine
616 581 664 623 (si
687 582 858 626 digneris
880 584 1009 628 propi-

179 630 257 665 tius
295 630 464 674 intueri),
509 631 780 667 tribulatic'mes
820 633 1008 678 plebium,

179 681 352 724 pericula
383 681 634 725 popularum,
674 683 918 726 captiverum
948 685 1009 728 ge-

178 731 310 774 mitus,
333 731 511 766 miserias
536 732 813 777 orphanorum,
842 735 1008 769 necessi-

177 782 276 816 tates
291 781 598 826 peregrinorum,
623 783 797 827 inopiam
813 785 1008 829 debilium,

179 831 471 876 desperationes
510 833 789 878 languentium,
835 835 1008 870 defectus

179 892 329 926 senum,
358 883 526 926 suspiria
549 883 746 927 juvenum,
775 889 868 920 vota
893 886 1008 929 virgi-

177 943 279 976 num,
302 933 470 968 lamenta
492 933 708 969 viduarum.

390 1012 549 1047 Feria
581 1012 793 1058 Quinta.

232 1083 259 1107 u
282 1072 385 1107 enim
406 1073 602 1108 misereris
624 1075 809 1118 emnium,
833 1076 1008 1120 Domine,

256 1126 294 1158 et
320 1122 419 1158 nihil
446 1123 564 1158 odisti
592 1125 725 1159 eerum
755 1135 843 1169 quae
870 1126 1005 1162 fecisti.

154 1191 163 1206 ι
177 1172 402 1217 Memorare,
427 1184 515 1218 quae
540 1174 591 1209 sit
613 1179 747 1210 nostra
771 1177 1005 1213 substantia:

179 1224 271 1268 quia
293 1228 335 1260 tu
357 1224 474 1260 Pater
495 1229 628 1260 noster
652 1236 704 1270 es,
729 1228 821 1271 quia
844 1232 886 1263 tu
901 1228 1007 1264 Deus

177 1278 310 1310 noster
339 1285 398 1319 es,
433 1285 482 1310 ne
513 1275 695 1311 irascaris
728 1278 843 1322 satis,
882 1290 1007 1325 neque

176 1325 463 1361 multitudinem
490 1326 684 1362 viscerum
711 1329 863 1363 tuorum
890 1340 1008 1375 super

177 1386 250 1412 nos
275 1377 483 1412 contineas.
521 1377 612 1412 Non
636 1378 739 1413 enim
762 1379 802 1414 in
825 1380 1007 1423 justifica-

177 1427 349 1462 tionibus
380 1428 526 1463 nostris
558 1430 840 1473 prosternimus
871 1442 1007 1475 preces

178 1482 266 1514 ante
289 1478 438 1513 faciem·
449 1482 573 1522 tuam,
597 1479 668 1513 sed
688 1479 729 1514 in
751 1480 1008 1517 miserationi-

177 1528 251 1563 bus
266 1528 345 1563 tuis
361 1528 504 1563 multis.
535 1528 659 1564 Aufer
682 1540 705 1564 a
728 1531 843 1566 nobis
868 1532 1007 1577 iniqui-

176 1579 275 1614 tates
298 1582 464 1622 nostras,
489 1582 527 1614 et
548 1578 678 1623 ignem
700 1581 825 1615 sancti
841 1581 1007 1626 Spiritus

176 1627 217 1662 in
253 1627 370 1663 nobis
408 1627 614 1663 clementer
650 1630 827 1665 accende.
886 1631 1007 1667 Aufer

177 1687 245 1714 cor
271 1678 469 1723 lapideum
496 1678 545 1714 de
574 1689 688 1714 carne
711 1684 861 1725 nostra,
893 1686 930 1717 et
956 1683 1006 1718 da

176 1729 292 1764 nobis
317 1739 384 1764 cor
405 1731 601 1773 carneum,
633 1731 739 1775 quod
761 1735 798 1767 te
823 1737 937 1777 amet,
967 1738 1004 1769 te

177 1778 329 1823 diligat,
357 1782 394 1814 te
419 1779 645 1824 delectetur,
675 1785 712 1816 te
736 1784 937 1826 sequatur,
968 1787 1005 1819 te

176 1829 404 1874 perfruatur.
447 1829 621 1874 Oramus,
645 1831 821 1876 Domine,
845 1833 1004 1869 clemen-

176 1879 271 1914 tiam
297 1883 418 1923 tuam,
450 1884 492 1915 ut
521 1882 659 1916 sereno
683 1882 793 1917 vultu
821 1882 1006 1919 familiam

174 1933 297 1973 tuam,
321 1930 423 1965 sacri
438 1930 495 1965 tui
515 1931 684 1966 neminis
702 1932 829 1967 officia
845 1939 1006 1977 praesto-

175 1980 334 2024 lantem,
364 1981 538 2025 aspicere
566 1982 754 2026 digneris:
790 1987 827 2018 et
854 1987 896 2019 ut
924 1985 1005 2019 nul-

175 2029 250 2064 lius
281 2030 331 2065 sit
360 2030 509 2065 irritum
531 2036 683 2075 votum,
715 2034 858 2069 nullius
882 2036 1005 2070 vacua

175 2080 406 2124 postulatio,
441 2085 483 2116 tu
516 2082 632 2117 nobis
664 2093 800 2127 preces
830 2086 1005 2128 suggere,

177 2139 274 2174 quas
303 2129 389 2174 ipse
418 2132 611 2175 propitius
642 2133 791 2177 audire,
825 2138 862 2168 et
890 2144 1005 2170 exau-

176 2179 257 2214 dire
282 2179 494 2215 delecteris.

407 2252 568 2287 Feria
602 2253 773 2288 Sexta.

230 2313 391 2354 ogamus
409 2311 524 2346 etiam
539 2316 587 2356 te,
604 2312 768 2348 Domine
786 2318 917 2348 sancte
934 2314 1004 2348 Pa-

250 2365 317 2404 ter,
332 2366 369 2396 et
381 2372 452 2405 pro
469 2362 670 2405 spiritibus
683 2364 855 2398 fidelium
871 2364 1002 2398 defun-

175 2411 337 2446 ct6rum:
361 2416 403 2446 ut
420 2412 471 2447 sit
488 2412 566 2447 illis
584 2413 705 2457 salus,
728 2414 889 2457 sanitas,
911 2416 1002 2457 gau-

176 2459 282 2494 dium
298 2464 336 2496 et
350 2461 606 2506 refrigerium,
630 2463 705 2498 hoc
725 2473 908 2507 magnum
923 2463 1002 2507 pie-

174 2509 264 2545 tatis
279 2513 568 2547 sacramentum.
585 2512 749 2548 Domine
763 2513 868 2548 Deus
884 2523 1002 2556 meuS,

175 2559 226 2603 sit
246 2559 325 2594 illis
345 2560 463 2596 hedie
484 2572 667 2605 magnum
689 2567 726 2597 et
741 2563 898 2607 plenum
915 2573 1002 2598 con·
1021 2572 1024 2577 ·

173 2609 321 2644 vivium
345 2610 392 2646 de
415 2615 452 2646 te
474 2622 575 2656 pane
599 2613 712 2656 vivo,
738 2613 805 2656 qui
829 2613 876 2648 de
902 2613 1001 2647 coelo

175 2659 428 2705 descendisti,
461 2666 498 2697 et
523 2662 594 2697 das
619 2664 740 2698 vitam
764 2664 924 2706 mundo,
954 2663 1001 2698 de

173 2713 240 2744 tua
263 2711 388 2746 Carne
417 2716 551 2747 sancta
580 2717 617 2748 et
645 2713 864 2757 benedicta,
898 2714 1001 2757 Agni

1798 191 1890 235 [333]

1062 283 1244 320 videlicet
1267 285 1512 331 immaculati,
1538 287 1605 332 qui
1628 287 1734 322 tollis
1756 290 1890 332 pecca-

1062 338 1101 368 ta
1124 335 1273 379 mundi,
1307 345 1395 379 quae
1425 337 1472 371 de
1497 341 1631 372 sancto
1656 342 1693 373 et
1716 338 1889 382 glorioso

1061 384 1187 419 beatae
1204 385 1375 429 Virginis
1391 386 1523 421 Mariae
1541 389 1650 422 utero
1667 392 1726 422 est
1743 390 1889 422 assum-

1062 439 1144 479 pta,
1169 440 1205 471 et
1229 437 1276 471 de
1294 436 1438 481 Spiritu
1462 442 1596 473 sancto
1618 440 1818 482 concepta;
1844 449 1888 473 ac

1064 485 1110 520 de
1135 486 1203 521 illo
1226 487 1383 530 pietatis
1406 487 1523 531 fonte,
1548 488 1614 532 qui
1630 499 1700 532 per
1715 489 1889 523 lanceam

1062 536 1195 571 militis
1217 547 1265 571 ex
1288 541 1354 572 tuo
1376 538 1637 573 sacratissimo
1654 538 1772 573 latere
1790 549 1889 573 ema-

1062 587 1183 622 navit:
1212 591 1254 622 ut
1278 588 1416 622 exinde
1440 588 1572 623 refecti
1596 593 1633 623 et
1656 589 1803 633 satiati,
1832 599 1888 624 re-

1062 637 1235 681 frigerati
1253 641 1290 672 et
1306 638 1497 673 consolati
1514 639 1706 673 exsultent
1722 638 1761 673 in
1773 638 1888 673 laude

1064 691 1101 721 et
1124 687 1247 731 gleria
1270 692 1346 722 tua.
1390 688 1485 723 Peto
1511 689 1751 723 clementiam
1773 692 1888 733 tuam,

1062 737 1245 781 Domine,
1279 742 1321 773 ut
1355 738 1564 773 descendat
1599 749 1715 783 super
1748 749 1889 783 panem

1062 788 1134 822 tibi
1164 788 1459 823 sacrificandum
1488 789 1688 832 plenitudo
1720 793 1797 823 tuae
1824 790 1888 823 be·
1948 826 1956 829 ,

1062 838 1311 881 nedictionis,
1344 842 1381 873 et
1410 839 1662 873 sanctificatio
1691 843 1767 874 tuae
1792 839 1889 874 divi-

1063 889 1204 923 nitatis.
1239 889 1458 924 Descendat
1474 889 1603 932 etiam,
1623 889 1800 932 Domine,
1822 889 1888 924 illa

1063 939 1187 974 sancti
1210 939 1375 982 Spiritus
1404 939 1461 974 tui
1490 939 1714 982 invisibilis,
1746 939 1887 974 incom-

1062 989 1414 1033 prehensibilisque
1437 989 1628 1033 majestas,
1653 989 1752 1024 sicut
1769 999 1887 1034 quon-

1063 1038 1152 1073 dam
1184 1039 1223 1073 in
1255 1043 1408 1083 patrum
1436 1039 1584 1074 hostias
1614 1039 1886 1074 descendebat:

1062 1089 1129 1133 qui
1161 1093 1198 1124 et
1229 1090 1446 1124 oblationes
1478 1093 1632 1124 nostras
1667 1089 1818 1133 Corpus
1851 1093 1888 1124 et

1061 1138 1295 1183 Sanguinem
1319 1143 1427 1174 tuum
1451 1140 1607 1183 efficiat,
1639 1144 1676 1174 et
1703 1149 1763 1173 me
1791 1139 1887 1173 indi-

1061 1200 1178 1233 gnum
1206 1190 1446 1225 sacerdetem
1476 1190 1613 1224 deceat
1639 1194 1787 1224 tantum
1813 1194 1887 1224 tra-

1062 1242 1164 1275 ctare
1192 1241 1418 1286 mysterium
1446 1251 1531 1275 cum
1562 1240 1691 1275 cordis
1720 1240 1886 1283 puritate

1062 1295 1099 1326 et
1129 1291 1374 1325 lacrimarum
1404 1290 1626 1333 devoti6ne‚
1667 1300 1753 1324 eum
1781 1300 1887 1325 reve-

1061 1341 1183 1376 rentia
1214 1345 1252 1376 et
1282 1342 1463 1385 tremere,
1503 1341 1557 1375 ita
1589 1344 1631 1375 ut
1660 1340 1812 1384 placide
1843 1351 1887 1375 ac

1060 1392 1225 1435 benigne
1255 1392 1447 1436 suscipias
1477 1390 1710 1426 sacrificium
1735 1390 1782 1425 de
1810 1392 1886 1425 ma-

1060 1442 1175 1477 nibus
1208 1442 1304 1477 meis
1341 1442 1391 1477 ad
1420 1442 1583 1476 salutem
1612 1440 1782 1475 emnium
1809 1444 1887 1475 tam

1060 1491 1248 1535 viverum,
1274 1502 1390 1536 quam
1413 1492 1688 1526 defunctorum.

1333 1588 1618 1623 Sabbato.

1115 1671 1190 1704 ogo
1220 1661 1335 1696 etiam
1363 1665 1416 1705 te,
1448 1661 1626 1705 Demine,
1661 1671 1732 1705 per
1758 1662 1885 1705 ipsum

1060 1672 1115 1746 R
1140 1713 1429 1746 sacrosanctum
1452 1712 1677 1756 mysterium
1699 1711 1884 1755 Corporis

1060 1765 1096 1796 et
1119 1761 1326 1806 Sanguinis
1349 1762 1421 1805 tui,
1452 1772 1528 1806 quo
1558 1761 1730 1806 quotidie
1754 1762 1793 1796 in
1815 1762 1884 1797 Ec-

1061 1811 1180 1846 clesia
1208 1816 1274 1847 tua
1303 1812 1498 1856 pascimur
1525 1815 1562 1846 et
1589 1813 1784 1855 potamur,
1820 1812 1884 1847 ab·

1059 1862 1201 1897 luimur
1229 1866 1266 1897 et
1295 1862 1592 1905 sanctificamur,
1627 1866 1740 1906 atque
1770 1862 1883 1896 unius

1059 1923 1219 1947 summae
1236 1912 1451 1947 divinitatis
1464 1912 1671 1956 participes
1685 1912 1882 1946 efficimur:

1059 1963 1108 1997 da
1131 1963 1227 1997 mihi
1249 1963 1411 1998 virtutes
1433 1967 1520 1997 tuas
1545 1966 1715 2006 sanctaS,
1741 1962 1881 2006 quibus

1057 2013 1242 2057 repletus,
1275 2013 1378 2048 bona
1411 2012 1646 2047 conscientia
1679 2011 1729 2046 ad
1763 2012 1881 2046 altare

1057 2067 1164 2098 tuum
1196 2055 1393 2106 accedam,
1434 2062 1488 2097 ita
1519 2066 1561 2096 ut
1592 2062 1677 2096 haec
1709 2061 1881 2096 coelestia

1058 2114 1296 2148 sacramenta
1332 2113 1546 2148 efficiantur
1577 2112 1672 2147 mihi
1706 2112 1812 2147 salus
1845 2116 1882 2147 et

1056 2163 1147 2198 vita.
1193 2163 1253 2198 Tu
1282 2163 1383 2198 enim
1407 2162 1541 2197 dixisti
1566 2172 1631 2196 ore
1655 2166 1721 2197 tuo
1746 2166 1880 2197 sancto

1059 2218 1096 2248 et
1117 2213 1337 2249 benedicto:
1371 2212 1500 2256 Panis,
1533 2222 1647 2256 quem
1670 2222 1742 2256 ego
1767 2212 1880 2256 dabo,

1059 2274 1148 2299 caro
1181 2274 1267 2299 mea
1302 2267 1360 2298 est
1393 2273 1464 2307 pro
1498 2262 1633 2297 mundi
1664 2262 1763 2298 vita:
1797 2263 1880 2307 Ego

1057 2324 1142 2348 sum
1164 2314 1278 2358 panis
1301 2313 1427 2356 vivus,
1452 2312 1519 2357 qui
1542 2313 1588 2347 de
1608 2312 1708 2347 coelo
1726 2312 1880 2347 deseen-

1057 2364 1110 2398 di:
1135 2363 1176 2398 Si
1200 2363 1287 2407 quis
1308 2362 1599 2397 manducaverit
1616 2372 1664 2396 ex
1679 2362 1754 2396 hoc
1769 2372 1879 2406 pane,

1054 2414 1161 2449 vivet
1191 2413 1230 2447 in
1260 2413 1451 2447 aeternum.
1497 2411 1615 2446 Panis
1647 2411 1879 2458 dulcissime,

1056 2473 1150 2498 sana
1173 2463 1346 2506 palatum
1373 2461 1502 2496 cordis
1526 2461 1619 2504 mei,
1648 2465 1690 2496 ut
1718 2462 1878 2496 sentiam

1055 2513 1284 2548 suavitatem
1308 2512 1449 2546 amoris
1473 2511 1538 2546 tui.
1585 2510 1687 2546 Sana
1710 2511 1806 2546 illud
1829 2511 1877 2545 ab

1055 2563 1158 2598 omni
1190 2563 1392 2606 languore,
1425 2566 1467 2596 ut
1498 2562 1643 2596 nullam
1671 2565 1811 2605 praeter
1840 2566 1876 2595 te

1055 2613 1217 2648 sentiam
1241 2612 1492 2646 dulcedinem.
1537 2611 1655 2646 Panis
1687 2610 1876 2645 candidis-

1054 2663 1164 2705 sime,
1193 2662 1341 2696 habens
1364 2672 1475 2696 omne
1501 2661 1815 2696 delectamentum
1839 2663 1877 2693 et

1054 2722 1205 2747 omnem
1229 2713 1422 2756 saporem,
1453 2712 1518 2756 qui
1546 2721 1618 2746 nos
1643 2719 1794 2753 semper
1821 2710 1876 2745 re-
