2040 2944
767 193 944 228 Officium
968 194 1254 230 Defunctorum.

216 288 479 330 Convertere
523 288 727 338 Demine,
778 293 821 330 et
866 290 986 342 eripe

164 345 351 386 animam
381 357 539 386 meam:
566 344 590 370 *
618 344 786 386 salvum
816 358 886 387 me
917 346 986 387 fac

162 405 344 454 propter
362 400 705 442 misericerdiam
722 405 852 451 tuam,

218 457 435 507 Queniam
461 469 549 499 non
578 462 644 498 est
671 457 715 498 in
741 463 884 499 morte
913 459 986 510 qui

161 526 330 555 memor
354 514 410 555 sit
433 514 510 555 tui:
532 513 623 554 *in
646 513 815 555 inferno
840 519 985 556 autem

164 570 260 622 quis
281 569 559 612 confitebitur
576 569 676 611 tibi?

213 626 432 668 Laboravi
450 626 494 667 in
512 627 675 677 gemitu
693 639 803 677 meo,
824 626 983 669 lavabo

161 695 241 735 per
262 682 451 733 singulas
474 687 626 724 noctes
645 682 807 724 lectum
825 696 984 724 meum:

162 739 392 780 *lacrimis
417 739 526 781 meis
553 743 737 781 stratum
761 752 906 781 meum
930 740 983 780 ri-

159 794 286 847 gabo.

213 851 435 894 Turbatus
481 856 548 893 est
588 865 613 892 a
649 852 795 894 furere
832 853 985 894 eeulus

160 921 298 950 meus:
312 910 335 934 *
354 908 593 950 inveteravi
611 908 722 951 inter
740 921 891 951 omnes
909 910 983 950 ini-

160 967 298 1007 micos
317 977 451 1006 meos.

212 1020 437 1063 Discedite
457 1035 482 1063 a
499 1034 570 1062 me
590 1034 758 1071 omnes,
785 1022 858 1074 qui
882 1034 984 1075 ope-

161 1078 317 1119 ramini
335 1078 623 1131 iniquitatem:
642 1079 665 1104 *
686 1079 891 1130 queniam
915 1091 984 1120 ex-

161 1134 327 1176 audivit
340 1135 556 1176 Deminus
570 1147 724 1176 vocem
743 1135 870 1176 fletus
887 1135 984 1176 mei.

213 1191 447 1232 Exaudivit
474 1191 688 1232 Deminus
716 1191 984 1244 deprecati&-

160 1261 260 1290 nem
282 1260 441 1298 meam,
460 1249 483 1274 *
503 1247 717 1289 Deminus
742 1248 984 1290 orationem

160 1316 303 1345 meam
321 1304 526 1356 suscepit.

212 1360 496 1410 Erubeseant,
518 1364 562 1402 et
582 1360 896 1402 conturbentur
914 1375 984 1403 ve-

159 1416 385 1459 hementer
430 1429 581 1458 omnes
622 1417 789 1458 *inimici
833 1418 933 1459 mei:
961 1419 984 1445 *

161 1475 469 1515 convertantur
498 1478 541 1515 et
571 1472 831 1516 erubescant
857 1474 984 1516 valde

160 1529 380 1582 veleciter.

211 1587 424 1639 Requiem
444 1590 662 1630 aeternam.

213 1646 312 1687 Ant.
336 1646 604 1687 Convertere
622 1644 820 1694 Demine‚
841 1649 884 1686 et
903 1645 981 1686 eri-

159 1711 216 1752 pe
248 1699 436 1741 animam
466 1714 623 1743 meam:
659 1701 864 1754 queniam
895 1713 982 1742 non

160 1760 227 1797 est
243 1756 287 1796 in
304 1762 456 1807 morte,
475 1757 549 1810 qui
566 1770 734 1799 memor
754 1758 810 1799 sit
827 1757 901 1799 tui.

216 1815 314 1855 Ant.
347 1813 590 1865 Nequando
621 1814 762 1867 rapiat
785 1816 808 1841 *
834 1819 882 1855 ut
910 1814 980 1856 leo

159 1869 347 1910 animam
371 1883 531 1921 meam,
569 1870 673 1912 dum
702 1883 791 1912 non
816 1875 883 1912 est
908 1871 982 1923 qui

159 1924 359 1976 redimat,
384 1939 526 1979 neque
553 1927 626 1979 qui
649 1927 817 1968 salvum
840 1927 980 1968 faciat.

448 1994 643 2035 Psalmus
663 1996 698 2035 7.

246 2040 389 2081 emine
402 2040 523 2082 Deus
539 2054 662 2082 meus
675 2041 719 2081 in
733 2045 777 2082 te
793 2040 979 2093 speravi:

259 2097 283 2123 *
309 2096 477 2138 salvum
503 2110 573 2139 me
601 2097 669 2138 fae
696 2110 750 2139 ex
776 2096 977 2138 emnibus

158 2152 521 2205 persequentibus
538 2166 619 2203 me,
639 2158 682 2195 et
701 2153 838 2194 libera
855 2166 935 2194 me.

208 2207 456 2260 Nequando
475 2210 618 2262 rapiat
636 2214 684 2251 ut
702 2209 772 2250 leo
793 2209 979 2250 animam

157 2277 316 2315 meam,
335 2267 359 2291 *
379 2265 482 2306 dum
498 2278 586 2307 non
607 2271 673 2307 est
691 2265 765 2318 qui
783 2265 977 2315 redimat,

158 2333 301 2373 neque
321 2323 394 2374 qui
413 2322 580 2363 salvum
598 2323 739 2364 faeiat.

209 2377 396 2420 Demine
412 2379 531 2420 Deus
545 2392 679 2429 meus,
699 2380 735 2420 si
753 2380 836 2421 feei
850 2377 977 2427 istud,

159 2432 182 2458 *
202 2433 238 2473 si
261 2439 327 2475 est
350 2434 555 2486 iniquitas
574 2436 618 2476 in
636 2436 835 2477 manibus
854 2435 977 2476 meis:

210 2489 255 2530 Si
296 2489 466 2532 reddidi
501 2491 839 2534 retribuentibus
874 2491 978 2532 mihi

158 2545 286 2595 mala,
305 2547 329 2573 *
349 2546 548 2588 decidam
573 2549 730 2590 merito
758 2548 812 2589 ab
842 2547 976 2588 inimi-

158 2614 220 2643 els
239 2614 347 2643 meis
366 2604 516 2645 manis.

209 2658 502 2710 Persequatur
548 2661 746 2702 inimicus
791 2660 978 2701 animam

155 2726 308 2764 meam,
321 2719 364 2756 et
378 2715 732 2768 comprehendat,
746 2721 790 2758 et
805 2715 975 2758 conmil-

1039 294 1108 331 eet
1126 290 1171 330 in
1189 295 1307 332 terra
1325 292 1460 332 vitam
1479 305 1636 342 meam,
1659 297 1683 320 *
1707 298 1751 334 et
1773 293 1861 345 gle-

1038 346 1146 387 riam
1170 359 1312 388 meam
1337 348 1381 388 in
1408 347 1636 400 pulverem
1662 348 1862 391 deducat.

1090 402 1288 454 Exsurge
1308 404 1494 446 Demine
1517 405 1562 445 in
1582 405 1646 446 ira
1666 410 1756 447 tua:
1775 407 1798 433 *
1820 411 1863 448 et

1040 459 1232 500 exaltare
1250 460 1294 500 in
1313 460 1470 502 finibus
1489 461 1762 503 inimicerum
1774 475 1860 504 me-

1040 516 1174 556 erum.

1090 571 1147 613 Et
1179 576 1363 624 exsurge
1391 573 1488 615 Dfie
1514 574 1634 615 Deus
1664 587 1786 616 meus
1818 575 1860 616 in

1038 630 1262 681 praecepto
1288 629 1407 681 quod
1425 630 1654 672 mandasti:
1668 633 1692 657 *
1704 636 1747 673 et
1766 645 1860 683 syn-

1039 687 1179 736 agega
1197 686 1461 738 populorum
1480 687 1766 729 circumdabit
1783 693 1838 729 te.

1089 741 1146 783 Et
1171 747 1354 795 propter
1372 742 1484 783 hane
1503 744 1546 784 in
1566 743 1700 785 altum
1719 746 1860 795 regre-

1039 797 1158 839 dere:
1177 801 1200 825 *
1219 799 1432 840 Dominus
1451 799 1613 851 judicat
1630 800 1831 853 pepulos.

1091 855 1115 895 J
1117 854 1246 896 udica
1285 868 1354 896 me
1394 856 1580 898 Demine
1623 857 1861 898 secundum

1039 911 1245 962 justitiam
1279 925 1438 962 meam,
1475 913 1498 938 *
1536 918 1578 954 et
1621 913 1861 954 seeundum

1038 967 1330 1010 innocentiam
1348 981 1491 1010 meam
1510 982 1642 1022 super
1660 982 1741 1011 me.

1093 1024 1382 1067 Consumetur
1424 1026 1619 1078 nequitia
1658 1028 1858 1079 peccate-

1038 1093 1151 1130 rum,
1177 1086 1220 1123 et
1245 1080 1404 1132 diriges
1424 1083 1598 1132 justum,
1617 1084 1640 1109 *
1661 1087 1859 1124 scrutans

1039 1137 1174 1178 corda
1193 1142 1237 1179 et
1256 1151 1381 1179 renes
1401 1138 1532 1180 Deus.

1087 1194 1112 1234 J
1114 1200 1258 1235 ustum
1278 1194 1537 1246 adjuterium
1551 1208 1695 1236 meum
1710 1207 1735 1235 a
1749 1195 1859 1244 Dfio‚

1037 1252 1060 1276 *
1082 1251 1155 1302 qui
1174 1250 1317 1292 salvos
1337 1251 1440 1292 facit
1458 1257 1602 1293 rectos
1623 1251 1766 1293 corde.

1090 1307 1210 1348 Deus
1229 1307 1358 1359 judex
1377 1308 1530 1359 justus,
1556 1308 1699 1357 fortis,
1724 1313 1766 1349 et
1785 1310 1858 1360 pa-

1036 1363 1163 1405 tiens:
1182 1365 1205 1389 *
1223 1364 1436 1416 numquid
1460 1364 1660 1406 irascitur
1678 1377 1757 1417 per
1776 1366 1858 1405 sin-

1036 1420 1163 1471 gulos
1184 1419 1299 1462 dies?

1087 1477 1185 1518 Nisi
1217 1477 1416 1518 conversi
1448 1477 1630 1526 fueritis,
1668 1476 1858 1528 gladium

1036 1546 1162 1574 suum
1193 1533 1397 1575 vibrabit:
1420 1534 1444 1559 *
1469 1546 1617 1575 arcum
1645 1546 1770 1574 suum
1796 1538 1856 1574 te-

1035 1588 1186 1639 tendit,
1206 1594 1250 1631 et
1269 1590 1440 1642 paravit
1459 1590 1589 1631 illum.

1086 1646 1142 1687 Et
1167 1646 1211 1686 in
1239 1659 1291 1687 eo
1315 1646 1485 1698 paravit
1511 1658 1615 1687 vasa
1638 1645 1808 1695 mortis,
1833 1647 1856 1672 *

1035 1704 1214 1753 sagittas
1233 1715 1333 1743 suas
1353 1701 1606 1743 ardentibus
1626 1700 1779 1743 effecit.

1085 1759 1199 1800 Ecce
1219 1759 1422 1811 parturiit
1437 1758 1702 1810 injustitiam:
1717 1759 1740 1784 *
1756 1770 1855 1799 con-

1035 1815 1152 1868 cepit
1183 1814 1398 1869 dolerem,
1431 1820 1474 1857 et
1505 1814 1676 1867 peperit
1704 1813 1854 1868 iniqui-

1034 1873 1180 1912 tatem.

1085 1927 1248 1969 Lacum
1267 1928 1447 1980 aperuit,
1467 1933 1510 1969 et
1529 1926 1681 1969 effedit
1701 1941 1813 1969 eum:
1831 1927 1854 1953 *

1034 1989 1078 2026 et
1095 1983 1246 2026 incidit
1264 1984 1307 2024 in
1326 1984 1509 2034 feveam,
1531 1997 1661 2036 quam
1678 1984 1792 2025 fecit.

1088 2041 1375 2082 Convertetur
1401 2039 1528 2082 dolor
1552 2041 1641 2091 ejus
1660 2041 1704 2080 in
1722 2045 1854 2092 eaput

1034 2098 1138 2149 ejus:
1155 2099 1179 2124 *
1199 2101 1242 2138 et
1259 2097 1303 2137 in
1321 2097 1529 2138 verticem
1546 2097 1683 2149 ipsius
1702 2096 1853 2149 iniqui-

1032 2158 1100 2195 tas
1120 2154 1209 2205 ejus
1229 2153 1476 2194 descendet.

1086 2209 1339 2251 Confitebor
1379 2209 1567 2250 Demino
1614 2208 1853 2250 seeundum

1031 2266 1237 2317 justitiam
1257 2267 1362 2317 ejus:
1381 2267 1404 2292 *
1424 2270 1467 2307 et
1486 2265 1670 2318 psallam
1688 2265 1853 2306 nemini

1031 2322 1207 2362 Demini
1227 2322 1436 2363 altissimi.

1084 2378 1299 2430 Requiem
1317 2379 1532 2419 aeternam.

1086 2435 1184 2475 Ant.
1203 2433 1443 2486 Nequando
1462 2433 1604 2486 rapiat
1618 2439 1666 2475 ut
1679 2434 1749 2476 leo
1765 2435 1849 2475 ani-

1029 2502 1145 2530 mam
1162 2503 1318 2540 meam,
1345 2489 1448 2531 dum
1471 2503 1559 2531 non
1579 2495 1645 2532 est
1665 2491 1738 2542 qui
1756 2489 1849 2531 red-

1029 2546 1144 2596 imat,
1163 2559 1304 2598 neque
1325 2547 1399 2598 qui
1418 2546 1584 2588 salvum
1602 2547 1741 2588 faciat.

1084 2600 1133 2651 V.
1158 2603 1198 2643 A
1221 2607 1351 2654 porta
1374 2603 1510 2644 inferi.
1555 2604 1603 2654 Re.
1627 2603 1741 2643 Erue
1760 2602 1846 2642 Do-

1029 2659 1142 2700 mine
1163 2659 1326 2699 animas
1347 2661 1508 2701 eerum.

1037 2761 1040 2767 ,
1083 2716 1211 2757 Pater
1229 2720 1389 2757 noster.
1409 2719 1545 2755 totum
1568 2718 1746 2754 secreto.
