2040 2944
751 198 960 233 Commune
986 199 1274 242 Apostolorum.

162 296 328 338 sionem
354 307 513 345 meam,
549 299 592 336 et
619 293 984 336 resurrectionem

161 365 314 394 meam.

210 408 469 450 Intellexisti
488 407 775 460 cogitationes
793 418 914 448 meas
929 405 984 447 de

159 464 302 517 longe:
321 465 345 491 *
364 465 564 506 semitam
582 477 739 514 meam,
761 468 804 505 et
822 462 984 504 funicu-

159 521 249 563 lum
267 535 414 564 meum
431 521 712 572 investigasti.

210 578 267 620 Et
293 591 445 621 omnes
465 579 558 620 vias
582 590 703 620 meas
726 575 983 630 praevidisti:

158 634 182 660 *
199 635 299 687 quia
313 648 401 677 non
416 640 483 678 est
497 647 641 677 sermo
656 635 699 675 in
715 633 862 684 lingua
875 645 984 674 mea.

210 692 325 733 Ecce
352 692 540 733 Domine
575 696 624 733 tu
659 689 903 742 cognovisti
940 691 982 730 o-

158 748 275 790 mnia
306 749 556 800 novissima,
590 752 634 790 et
660 749 853 799 antiqua:
879 746 903 772 *
936 750 984 787 tu

158 804 356 847 formasti
373 818 458 856 me,
487 809 531 847 et
548 803 735 858 posuisti
758 815 890 856 super
913 815 982 844 me

158 873 335 903 manum
353 866 483 903 tuam.

209 917 421 960 Mirabilis
452 918 567 960 facta
598 922 666 960 est
698 917 878 959 scientia
907 920 983 958 tua

158 986 213 1016 ex
242 987 329 1017 me:
360 975 384 1001 *
416 975 663 1017 confortata
695 979 778 1024 est,
819 978 864 1016 et
894 985 982 1015 non

156 1032 314 1083 potero
334 1031 391 1074 ad
410 1045 517 1074 eam.

209 1088 306 1139 Quo
329 1088 403 1131 ibo
429 1102 455 1130 a
477 1088 633 1142 spiritu
655 1086 755 1130 tuo?
779 1088 803 1114 *
825 1091 870 1129 et
893 1099 980 1139 quo

156 1156 182 1185 a
200 1144 311 1187 facie
329 1150 405 1187 tua
422 1143 608 1197 fugiam?

208 1201 253 1243 Si
280 1202 519 1245 ascendero
543 1203 587 1243 in
612 1201 787 1252 coelum,
819 1205 868 1243 tu
893 1200 980 1242 illic

157 1269 220 1299 es:
251 1258 276 1284 *
308 1259 346 1300 si
377 1258 648 1302 descendero
679 1259 724 1299 in
755 1258 980 1307 infemum‚

155 1313 271 1356 ades.

206 1371 252 1413 Si
279 1374 509 1425 sumpsero
537 1385 702 1426 pennas
729 1384 851 1414 meas
873 1371 979 1413 dilu-

154 1427 270 1478 culo,
298 1429 322 1455 *
350 1434 395 1471 et
417 1428 673 1472 habitavero
701 1429 745 1470 in
774 1428 979 1471 extremis

154 1485 301 1537 maris:

205 1542 378 1584 Etenim
399 1542 503 1585 illuc
520 1555 674 1584 manus
696 1546 773 1584 tua
791 1541 980 1584 deducet

154 1611 238 1640 me:
255 1599 280 1625 *
299 1603 342 1641 et
355 1599 521 1642 tenebit
539 1613 609 1641 me
629 1599 810 1641 dextera
828 1603 914 1640 tua.

204 1654 262 1697 Et
287 1655 392 1698 dixi:
425 1656 629 1698 Forsitan
656 1654 851 1697 tenebrae
879 1667 978 1696 con-

155 1711 387 1754 culcabunt
405 1725 490 1754 me:
508 1713 532 1739 *
552 1717 596 1754 et
614 1724 703 1754 nox
720 1711 978 1753 illuminatio

154 1781 253 1810 mea
270 1769 315 1810 in
333 1767 500 1811 deliciis
517 1769 639 1811 meis.

206 1825 318 1875 Quia
343 1825 536 1868 tenebrae
568 1838 656 1867 non
684 1825 978 1867 obscurabun-

153 1886 224 1923 tur
238 1894 264 1923 a
280 1886 335 1932 te,
355 1886 399 1924 et
417 1894 506 1924 nox
525 1882 637 1924 sicut
656 1881 749 1924 dies
768 1882 977 1923 illumina-

152 1938 284 1980 bitur:
305 1939 329 1965 *
357 1939 470 1981 sicut
495 1938 690 1982 tenebrae
718 1939 820 1991 ejus,
846 1939 908 1981 ita
935 1943 979 1981 et

153 1994 298 2037 lumen
318 1996 419 2048 ejus.

204 2052 315 2103 Quia
333 2057 381 2094 tu
399 2052 638 2105 possedisti
655 2065 782 2094 renes
799 2065 939 2094 meos:
953 2053 978 2079 *

154 2109 386 2165 suscepisti
399 2122 469 2151 me
480 2108 535 2151 de
550 2111 676 2151 utero
690 2109 842 2151 matris
855 2122 977 2151 meae.

205 2155 460 2208 Confitebor
491 2164 571 2207 tibi
599 2165 700 2218 quia
726 2165 978 2208 terribiliter

152 2222 454 2273 magnificatus
474 2235 536 2264 es:
559 2222 583 2247 *
611 2222 824 2264 mirabssia
842 2224 978 2288 opera

152 2282 237 2328 tua,
257 2283 301 2321 et
320 2279 462 2320 anima
482 2291 581 2321 mea
595 2279 821 2330 cognoscit
838 2279 977 2320 nimis.

202 2335 304 2377 Non
328 2340 396 2378 est
421 2335 689 2377 occultatum
713 2348 763 2377 os
787 2348 933 2377 meum
952 2349 978 2377 a

153 2395 207 2442 te,
227 2392 346 2444 quod
360 2393 501 2434 fecisti
514 2393 558 2434 in
573 2392 762 2434 occulto:
776 2392 800 2418 *
815 2397 859 2434 et
879 2392 976 2434 sub-

153 2449 312 2490 stantia
329 2462 428 2491 mea
445 2449 490 2490 in
507 2448 785 2491 inferioribus
804 2453 946 2490 terrae.

204 2505 514 2557 Imperfectum
539 2519 685 2548 meum
706 2504 909 2547 viderunt
933 2507 976 2547 o-

154 2560 240 2602 culi
257 2561 331 2611 tui,
352 2566 396 2603 et
413 2562 457 2603 in
474 2562 586 2604 libro
606 2567 683 2604 tuo
703 2574 856 2604 omnes
876 2562 976 2603 scri-

153 2617 326 2659 bentur:
365 2618 390 2644 *
431 2618 525 2661 dies
566 2618 888 2668 formabuntur,
934 2623 977 2660 et

153 2686 281 2715 nemo
300 2674 345 2715 in
363 2674 437 2716 eis.

203 2730 309 2772 Mihi
348 2735 495 2773 autem
534 2733 660 2774 nimis
700 2731 977 2781 honorificati

1037 297 1139 333 sunt
1164 293 1291 334 amici
1315 293 1378 334 tui
1403 293 1538 334 Deus:
1562 293 1586 318 *
1610 292 1738 333 nimis
1764 306 1864 334 con-

1036 348 1224 390 fortatus
1244 354 1311 391 est
1329 350 1600 402 principatus
1624 351 1787 391 eorum.

1087 405 1387 448 Dinumerabo
1413 419 1505 456 θος,
1540 411 1584 448 et
1615 419 1747 459 super
1774 408 1864 447 are-

1036 474 1136 503 nam
1154 462 1573 516 multiplicabuntur:
1587 463 1611 489 *
1628 463 1864 512 exsurrexi,

1037 523 1080 560 et
1099 518 1242 560 adhuc
1261 532 1359 561 sum
1377 524 1535 561 tecum.

1087 575 1132 616 Si
1157 575 1371 618 occideris
1394 576 1516 618 Deus
1541 578 1815 629 peccatores:
1840 577 1864 602 *

1036 632 1117 673 viri
1136 633 1395 684 sanguinum
1415 633 1630 675 declinate
1649 646 1675 674 a
1693 646 1778 675 me:

1089 689 1201 739 Quia
1225 689 1368 732 dicitis
1389 690 1433 730 in
1452 690 1734 741 cogitatione:
1754 690 1777 716 *
1797 703 1864 732 ac-

1036 746 1198 798 cipient
1217 746 1261 787 in
1280 747 1472 788 vanitate
1491 747 1691 788 civitates
1710 751 1820 788 tuas.

1087 803 1244 845 Nonne
1275 804 1350 856 qui
1378 803 1566 845 oderunt
1593 808 1637 845 te
1664 803 1863 854 Domine,

1036 858 1238 901 oderam?
1262 860 1286 886 *
1313 865 1357 903 et
1383 873 1516 914 super
1540 860 1740 903 inimicos
1763 865 1864 902 tuos

1034 916 1339 959 tabescebam?

1085 974 1287 1016 Perfecto
1311 973 1415 1016 odio
1441 973 1621 1016 ederam
1643 974 1757 1016 illos:
1775 975 1800 1002 *
1820 980 1864 1018 et

1033 1030 1195 1072 inimici
1213 1030 1318 1073 facti
1337 1035 1438 1072 sunt
1455 1030 1572 1072 mihi.

1085 1086 1232 1129 Proba
1255 1100 1325 1129 me
1343 1087 1466 1130 Deus
1486 1092 1529 1130 et
1548 1087 1660 1129 scito
1680 1101 1757 1130 cor
1775 1101 1862 1131 me-

1033 1158 1121 1186 um:
1147 1145 1171 1170 *
1197 1145 1420 1196 interroga
1446 1158 1532 1196 me,
1570 1150 1614 1187 et
1642 1147 1861 1197 cognosce

1033 1202 1210 1243 semitas
1228 1214 1360 1243 meas.

1084 1259 1141 1300 Et
1164 1258 1281 1308 vide,
1310 1259 1348 1300 si
1370 1258 1440 1300 via
1463 1259 1703 1311 iniquitatis
1729 1259 1772 1299 in
1791 1272 1861 1301 me

1033 1320 1114 1357 est:
1132 1316 1156 1342 *
1176 1320 1220 1358 et
1239 1315 1382 1358 deduc
1401 1329 1472 1358 me
1490 1316 1534 1356 in
1553 1316 1624 1357 via
1643 1317 1818 1358 aeterna.

1088 1377 1188 1418 Ant.
1203 1377 1489 1423 Confortatus
1505 1382 1572 1419 est
1590 1377 1861 1430 principatus

1033 1435 1200 1483 eorum,
1228 1438 1272 1476 et
1295 1433 1500 1476 honorati
1523 1438 1624 1476 sunt
1646 1434 1774 1477 amici
1798 1434 1861 1476 tui

1031 1490 1163 1532 Deus.

1112 1550 1373 1603 Capitulum.
1517 1552 1676 1603 Ephes.
1691 1553 1726 1591 2.
1744 1551 1782 1592 d.

1032 1602 1266 1708 Fratres:
1301 1612 1326 1653 J
1328 1624 1399 1653 am
1417 1625 1505 1654 non
1524 1612 1630 1653 estis
1649 1612 1859 1666 hospites,

1126 1673 1171 1710 et
1189 1668 1386 1710 advenae:
1415 1668 1495 1711 sed.
1511 1668 1616 1710 estis
1632 1669 1749 1711 cives
1765 1683 1858 1710 san-

1031 1726 1217 1775 ctorum,
1251 1730 1295 1767 et
1323 1724 1552 1767 domestici
1579 1726 1678 1767 Dei:
1710 1739 1858 1778 super-

1031 1780 1237 1823 aedificati
1252 1794 1384 1835 super
1398 1781 1728 1824 fundamentum
1740 1782 1858 1835 Apo-

1031 1837 1246 1880 stolorum
1289 1843 1333 1880 et
1374 1838 1714 1892 Prophetarum,
1759 1839 1858 1892 ipso

1031 1899 1157 1936 sumo
1176 1895 1373 1947 angulari
1391 1895 1537 1948 lapide
1554 1895 1728 1937 Christo
1743 1896 1768 1937 J
1771 1909 1858 1937 esu.

1078 1950 1133 2003 R.
1159 1952 1256 1994 Deo
1274 1952 1451 2003 gratias.

1338 2023 1550 2074 Hymnus.

1188 2092 1352 2135 xsultet
1370 2092 1490 2134 orbis
1508 2092 1694 2144 gaudiis:

1212 2149 1384 2191 Coelum
1402 2149 1586 2191 resultet
1605 2148 1822 2191 laudibus:

1158 2205 1480 2258 Apostolorum
1498 2205 1683 2257 gloriam

1158 2262 1309 2304 Tellus
1329 2267 1372 2304 et
1391 2267 1510 2304 astra
1529 2262 1773 2304 concinunt.

1112 2324 1201 2368 Vos
1221 2327 1484 2369 saeculorum
1501 2327 1679 2380 judices,

1158 2384 1215 2425 Et
1233 2397 1338 2426 vera
1355 2383 1506 2426 mundi
1523 2383 1697 2434 lumina,

1106 2440 1236 2482 Votis
1254 2443 1487 2493 precamur
1506 2440 1719 2483 cordium:

1158 2496 1322 2539 Audite
1340 2510 1473 2540 voces
1492 2497 1750 2550 supplicum.

1108 2559 1191 2609 Qui
1209 2561 1374 2615 templa
1393 2562 1494 2604 coeli
1514 2562 1726 2612 clauditis,

1157 2619 1375 2671 Serasque
1393 2619 1530 2661 verbo
1551 2619 1733 2668 solvitis,

1156 2675 1252 2716 Nos
1272 2688 1298 2716 a
1315 2677 1441 2718 reatu
1459 2676 1617 2718 noxios

1157 2731 1278 2773 Solvi
1295 2731 1451 2784 jubete,
1480 2735 1742 2786 quaesumus.
