2040 2944
178 177 268 222 [156]
677 179 851 211 (mit-mm
879 188 1038 220 parvum
1067 178 1104 210 13.
1132 177 1263 210 Mariae
1291 177 1393 219 Y'irg.

445 276 638 314 l'sulmus
663 277 743 314 123.

270 330 322 371 isi
351 330 452 382 quia
478 330 694 371 Deminus
727 334 821 371 erat
852 329 896 370 in
928 341 1002 370 no-

292 387 376 435 bis,
405 386 523 428 dicat
550 399 664 428 nunc
689 386 843 427 Israel:
870 386 894 411 *
922 386 1004 427 nisi

177 444 278 496 quia
296 443 511 484 Deminus
531 447 624 484 erat
643 443 686 483 in
705 442 844 492 nobis,

227 500 335 541 Cum
349 502 634 550 exsurgerent
645 499 843 541 homines
856 499 900 539 in
910 511 1003 548 nos,

175 558 198 583 *
217 556 330 598 forte
351 556 477 597 vivos
498 555 786 606 deglutissent
804 568 900 597 nos:

227 613 336 654 Cum
359 613 620 654 irasceretur
642 612 764 654 furor
788 614 940 653 eorum
958 612 1002 653 in

174 682 272 719 nos,
299 671 323 696 *
352 669 535 710 fersitan
561 682 675 721 aqua
701 668 1003 710 absorbuisset

173 738 264 767 nos.

225 783 488 824 Torrentem
534 781 816 835 pertransivit
861 782 1004 823 anima

173 844 341 881 nostra:
369 841 392 866 *
418 839 601 880 fersitan
626 841 937 892 pertransisset
961 840 1002 879 a·

173 896 291 937 nima
309 901 458 937 nostra
476 908 636 948 aquam
654 894 986 936 intolerabilem.

226 952 493 994 Benedictus
519 952 735 993 Dominus
763 954 787 978 *
816 952 891 1004 qui
915 964 1003 993 non

175 1009 296 1051 dedit
322 1021 418 1059 nos,
448 1009 492 1050 in
521 1008 771 1061 captiunem
800 1008 1003 1050 dentibus

174 1067 337 1107 eurum.

225 1123 384 1164 Anima
411 1127 563 1164 nostra
591 1122 703 1163 sicut
731 1133 884 1174 passer
913 1122 1002 1163 ere-

173 1184 251 1232 pta
271 1185 337 1221 est
355 1181 379 1206 *
399 1177 454 1220 de
473 1178 631 1230 laqueo
651 1178 919 1220 venantium:

224 1236 430 1288 Laqueus
456 1237 669 1277 contritus
695 1239 777 1285 est,
804 1236 828 1261 *
854 1239 897 1276 et
921 1247 1002 1276 nos

173 1291 346 1334 liberati
365 1305 525 1334 sumus.

224 1348 502 1401 Adiutorium
531 1352 731 1390 nostrum
758 1347 802 1388 in
826 1347 1002 1389 nemine

173 1405 270 1455 Dni,
289 1406 313 1431 *
332 1405 407 1457 qui
427 1405 529 1447 fecit
549 1404 710 1446 coelum
729 1409 773 1446 et
791 1409 964 1445 terram.

227 1461 379 1503 Gloria
396 1461 526 1503 Patri.

442 1526 634 1564 I’salmus
659 1526 739 1564 124.

257 1579 301 1620 ui
330 1578 555 1620 confidunt
583 1578 626 1619 in
654 1578 862 1628 Demino,
889 1577 1003 1620 sicut

277 1648 404 1677 mons
431 1635 554 1677 Sion:
586 1635 609 1659 *
639 1647 727 1676 non
756 1636 1001 1676 commove-

173 1691 290 1734 bitur
322 1693 367 1733 in
398 1693 628 1741 aetemum,
662 1691 736 1744 qui
763 1691 932 1733 habitat
959 1691 1003 1732 in

173 1749 425 1791 Jerusalem.

226 1805 400 1847 Montes
420 1805 463 1846 in
484 1805 667 1847 circuitu
686 1805 792 1856 ejus:
810 1805 834 1831 *
854 1808 897 1845 et
915 1803 1002 1845 Do-

174 1862 316 1903 minus
347 1862 391 1902 in
429 1861 613 1903 circuitu
642 1860 796 1914 populi
827 1860 912 1910 sui,
949 1872 1003 1901 ex

174 1918 260 1960 hoc
278 1931 393 1960 nunc
413 1923 457 1960 et
474 1931 614 1971 usque
633 1918 676 1958 in
696 1917 916 1959 saeculum.

228 1975 339 2026 Quia
357 1988 446 2017 non
460 1975 676 2027 relinquet
691 1974 907 2015 Dominus
922 1973 1003 2015 vir-

175 2045 274 2083 gam
299 2034 583 2085 peccaterum
608 2044 741 2084 super
761 2036 925 2072 sortem
946 2030 1004 2082 ju-

177 2090 360 2130 storum:
391 2091 414 2115 *
444 2094 492 2130 ut
522 2101 610 2129 non
642 2087 878 2130 extendant
903 2086 1004 2139 justi

177 2143 233 2185 ad
251 2145 524 2197 iniquitatem
542 2158 696 2186 manus
717 2157 829 2185 suas.

228 2201 418 2243 Benefac
440 2202 630 2242 Domine
652 2201 796 2250 boniS,
824 2201 847 2226 *
874 2205 917 2242 et
940 2213 1004 2242 re-

178 2257 257 2298 ctis
277 2256 420 2299 corde.

229 2314 510 2356 Declinantes
537 2319 682 2356 autem
707 2314 751 2354 in
776 2313 1004 2365 obligatio-

178 2381 254 2410 nes
290 2369 480 2412 adducet
515 2371 730 2412 DOminus
767 2383 866 2411 cum
903 2382 1004 2422 ope-

178 2425 375 2466 rantibus
399 2427 689 2479 iniquitatem:
714 2429 737 2453 *
761 2439 849 2479 pax
873 2439 1006 2479 super
1062 2438 1101 2476 i«.

178 2482 325 2522 Israel.

231 2538 384 2579 Gloria
404 2539 534 2580 Patri.
984 2565 987 2574 ·

235 2595 330 2634 Ant.
380 2597 427 2634 ln
465 2595 648 2636 odorem
684 2597 1006 2647 unguenturum

178 2653 352 2692 tuorum
391 2651 623 2692 currimus:
666 2650 1006 2694 adolescentulae

178 2707 424 2748 dilexerunt
444 2712 487 2748 te
509 2707 646 2748 nimis.

1113 270 1372 321 Capitulum.
1560 271 1691 311 Eccli.
1710 272 1774 310 24.
1798 270 1832 309 b.

1137 332 1154 368 t
1187 326 1382 370 radicavi
1409 329 1452 369 in
1484 328 1651 382 pepulo
1678 328 1883 371 honorifi-

1154 386 1271 434 cato,
1298 390 1341 427 et
1365 385 1410 426 in
1434 390 1560 438 parte
1582 385 1667 427 Dei
1688 385 1775 427 mei
1796 384 1882 426 hae-

1055 439 1219 482 reditas
1261 441 1376 484 illius
1391 474 1400 492 ,
1446 446 1490 484 et
1529 441 1574 482 in
1614 441 1884 494 plenitudine

1056 500 1310 539 sancterum
1330 498 1525 540 detentio
1545 510 1653 540 mea.

1114 558 1162 608 lxffa
1184 555 1282 596 Deo
1302 555 1477 606 gratias.

1112 610 1161 659 Y
1191 611 1433 653 Benedicta
1464 616 1513 653 tu
1545 611 1590 652 in
1619 609 1884 652 mulieribus.

1060 671 1110 720 Ru.
1120 667 1177 708 Et
1187 667 1446 710 benedictus
1458 667 1625 709 fructus
1635 666 1799 708 ventris
1810 666 1884 708 tui.

1115 725 1243 776 lxyrie
1271 724 1446 766 eleison.
1503 723 1674 766 Christe
1707 722 1884 764 eleison.

1065 781 1191 833 Ryrie
1211 781 1388 823 eleison.

1117 834 1163 884 Y
1195 838 1412 879 Dominus
1448 837 1689 880 vobiscum.
1743 841 1793 892 R.
1826 836 1884 878 Et

1056 906 1155 936 cum
1174 894 1331 947 spiritu
1350 900 1438 937 tuo.

1396 959 1558 1000 Oratio.

1130 1013 1299 1054 oncede
1313 1013 1563 1055 misericors
1577 1013 1710 1062 Deus,
1726 1010 1883 1063 fragili-

1151 1070 1233 1111 tati
1255 1074 1420 1111 nostrae
1443 1068 1714 1122 praesidium:
1738 1072 1788 1110 ut
1811 1067 1885 1119 qui

1055 1131 1220 1167 sanctae
1248 1126 1333 1168 Dei
1362 1126 1598 1168 Genitricis
1629 1124 1885 1167 memeriam

1055 1183 1236 1234 agimus,
1255 1182 1583 1225 intercessi6nis
1603 1183 1694 1234 ejus
1711 1179 1884 1230 auxilio,

1055 1251 1080 1280 a
1099 1239 1262 1281 nostris
1276 1239 1578 1292 iniquitatibus
1593 1239 1884 1289 resurgemus.

1053 1295 1139 1337 Per
1158 1295 1362 1338 eumdem
1380 1296 1628 1337 Dominum.

1333 1365 1401 1402 Ad
1423 1366 1606 1402 Nonam.

1115 1424 1202 1463 Ave
1221 1422 1371 1464 Maria.

1112 1479 1162 1529 Χῖ.
1183 1483 1305 1525 Deus
1324 1483 1368 1525 in
1387 1482 1662 1536 adjutorium.

1372 1546 1579 1596 Hymnus.

1183 1606 1368 1655 emento‚
1387 1617 1532 1646 rerum
1551 1602 1773 1654 Cenditor,

1209 1662 1363 1704 Nostri
1382 1661 1503 1715 quod
1522 1661 1627 1703 olim
1648 1658 1858 1713 corporis,

1132 1718 1311 1762 Sacrata
1330 1719 1386 1761 ab
1406 1719 1506 1761 alvo
1525 1717 1721 1770 Virginis

1132 1775 1367 1819 Nascendo
1387 1777 1574 1818 formam
1592 1772 1844 1827 sumpseris.

1084 1842 1218 1882 Maria
1234 1842 1376 1890 Mater
1394 1842 1559 1894 gratiae,

1132 1898 1285 1940 Dulcis
1304 1912 1464 1952 parens
1484 1897 1739 1947 clementiae,

1134 1955 1204 1996 Tu
1222 1969 1303 1998 nos
1324 1955 1378 1998 ab
1399 1955 1528 1997 hoste
1547 1957 1742 2008 pretege,

1132 2011 1190 2053 Et
1210 2013 1364 2054 mortis
1381 2012 1492 2054 hora
1511 2011 1697 2064 suscipe.

1086 2078 1199 2127 Jesu,
1216 2077 1297 2119 tibi
1318 2078 1374 2119 sit
1392 2077 1541 2129 gleria,

1135 2133 1219 2184 Qui
1237 2139 1365 2176 natus
1384 2147 1430 2176 es
1451 2133 1505 2175 de
1526 2132 1716 2185 Virgine,

1134 2190 1243 2231 Cum
1261 2191 1402 2240 Patre,
1423 2195 1467 2232 et
1487 2190 1601 2232 almo
1621 2188 1795 2242 Spiritu,

1132 2244 1183 2287 In
1203 2247 1469 2300 sempiterna
1486 2246 1658 2288 saecula.
1685 2245 1838 2286 Amen.

1111 2310 1209 2349 ›Ynt
1238 2308 1423 2349 Pulchra
1443 2321 1500 2349 es.

1318 2369 1350 2408 P
1354 2369 1515 2408 salmus
1536 2368 1620 2407 125.

1128 2432 1208 2482 (ann
1243 2423 1539 2467 convertendo
1569 2423 1784 2464 Deminus
1817 2435 1883 2464 ca-

1198 2482 1446 2535 ptivitatem
1473 2481 1596 2522 Sion:
1628 2480 1651 2505 *
1684 2480 1788 2521 facti
1817 2492 1884 2520 su·

1199 2551 1296 2579 mus
1317 2538 1429 2579 sicut
1449 2535 1678 2578 consolati:

1110 2595 1235 2644 Tunc
1249 2594 1465 2647 repletum
1480 2598 1547 2635 est
1561 2593 1722 2644 gaudio
1741 2605 1791 2634 os
1809 2605 1883 2633 no-

1059 2655 1213 2692 strum:
1239 2651 1263 2677 *
1293 2655 1336 2692 et
1362 2649 1510 2701 lingua
1528 2654 1679 2691 nostra
1699 2649 1883 2691 exsulta-

1057 2707 1186 2749 tiene.

1062 2474 1075 2501 ξ’
1092 2472 1109 2496 η’,
1133 2468 1173 2522 gl!

1062 2507 1063 2514 l
1129 2499 1145 2514 Γ

1062 2519 1146 2545 ¹1)
1130 2509 1176 2566 ‚lq

2032 1368 2040 1668 n.--v.-.—-....-
2036 1334 2040 1348 m.
2036 1310 2040 1319 -
2037 1263 2040 1285 -.
2038 1243 2040 1247 r
2035 1164 2040 1218 ..-..

2035 2156 2040 2205 .--
2036 2099 2040 2132 ..-
2032 2001 2040 2085 ...m-4„-
2033 1914 2040 1982 =.-.-
2032 1807 2040 1892 ...Λῃ-
