2040 2944
718 200 828 234 Feria
854 206 963 234 sexta
988 201 1037 234 ad
1061 202 1297 236 Matutinum.
1814 205 1862 239 87

197 289 319 330 Sicut
333 289 551 331 vulnerati
568 290 838 333 dormientes
854 292 899 333 in
913 305 977 334 se-

145 345 358 396 pulchris,
393 358 580 398 quorum
612 359 700 387 non
735 360 781 389 es
808 361 978 390 memor

146 401 350 454 amplius:
381 403 406 429 *
443 407 487 444 et
520 402 606 455 ipsi
643 402 699 444 de
735 417 868 446 manu
900 409 977 446 tua

144 457 311 510 repulsi
338 463 450 500 sunt.

196 513 446 556 Posuerunt
462 527 534 556 me
551 515 597 555 in
615 515 715 556 lacu
734 516 977 558 inferidri:*

144 569 189 610 in
212 569 472 620 tenebrosis,
497 575 541 612 et
564 571 610 612 in
635 572 793 613 umbra
810 573 977 614 mortis.

198 626 339 678 Super
357 639 428 668 me
454 627 740 669 confirmatus
764 633 830 670 est
854 628 976 670 furor

145 686 263 723 tuus:
295 683 319 710 *
349 687 392 724 et
420 695 573 724 omnes
601 684 762 726 fluctus
786 689 887 726 tuos
915 685 975 725 in-

145 737 311 780 duxisti
337 752 470 792 super
496 753 577 781 me.

197 794 351 847 Longe
365 795 509 837 fecisti
522 802 655 838 notos
670 809 793 838 meos
809 810 835 838 a
852 810 937 838 me:
953 799 976 824 *

142 853 387 903 posuerunt
400 865 471 894 me
486 852 862 895 abominatienem
881 853 976 895 sibi.

194 907 405 950 Traditus
433 921 546 959 sum,
582 914 626 951 et
658 922 747 951 non
781 909 975 961 egredie-

142 962 239 1004 bar:
267 965 291 991 *
319 964 436 1006 Oculi
469 966 556 1006 mei
590 966 853 1017 languerunt
881 979 975 1018 prae

142 1019 303 1073 in6pia.

195 1076 391 1118 Clamavi
405 1077 463 1119 ad
476 1082 521 1119 te
535 1078 726 1120 Demine
740 1083 837 1120 tota
853 1078 939 1120 die:
951 1080 975 1105 *

143 1133 335 1185 expandi
363 1133 420 1175 ad
448 1138 493 1175 te
519 1148 675 1176 manus
703 1148 836 1176 meas.

193 1189 422 1242 Numquid
440 1191 626 1232 m6rtuis
646 1191 781 1233 facies
800 1191 974 1232 mirabi-

142 1244 216 1286 lia:
251 1247 275 1273 *
307 1252 383 1288 aut
409 1246 571 1288 medici
600 1247 893 1297 suscitabunt,
931 1251 975 1289 et

142 1302 471 1345 confitebuntur
498 1303 603 1345 tibi?

192 1358 420 1411 Numquid
440 1360 638 1401 narrabit
657 1360 817 1413 aliquis
840 1360 885 1401 in
910 1373 973 1402 se-

140 1414 327 1467 pulchro
354 1416 705 1458 misericerdiam
726 1422 859 1467 tuam,
882 1418 906 1444 *
931 1422 975 1458 et

141 1471 373 1513 veritatem
399 1477 522 1514 tuam
549 1472 895 1525 imperditione?

192 1527 420 1581 Numquid
444 1531 765 1580 cognoscentur
787 1530 832 1570 in
856 1531 973 1570 tene-

139 1583 233 1625 bris
250 1584 471 1626 mirabilia
488 1590 582 1626 tua:
603 1587 627 1613 *
651 1590 695 1627 et
714 1586 879 1638 justitia
897 1590 974 1627 tua

140 1639 186 1680 in
211 1644 331 1682 terra
358 1640 619 1683 oblivionis?

190 1696 249 1738 Et
269 1709 352 1749 ego
380 1697 438 1739 ad
454 1701 500 1739 te
518 1697 709 1739 Demine
730 1698 930 1739 clamavi:
950 1699 973 1724 *

142 1756 187 1794 et
204 1765 333 1795 mane
360 1754 503 1795 oratio
530 1767 630 1795 mea
652 1754 897 1806 praeveniet
917 1758 973 1795 te.

191 1809 252 1851 Ut
280 1809 388 1861 quid
413 1810 604 1852 D6mine
632 1810 811 1863 repellis
844 1810 972 1851 orati-

141 1866 272 1907 (mem
285 1878 445 1908 meam:
460 1867 485 1894 *
500 1867 664 1908 avertis
679 1867 838 1909 faciem
851 1871 973 1908 tuam

141 1934 167 1963 a
192 1921 290 1964 me?

191 1978 366 2031 Pauper
394 1992 491 2020 sum
519 1991 620 2030 ego,
656 1984 700 2021 et
735 1980 780 2020 in
813 1979 972 2020 laberi-

140 2033 224 2076 bus
252 2048 278 2076 a
305 2036 532 2088 juventute
559 2049 672 2077 mea:
700 2037 724 2063 *
753 2036 972 2077 exaltatus

140 2095 299 2142 autem,
322 2091 577 2134 humiliatus
602 2105 700 2133 sum
725 2097 769 2134 et
798 2096 972 2134 contur-

139 2145 280 2189 batus.

191 2203 243 2244 In
266 2217 337 2246 me
360 2204 629 2246 transierunt
652 2205 730 2246 irae
754 2209 859 2246 tuae:
884 2205 908 2231 *
928 2209 972 2245 et

139 2262 334 2302 terr6res
361 2261 427 2302 tui
455 2260 831 2303 conturbaverunt
858 2273 938 2302 me.

193 2316 588 2359 Circumdederunt
614 2330 686 2359 me
714 2317 828 2358 sieut
857 2329 971 2368 aqua

139 2376 233 2414 tota
271 2372 361 2415 die:
405 2374 430 2400 *
471 2373 856 2415 circumdederunt
899 2385 970 2413 me

139 2428 281 2470 simul.

190 2485 420 2537 Elongasti
443 2499 469 2527 a
493 2499 564 2528 me
588 2488 777 2527 amicum
802 2489 846 2526 et
870 2486 968 2537 pre-

138 2541 322 2583 ximum:
340 2543 365 2569 *
384 2547 428 2583 et
442 2547 575 2584 notos
592 2555 717 2583 meos
735 2554 761 2582 a
782 2541 969 2582 miseria.

192 2597 293 2638 Ant.
324 2598 629 2640 ,Fundamenta
657 2599 747 2650 ejus
774 2597 818 2637 in
848 2598 968 2637 m6n-

138 2652 258 2694 tibus
287 2654 461 2695 sanctis.

189 2708 290 2749 Ant.
318 2709 598 2752 Benedictus.

1300 297 1499 336 Psalmus
1529 299 1593 336 8⁸.

1033 345 1417 450 Misericordias
1433 352 1612 393 Demini
1630 354 1653 380 *
1672 353 1716 393 in
1736 355 1858 394 aeter-

1151 420 1255 447 num
1283 408 1482 449 cantabo.

1082 458 1133 498 In
1170 460 1498 509 generationem
1535 465 1579 502 et
1615 462 1857 512 generati6-

1030 526 1131 555 nem
1149 516 1173 541 *
1192 515 1461 557 annuntiabo
1483 517 1714 558 veritatem
1738 523 1858 559 tuam

1030 570 1075 610 in
1103 583 1180 612 ore
1207 583 1318 612 meo.

1083 627 1300 676 Qudniam
1341 627 1505 669 dixisti:
1551 629 1603 669 In
1644 631 1857 671 aeternum

1030 683 1334 725 misericerdia
1352 684 1643 726 aedificabitur
1659 686 1703 726 in
1718 686 1857 727 coelis:

1030 740 1053 765 *
1071 739 1394 792 praeparabitur
1421 741 1582 782 veritas
1610 746 1685 782 tua
1710 742 1754 782 in
1783 743 1857 783 eis.

1081 796 1294 848 Dispesui
1338 799 1651 838 testamentum
1704 798 1856 840 electis

1028 852 1154 902 meis,
1188 853 1327 904 juravi
1353 853 1500 894 David
1533 866 1662 894 servo
1689 867 1804 896 meo:
1832 857 1856 882 *

1028 920 1168 960 usque
1196 909 1241 949 in
1269 911 1482 950 aeternum
1506 911 1767 962 praeparabo
1792 924 1854 952 se-

1028 977 1128 1006 men
1156 970 1291 1006 tuum.

1079 1021 1137 1062 Et
1155 1021 1386 1064 aedificabo
1406 1023 1450 1063 in
1469 1023 1797 1074 generatidnem
1813 1028 1855 1065 et

1027 1079 1357 1129 generatienem
1385 1081 1408 1106 *
1437 1078 1588 1120 sedem
1612 1083 1743 1120 tuam.

1080 1134 1417 1176 Confitebuntur
1434 1136 1536 1176 eoeli
1550 1135 1765 1176 mirabilia
1780 1141 1855 1177 tua

1026 1190 1232 1232 D6mine:
1252 1193 1275 1218 *
1295 1192 1457 1232 etenim
1481 1191 1711 1233 veritatem
1734 1196 1854 1233 tuam

1026 1246 1072 1286 in
1101 1247 1287 1288 ecelesia
1315 1249 1579 1292 sanctorum.

1080 1303 1298 1353 Qu6niam
1319 1304 1416 1356 quis
1436 1304 1481 1344 in
1500 1303 1690 1345 nubibus
1710 1306 1852 1356 aequa-

1026 1358 1145 1400 bitur
1171 1360 1381 1401 Demino:
1414 1362 1437 1387 *
1466 1360 1619 1401 similis
1648 1360 1730 1401 erit
1757 1361 1854 1402 Deo

1027 1415 1071 1455 in
1098 1416 1201 1457 filiis
1229 1416 1336 1457 Dei?

1078 1472 1211 1522 Deus⁷
1240 1473 1315 1524 qui
1343 1472 1615 1524 glorificatur
1642 1472 1687 1512 in
1715 1475 1853 1514 consi-

1026 1528 1086 1569 lio
1115 1531 1383 1570 sanct6rum:
1407 1530 1431 1555 *
1455 1541 1638 1580 magnus
1664 1534 1707 1570 et
1733 1531 1854 1570 terri-

1025 1584 1127 1625 bilis
1156 1597 1288 1637 super
1316 1597 1468 1626 omnes
1498 1585 1572 1637 qui
1598 1585 1642 1625 in
1670 1585 1855 1626 circuitu

1027 1642 1118 1692 ejus
1146 1646 1259 1682 sunt.

1077 1697 1268 1739 D6mine
1292 1698 1414 1738 Deus
1439 1698 1650 1738 virtu‘tum
1676 1698 1773 1749 quis
1800 1700 1852 1738 si-

1025 1754 1141 1795 milis
1161 1754 1264 1796 tibi?
1290 1756 1314 1781 *
1338 1758 1497 1807 potens
1522 1766 1568 1794 es
1585 1754 1784 1803 D6mine,
1810 1759 1853 1795 et

1026 1810 1189 1851 veritas
1216 1815 1292 1851 tua
1319 1810 1364 1850 in
1392 1810 1578 1851 circuitu
1605 1814 1692 1850 tuo.

1078 1866 1148 1907 Tu
1171 1866 1410 1908 dominaris
1429 1865 1642 1918 potestati
1662 1864 1809 1906 maris:
1829 1866 1852 1891 *

1024 1927 1195 1964 motum
1235 1927 1383 1964 autem
1422 1922 1634 1963 fluctuum
1675 1923 1765 1973 ejus
1805 1925 1852 1961 tu

1024 1979 1211 2031 mitigas.

1077 2036 1146 2076 Tu
1170 2034 1409 2076 humiliasti
1434 2034 1547 2075 sicut
1566 2033 1850 2083 vulneratum,

1024 2091 1281 2144 superbum:
1318 2092 1342 2117 *
1378 2090 1421 2130 in
1457 2089 1638 2131 brachio
1675 2089 1850 2130 virtutis

1023 2152 1113 2189 tuae
1141 2147 1390 2200 dispersisti
1417 2146 1615 2186 inimicos
1643 2150 1754 2186 tuos.

1075 2204 1160 2244 Tui
1187 2207 1289 2245 sunt
1317 2202 1429 2252 coeli,
1456 2206 1500 2243 et
1526 2206 1601 2242 tua
1629 2206 1695 2242 est
1722 2206 1850 2251 terra,

1024 2260 1177 2302 orbem
1200 2264 1332 2300 terrae
1357 2263 1401 2300 et
1419 2256 1738 2310 plenitudinem
1760 2259 1849 2310 ejus

1022 2321 1071 2358 tu
1089 2315 1299 2357 fundasti:
1318 2315 1342 2342 *
1361 2313 1638 2366 AqussOnem,
1663 2318 1706 2355 et
1730 2326 1849 2354 mare

1021 2377 1071 2414 tu
1098 2371 1268 2413 creasti.

1073 2427 1252 2468 Thabor
1294 2431 1337 2468 et
1370 2426 1568 2467 Hermon
1600 2426 1645 2466 in
1673 2424 1848 2466 nemine

1021 2488 1098 2525 tuo
1117 2482 1419 2524 exsultabunt:
1437 2483 1461 2509 *
1478 2486 1602 2523 tuum
1620 2480 1847 2523 brachium

1022 2553 1122 2581 cum
1148 2538 1357 2591 potentia.

1071 2596 1290 2636 Firmetur
1316 2607 1471 2635 manus
1498 2598 1588 2644 tua,
1617 2598 1660 2634 et
1688 2591 1845 2634 exalte-

1020 2657 1092 2693 tur
1116 2651 1299 2693 dextera
1321 2655 1413 2692 tua:
1439 2652 1463 2678 *
1488 2649 1652 2702 justitia
1676 2653 1719 2689 et
1740 2646 1844 2698 judi-

1021 2708 1136 2749 cium
1163 2707 1430 2759 praeparatio
1459 2705 1577 2747 sedis
1604 2709 1703 2745 tuae.
