2040 2944
586 181 658 214 Die
683 181 734 214 31.
760 179 841 214 Oct.
888 179 923 214 S.
948 178 1176 221 VVolfgangi
1200 178 1319 221 Episc
1344 181 1381 211 et
1406 177 1516 212 Conf.

247 285 462 326 Dominus
504 283 719 325 retribuet
757 295 841 335 pro
883 294 970 323 me:
1003 281 1028 306 *

195 341 383 382 Domine
408 339 712 381 misericordia
730 344 807 380 tua
828 339 873 379 in
893 340 1028 379 saecu-

194 398 300 438 lum:
343 399 481 450 opera
516 399 725 438 manuum
760 397 937 437 tuarum
974 406 1029 435 ne

195 454 426 507 despicias.

244 515 382 557 Hymn.
409 521 444 548 ct
467 509 511 555 Y'.
538 518 578 547 ut
602 513 642 546 in
665 513 691 546 I.
717 513 834 556 Vesp.
865 512 967 557 [309]

244 569 314 609 Ad
344 569 519 619 Magnis.
555 569 655 611 Ant.
697 567 910 619 Princeps
938 565 1029 616 glo-

195 625 436 666 riosissime
485 623 689 676 Raphael
734 622 1030 673 Archangele‚

196 687 293 723 esto
319 694 488 723 memor
512 681 671 730 nostri3
699 679 770 721 hic
797 685 841 721 et
865 679 1030 730 ubique

195 751 371 836 {emper
398 740 582 790 precare
607 750 691 789 pro
719 736 847 778 nobis
873 735 1031 776 Filium

241 808 289 836 e1.

411 883 495 923 Die
515 883 575 923 31.
596 881 817 923 Octobris.

250 952 292 993 S.
311 950 604 1002 wolfgangi
625 952 767 1004 Episc.
788 955 830 991 et
854 950 974 991 Conf.

529 1013 694 1056 Duplex.

250 1069 386 1103 Omnia
418 1069 464 1103 de
496 1069 642 1104 Comm.
674 1068 782 1103 Conf.
815 1068 924 1102 Pont.
961 1067 1032 1111 [49]

194 1123 335 1160 praeter
359 1128 468 1160 sequ.»

530 1170 694 1211 Oratio.

287 1245 380 1281 eus,
412 1232 487 1284 qui
515 1231 645 1273 nobis
674 1232 851 1272 aeternae
880 1229 1033 1271 salutis

302 1289 482 1331 beatum
508 1287 825 1339 Wolfgangum
851 1287 1033 1339 Episco-

200 1359 307 1398 pum
331 1346 581 1386 ministrum
608 1344 818 1394 tribuisti;
852 1348 1033 1395 praesta,

202 1405 470 1455 quaesumus3
494 1407 554 1451 ut,
575 1413 707 1453 quem
725 1400 956 1441 doctorem
974 1400 1033 1440 vi-

200 1464 258 1500 tae
276 1458 511 1500 habuimus
534 1458 577 1498 in
600 1457 746 1507 terris,
771 1457 1034 1498 intercesse-

200 1527 294 1556 rem
331 1514 494 1556 habere
531 1515 778 1555 mereamur
815 1513 860 1553 in
897 1512 1035 1554 coelis.

200 1571 286 1613 Per
305 1572 555 1613 Deminum.

250 1627 292 1659 ln
327 1627 351 1660 I.
384 1627 585 1661 Nocturno
616 1627 820 1661 Lectiones
855 1627 902 1660 de
932 1627 1029 1660 Scri-

197 1679 308 1717 ptura
335 1680 569 1709 occurrente.

427 1741 475 1778 In
500 1741 550 1778 II.
575 1740 800 1779 Nocturno.

502 1801 653 1842 Lectio
674 1802 726 1841 iv.

211 1867 769 1925 ,wfgffiolfgar1gmsn6bili
800 1867 845 1907 in
877 1867 1036 1909 Suevia

210 1921 295 1990 (wls
314 1920 351 1975 1)έῖ
383 1926 544 1973 genere
581 1926 844 1976 prognatus,
888 1936 1036 1965 rerum

214 1987 241 2001 ³⁴
328 1978 337 1996 ³
385 1983 637 2022 exterarum
657 1981 752 2030 fuit,
779 1985 823 2022 et
846 1981 913 2022 sui
934 1993 1035 2022 con-

202 2038 395 2089 temptor
415 2038 629 2088 egregius,
650 2037 794 2078 solum
815 2050 869 2079 ex
889 2038 1035 2079 animo

202 2093 346 2134 Deum
369 2106 586 2145 quaerens:
609 2093 802 2135 honores
822 2094 1035 2147 amplissi-

203 2161 298 2190 mos
317 2149 372 2190 ab
388 2150 582 2191 Henrico
599 2151 927 2192 Trevirensium
947 2153 1035 2203 epi-

204 2217 342 2257 scopo
369 2205 452 2247 sibi
477 2206 653 2248 oblatos
678 2207 915 2257 recusavit3
943 2207 1036 2248 illo-

206 2274 291 2312 que
337 2261 588 2312 demortuo,
643 2263 1036 2315 pollicitatic'mibus

204 2316 389 2357 aliorum
422 2320 705 2372 contemptis,
747 2320 1037 2361 monasticam

204 2372 383 2436 tandem
403 2375 556 2424 vitam,
588 2377 709 2427 cujus
730 2389 905 2429 semper
925 2375 1035 2418 desi-

207 2427 329 2470 derio
368 2429 648 2481 flagraverat,
695 2438 761 2474 est
797 2432 1037 2485 amplexus.

205 2484 350 2525 Sacris
378 2485 605 2528 ordinibus
629 2501 655 2528 a
673 2488 806 2530 beato
827 2489 1036 2530 Udalrico

205 2540 414 2590 initiatus,
444 2554 543 2582 cum
566 2544 609 2583 in
629 2545 901 2586 Pannoniam
925 2558 1037 2597 prae·

206 2596 383 2638 dicandi
412 2598 638 2648 Evangelii
672 2614 804 2642 causa
837 2614 884 2643 se
915 2602 1037 2654 prius

206 2654 482 2703 contulisset,
530 2661 715 2707 propter
761 2659 1038 2709 conjunctam

205 2710 249 2750 in
274 2723 327 2751 eo
355 2711 514 2751 eximia
539 2723 638 2751 cum
663 2713 829 2764 pietate
849 2713 1037 2765 pruden-

1081 280 1204 330 tiam,
1239 277 1417 321 Ottonis
1445 275 1728 329 imperatoris
1756 273 1917 322 studio,

1080 337 1308 388 totiusque
1335 333 1440 375 cleri
1466 338 1510 374 et
1529 331 1686 385 populi
1704 330 1917 372 acclama-

1081 393 1216 442 ti6ne‚
1252 390 1453 433 ecclesiae
1486 386 1804 430 Ratisbonensi
1833 386 1917 428 rite

1080 449 1335 503 praeficitur.

1133 508 1183 559 R.
1212 505 1367 547 Inveni
1388 502 1536 546 David
1559 514 1737 544 servum
1761 511 1919 550 meum,

1083 562 1183 605 eleo
1211 567 1364 604 sancto
1388 573 1488 603 meo
1512 559 1618 601 unxi
1643 571 1757 600 eum:
1781 559 1804 582 *
1829 556 1918 598 Ma-

1082 632 1165 660 nus
1181 619 1296 661 enim
1310 631 1409 660 mea
1424 615 1704 659 auxiliabitur
1719 613 1770 656 ei.
1786 608 1837 660 Ψ.
1852 611 1922 654 Νί-

1082 676 1143 717 hil
1157 676 1364 729 proficiet
1377 675 1579 716 inimicus
1594 673 1638 713 in
1654 684 1720 722 eo,
1740 675 1785 712 et
1803 669 1919 711 filius

1083 733 1326 785 iniquitatis
1344 745 1434 774 non
1451 729 1631 773 nocebit
1651 728 1701 770 ei.
1725 727 1894 768 Manus.

1394 786 1547 827 Lectio
1568 799 1605 825 v.

1082 841 1341 948 Suscepto
1393 845 1681 898 episcopatus
1721 842 1921 889 munere,

1163 916 1343 955 gregem
1361 901 1540 944 Domini
1557 899 1695 942 verbo
1714 897 1853 951 pavit,
1876 900 1922 938 et

1086 960 1310 1014 exemplo,
1361 957 1738 1009 sanctissimisque
1783 953 1921 996 eccle-

1086 1018 1196 1059 siam
1223 1016 1491 1070 temperavit
1516 1012 1738 1056 institutis.
1771 1010 1921 1052 Mona-

1086 1074 1222 1116 sterio
1244 1073 1385 1115 sancti
1399 1070 1678 1120 Emmerami‚
1700 1065 1823 1121 quod
1836 1067 1922 1119 jam

1087 1131 1162 1173 diu
1182 1130 1383 1184 episcopi
1402 1128 1832 1174 administraverant,
1857 1135 1922 1164 re-

1087 1188 1253 1229 stitutis
1279 1186 1586 1240 proventibus,
1613 1194 1775 1234 magno
1804 1179 1922 1221 illius

1085 1244 1218 1295 bono,
1236 1245 1451 1295 insignem
1466 1243 1608 1284 virum
1622 1236 1923 1282 Romualdum

1085 1301 1343 1354 praeposuit.
1396 1295 1802 1342 Sanctimonialium
1835 1305 1921 1335 coe-

1086 1357 1278 1407 nobium,
1297 1356 1418 1410 quod
1430 1357 1526 1409 ipse
1541 1353 1814 1401 fundaverat,
1831 1355 1924 1392 tam

1088 1420 1239 1456 sancte
1257 1414 1457 1463 instituit,
1478 1417 1526 1454 ut
1546 1411 1745 1463 collapsa
1762 1409 1807 1450 in
1826 1407 1924 1449 aliis

1089 1471 1322 1524 disciplina
1342 1483 1395 1512 eo
1417 1468 1620 1524 exemplo
1642 1467 1698 1509 sit
1716 1465 1844 1508 facile
1858 1477 1923 1506 re-

1088 1530 1303 1578 staurata,
1337 1529 1546 1579 novoque
1574 1523 1754 1578 pietatis
1783 1521 1923 1564 odore

1089 1590 1220 1638 capta
1239 1583 1431 1636 Brigida,
1453 1582 1656 1625 Bavariae
1677 1579 1802 1623 ducis
1821 1577 1923 1628 filia,

1089 1655 1303 1695 sponsum
1328 1640 1552 1683 Christum
1578 1641 1745 1688 secuta,
1773 1634 1832 1678 ad
1857 1648 1922 1677 sa-

1089 1712 1187 1740 cras
1207 1711 1255 1740 se
1274 1698 1466 1749 virgines
1486 1694 1746 1748 aggregarit.
1779 1691 1922 1734 Bohe-

1088 1756 1186 1806 mis,
1208 1768 1296 1807 quo
1318 1754 1534 1807 ampliera
1554 1751 1674 1806 apud
1692 1751 1792 1792 illos
1810 1748 1924 1791 fides

1088 1813 1358 1854 incrementa
1412 1813 1611 1864 caperet,
1667 1809 1923 1859 contempto

1089 1882 1181 1910 suae
1210 1868 1410 1910 ecclesiae
1439 1867 1719 1915 detrimento,
1751 1861 1924 1916 rejectis

1089 1925 1276 1967 aliorum
1309 1924 1522 1974 consiliis,
1559 1922 1790 1976 proprium
1828 1918 1923 1962 dari

1089 1983 1350 2034 episcopum
1370 1979 1659 2022 libentissime
1678 1975 1889 2031 permisit.

1140 2041 1191 2092 Ιζι.
1223 2038 1359 2079 Posui
1390 2036 1654 2089 adjutorium
1686 2046 1818 2087 super
1844 2044 1922 2085 po-

1088 2097 1270 2144 tentem,
1317 2099 1362 2135 et
1403 2092 1595 2135 exaltavi
1637 2091 1827 2133 electum
1867 2088 1924 2130 de

1088 2151 1219 2204 plebe
1261 2164 1375 2192 mea:
1410 2153 1433 2175 *
1468 2150 1625 2190 Manus
1668 2147 1784 2189 enim
1825 2158 1924 2186 mea

1089 2207 1369 2250 auxiliabitur
1407 2207 1456 2248 ei.
1502 2202 1553 2253 V.
1590 2204 1743 2246 Inveni
1778 2201 1925 2244 David

1089 2277 1264 2306 servum
1297 2277 1460 2313 meum,
1497 2263 1596 2304 oleo
1633 2265 1787 2302 sancto
1823 2270 1923 2300 meo

1089 2321 1193 2361 unxi
1214 2333 1324 2361 eum.
1352 2320 1520 2361 Manus.

1392 2375 1545 2416 Lectio
1570 2374 1622 2414 vi.

1170 2433 1366 2484 gregiam
1394 2433 1475 2473 viri
1503 2431 1783 2473 sanctitatem
1810 2440 1925 2469 com-

1187 2489 1435 2542 probarunt
1459 2486 1758 2539 energumeni,
1785 2490 1829 2527 et
1853 2486 1924 2525 va-

1090 2545 1165 2585 riis
1180 2545 1465 2595 languoribus
1481 2542 1695 2597 oppressi,
1712 2554 1825 2594 quos
1835 2553 1926 2596 pre·

1092 2602 1264 2643 catione
1281 2601 1463 2642 sanavit.
1490 2600 1652 2640 Divino
1673 2598 1849 2639 afflatus
1865 2597 1925 2637 in-

1091 2660 1268 2706 stinctu,
1297 2661 1496 2698 sanctum
1522 2656 1764 2696 Henricum
1788 2654 1924 2706 impe-

1091 2716 1286 2755 ratorem
1316 2715 1620 2764 regnaturum,
1653 2711 1832 2753 fratrem
1861 2709 1923 2761 ip-
