2040 2944
548 154 618 186 Dic
643 154 671 186 2.
698 152 886 186 Octobris.
935 154 991 186 Ss.
1019 153 1255 194 Angelorum
1282 152 1507 187 Custodum.

169 252 254 293 tiar
279 250 540 298 Jerusalem,
569 254 612 290 et
639 248 813 290 videam
839 255 1002 301 quanta

170 308 226 349 sit
253 306 440 348 latitudo
469 306 577 356 erS,
607 309 651 346 et
677 310 841 356 quanta
865 306 1001 357 longi-

168 363 278 405 tudo
311 363 413 414 ejus.
470 362 528 403 Et
561 374 665 403 ecce
698 362 895 413 Angelus
928 363 1002 415 qui

169 419 434 471 loquebatur
469 418 514 458 in
548 430 634 467 me,
675 417 1001 469 egrediebatur,

169 480 213 517 et
241 474 437 525 Angelus
470 474 581 515 alius
615 474 926 526 egrediebatur
957 475 1002 515 in

168 534 402 573 occursum
431 531 533 583 ejus.
578 531 635 572 Et
663 530 775 572 dixit
803 530 860 572 ad
888 543 1002 572 eum:

169 587 321 637 Curre,
358 587 541 640 loquere
570 586 627 628 ad
654 590 841 639 puerum
869 587 1002 629 istum

168 643 333 686 dicens:
366 643 551 696 Absque
578 656 704 685 muro
733 643 1003 686 habitabitur

167 699 411 742 Jerusalem
438 713 533 753 prae
559 699 841 741 multitudine
865 699 1002 741 homi-

168 770 283 806 num,
302 761 347 798 et
366 757 659 808 jumentorum
678 756 723 796 in
737 754 885 798 medio
901 757 1002 808 ejus.

167 813 224 855 Et
244 825 327 864 ego
348 825 426 854 ero
447 813 498 862 ei,
524 813 584 854 ait
603 813 833 862 Dominus,
851 825 1002 853 murus

167 869 279 920 ignis
298 870 343 910 in
362 869 561 911 circuitu:
582 874 626 911 et
644 870 687 910 in
707 869 847 920 gloria
865 881 942 910 ero
959 869 1002 909 in

167 925 314 967 medio
335 927 437 978 ejus.

224 996 274 1047 R.
297 995 348 1035 In
374 997 616 1048 conspectu
637 996 846 1038 Gentium
865 996 1003 1037 nolite

167 1052 337 1094 timere:
369 1063 450 1093 vos
479 1052 595 1094 enim
622 1053 667 1093 in
695 1051 904 1094 cordibus
932 1065 1002 1094 ve·

168 1108 270 1149 stris
294 1108 480 1150 adorate
505 1113 549 1150 et
573 1109 725 1150 timete
750 1109 1003 1150 Dominum:

171 1166 193 1189 *
211 1165 408 1215 Angelus
428 1165 543 1206 enim
564 1166 655 1217 eius
674 1164 905 1206 vobiscum
925 1170 1003 1207 est.

171 1216 220 1267 Υ.
243 1221 373 1263 Stetit
392 1221 589 1272 Angelus
613 1222 734 1273 juxta
755 1234 877 1262 aram
896 1226 1003 1263 tem-

168 1277 247 1329 pli,
274 1276 443 1319 habens
464 1277 736 1320 thuribulum
759 1291 942 1319 aureum
958 1278 1003 1319 in

168 1346 299 1374 manu
323 1346 413 1374 sua.
450 1334 657 1385 Angelus.
697 1334 849 1376 Gloria
871 1334 1003 1376 Patri.

169 1389 379 1441 Angelus.

396 1462 444 1499 In
472 1460 522 1498 II.
552 1460 775 1498 Nocturno.

224 1527 258 1565 A
267 1532 323 1566 nt.
346 1526 455 1565 Cum
471 1537 615 1566 essem
629 1524 870 1575 vobiscum,
885 1526 909 1552 *
923 1537 1003 1577 per

170 1580 444 1622 voluntatem
472 1581 556 1622 Dei
590 1594 724 1623 eram:
756 1581 903 1633 ipsum
930 1580 1001 1623 be-

170 1635 369 1686 nedicite,
391 1642 436 1678 et
455 1639 629 1679 cantate
648 1637 699 1679 ei.

447 1709 643 1749 Psalmus
673 1710 730 1749 18.

249 1771 324 1813 oeli
351 1773 556 1813 enarrant
581 1771 767 1822 gloriam
790 1772 885 1822 Dei,
909 1772 933 1798 *
959 1777 1004 1813 et

275 1829 412 1880 Opera
435 1830 642 1869 manuum
662 1829 754 1880 ejus
772 1829 1003 1870 annuntiat

171 1884 505 1925 firmamentum.

223 1939 330 1982 Dies
360 1939 446 1981 diei
480 1942 651 1983 eructat
677 1940 879 1992 verbum,
907 1943 932 1970 *
960 1947 1004 1984 et

170 2009 260 2038 nox
280 1997 400 2038 nocti
418 1996 583 2038 indicat
602 1997 840 2039 scientiam.

221 2052 322 2094 Non
342 2058 443 2094 sunt
460 2052 663 2105 loquelae,
682 2066 825 2105 neque
841 2056 1003 2096 sermo-

172 2121 265 2158 nes,
291 2110 315 2136 *
343 2121 532 2160 quorum
556 2122 646 2151 non
669 2108 904 2152 audiantur
930 2123 1003 2152 vo-

171 2177 245 2206 ces
267 2167 431 2207 eorum.

222 2222 274 2262 In
307 2234 482 2264 omnem
513 2227 679 2264 terram
706 2223 842 2264 exivit
869 2234 1004 2264 sonus

173 2279 341 2318 eorum:
369 2279 393 2305 *
422 2283 466 2320 et
497 2278 541 2319 in
575 2278 685 2320 fines
718 2278 839 2320 orbis
872 2283 1004 2320 terrae

171 2333 307 2375 verba
327 2335 490 2375 eorum.

224 2390 275 2429 In
300 2389 393 2431 sole
416 2391 567 2442 posuit
585 2390 918 2433 tabernaculum
937 2405 1004 2433 su-

172 2458 262 2486 um:
289 2446 313 2471 *
346 2450 390 2487 et
423 2447 520 2498 ipse
553 2451 780 2499 tamquam
813 2460 1004 2500 sponsus

173 2501 422 2554 procedens
443 2501 498 2544 de
517 2502 712 2544 thalamo
732 2516 829 2545 suo:

224 2557 475 2599 Exsultavit
506 2563 555 2600 ut
586 2560 708 2610 gigas
746 2559 805 2601 ad
833 2561 1004 2601 curren-

173 2613 276 2655 dam
294 2613 425 2663 viam,
445 2615 468 2640 *
488 2627 514 2655 a
533 2628 704 2657 summo
725 2615 840 2657 coelo
861 2618 1004 2667 egres-

173 2683 239 2712 sio
260 2683 365 2723 ejus:

1107 251 1164 292 Et
1188 254 1400 292 occursus
1424 253 1516 303 ejus
1540 265 1680 305 usque
1699 252 1756 294 ad
1777 266 1889 294 sum-

1055 320 1174 348 mum
1192 309 1298 360 ejus:
1314 308 1338 334 *
1352 320 1434 350 nec
1454 314 1521 350 est
1541 309 1616 360 qui
1636 321 1684 350 se
1704 308 1888 351 abscon-

1057 362 1132 405 dat
1152 377 1178 405 a
1197 364 1345 406 calore
1364 365 1467 416 ejus.

1107 420 1202 461 Lex
1221 420 1309 461 Dffi
1327 420 1608 462 immaculata
1629 423 1890 463 convertens

1057 477 1240 518 animas:
1251 478 1274 504 *
1286 477 1587 518 testimonium
1601 477 1782 518 Domini
1793 477 1891 519 fide-

1056 532 1107 582 le,
1129 533 1392 585 sapientiam
1410 538 1629 586 praestans
1648 533 1855 586 parvulis.

1107 589 1133 629 J
1134 589 1296 630 ustitiae
1312 589 1491 630 Domini
1504 594 1651 640 rectae,
1666 588 1890 631 laetifican-

1056 649 1123 687 tes
1160 644 1312 687 corda:
1344 646 1367 671 ¹⁸¹
1399 648 1675 699 praeceptum
1710 646 1890 687 Demini

1056 701 1266 753 lucidum3
1284 701 1535 743 illuminans
1555 702 1720 745 oculos.

1108 758 1262 800 Timor
1289 758 1469 800 Demini
1497 764 1693 809 sanctus,
1722 760 1890 812 perma-

1056 827 1165 856 nens
1190 814 1234 855 in
1261 814 1472 856 saeculum
1499 815 1665 857 saeculi:
1686 816 1710 842 *
1729 813 1891 868 judicia

1057 871 1143 911 Dfii
1161 883 1277 921 vera,
1302 871 1536 923 justificata
1553 872 1598 912 in
1617 874 1865 924 semetipsa.

1108 927 1433 969 Desiderabilia
1451 941 1585 981 super
1603 941 1757 970 aurum
1772 933 1816 970 et
1830 927 1889 969 la-

1057 982 1207 1035 pidem
1225 983 1473 1036 pretiOSum
1485 984 1685 1026 multum:
1700 985 1724 1012 *
1740 990 1784 1027 et
1799 983 1890 1026 dul-

1057 1040 1178 1081 ciora
1195 1053 1330 1093 super
1348 1040 1435 1083 mel
1454 1046 1498 1083 et
1516 1041 1675 1082 favum.

1108 1096 1284 1138 Etenim
1309 1110 1463 1139 servus
1483 1102 1586 1139 tuus
1609 1097 1804 1140 custodit
1828 1110 1891 1147 ea,

1056 1153 1079 1178 *
1114 1153 1159 1193 in
1196 1153 1498 1195 custodiendis
1534 1154 1620 1196 illis
1657 1154 1890 1197 retrib1'1tio

1055 1209 1204 1251 multa.

1107 1266 1284 1308 Delicta
1304 1267 1401 1319 quis
1419 1266 1649 1318 intelligit?
1669 1267 1727 1309 ab
1747 1267 1890 1309 occul-

1056 1322 1112 1364 tis
1131 1322 1241 1364 meis
1260 1323 1424 1365 munda
1442 1335 1527 1365 me:
1546 1323 1570 1349 *
1590 1328 1634 1365 et
1657 1323 1714 1365 ab
1739 1323 1890 1366 alienis

1055 1392 1190 1431 parce
1209 1392 1340 1421 servo
1359 1384 1448 1421 tuo.

1109 1435 1155 1476 Si
1168 1436 1256 1477 mei
1269 1448 1359 1477 non
1372 1436 1533 1478 fuerint
1548 1436 1772 1487 dominati,
1785 1443 1891 1479 tunc

1055 1491 1362 1533 immaculatus
1389 1505 1481 1534 ero:
1500 1494 1524 1517 '⁸‘
1545 1498 1589 1535 et
1614 1493 1890 1536 emundabor

1057 1561 1083 1589 a
1102 1547 1265 1589 delicto
1285 1549 1490 1591 maximo.

1108 1604 1167 1646 Et
1187 1608 1313 1646 erunt
1331 1609 1380 1647 ut
1394 1605 1701 1658 complaceant
1716 1605 1892 1659 eloquia

1057 1661 1146 1702 oris
1165 1660 1268 1702 mei:
1283 1663 1307 1688 *
1322 1666 1367 1703 et
1385 1661 1615 1704 meditatio
1636 1662 1784 1705 cordis
1803 1663 1891 1705 mei

1056 1717 1100 1757 in
1120 1718 1362 1769 conspectu
1381 1722 1458 1760 tuo
1479 1731 1664 1772 semper.

1107 1773 1298 1815 Demine
1317 1773 1492 1826 adjutor
1510 1788 1652 1826 meus,
1673 1776 1697 1802 *
1724 1781 1768 1818 et
1793 1774 1888 1818 red-

1056 1831 1232 1882 emptor
1249 1843 1386 1872 meus.

1113 1890 1211 1929 Ant.
1241 1889 1352 1928 Cum
1377 1900 1522 1930 essem
1539 1887 1785 1938 vobiscum,
1810 1901 1890 1941 per

1055 1942 1330 1985 voluntatem
1357 1944 1443 1986 Dei
1474 1957 1607 1986 eram:
1639 1944 1786 1998 ipsum
1816 1943 1889 1987 be-

1055 1998 1257 2050 nedicite,
1278 2004 1323 2042 et
1342 2002 1517 2043 cantate
1536 2001 1585 2042 ei,

1111 2058 1211 2098 Ant.
1232 2055 1412 2098 Tollens
1427 2069 1475 2098 se
1487 2056 1684 2108 Angelus
1698 2057 1889 2107 Domini,

1056 2111 1080 2136 *
1117 2111 1192 2163 qui
1234 2111 1518 2164 praecedebat
1555 2118 1701 2156 castra
1735 2113 1889 2162 Israel,

1057 2166 1167 2209 abiit
1184 2173 1289 2220 post
1309 2181 1397 2211 eos.

1334 2224 1533 2264 Psalmus
1561 2224 1626 2264 23.

1059 2278 1282 2383 Domini
1314 2287 1382 2323 est
1414 2287 1549 2332 terra,
1584 2286 1630 2324 et
1660 2282 1889 2335 plenitudo

1168 2338 1275 2389 ejus·
1298 2338 1322 2364 *
1345 2337 1466 2380 orbis
1485 2340 1713 2387 terrarum,
1737 2343 1782 2381 et
1800 2340 1889 2381 uni-

1057 2393 1173 2438 versi
1193 2394 1268 2446 qui
1286 2393 1516 2436 habitant
1504 2407 1548 2435 1n
1567 2407 1631 2436 eo.

1110 2450 1222 2500 Quia
1248 2450 1344 2502 ipse
1373 2463 1506 2503 super
1529 2451 1667 2492 maria
1691 2451 1891 2494 fundavit

1058 2518 1173 2547 eum:
1192 2506 1216 2532 *
1236 2511 1281 2548 et
1308 2519 1442 2559 super
1465 2506 1645 2548 flumina
1669 2510 1890 2560 praepara-

1058 2562 1120 2603 vit
1140 2575 1249 2604 eum.

1110 2618 1218 2669 Quis
1239 2617 1477 2660 ascendet
1466 2631 1509 2659 1n
1528 2624 1724 2661 montem
1739 2618 1847 2660 Dni?
1867 2621 1891 2646 *

1058 2679 1133 2716 aut
1153 2674 1250 2727 quis
1269 2673 1403 2716 stabit
1421 2674 1465 2715 in
1483 2674 1584 2716 loco
1601 2681 1756 2718 sancto
1776 2674 1890 2728 ejus?
