2040 2944
593 208 695 242 Infra
720 208 1014 243 Hebdomadam
1038 209 1087 243 iv.
1112 209 1353 243 Novembris.

133 303 391 346 sufficientia
419 303 525 345 sibi?
554 304 591 345 si
617 303 957 345 vindemiateres

132 362 387 403 introissent
406 360 463 402 ad
481 367 541 410 te,
569 359 783 412 numquid
803 360 958 402 saltem

132 419 353 458 racemum
384 417 662 469 reliquissent
692 415 796 457 tibi?
843 417 957 466 Que-

132 473 267 515 modo
294 474 475 515 scrutati
499 478 600 515 sunt
622 473 757 522 Esau,
784 472 957 513 investi-

132 531 345 581 gaverunt
373 529 631 571 abscondita
659 528 774 581 ejus?
807 529 957 580 Usque

132 585 190 628 ad
208 586 441 627 terminum
466 586 701 628 emiserunt
719 590 779 627 te:
807 597 958 626 omnes

132 643 214 683 viri
237 641 417 684 fo'ederis
441 642 504 684 tui
527 642 755 683 illuserunt
781 641 873 682 tibi:
898 641 958 681 in-

132 698 361 740 valuerunt
393 698 627 740 adversum
656 703 700 739 te
728 698 810 739 viri
836 698 958 750 pacis

131 759 236 796 tuae:
263 755 336 807 qui
356 754 592 796 comedunt
609 759 766 804 tecum,
793 759 959 806 ponent

131 810 313 852 insidias
332 811 483 852 subter
501 815 561 852 te:
581 823 667 852 non
687 816 754 852 est
772 810 958 863 pruden-

132 867 194 909 tia
211 867 255 907 in
275 879 339 908 eo.
383 871 433 922 Rt-
469 867 596 908 Muro
616 872 704 909 tuo.
722 868 810 908 216.

434 927 585 968 Lectio
606 927 660 966 iii.

227 979 410 1031 umquid
439 992 527 1021 non
560 981 604 1021 in
632 980 704 1021 die
731 980 822 1029 illa,
855 980 960 1021 dicit

245 1036 476 1086 Deminus‚
518 1036 702 1089 perdam
739 1038 959 1089 sapientes

130 1095 189 1137 de
234 1092 447 1143 Idumaea,
493 1099 537 1135 et
580 1093 859 1146 prudentiam
904 1093 959 1135 de

132 1155 282 1193 monte
309 1149 452 1192 Esau?
493 1151 550 1192 Et
579 1149 793 1192 timebunt
825 1150 958 1191 fortes

132 1208 196 1249 tui
228 1220 254 1248 a
280 1207 477 1257 Meridie,
511 1212 559 1248 ut
587 1207 773 1248 intereat
804 1207 869 1248 vir
902 1206 957 1248 de

132 1269 281 1306 monte
308 1264 438 1305 Esau.
478 1264 668 1316 Propter
694 1263 958 1305 interfectio-

131 1333 247 1370 nem,
289 1325 333 1362 et
373 1324 556 1373 propter
599 1320 876 1372 iniquitatem
916 1320 960 1361 in

132 1377 310 1419 fratrem
346 1382 470 1419 tuum
505 1376 662 1426 Jacob,
707 1377 879 1429 operiet
916 1382 960 1418 te

133 1434 349 1484 confusio,
387 1438 430 1475 et
463 1433 627 1486 peribis
659 1433 704 1474 in
737 1435 959 1475 aeternum.

131 1491 183 1531 In
210 1490 282 1533 die
315 1503 415 1532 cum
443 1496 583 1532 stares
611 1490 822 1531 adversus
851 1503 959 1539 eum,

134 1546 309 1600 quando
352 1546 585 1600 capiebant
625 1547 754 1588 alieni
798 1547 958 1592 exerci-

131 1609 225 1646 tum
244 1604 349 1656 ejus,
377 1609 421 1646 et
444 1603 641 1645 extranei
659 1603 958 1655 ingredieban-

131 1665 203 1702 tur
228 1665 382 1714 portas
410 1661 518 1713 ejus,
556 1666 599 1702 et
627 1673 759 1713 super
787 1661 812 1701 J
815 1663 958 1701 erusa-

131 1716 219 1758 lem
242 1716 475 1759 mittebant
499 1722 681 1767 sortem:
707 1721 755 1758 tu
783 1729 959 1769 quoque

133 1786 229 1815 eras
250 1786 374 1826 quas1
391 1786 503 1815 unus
524 1786 578 1815 ex
598 1786 671 1815 eis.

182 1833 240 1886 Ra,
259 1830 551 1872 Sustine-imus
568 1843 734 1883 pacem.
752 1830 839 1871 216.

406 1938 434 1975 S
454 1950 480 1975 a
495 1939 521 1975 b
536 1938 565 1981 *b
584 1950 610 1974 a
624 1943 640 1974 t
658 1949 694 1974 o.

256 1992 415 2046 Incipit
442 1992 576 2034 Jonas
604 1991 838 2044 Propheta.

209 2053 362 2094 Lectio
383 2053 407 2093 i.
728 2050 828 2101 Cap.
851 2051 878 2089 1.

220 2117 239 2154 t
269 2112 432 2156 factum
468 2118 535 2155 est
567 2111 750 2154 verbum
782 2111 959 2153 Demini

247 2169 304 2210 ad
327 2170 352 2211 J
355 2183 484 2211 onam
511 2170 650 2211 filium
674 2167 868 2218 Amathi,
897 2167 957 2209 di-

133 2237 251 2266 cens:
287 2225 440 2277 Surge,
474 2231 518 2268 et
549 2226 661 2268 vade
694 2226 738 2265 in
769 2225 958 2266 Niniven

133 2281 354 2323 civitatem
376 2282 601 2333 grandem,
629 2287 673 2323 et
697 2280 891 2333 praedica
914 2281 958 2320 in

133 2350 199 2379 ea:
234 2338 336 2390 quia
361 2338 557 2380 ascendit
581 2337 745 2379 malitia
771 2338 860 2389 ejus
887 2349 956 2378 co-

132 2406 225 2434 ram
247 2407 327 2435 me.
365 2395 421 2436 Et
446 2394 633 2436 surrexit
652 2394 802 2442 JonaS,
829 2398 877 2434 ut
896 2393 956 2433 fu-

133 2455 256 2500 geret
272 2450 316 2491 in
335 2450 516 2492 Tharsis
535 2463 560 2491 a
579 2449 689 2490 facie
707 2449 895 2498 Demini,
914 2453 958 2489 et

134 2505 361 2548 descendit
380 2508 424 2548 in
438 2507 463 2548 J
466 2519 623 2559 oppen,
643 2510 686 2547 et
704 2505 866 2545 invenit
884 2517 955 2544 na-

132 2574 232 2604 vem
258 2566 433 2605 euntem
458 2563 503 2603 in
531 2561 727 2603 Tharsis:
761 2565 804 2601 et
835 2558 957 2601 dedit

132 2618 310 2660 naulum
337 2620 442 2671 ejus,
471 2624 514 2661 et
542 2615 768 2660 deseendit
791 2617 834 2656 in
861 2628 956 2657 earn

132 2679 181 2716 ut
202 2674 285 2716 iret
310 2688 408 2717 cum
435 2675 497 2716 eis
523 2675 567 2715 in
591 2673 769 2715 Tharsis
797 2685 822 2713 a
846 2672 956 2713 facie

133 2731 320 2772 Demini.
338 2731 555 2772 Deminus
570 2734 717 2771 autem
730 2727 847 2769 misit
856 2739 955 2769 ven·

1765 206 1832 242 219

1009 307 1102 343 tum
1120 315 1323 353 magnum
1342 303 1386 343 in
1403 316 1539 344 mare:
1565 309 1608 345 et
1632 303 1746 345 facta
1767 309 1833 345 est

1010 360 1250 411 tempestas
1269 372 1425 409 magna
1443 359 1486 399 in
1505 359 1627 410 mari,
1648 364 1691 401 et
1709 361 1832 401 navis

1010 415 1340 467 periclitabatur
1359 416 1537 456 conteri.

1064 477 1114 527 R,
1139 470 1392 512 Laudabilis
1411 471 1611 524 pepulus.
1631 473 1719 513 196.

1319 539 1470 579 Lectio
1490 539 1528 578 ii.

1095 593 1113 629 t
1130 587 1364 629 timuerunt
1381 593 1541 638 nautae,
1562 594 1605 630 et
1622 589 1832 630 clamave-

1112 649 1212 685 runt
1246 643 1328 685 viri
1361 643 1417 685 ad
1448 644 1577 686 deum
1610 658 1751 686 suum:
1791 650 1834 686 et

1010 700 1221 741 miserunt
1242 712 1363 747 vasa,
1393 713 1491 751 quae
1515 706 1636 742 erant
1658 701 1701 741 in
1724 701 1833 750 navi,

1011 757 1054 797 in
1077 769 1212 805 mare,
1240 761 1288 797 ut
1313 756 1589 798 alleviaretur
1608 757 1662 798 ab
1683 757 1761 798 eis:
1791 762 1834 798 et

1011 813 1144 854 Jonas
1178 811 1405 854 deseendit
1438 812 1494 854 ad
1526 813 1731 854 interiera
1762 827 1832 854 na-

1012 870 1091 919 vis,
1112 874 1155 910 et
1176 868 1420 911 dormiebat
1439 871 1600 921 sopore
1619 870 1751 920 gravi.
1778 870 1834 911 Et

1012 926 1197 967 accessit
1234 925 1290 967 ad
1327 938 1425 966 eum
1466 925 1750 977 gubernator,
1794 931 1835 967 et

1013 982 1123 1024 dixit
1142 983 1195 1023 ei:
1224 982 1338 1032 Quid
1363 987 1411 1023 tu
1435 984 1597 1035 sopore
1623 981 1834 1034 deprime-

1012 1038 1094 1079 ris?
1121 1051 1267 1089 surge,
1293 1041 1448 1080 invoca
1466 1039 1609 1079 Deum
1632 1043 1772 1087 tuum,
1799 1038 1835 1078 si

1011 1096 1124 1137 forte
1151 1095 1364 1146 recogitet
1389 1096 1509 1136 Deus
1535 1095 1590 1136 de
1616 1095 1757 1143 nobis,
1792 1099 1835 1135 et

1011 1164 1100 1193 non
1117 1154 1358 1203 pereamus.
1387 1151 1444 1192 Et
1464 1151 1572 1192 dixit
1591 1151 1655 1191 vir
1674 1150 1729 1191 ad
1749 1150 1833 1192 col-

1012 1209 1154 1260 legam
1174 1222 1314 1249 suum:
1341 1208 1515 1257 Venite,
1544 1212 1587 1248 et
1611 1207 1834 1248 mittamus

1013 1271 1171 1314 sortes,
1200 1270 1243 1306 et
1270 1265 1455 1306 sciamus
1482 1276 1615 1316 quare
1639 1263 1724 1304 hoc
1748 1275 1834 1303 ma—

1011 1322 1101 1363 lum
1121 1322 1176 1363 sit
1194 1321 1332 1363 nobis.
1364 1322 1421 1363 Et
1443 1321 1652 1361 miserunt
1677 1324 1834 1360 sortes:

1013 1384 1056 1420 et
1076 1377 1235 1419 cecidit
1254 1390 1351 1418 sors
1371 1390 1502 1430 super
1520 1377 1544 1417 J
1549 1389 1687 1418 onam.

1063 1440 1113 1490 R.
1143 1434 1372 1485 Angustiae
1391 1434 1496 1474 mihi
1515 1438 1626 1474 sunt.
1647 1433 1733 1474 197.

1310 1499 1462 1539 Lectio
1483 1499 1534 1538 iii.

1091 1558 1110 1595 t
1135 1553 1337 1605 dixerunt
1361 1550 1417 1593 ad
1441 1564 1553 1592 eum:
1587 1550 1738 1592 Indica
1761 1564 1834 1592 no-

1110 1609 1178 1651 bis
1212 1609 1333 1659 cujus
1365 1621 1497 1649 causa
1527 1607 1688 1648 malum
1718 1606 1836 1649 istud

1012 1667 1068 1708 sit
1099 1666 1242 1707 nobis:
1289 1665 1407 1717 quod
1447 1669 1514 1706 est
1546 1677 1657 1716 opus
1688 1662 1835 1705 tuum?

1013 1736 1111 1775 quae
1135 1727 1253 1763 terra
1275 1726 1367 1771 tua,
1401 1726 1444 1762 et
1472 1733 1558 1772 quo
1586 1718 1733 1761 vadis?
1766 1719 1836 1761 vel

1012 1792 1065 1821 ex
1092 1791 1178 1831 quo
1202 1777 1369 1830 pepulo
1390 1790 1437 1818 es
1457 1776 1526 1818 tu?
1565 1777 1621 1817 Et
1646 1775 1755 1817 dixit
1778 1775 1835 1817 ad

1012 1848 1104 1877 eost
1131 1834 1348 1876 Hebraeus
1375 1846 1456 1884 ego
1482 1846 1594 1881 sum,
1623 1837 1665 1874 et
1687 1832 1834 1873 Demi-

1010 1905 1114 1933 num
1132 1891 1276 1932 Deum
1295 1890 1395 1931 coeli
1415 1902 1496 1941 ego
1516 1891 1664 1938 timeo,
1686 1888 1759 1940 qui
1778 1888 1833 1929 fe-

1012 1948 1070 1990 cit
1095 1959 1215 1988 mare
1245 1951 1288 1988 et
1314 1945 1491 1987 aridam.
1526 1945 1583 1986 Et
1601 1945 1836 1986 timuerunt

1010 2005 1092 2046 viri
1109 2004 1265 2045 timore
1284 2015 1459 2054 magno,
1488 2007 1530 2043 et
1553 2001 1755 2042 dixerunt
1779 2001 1835 2041 ad

1012 2073 1124 2102 eum:
1153 2058 1268 2110 Quid
1294 2059 1380 2100 hoc
1403 2056 1565 2099 fecisti?
1595 2056 1833 2107 (Cognove-

1010 2121 1111 2158 runt
1129 2115 1243 2157 enim
1258 2115 1338 2155 viri
1359 2112 1479 2166 quod
1494 2126 1519 2154 a
1533 2113 1642 2154 facie
1658 2112 1833 2154 Demini

1010 2173 1197 2223 fugeret,
1226 2172 1327 2224 quia
1354 2170 1622 2211 indicaverat
1650 2169 1738 2217 eis.)
1775 2169 1832 2210 Et

1010 2229 1213 2270 dixerunt
1244 2227 1300 2268 ad
1333 2239 1447 2268 eum:
1482 2224 1595 2276 Quid
1626 2225 1832 2266 faciemus

1008 2285 1098 2334 tibi,
1119 2289 1162 2326 et
1181 2282 1372 2325 cessabit
1390 2294 1509 2323 mare
1524 2294 1549 2322 a
1562 2280 1710 2322 nobis?
1732 2281 1832 2334 quia

1008 2353 1128 2381 mare
1147 2339 1252 2388 ibat,
1276 2343 1319 2380 et
1337 2337 1664 2379 intumescebat.
1695 2337 1752 2379 Et
1771 2337 1830 2379 di-

1009 2397 1073 2437 xit
1100 2395 1156 2436 ad
1185 2407 1276 2436 eos:
1303 2394 1463 2435 Tollite
1490 2406 1575 2443 me,
1605 2398 1648 2435 et
1674 2393 1831 2435 mittite

1007 2453 1051 2492 in
1069 2463 1204 2500 mare,
1230 2455 1273 2492 et
1296 2449 1485 2491 cessabit
1506 2462 1625 2491 mare
1645 2462 1669 2490 a
1687 2449 1831 2491 vobis:

1009 2508 1100 2549 scio
1139 2507 1252 2548 enim
1289 2518 1370 2557 ego
1409 2506 1615 2557 quoniam
1650 2510 1830 2558 propter

1007 2577 1077 2605 me
1108 2564 1346 2615 tempestas
1379 2561 1475 2603 haec
1508 2560 1685 2612 grandis
1712 2560 1828 2602 venit
1893 2550 1898 2568 ¹

1008 2632 1140 2672 super
1157 2631 1248 2659 vos.

1062 2678 1113 2728 R„
1136 2674 1254 2715 Misit
1271 2673 1496 2715 Dominus.
1515 2674 1598 2715 197.
