2040 2944
198 165 272 201 30*

508 264 659 304 Lectio
680 263 732 303 vi.

205 319 403 425 Vicina
427 325 629 378 corporis
647 330 806 376 morte,
830 337 920 366 non
937 337 1028 366 mo-

303 381 499 423 riebatur
522 382 566 422 in
587 382 734 423 animo
755 382 950 435 pastoris
970 381 1029 423 vi-

199 437 380 488 gilantia
398 438 649 490 pastoralis:
679 443 723 480 et
748 451 853 480 cura
875 438 1029 480 tuendi

200 494 421 536 Dominici
452 495 598 546 gregis
630 508 770 547 usque
804 494 862 537 ad
890 497 1029 536 extre-

199 564 317 592 mum
331 551 434 592 vitae
449 551 575 602 hujus
590 550 707 594 diem
721 557 868 593 mente
882 551 1030 593 sobria

199 607 443 649 tenebatur.
474 608 571 650 Nec
594 608 846 650 excutiebat
866 608 922 650 ab
943 608 1029 649 ani-

199 677 272 705 mo
293 663 563 716 diligentiam
586 665 831 708 fidelissimi
856 664 1029 718 dispen-

199 720 358 762 satoris
377 734 531 763 manus
546 723 631 774 iam
646 722 847 774 proxima
862 721 1030 763 cruenti

199 777 426 819 carnificis.
467 779 535 820 Ita
564 792 612 820 se
640 779 881 831 Martyrem
914 778 1029 829 cogi-

197 833 322 875 tabat
340 834 548 886 futurum,
573 841 621 877 ut
648 848 746 877 esse
769 848 858 877 non
877 834 1028 877 oblivi-

198 892 394 932 sceretur
414 894 688 944 episcopum;
706 892 845 943 magis
861 904 1030 941 curans,

200 959 332 998 quam
353 948 568 990 rationem
591 951 821 1002 pastorum
838 948 1029 1001 principi

199 1002 254 1044 de
274 1005 520 1046 commissis
537 1005 621 1046 sibi
640 1005 796 1047 ovibus
811 1004 1029 1054 redderet,

200 1072 332 1112 quam
362 1060 467 1112 quid
495 1061 661 1103 infideli
687 1061 945 1115 proconsuli
973 1060 1029 1103 de

198 1115 286 1157 fide
305 1117 486 1169 propria
505 1117 805 1171 responderet.
837 1117 1030 1159 Amabat

200 1173 364 1226 quippe
409 1186 510 1215 eum
555 1175 631 1228 qui
666 1175 799 1217 Petro
842 1175 1029 1221 dixerat:

198 1230 334 1271 Amas
362 1229 457 1272 me?
486 1244 621 1283 pasce
650 1244 758 1274 oves
786 1244 918 1274 meas.
971 1231 1029 1273 Et

198 1286 411 1338 pascebat
456 1300 564 1329 oves
611 1289 702 1340 ejus
742 1301 826 1342 pro
870 1287 1029 1341 quibus

199 1343 454 1394 sanguinem
473 1344 672 1396 fundere,
698 1345 821 1387 illum
843 1345 1029 1395 imitans,

198 1400 491 1452 praeparabat.

251 1465 300 1516 R.
327 1461 451 1504 Stola
469 1462 759 1514 jucunditatis.

252 1530 293 1564 In
317 1530 381 1565 ΙΙΙ.
403 1531 603 1567 Nocturno
627 1532 798 1567 Homilia
822 1534 859 1567 in
880 1534 1026 1578 Evang.

199 1577 307 1613 Nihil
335 1582 395 1614 est
422 1580 609 1624 opertum.
640 1580 686 1614 dc
717 1581 852 1615 eodem
882 1582 1025 1616 Comm.

196 1626 224 1658 3.
251 1627 347 1660 loco.
396 1628 438 1670 R.
464 1626 543 1661 'viii
577 1628 741 1663 Domine
765 1627 1001 1672 praevenisti.

379 1715 465 1757 Die
482 1716 550 1757 26.
568 1716 847 1759 Novembris.

354 1784 398 1825 S.
421 1784 653 1826 Silvestri
674 1784 871 1826 Abbatis.

528 1848 692 1892 Duplex.

253 1903 389 1985 (lhrmia
410 1910 451 1938 ut
470 1905 567 1939 inter
586 1905 682 1940 festa
705 1907 910 1950 proaliqu.
928 1907 1026 1942 locis

200 1962 260 1984 eu(
276 1962 331 1984 cm
360 1961 373 1985 c
390 1963 431 1985 ic.

384 2037 468 2079 Die
487 2038 551 2079 27.
569 2038 846 2082 Novembris.

283 2105 479 2148 Sanctae
498 2106 760 2149 Elisabeth
776 2106 947 2147 Viduae.

530 2163 692 2206 Duplex.

252 2217 385 2252 Omnia
414 2224 452 2251 ut
479 2220 513 2252 in
540 2219 661 2256 Rrev..
689 2221 749 2254 die
778 2222 827 2255 19.
853 2222 951 2255 Nov.

382 2307 464 2349 Die
486 2309 550 2349 28.
570 2309 846 2352 Novembris.

235 2373 278 2414 S.
300 2374 527 2425 Gregorii
546 2377 632 2418 ΙΙΙ,
653 2376 787 2426 Papae
807 2381 849 2416 et
871 2376 991 2417 Conf.

530 2438 693 2481 Duplex.

254 2490 389 2524 Omnia
431 2491 477 2525 dc
516 2493 718 2529 Communi
757 2496 865 2530 Conf.
903 2497 1025 2534 Pom..

199 2544 339 2581 practer
364 2541 574 2581 sequentia.

254 2591 415 2631 Oratio.
446 2592 513 2632 Da
533 2597 795 2645 quaesumus.

251 2655 292 2689 In
326 2656 351 2689 Ι.
383 2656 580 2691 Nocturno
614 2658 816 2695 Lectiones
850 2662 896 2696 de
928 2662 1025 2697 Scri-

199 2708 310 2746 ptura
336 2710 568 2739 occurrente.

487 172 555 205 Dic
580 172 631 206 26.
655 172 706 205 27.
733 172 831 206 Nov.
851 191 862 196 -
880 172 934 206 28.
959 172 994 207 S.
1021 173 1199 217 Gregorii
1225 174 1289 208 III.
1315 174 1434 217 Papae
1459 179 1496 209 et
1520 174 1628 208 Conf.

1323 270 1371 308 In
1390 270 1441 309 11.
1460 269 1683 309 Nocturno.

1395 335 1548 376 Lectio
1567 335 1620 375 iv.

1088 391 1436 456 s.regorius‚
1463 391 1589 444 hujus
1617 393 1804 434 nominis
1828 395 1912 436 ter-

1089 437 1211 500 ?3-
1235 448 1340 497 tiuS,
1381 449 1559 490 natione
1593 449 1745 502 Syrus,
1786 454 1912 502 patre

1235 504 1259 545 J
1262 506 1420 555 oanne‚
1460 505 1678 557 Gregorio
1716 506 1912 549 secundo

1081 561 1173 602 vita
1191 561 1354 612 functo,
1373 562 1565 603 unanimi
1581 562 1687 604 cleri
1701 567 1745 605 et
1758 564 1914 616 populi

1082 619 1316 668 consensu,
1340 631 1423 660 nee
1441 631 1530 660 non
1550 618 1699 661 divino
1719 619 1914 672 quodam

1082 674 1301 725 instinctu,
1317 687 1416 716 cum
1427 674 1709 726 dignissimus
1720 676 1915 718 omnium

1083 736 1212 781 esset,
1233 731 1497 783 subrogatus
1517 737 1594 782 est,
1615 745 1730 774 anno
1751 733 1915 776 Christi

1083 788 1473 841 septingentesimo
1505 789 1730 840 trigesimo
1758 790 1914 843 primo.

1082 844 1163 886 Vir
1195 845 1404 896 singulari
1436 845 1638 888 doctrina
1669 851 1713 888 et
1740 846 1913 898 virtute,

1082 901 1217 943 latina
1253 907 1297 944 et
1332 915 1479 953 graeca
1514 902 1663 954 lingua
1699 902 1913 954 eruditus,

1081 958 1273 1000 mirabili
1309 958 1485 1001 dicendi
1519 959 1743 1010 facundia,
1780 965 1914 1012 atque

1082 1014 1195 1056 adeo
1210 1015 1327 1057 felici
1339 1016 1561 1067 memoria,
1575 1021 1625 1058 ut
1638 1021 1782 1058 totum
1794 1016 1912 1058 Psal-

1081 1071 1240 1113 terium
1258 1073 1512 1115 memoriter
1531 1073 1752 1124 recitaret3
1776 1073 1814 1114 is
1840 1073 1912 1116 de-

1081 1141 1210 1180 mum,
1227 1141 1359 1181 quem
1372 1129 1694 1182 praedecessori
1709 1142 1791 1172 suo
1807 1129 1913 1172 Gre-

1081 1185 1223 1236 gorio,
1261 1184 1464 1228 doctrina
1500 1191 1544 1228 et
1579 1185 1816 1239 prudentia
1847 1200 1913 1229 sa-

1080 1241 1343 1294 pientissimi
1390 1242 1590 1285 homines
1640 1244 1913 1298 aequiparan-

1083 1298 1187 1340 dum
1207 1311 1305 1341 esse
1326 1298 1556 1342 duxerunt.

1136 1372 1187 1424 Rz.
1209 1369 1362 1410 Inveni
1387 1365 1533 1411 David
1557 1382 1734 1411 servum
1756 1383 1912 1419 meum,

1082 1425 1181 1467 oleo
1208 1430 1362 1468 sancto
1386 1438 1488 1468 meo
1511 1426 1616 1467 unxi
1641 1439 1756 1468 eum:
1787 1427 1911 1470 *Ma-

1081 1495 1162 1523 nus
1178 1482 1293 1524 enim
1308 1495 1406 1526 mea
1420 1482 1700 1525 auxiliabitur
1715 1483 1766 1525 ei.
1783 1481 1914 1534 VN}

1080 1538 1141 1580 hil
1155 1539 1360 1591 proficiet
1374 1539 1575 1581 inimicus
1589 1540 1634 1580 in
1649 1552 1714 1590 eo,
1730 1545 1775 1582 et
1794 1540 1911 1583 filius

1080 1595 1323 1648 iniquitatis
1341 1609 1430 1638 non
1452 1595 1631 1639 nocebit
1649 1596 1700 1638 ei.
1743 1597 1912 1643 Manus,

1393 1677 1544 1719 Lectio
1565 1691 1602 1718 v.

1157 1738 1361 1781 atholicae
1372 1739 1476 1782 fidei
1484 1742 1792 1793 propugnator
1802 1742 1913 1784 acer·

1166 1796 1318 1847 rimus,
1340 1797 1536 1838 Leonem
1554 1797 1757 1839 Isaurum
1775 1797 1910 1851 impe-

1079 1855 1274 1895 ratorem
1283 1853 1608 1896 Iconoclastam
1619 1854 1815 1906 paternis
1829 1857 1913 1897 mo

1079 1910 1181 1952 nitis
1209 1914 1253 1952 et
1280 1909 1436 1952 litteris
1464 1909 1522 1952 ad
1550 1910 1771 1952 saniorem
1794 1924 1911 1953 men-

1078 1971 1169 2009 tem
1209 1966 1422 2008 reducere
1460 1969 1645 2008 eonatus
1686 1972 1764 2009 est.
1823 1967 1912 2010 Sed

1080 2035 1179 2064 cum
1220 2022 1327 2063 nihil
1363 2023 1618 2076 proficeret,
1663 2026 1911 2066 convocato

1080 2080 1237 2121 Romae
1262 2081 1500 2130 nonaginta
1523 2080 1716 2133 quinque
1742 2080 1911 2134 episco-

1080 2138 1240 2189 porum
1273 2135 1478 2186 concilio,
1510 2138 1733 2178 sacrarum
1763 2137 1911 2188 imagi-

1080 2206 1183 2234 num
1229 2192 1394 2234 cultum
1439 2193 1687 2245 apostolico
1730 2193 1911 2236 decreto

1079 2249 1285 2299 firmavit,
1313 2254 1356 2291 et
1377 2249 1474 2291 diro
1500 2250 1779 2292 anathemate
1797 2250 1912 2292 feriit

1079 2306 1412 2347 Iconomachos.
1441 2307 1550 2356 Quae
1566 2320 1665 2348 cum
1681 2307 1739 2349 ad
1750 2307 1911 2349 Leonis

1080 2375 1208 2404 aures
1241 2365 1562 2415 pervenissent,
1600 2363 1731 2405 altius
1765 2366 1911 2414 rugire

1080 2420 1234 2472 coepit,
1266 2420 1473 2471 misitque
1501 2419 1715 2462 adversus
1745 2421 1910 2471 Grego-

1080 2476 1191 2517 rium
1216 2477 1573 2518 florentissimam
1600 2476 1786 2518 classem
1812 2490 1911 2518 cum

1079 2533 1388 2585 potentissimo
1427 2533 1638 2583 exercitu3
1684 2532 1765 2575 sed
1800 2533 1912 2583 haec,

1080 2589 1272 2639 volente,
1298 2603 1349 2631 ac
1368 2589 1541 2631 vindice
1561 2589 1673 2640 Deo,
1691 2590 1736 2631 in
1755 2590 1909 2632 Adria-

1079 2647 1168 2688 tico
1190 2659 1308 2688 saeva
1327 2648 1591 2699 tempestate
1606 2646 1772 2698 agitata
1787 2646 1909 2689 foedo

1080 2703 1308 2754 naufragio
1328 2703 1469 2756 periit.
