2040 2944
747 202 917 237 s‘abbato
943 204 992 237 ad
1015 205 1251 241 Matutinum.
1791 199 1836 234 97

186 289 443 332 Benedicite
455 291 645 332 Domino
663 292 808 333 Omnia
825 294 961 345 opera

136 347 240 398 ejus:
263 348 287 374 *
306 347 351 387 in
379 347 496 388 omni
523 347 620 388 loco
649 347 960 390 dominationis

135 404 243 455 ejus,
268 402 455 445 benedic
478 404 623 444 anima
641 417 739 445 mea
758 405 960 446 D6mino.

134 524 174 564 D
191 470 291 511 Ant.
321 468 499 512 Clamor
525 482 648 510 meus
674 469 731 511 ad
750 474 794 511 te
814 471 959 511 veniat

179 536 266 565 eus⁸

194 592 294 633 Ant.
315 589 518 633 Benedic.

403 672 601 715 Psalmus
623 677 711 715 103.

223 741 376 782 enedic
404 742 547 782 anima
577 755 675 784 mea
702 743 908 784 Domino:
936 745 959 770 *

244 798 432 840 Domine
464 799 585 840 Deus
613 812 736 840 meus
766 800 959 850 magnifi-

134 856 256 895 catus
277 867 323 895 es
344 854 635 896 vehementer.

185 910 536 961 Confessionem‚
574 917 617 953 et
655 912 862 953 decorem
898 912 958 951 in-

134 966 281 1008 duisti:
301 970 324 994 *
350 970 535 1009 amictus
562 968 724 1010 lumine
751 969 863 1009 sicut
889 981 958 1009 ve-

133 1023 356 1065 stimento:

184 1080 439 1122 Extendens
465 1081 625 1122 coelum
651 1081 764 1122 sicut
783 1081 958 1133 pellem:

133 1138 156 1163 *
177 1137 251 1188 qui
269 1137 380 1188 tegis
399 1138 524 1189 aquis
545 1138 774 1190 superiora
794 1138 894 1189 ejus.

185 1193 269 1242 Qui
292 1194 422 1245 ponis
449 1194 609 1235 nubem
639 1195 867 1235 ascensum
894 1199 958 1234 tu-

132 1263 222 1290 um:
250 1251 274 1276 *
302 1250 375 1301 qui
404 1249 602 1291 ambulas
633 1263 765 1302 super
792 1263 958 1302 pennas

133 1308 376 1347 ventorum.

185 1362 270 1412 Qui
286 1362 393 1403 facis
413 1362 608 1414 Angelos
627 1368 743 1413 tuos,
766 1363 959 1415 spiritus:

133 1419 157 1445 *
175 1424 218 1459 et
234 1419 458 1460 ministros
474 1424 574 1460 tuos
588 1420 734 1470 ignem
750 1421 959 1460 urentem.

186 1475 271 1524 Qui
290 1475 484 1517 fundasti
503 1481 666 1517 terram
683 1489 814 1528 super
830 1476 959 1517 stabi-

133 1530 303 1572 litatem
321 1545 459 1572 suam:
476 1534 499 1559 *
514 1545 603 1574 non
616 1532 899 1574 inclinabitur
916 1533 959 1573 in

135 1587 344 1628 saeculum
365 1589 525 1630 sa'eculi.

185 1643 395 1696 Abyssus‚
410 1645 524 1687 sicut
538 1645 847 1687 vestimentum
858 1648 960 1686 ami-

134 1704 231 1744 ctus
251 1701 358 1752 ejus:
377 1702 400 1728 *
419 1715 552 1754 super
579 1706 752 1742 montes
781 1701 960 1742 stabunt

134 1768 272 1807 aquae.

185 1811 256 1853 Ab
276 1813 578 1866 increpatione
597 1818 672 1855 tua
691 1814 872 1865 fugient:
891 1816 914 1840 *
935 1827 960 1854 a

133 1881 244 1910 voce
263 1870 447 1911 tonitrui
465 1871 530 1911 tui
549 1869 859 1911 formidabunt.

185 1925 446 1968 Ascendunt
483 1931 668 1968 montes:
705 1931 749 1968 et
782 1926 958 1968 descen-

134 1981 243 2023 dunt
263 1983 407 2035 campi
426 1985 450 2010 *
468 1984 512 2023 in
531 1983 693 2032 locum,
718 1996 848 2034 quem
868 1983 958 2024 fun-

134 2037 249 2079 dasti
269 2040 343 2080 eis.

185 2095 441 2137 Terminum
469 2097 673 2148 posuisti,
712 2109 842 2148 quem
871 2109 959 2137 non

133 2151 529 2202 transgredientur:
557 2154 580 2180 *
608 2166 751 2204 neque
780 2165 958 2194 conver-

133 2208 281 2248 tentur
300 2211 474 2261 operire
491 2214 665 2250 terram.
791 2261 794 2266 .

186 2265 269 2314 Qui
303 2265 467 2306 emittis
502 2265 646 2306 fontes
680 2266 724 2306 in
753 2265 958 2307 convalli-

132 2319 232 2361 bus:
246 2322 270 2348 *
286 2321 400 2362 inter
419 2320 611 2362 medium
630 2322 844 2363 m6ntium
862 2335 957 2374 per-

134 2377 383 2419 transibunt
403 2391 541 2429 aquae.

186 2433 409 2475 Potabunt
438 2446 590 2474 omnes
617 2432 773 2474 bestiae
799 2434 907 2485 agri:
935 2436 958 2460 *

135 2489 454 2541 exspectabunt
474 2489 625 2540 Onagri
644 2489 688 2529 in
708 2490 780 2530 siti
800 2503 889 2530 sua.

184 2545 325 2597 Super
353 2559 403 2587 ea
429 2546 630 2586 volucres
664 2545 765 2586 coeli
792 2545 957 2587 habita-

134 2600 258 2642 bunt:
273 2603 296 2628 *
310 2601 365 2643 de
381 2602 526 2643 medio
546 2603 771 2654 petrarum
791 2601 958 2643 dabunt

134 2668 279 2697 voces.

185 2712 350 2764 Rigans
377 2719 550 2756 montes
580 2713 634 2756 de
655 2713 957 2766 superioribus

1011 294 1117 334 suis:
1142 296 1166 321 *
1192 294 1246 336 de
1274 295 1417 336 fructu
1445 297 1628 347 Operum
1656 297 1833 336 tucrum

1011 350 1242 392 satiabitur
1262 356 1396 392 terra:

1062 406 1319 448 Producens
1338 408 1503 449 foenum
1517 408 1730 460 jumentis
1747 409 1770 434 *
1791 412 1834 448 et

1010 462 1192 503 herbam
1216 463 1417 505 servituti
1435 463 1675 505 hominum:

1062 519 1122 560 Ut
1147 519 1309 560 educas
1332 533 1490 572 panem
1512 520 1566 562 de
1590 526 1723 561 terra:
1746 521 1769 546 *
1790 524 1834 561 et

1011 575 1160 616 vinum
1179 575 1373 617 laetificet
1393 588 1470 617 cor
1490 576 1694 617 h6minis:

1063 632 1122 673 Ut
1144 631 1357 674 exhilaret
1374 632 1530 673 faciem
1550 633 1593 672 in
1614 632 1728 674 oleo:
1746 634 1768 659 *
1789 637 1833 673 et

1011 689 1136 740 panis
1156 701 1231 729 cor
1251 688 1439 729 hominis
1461 689 1698 730 confirmet.

1062 744 1383 786 Saturabuntur
1403 745 1518 796 ligna
1533 745 1686 796 campi,
1706 750 1750 786 et
1767 758 1832 785 ce-

1012 800 1080 842 dri
1106 801 1277 851 Libani,
1307 814 1414 852 quas
1442 801 1671 853 plantavit:
1696 803 1719 827 *
1744 801 1832 841 illic

1011 860 1213 910 passeres
1234 857 1532 899 nidificabunt.

1063 913 1248 955 Herodii
1268 914 1424 955 domus
1446 913 1533 955 dux
1549 918 1615 955 est
1628 915 1794 954 eorum:
1810 916 1832 940 *

1011 976 1182 1011 montes
1208 970 1367 1011 excelsi
1394 971 1551 1011 cervis:
1580 974 1705 1021 petra
1723 970 1832 1010 refu-

1011 1027 1130 1077 gium
1153 1026 1396 1068 herinaciis.

1062 1083 1186 1124 Fecit
1215 1083 1362 1123 lunam
1392 1083 1436 1123 in
1468 1084 1682 1135 tempora:
1711 1085 1734 1110 *
1766 1083 1833 1124 sol

1012 1140 1218 1190 cognovit
1237 1142 1442 1180 occasum
1461 1152 1597 1179 suum.

1064 1197 1256 1237 Posuisti
1284 1195 1505 1245 tenebras,
1542 1200 1586 1236 et
1619 1195 1734 1237 facta
1768 1200 1835 1236 est

1012 1265 1116 1293 nox:
1128 1254 1150 1279 *
1162 1253 1206 1292 in
1225 1253 1321 1304 ipsa
1341 1251 1668 1303 pertransibunt
1684 1264 1834 1292 omnes

1011 1309 1167 1350 bestiae
1188 1308 1321 1349 silvae.

1065 1365 1207 1406 Catuli
1235 1364 1410 1406 le6num
1439 1365 1676 1414 rugientes,
1704 1369 1751 1405 ut
1771 1366 1834 1404 ra-

1012 1423 1149 1474 piant,
1170 1423 1193 1448 *
1213 1426 1257 1462 et
1287 1426 1485 1472 quaerant
1513 1433 1539 1461 a
1566 1421 1661 1461 Deo
1691 1433 1836 1461 escam

1013 1478 1107 1519 sibi.

1066 1535 1200 1575 Ortus
1215 1539 1282 1575 est
1298 1534 1375 1583 sol,
1395 1539 1437 1575 et
1455 1533 1708 1584 congregati
1723 1538 1836 1573 sunt:

1013 1593 1036 1618 *
1062 1596 1105 1632 et
1131 1591 1174 1631 in
1203 1591 1419 1632 cubilibus
1446 1591 1534 1631 suis
1561 1589 1835 1631 collocabun-

1013 1652 1095 1688 tur.

1064 1703 1213 1744 Exibit
1231 1703 1363 1744 homo
1383 1703 1439 1744 ad
1455 1716 1567 1755 opus
1589 1715 1730 1742 suum:
1749 1703 1772 1728 *
1792 1706 1835 1742 'et

1013 1759 1070 1800 ad
1102 1760 1404 1812 operationem
1444 1772 1567 1800 suam
1606 1770 1744 1809 usque
1778 1756 1834 1798 ad

1013 1818 1255 1868 vesperum.

1065 1873 1205 1922 Quam
1244 1871 1521 1922 magnificata
1562 1875 1661 1911 sunt
1700 1872 1834 1921 opera

1012 1935 1087 1971 tua
1113 1927 1317 1969 DOmine!
1337 1929 1360 1954 *
1381 1927 1525 1968 omnia
1551 1927 1594 1966 in
1620 1926 1833 1978 sapie'ntia

1012 1985 1169 2026 fecisti:
1202 1984 1382 2036 impleta
1415 1990 1482 2026 est
1515 1988 1632 2024 terra
1659 1995 1832 2034 posses-

1013 2042 1136 2082 si6ne
1158 2046 1244 2081 tua.

1064 2098 1163 2138 Hoc
1177 2109 1297 2138 mare
1307 2109 1522 2146 magnum,
1538 2100 1580 2136 et
1591 2095 1832 2147 spati6sum

1012 2153 1226 2194 manibus:
1254 2155 1277 2180 *
1305 2153 1393 2193 illic
1422 2151 1609 2204 reptilia,
1646 2155 1833 2202 quorum

1011 2222 1101 2251 non
1120 2214 1187 2251 est
1206 2212 1422 2250 numerus.

1063 2265 1281 2306 Animalia
1307 2264 1464 2316 pusilla
1490 2277 1589 2305 cum
1608 2263 1789 2315 magnis:
1810 2264 1832 2289 *

1011 2322 1100 2363 illic
1118 2334 1252 2362 naves
1271 2319 1610 2373 pertransibunt.

1062 2378 1208 2418 Draco
1228 2378 1322 2426 iste,
1343 2388 1472 2427 quem
1491 2376 1691 2417 formasti
1711 2375 1767 2416 ad
1787 2375 1832 2415 il-

1010 2433 1250 2475 ludendum
1270 2433 1324 2473 ei:
1342 2434 1365 2459 *
1386 2432 1530 2473 omnia
1559 2445 1584 2472 a
1611 2436 1655 2473 te
1683 2433 1831 2483 exspe-

1012 2494 1131 2531 ctant
1147 2494 1194 2530 ut
1210 2488 1287 2530 des
1306 2488 1390 2528 illis
1406 2501 1550 2529 escam
1565 2488 1609 2528 in
1623 2490 1831 2540 tempore.

1063 2546 1206 2586 Dante
1234 2550 1278 2586 te
1306 2544 1406 2594 illis,
1435 2544 1654 2595 colligent:
1683 2545 1706 2570 *
1733 2555 1830 2594 ape-

1011 2602 1150 2642 riente
1168 2606 1212 2642 te
1231 2613 1407 2641 manum
1425 2605 1563 2649 tuam,
1593 2599 1734 2640 Omnia
1755 2599 1830 2638 im-

1010 2657 1246 2710 plebuntur
1265 2656 1474 2697 bonitate.

1061 2714 1300 2756 Avertente
1320 2718 1465 2755 autem
1485 2717 1529 2755 te
1547 2711 1717 2759 faciem,
1742 2714 1828 2750 tur-
