2040 2944
591 194 663 228 Dic
687 195 739 229 24.
766 195 845 230 Oct.
893 196 928 230 S.
953 196 1165 240 Raphaoelis
1190 199 1437 242 Archangeli.

204 289 277 330 Ad
304 291 468 333 Bened.
506 291 605 334 Ant.
643 293 741 345 Ego
771 307 868 335 sum
896 295 983 335 Ra-

149 348 282 401 phael
301 348 514 399 Angelus,
544 349 619 401 qui
645 354 742 391 asto
769 355 870 392 ante
894 351 983 392 Do-

148 405 983 458 minumzvosautembenediciteDeum‚

149 465 193 502 et
211 464 387 503 narrate
407 461 554 503 omnia
570 462 787 504 mirabilia
803 464 905 515 ejus,
926 463 983 505 al-

146 517 290 570 leluja.

485 576 650 616 Oratio.

238 649 333 687 eus,
376 637 451 690 qui
488 636 668 678 beatum
708 635 982 689 Raphaelem

255 693 585 745 Archangelum
621 691 779 733 Tobiae
816 693 980 736 famulo

146 755 225 792 tuo
260 750 468 792 comitem
499 748 663 791 dedisti
690 748 735 789 in
762 749 847 790 via:
880 763 980 792 con-

148 805 256 848 cede
288 807 418 849 nobis
450 806 624 848 famulis
655 805 757 855 tuis;
794 810 843 847 ut
871 808 979 858 ejus-

147 861 249 905 dem
268 876 443 917 semper
461 863 748 917 protegamur
768 862 980 913 custodia,

147 924 192 961 et
218 921 465 962 muniamur
493 919 668 962 auxilio.
722 920 808 961 Per
829 920 979 961 Domi-

145 989 251 1018 num
265 982 477 1019 nostrum.

417 1060 485 1097 Ad
508 1060 713 1096 Tertiam.

195 1116 297 1159 Ant.
325 1118 558 1169 Ingressus
579 1116 788 1168 Angelus.

197 1176 456 1228 Capitulum.
486 1178 685 1229 Quando.
713 1176 817 1230 [314]

200 1237 252 1289 R.
283 1237 347 1279 br.
387 1239 517 1281 Stetit
557 1238 755 1290 Angelus
790 1242 813 1265 *
846 1237 979 1279 Juxta

145 1307 266 1336 aram
297 1295 464 1348 templi.
518 1296 658 1338 Stetit.
712 1290 763 1343 W.
795 1293 978 1335 Habens

144 1350 416 1394 thuribulum
450 1355 632 1394 aureum
658 1351 703 1392 in
728 1364 861 1392 manu
889 1363 978 1391 sua.

143 1406 285 1449 Juxta.
315 1408 468 1450 Gloria
483 1408 617 1450 Patri.
644 1408 786 1449 Stetit.

194 1459 245 1511 V.
266 1464 482 1507 Ascendit
501 1465 646 1506 fumus
665 1465 912 1505 aromatum
933 1463 977 1503 in

143 1523 386 1574 conspectu
416 1521 607 1563 Domini.
663 1524 714 1575 R.
745 1521 814 1562 De
845 1532 977 1561 manu

143 1577 317 1629 Angeli.

418 1657 486 1693 Ad
509 1656 698 1692 Sextam.

197 1717 297 1760 Ant.
330 1718 447 1760 Forti
467 1719 624 1760 animo.

195 1778 458 1831 Capitulum.
690 1780 799 1821 Tob.
814 1780 871 1819 12.
887 1792 920 1821 c.

226 1842 243 1879 t
274 1851 390 1880 nunc
421 1839 540 1880 misit
575 1851 646 1879 me
678 1839 894 1880 Dominus
926 1843 975 1880 ut

242 1897 443 1937 curarem
466 1899 528 1946 te,
555 1900 599 1936 et
617 1894 769 1936 Saram
790 1897 974 1936 uxorem

143 1950 222 1991 filii
240 1951 305 1993 tui
324 1964 350 1992 a
369 1950 590 1993 daemonio
606 1951 850 1993 liberarem.
877 1952 974 2002 Ego

144 2007 259 2048 enim
283 2020 380 2048 sum
399 2007 602 2060 Raphael
622 2008 833 2059 Angelus,
862 2021 974 2049 unus

144 2075 199 2104 ex
227 2068 400 2116 septem
433 2064 508 2116 qui
536 2066 730 2106 astamus
758 2069 859 2106 ante
886 2065 973 2105 Do-

142 2119 317 2161 minum.

193 2176 243 2227 Rv.
275 2175 336 2216 br.
382 2177 597 2219 Ascendit
630 2177 773 2218 fumus
807 2177 973 2216 aroma-

142 2235 266 2273 tum*
280 2233 332 2274 In
348 2235 591 2286 conspectu
600 2232 789 2274 Domini.
810 2231 973 2272 Ascen-

143 2287 219 2330 dit.
252 2282 303 2334 ys,
335 2289 404 2330 De
430 2302 562 2330 manu
587 2288 757 2340 Angeli.
793 2289 845 2328 In
872 2299 973 2328 con-

143 2347 310 2397 spectu.
338 2345 492 2387 Gloria
513 2345 644 2388 Patri.
671 2343 895 2386 Ascendit.

191 2396 242 2446 V·
298 2402 350 2442 In
401 2403 647 2454 conspectu
701 2399 973 2451 Angelorum

142 2457 328 2509 psallam
360 2457 441 2499 tibi
468 2458 591 2499 Deus
618 2470 754 2498 meus.
798 2459 849 2509 R.
883 2454 972 2496 Ad-

143 2513 282 2554 orabo
303 2513 361 2555 ad
382 2514 599 2566 templum
620 2517 819 2554 sanctum
837 2517 972 2560 tuum,

142 2573 186 2610 et
204 2569 451 2611 confitebor
468 2569 633 2611 nomini
650 2573 739 2610 tuo.

421 2651 489 2687 Ad
513 2651 697 2686 Nonam.

192 2707 292 2748 Ant.
326 2708 417 2748 Pax
441 2707 580 2748 vobis.

1777 206 1869 251 [315]

1093 296 1352 348 Capitulum.
1579 297 1688 338 Tob.
1705 298 1760 336 12.
1778 297 1815 337 d.

1119 369 1274 411 empus
1300 365 1368 401 est
1391 366 1439 402 ut
1464 364 1660 404 revertar
1686 363 1743 405 ad
1767 377 1867 406 eum

1128 415 1202 466 qui
1223 429 1293 457 me
1312 417 1445 459 misit:
1469 431 1550 459 vos
1570 425 1716 461 autem
1735 420 1864 462 bene-

1037 470 1169 512 dicite
1188 471 1348 523 Deum,
1367 479 1411 516 et
1429 477 1604 516 narrate
1624 476 1770 517 omnia
1789 478 1865 518 mi-

1035 526 1190 568 rabilia
1208 529 1310 579 ejus.

1091 591 1142 641 R.
1164 590 1224 630 br.
1250 589 1302 629 In
1328 593 1569 643 conspectu
1593 592 1864 643 Angelorum

1037 648 1060 670 *
1080 643 1272 686 Psallam
1290 646 1370 687 tibi
1388 647 1511 688 Deus
1528 661 1663 689 meus.
1694 649 1745 689 In
1764 663 1863 691 con-

1035 701 1202 752 spectu.
1244 697 1294 748 Y.
1323 702 1538 745 Adorabo
1565 704 1622 746 ad
1649 706 1863 758 templum

1035 761 1235 798 sanctum
1261 763 1401 809 tuum,
1438 765 1482 801 et
1514 760 1762 802 confitebor
1788 765 1862 804 no—

1033 813 1138 854 mini
1170 818 1259 855 tuo.
1304 815 1505 857 Psallam.
1554 817 1704 859 Gloria
1731 819 1862 860 Patri.

1032 870 1084 910 In
1104 873 1355 923 conspectu.

1089 927 1139 978 V.
1179 931 1378 975 Adorate
1411 934 1565 975 Deum.
1615 937 1666 987 R.
1697 935 1861 977 Omnes

1032 988 1191 1039 Angeli
1210 990 1312 1040 ejus.

1237 1072 1299 1112 In
1315 1072 1377 1113 11.
1396 1072 1645 1123 vesperis.

1088 1132 1176 1166 Ant.
1202 1138 1238 1167 et
1262 1133 1354 1176 Cap.
1381 1134 1427 1167 de
1454 1134 1572 1168 Laud.
1599 1134 1705 1178 [314];
1737 1134 1797 1167 ΡΞ.
1823 1140 1863 1168 ut

1035 1180 1074 1214 in
1098 1180 1124 1214 Ι.
1151 1180 1268 1223 Vesp.
1295 1186 1331 1215 et
1355 1182 1441 1215 loco
1466 1182 1531 1215 ult.

1300 1234 1499 1274 Psalmus
1519 1235 1604 1274 137.

1035 1292 1329 1400 Confitebor
1360 1297 1441 1340 tibi
1469 1298 1659 1339 Domine
1691 1299 1734 1339 in
1763 1304 1859 1341 toto

1127 1353 1263 1395 corde
1287 1367 1403 1396 meo:
1423 1355 1446 1380 *
1466 1355 1674 1406 quoniam
1699 1355 1859 1397 audisti

1030 1410 1166 1452 verba
1186 1411 1275 1452 oris
1293 1411 1392 1452 mei.

1081 1468 1133 1508 In
1167 1469 1409 1519 conspectu
1439 1468 1711 1519 Angelorum
1744 1468 1857 1521 psal-

1030 1523 1119 1564 lam
1150 1523 1244 1566 tibi:
1271 1525 1296 1551 *
1323 1524 1522 1566 adorabo
1557 1525 1614 1566 ad
1645 1525 1859 1577 templum

1030 1585 1230 1622 sanctum
1262 1586 1403 1631 tuum,
1439 1586 1482 1622 et
1510 1581 1755 1623 confitebor
1783 1583 1858 1622 no-

1027 1636 1132 1677 mini
1149 1641 1238 1678 tuo.

1079 1693 1221 1745 Super
1243 1692 1547 1734 misericordia
1565 1696 1655 1742 tua,
1684 1697 1728 1734 et
1747 1693 1855 1734 veri-

1027 1751 1119 1790 tate
1154 1754 1248 1791 tua:
1275 1751 1299 1777 *
1328 1749 1535 1801 quoniam
1568 1748 1856 1799 magnificasti

1028 1817 1161 1857 super
1176 1818 1315 1855 omne,
1334 1817 1494 1846 nomen
1509 1809 1707 1846 sanctum
1721 1809 1855 1846 tuum.

1079 1863 1131 1902 In
1147 1865 1424 1913 quacumque
1439 1859 1509 1902 die
1524 1861 1789 1902 invocavero
1800 1866 1854 1910 te,

1028 1918 1188 1960 exaudi
1213 1931 1297 1959 me:
1320 1918 1343 1943 *
1362 1916 1674 1969 multiplicabis
1698 1917 1743 1958 in
1767 1917 1853 1958 ani-

1026 1987 1098 2015 ma
1117 1987 1213 2016 mea
1233 1974 1449 2015 virtutem.

1080 2031 1383 2072 Confiteantur
1401 2029 1482 2070 tibi
1494 2028 1683 2070 Domine
1701 2041 1854 2070 omnes

1026 2099 1153 2137 reges
1186 2091 1333 2128 terrae:
1361 2085 1385 2111 *
1414 2085 1516 2136 quia
1547 2085 1777 2127 audierunt
1809 2087 1852 2126 ό-

1025 2143 1142 2184 mnia
1161 2142 1297 2183 verba
1317 2141 1406 2183 oris
1424 2140 1502 2182 tui:

1077 2199 1134 2240 Et
1155 2203 1332 2240 cantent
1348 2197 1393 2237 in
1406 2196 1488 2238 viis
1502 2196 1694 2238 Domini:
1707 2196 1732 2222 *
1748 2199 1852 2248 quo-

1025 2256 1142 2296 niam
1160 2266 1318 2305 magna
1338 2257 1405 2294 est
1422 2252 1564 2303 gloria
1582 2253 1768 2294 Domini.

1077 2311 1295 2361 Quoniam
1323 2308 1523 2350 excelsus
1549 2308 1780 2358 Dominus,
1809 2314 1853 2350 et

1024 2367 1205 2408 humilia
1230 2365 1425 2418 respicit:
1444 2367 1466 2390 ¹*
1486 2369 1530 2405 et
1556 2364 1645 2406 alta
1671 2377 1696 2405 a
1720 2364 1851 2415 longe

1025 2423 1264 2473 cognoscit.

1075 2479 1120 2519 Si
1143 2477 1426 2519 ambulavero
1446 2476 1490 2516 in
1508 2474 1655 2517 medio
1674 2475 1850 2516 tribula·

1006 2534 1172 2582 tionis,
1209 2532 1453 2574 vivificabis
1480 2544 1567 2572 me:
1594 2532 1618 2556 *
1648 2536 1691 2572 et
1718 2542 1850 2582 super

1024 2591 1134 2630 iram
1151 2589 1426 2630 inimicorum
1444 2589 1643 2629 meorum
1658 2584 1849 2627 extendi-

1025 2646 1082 2687 sti
1099 2658 1275 2686 manum
1294 2650 1433 2694 tuam,
1452 2649 1496 2685 et
1516 2643 1683 2684 salvum
1701 2653 1770 2681 me
1789 2641 1847 2681 fe-

1025 2702 1084 2743 cit
1104 2701 1286 2743 dextera
1304 2706 1390 2742 tua.
