2040 2944
206 165 274 201 18*

204 261 339 304 fidem
349 261 567 315 perduxit.
586 262 690 314 Ejus
706 263 906 305 oratione
922 266 1035 306 mor-

203 323 279 360 tua
296 318 443 372 puella
457 319 626 361 revixit.
645 319 809 362 Multos
823 320 1035 374 interpre-

203 377 322 417 tatus
348 380 415 417 est
439 375 599 418 divinae
622 377 864 430 Scripturae
887 377 1036 420 libros.

204 432 406 486 Amplius
422 436 700 486 septuaginta
713 447 851 476 annos
867 448 1036 476 summa

203 502 303 531 cum
328 489 458 532 laude
483 490 779 533 Rhemensem
803 491 1035 533 ecclesiam

201 546 536 589 administravit.
575 548 707 600 Cujus
726 549 830 590 vitae
855 554 898 591 et
920 561 1034 590 mor-

201 603 258 644 tis
278 604 557 646 sanctitatem
576 605 730 656 multa,
756 618 855 657 quae
882 618 1033 647 conse-

201 662 303 702 cuta
318 666 430 712 sunt,
448 662 661 703 miracula
677 661 1033 715 comprobarunt.

258 719 318 759 Te
336 718 481 759 Deum
499 718 742 760 laudamus.

252 780 459 815 Commem.
485 780 520 815 S.
546 780 712 824 Remigii
735 781 774 815 in
798 781 917 816 Laud.

427 857 510 899 Die
528 858 565 898 5.
585 857 804 899 Octobris.

334 922 531 964 Sanctae
552 922 707 965 Gallae
723 923 894 965 Viduae.

531 984 696 1028 Duplex.

250 1037 388 1072 Omnia
413 1043 453 1073 ut
477 1039 575 1074 inter
591 1040 688 1074 festa
705 1050 777 1083 pro
796 1040 912 1084 aliqu.
930 1040 1028 1074 locis

199 1086 334 1121 eadem
361 1086 436 1121 die.

422 1162 507 1203 Die
528 1162 565 1202 7.
585 1162 805 1204 Octobris.

324 1226 367 1267 S.
388 1226 548 1267 Marci
566 1227 699 1279 Papae
719 1233 762 1269 et
783 1228 904 1268 Conf.

529 1286 694 1331 Duplex.

250 1343 387 1377 Omnia
410 1343 456 1376 de
477 1342 642 1378 Comuni
660 1344 768 1379 Conf.
786 1343 906 1387 Pont.‚
931 1354 1028 1388 prae-

196 1396 253 1425 ter
277 1392 487 1435 sequentia.

534 1440 697 1481 Oratio.

198 1494 419 1602 Exaudi
437 1502 627 1543 Domine
653 1515 810 1555 preces
839 1507 1028 1544 nostras:

289 1563 332 1600 et
364 1558 682 1601 interveniente
714 1559 847 1601 beato
875 1559 1027 1602 Marco

197 1614 463 1657 Confessore
482 1621 559 1658 tuo
582 1621 714 1668 atque
734 1617 948 1659 Pontifice
967 1617 1027 1658 in-

197 1670 466 1722 dulgentiam
496 1672 622 1714 nobis
653 1672 799 1715 tribue
826 1673 1027 1726 placatus

196 1732 240 1769 et
259 1741 426 1781 pacem.
454 1729 538 1771 Per
556 1730 806 1771 Dominum.

247 1795 293 1830 Et
317 1795 358 1830 fit
381 1805 515 1830 comm.
541 1797 597 1831 Ss.
620 1796 754 1840 Sergii,
780 1801 849 1831 etc.
871 1796 979 1831 Mart.

248 1851 290 1886 In
321 1853 347 1887 I.
377 1853 577 1888 Nocturno
610 1854 815 1889 Lectiones
848 1854 895 1888 de
926 1854 1024 1889 Scri-

194 1905 306 1944 ptura
330 1908 563 1937 occurrente.

418 1964 466 2002 In
493 1964 544 2002 II.
573 1963 797 2003 Nocturno.

498 2025 648 2065 Lectio
668 2025 721 2065 iv.

204 2100 221 2128 μ
340 2093 479 2122 arcus
504 2081 749 2132 Romanus,
776 2083 1023 2125 Constanti-

204 2131 244 2195 5⁷4
266 2131 312 2196 ᾗῇ,
370 2150 426 2179 110
446 2138 605 2189 Magno
627 2139 893 2191 imperatore
912 2140 1024 2181 Pon-

219 2204 230 2211 *
340 2192 348 2207 ²*
368 2194 489 2244 tifex,
513 2195 700 2237 instituit
717 2201 766 2237 ut
786 2198 1024 2249 episcopus

196 2249 428 2300 Ostiensis,
457 2264 483 2292 a
509 2265 597 2304 quo
624 2253 1023 2296 Romanus.Ponti·

193 2305 265 2347 fex
303 2311 602 2358 consecratur,
642 2309 779 2361 pallio
816 2312 1022 2352 uteretur.

193 2362 315 2403 Duas
348 2363 504 2405 Romae
536 2364 742 2407 basilicas
774 2365 1022 2417 aedificavit,

193 2418 378 2460 alteram
405 2420 448 2460 in
472 2421 609 2471 Urbe,
638 2421 822 2464 alteram
846 2423 916 2464 via
940 2423 1021 2464 Ar-

193 2473 382 2516 deatina:
403 2489 511 2528 quas
527 2478 840 2520 Constantinus
859 2485 1022 2529 auctas,

191 2532 361 2583 magnis
389 2534 642 2575 muneribus
669 2536 911 2577 exornavit.
947 2537 1020 2578 Vi-

191 2588 256 2630 xit
274 2588 318 2629 in
337 2589 599 2641 pontificatu
618 2604 792 2632 menses
813 2598 929 2641 octo,
957 2606 1020 2635 se-

190 2644 430 2742 pultusque
463 2651 531 2687 est
562 2646 606 2686 in
638 2649 892 2690 coemeterio
920 2649 1019 2691 Bal-

221 2713 317 2742 mae.

444 170 515 205 Die
531 171 561 205 5.
580 170 659 205 Oet.
685 170 720 206 S.
737 171 862 205 Gallae
876 170 964 205 Vid.
981 174 1019 205 et
1034 170 1064 205 7.
1083 170 1162 206 Oct.
1187 171 1223 206 S.
1240 172 1361 206 Marci
1378 172 1498 216 Papae
1514 176 1551 208 et
1568 173 1677 209 Conf.

1139 267 1189 318 R.
1213 265 1366 307 Inveni
1384 266 1530 308 David
1558 279 1735 309 servum
1760 281 1918 318 meum,

1089 321 1189 364 oleo
1218 327 1371 364 sancto
1398 336 1498 365 meo
1519 324 1624 365 unxi
1643 337 1762 366 eum:
1784 325 1808 350 *
1830 325 1919 366 Ma-

1087 392 1168 420 nus
1185 379 1300 421 enim
1313 392 1413 421 mea
1428 380 1707 423 auxiliabitur
1721 381 1771 424 ei.
1790 376 1841 429 V.
1853 381 1921 423 Ni·

1088 435 1149 476 hil
1162 436 1366 489 proficiet
1380 437 1580 479 inimicus
1599 438 1644 479 in
1660 450 1726 488 eo,
1745 442 1790 480 et
1803 438 1919 480 filius

1086 492 1328 545 iniquitatis
1347 507 1436 536 non
1454 494 1631 537 nocebit
1651 495 1702 537 ei.
1728 495 1896 536 Manus.

1154 570 1304 613 Sermo
1325 572 1465 615 sancti
1483 572 1687 624 Gregorii
1704 573 1851 628 Papae.

1321 635 1351 670 2.
1367 639 1463 679 part.
1481 635 1583 670 Past.
1603 646 1632 670 c.
1651 636 1678 670 1.

1396 694 1548 735 Lectio
1568 707 1606 734 v.

1084 749 1317 855 Tantum
1348 754 1482 797 debet
1513 755 1732 798 actionem
1762 757 1919 810 populi

1187 811 1303 853 actio
1347 811 1660 856 transcendere
1704 814 1917 867 praesulis,

1086 873 1297 920 quantum
1317 867 1482 911 distare
1502 869 1616 912 solet
1632 883 1658 912 a
1676 883 1808 923 grege
1827 871 1918 914 vita

1083 926 1288 978 pastoris.
1324 926 1515 979 Oportet
1533 939 1738 980 namque,
1761 933 1811 970 ut
1828 941 1915 970 me-

1083 982 1156 1024 tiri
1177 995 1224 1025 se
1243 983 1431 1025 sollicite
1452 983 1643 1035 studeat,
1671 990 1833 1037 quanta
1855 990 1916 1028 te-

1083 1039 1240 1081 nendae
1256 1039 1533 1082 rectitudinis
1547 1041 1813 1084 necessitate
1824 1055 1919 1084 con-

1085 1097 1328 1148 stringitur,
1361 1096 1443 1139 sub
1473 1099 1596 1150 cuius
1624 1098 1916 1142 aestimatione

1083 1153 1277 1206 populus
1314 1166 1423 1205 grex
1459 1157 1656 1196 vocatur.
1708 1154 1774 1197 Sit
1809 1167 1915 1208 ergo

1085 1211 1281 1261 (necesse
1308 1211 1390 1262 est)
1419 1212 1687 1262 cogitatione
1713 1211 1916 1263 mundus,

1083 1267 1258 1309 actione
1294 1269 1562 1321 praecipuus,
1610 1267 1828 1311 discretus
1871 1269 1916 1310 in

1084 1324 1276 1374 silentio,
1313 1324 1432 1366 utilis
1464 1325 1508 1366 in
1539 1324 1695 1375 verbo,
1733 1325 1915 1378 singulis

1084 1382 1391 1433 compassione
1419 1382 1665 1435 proximus,
1692 1395 1786 1435 prae
1814 1395 1915 1425 cun·

1083 1438 1166 1479 ctis
1224 1439 1599 1492 contemplatione
1655 1441 1914 1492 suspensus,

1083 1493 1196 1536 bene
1238 1495 1469 1546 agentibus
1505 1508 1586 1548 per
1622 1495 1915 1538 humilitatem

1083 1551 1245 1602 socius,
1265 1557 1421 1594 contra
1440 1552 1789 1605 delinquentium
1808 1553 1915 1595 vitia

1081 1621 1162 1661 per
1189 1609 1332 1650 zelum
1359 1609 1536 1662 justitiae
1564 1610 1757 1659 erectus,
1783 1609 1913 1652 inter-

1080 1667 1238 1707 norum
1262 1678 1412 1708 curam
1434 1666 1478 1707 in
1498 1666 1766 1708 exteriorum
1785 1679 1912 1708 occu-

1080 1723 1261 1775 patione
1286 1735 1375 1765 non
1399 1725 1616 1773 minuens,
1644 1723 1914 1766 exteriorum

1079 1779 1406 1832 providentiam
1436 1780 1482 1821 in
1513 1780 1772 1822 interiorum
1798 1779 1912 1822 solli-

1080 1836 1274 1878 citudine
1293 1849 1382 1878 non
1399 1836 1664 1889 relinquens.

1134 1902 1183 1952 R.
1212 1898 1348 1939 Posui
1379 1896 1644 1949 adjutorium
1674 1910 1807 1951 super
1833 1911 1910 1952 po-

1079 1955 1260 2004 tentem,
1308 1959 1352 1997 et
1393 1954 1584 1996 exaltavi
1624 1954 1812 1997 electum
1856 1955 1912 1997 de

1078 2010 1210 2063 plebe
1251 2024 1363 2053 mea:
1408 2014 1430 2038 *
1461 2011 1617 2052 Manus
1660 2011 1774 2053 enim
1813 2025 1912 2054 mea

1079 2068 1360 2110 auxiliabitur
1396 2068 1447 2110 ei.
1496 2066 1547 2117 V.
1581 2068 1733 2110 Inveni
1765 2068 1912 2111 David

1080 2137 1254 2166 servum
1289 2137 1454 2175 meum,
1492 2124 1592 2167 oleo
1625 2129 1778 2167 sancto
1809 2138 1909 2168 meo

1078 2181 1182 2222 unxi
1201 2194 1311 2223 eum.
1346 2182 1512 2223 Manus.

1382 2251 1535 2293 Lectio
1555 2252 1607 2292 vi.

1080 2306 1499 2415 Considerandum
1515 2325 1693 2365 quoque
1708 2317 1786 2362 est,
1807 2313 1909 2365 quia

1164 2381 1264 2409 cum
1279 2381 1429 2410 curam
1443 2369 1598 2422 populi
1613 2369 1778 2411 electus
1791 2370 1906 2411 Prae-

1077 2424 1144 2465 sul
1165 2425 1367 2478 suscipit,
1397 2426 1524 2478 quasi
1549 2425 1607 2468 ad
1630 2438 1796 2477 aegrum
1821 2428 1907 2468 me-

1077 2479 1202 2522 dicus
1235 2482 1416 2524 accedit.
1470 2482 1515 2524 Si
1549 2494 1654 2533 ergo
1686 2481 1831 2524 adhuc
1862 2483 1907 2523 in

1077 2538 1167 2589 ejus
1187 2540 1376 2591 corpore
1395 2538 1624 2591 passiones
1639 2539 1801 2589 vivunt,
1820 2551 1907 2590 qua

1075 2595 1423 2647 praesumptione
1450 2598 1709 2648 percussum
1739 2594 1907 2637 mederi

1074 2653 1303 2704 properat,
1327 2651 1402 2704 qui
1427 2651 1471 2692 in
1493 2651 1604 2693 facie
1624 2652 1780 2694 vulnus
1805 2664 1904 2705 por-

1073 2707 1161 2749 tat?
1189 2708 1270 2750 Ille
1294 2709 1426 2759 igitur
1444 2707 1590 2750 modis
1610 2708 1812 2751 omnibus
1832 2708 1904 2750 de-
