2040 2944
515 183 587 218 Die
610 184 640 218 2.
665 184 767 228 Sept.
815 184 850 219 S.
875 184 1062 228 Stephani
1083 185 1213 227 'Hung
1238 185 1356 228 Regis
1380 186 1487 220 Conf.

335 279 420 321 Die
448 280 484 320 2.
512 279 793 332 Septembris.
887 326 889 328 ‚

190 346 234 388 S.
263 347 508 399 Stephani
530 347 769 397 Hungariae
799 347 932 399 Regis

149 413 152 416 ’
418 402 703 445 Confessoris.

388 465 414 500 S
426 476 445 500 e
456 477 493 501 m
504 467 517 501 i
529 467 554 502 d
564 479 589 503 u
599 478 624 519 p
635 468 650 502 1
661 478 680 502 e
690 478 726 502 x.

121 538 123 541 ·
197 524 335 560 Omnia
365 526 412 561 de
441 527 586 563 Comm.
616 528 724 563 Conf.
756 538 833 562 non
862 528 971 563 Pont.

149 573 219 617 [67]
238 578 380 617 praeter
403 585 509 619 sequ.
536 575 595 614 (m.
614 578 638 609 t.
655 575 704 618 v.)

383 652 386 655 ·
463 635 642 678 Oratio.

222 695 409 746 oncede‚
457 697 718 748 quaesumuS,
764 695 977 738 Ecclesiae

237 757 326 794 tuae
351 754 632 805 omnipotens
648 753 786 795 Deus:
809 758 858 795 ut
875 753 976 795 bea-

146 813 239 850 tum
270 808 540 862 Stephanum
572 809 880 852 Confessorem
912 815 976 852 tu-

147 878 231 915 um,
251 877 381 918 quem
396 868 651 918 regnantem
669 867 713 907 in
732 867 860 908 terris
876 880 975 920 pro-

146 924 404 974 pagatorem
422 922 585 973 habuit,
603 926 977 976 propugnatorem

147 977 310 1021 habere
329 981 550 1022 mereatur
569 980 810 1031 gloriosum
830 981 875 1021 in
891 994 975 1022 coe-

146 1034 209 1076 lis.
258 1035 343 1077 Per
362 1034 612 1078 Dominum.

194 1094 238 1129 In
266 1095 293 1130 I.
322 1095 523 1131 Nocturno
556 1097 760 1133 Lectiones
794 1099 841 1134 de
872 1100 969 1134 Scri—

142 1146 255 1185 ptura
280 1149 513 1180 occurrente.

364 1220 414 1259 In
440 1219 491 1259 11.
519 1216 765 1260 Nocturna·

445 1288 598 1330 Lectio
618 1289 671 1330 iv.

159 1360 463 1414 ι
486 1361 531 1406 in
555 1362 828 1413 Hungariam
853 1363 972 1404 Chri-

168 1420 239 1473 μζόῑ
261 1418 318 1459 sti
335 1417 470 1460 fidem
491 1413 535 1460 et
553 1419 722 1470 regium
737 1432 898 1461 nomen
911 1420 971 1461 in-

191 1484 194 1485 ’
226 1487 228 1489 ’
261 1475 391 1516 vexit.
423 1475 565 1526 Regia
583 1478 747 1518 corona
766 1489 791 1518 a
811 1476 971 1518 Roma-

79 1554 83 1559 ·
141 1543 198 1572 no
235 1530 449 1573 Pontifice
489 1531 745 1585 impetrata,
791 1533 972 1585 ejusque

140 1586 260 1638 jussu
290 1587 335 1628 in
362 1600 512 1639 regem
538 1588 759 1639 inunctus,
790 1601 972 1640 regnum

140 1643 244 1685 Sedi
258 1644 517 1697 apostolicae
532 1644 701 1687 obtulit.
727 1645 866 1687 Varia
884 1647 971 1698 pie-

140 1700 244 1742 tatis
281 1699 503 1743 domicilia
536 1701 714 1752 Romae,
750 1702 775 1743 J
778 1702 971 1755 erosoly-

140 1756 234 1806 mis,
259 1757 659 1810 Constantinopoli3
682 1758 726 1799 in
744 1759 973 1810 Hungaria

141 1812 573 1866 archiepiscopatum
616 1815 972 1867 Strigoniensem‚

140 1870 971 1977 ΞΞΞΞἙΞΡῗῖὃὲἓὲῗῇῖἒὲἓῒίἱὲξὲἐὲῗέ

82 1990 86 1994 ’
141 1982 226 2024 Par
253 1983 297 2024 in
321 1986 541 2036 pauperes
566 1997 690 2026 amor
717 1989 761 2027 et
784 1984 971 2027 liberali-

139 2043 224 2090 tas,
262 2051 374 2091 quos
405 2040 542 2082 veluti
576 2040 797 2083 Christum
826 2041 972 2094 ipsum

142 2091 457 2149 complectens,
489 2097 707 2139 neminem
730 2110 764 2149 ¹a
792 2110 839 2139 se
865 2111 971 2140 moe—

77 2183 80 2185 -
140 2153 310 2194 rentem
333 2166 384 2194 ac
405 2155 593 2195 vacuum
615 2166 826 2207 umquam
848 2154 970 2196 dimi-

142 2209 215 2260 sit;
239 2209 343 2261 quin
366 2208 423 2251 ad
442 2211 594 2251 eorum
613 2210 809 2265 inopiam
828 2211 970 2254 suble-

140 2264 330 2307 vandam
366 2266 647 2319 amplissimis
687 2267 971 2310 facultatibus

142 2322 348 2373 erogatis,
381 2322 668 2364 domesticam
698 2323 874 2375 quoque
903 2337 970 2366 su-

140 2378 406 2430 pellectilem
425 2379 583 2420 eximia
602 2379 872 2430 benignitate
890 2381 971 2422 fre-

144 2436 325 2486 quenter
351 2435 611 2478 distribuit:
657 2437 746 2477 suis
792 2438 971 2489 insuper

141 2490 341 2533 manibus
368 2491 520 2534 lavare
547 2495 793 2546 pauperum
819 2493 970 2546 pedes,

142 2551 276 2588 noctu
299 2548 420 2590 solus
447 2554 491 2590 et
514 2549 689 2600 ignotus
713 2552 970 2591 nosocomia

142 2602 429 2660 frequentare,
453 2605 816 2647 decumbentibus
836 2606 968 2647 inser-

142 2661 246 2709 vire,
270 2672 322 2702 ac
345 2663 491 2703 cetera
511 2663 708 2704 caritatis
733 2662 878 2703 officia
897 2675 974 2704 ex·-

142 2714 293 2758 hibere
329 2718 585 2770 consuevi&
618 2731 801 2771 quarum
836 2718 969 2760 virtu-

1031 284 1126 321 tum
1142 282 1300 324 merito
1320 282 1435 324 illius
1455 282 1648 336 dextera,
1667 286 1864 341 resoluto

1033 338 1183 379 cetero
1221 341 1429 392 corpore,
1477 339 1733 395 incorrupta
1767 357 1863 396 per-

1031 395 1203 436 mansit.

1082 458 1133 509 R.
1161 460 1410 504 Honestum
1436 463 1539 505 fecit
1566 464 1690 506 illum
1714 466 1863 508 Domi-

1031 529 1124 566 nus,
1149 521 1192 559 et
1212 518 1451 561 custodivit
1473 533 1573 562 eum
1592 522 1647 563 ab
1667 523 1863 575 inimicis,

1032 577 1076 614 et
1102 585 1127 614 a
1154 573 1464 617 seductoribus
1493 578 1654 620 tutavit
1677 579 1814 622 illum:
1836 579 1858 601 *¹

1030 628 1088 670 Et
1119 629 1241 672 dedit
1271 631 1334 672 illi
1367 632 1610 676 claritatem
1643 638 1862 679 aeternam.

1030 678 1079 731 ys.
1113 686 1287 729 Justum
1320 688 1505 732 deduxit
1532 691 1748 734 Dominus
1782 707 1862 747 per

1030 742 1125 783 vias
1144 749 1302 796 rectas,
1326 751 1370 787 et
1388 747 1581 790 ostendit
1598 748 1659 789 illi
1678 762 1861 802 regnum

1030 798 1125 841 Dei.
1152 801 1209 843 Et
1228 801 1360 845 dedit.
1818 801 1822 806 ’

1339 886 1491 928 Lectio
1512 902 1549 928 v.

1031 950 1241 1058 Orandi
1265 954 1412 998 studio
1436 962 1598 1000 noctes·
1610 971 1723 1011 pene
1742 965 1860 1003 totas

1149 1010 1341 1054 ducebat
1374 1013 1612 1065 insomnes,
1648 1021 1781 1069 atque
1817 1018 1860 1058 in

1029 1066 1276 1125 coelestium
1307 1082 1454 1112 rerum
1486 1074 1860 1126 contemplatione

1029 1123 1212 1176 defixus,
1236 1126 1457 1169 interdum
1475 1134 1600 1171 extra
1619 1143 1774 1172 sensus
1794 1145 1859 1173 ra-

1027 1185 1146 1233 ptus,
1179 1182 1378 1225 sublimis
1408 1184 1453 1225 in
1481 1187 1583 1227 aera
1610 1186 1713 1228 ferri
1740 1188 1860 1230 visus

1027 1237 1118 1279 fuit.
1171 1238 1469 1283 Perduellium
1499 1243 1860 1297 conspirationes,

1027 1307 1078 1336 ac
1095 1294 1340 1339 validorum
1354 1298 1548 1340 hostium
1563 1302 1764 1354 impetus,
1783 1303 1859 1343 mi-

1026 1363 1076 1392 ro
1101 1365 1285 1404 prorsus
1310 1355 1462 1406 modo,
1488 1369 1577 1398 non
1603 1358 1739 1400 semel
1765 1372 1858 1400 ora-

1024 1408 1157 1450 tionis
1167 1411 1378 1462 praesidio
1390 1413 1582 1456 evitavit.
1596 1414 1860 1469 Susceptum

1026 1477 1080 1506 ex
1104 1466 1302 1509 Ghisella
1324 1469 1552 1521 Bavarica,
1578 1472 1719 1514 sancti
1743 1473 1858 1514 Hen-

1025 1522 1103 1563 rici
1127 1523 1407 1576 imperatoris
1431 1529 1598 1578 sorore,
1623 1541 1756 1581 quam
1775 1530 1859 1571 sibi

1024 1580 1304 1623 matrimonio
1320 1583 1529 1634 junxerat,
1544 1585 1796 1627 Emericum
1810 1586 1856 1637 fif

1024 1635 1131 1677 lium
1154 1642 1277 1679 tanta
1299 1652 1480 1681 morum·
1497 1640 1740 1694 disciplina,
1764 1643 1857 1684 tah'-

1026 1704 1110 1744 que
1125 1694 1291 1746 pietate
1306 1697 1524 1746 enutrivit,
1541 1704 1751 1749 quantum
1766 1701 1857 1752 ejus

1024 1751 1182 1801 postea
1201 1753 1410 1795 sanctitas
1432 1754 1684 1797 declaravit.
1714 1756 1857 1807 Regni

1024 1818 1130 1848 vero
1150 1809 1327 1858 negotia
1345 1809 1406 1851 ita
1426 1809 1655 1864 disposuit,
1680 1817 1727 1854 ut
1746 1815 1856 1854 acci-

1024 1862 1080 1904 tis
1099 1862 1295 1917 undique
1318 1867 1672 1919 prudentissimis
1698 1873 1742 1910 et
1762 1881 1855 1910 san—

1025 1920 1230 1962 ctissimis
1255 1922 1370 1973 viris,
1394 1923 1501 1965 nihil
1526 1937 1736 1976 umquam
1762 1926 1856 1968 sine

1023 1976 1198 2019 illorum
1217 1980 1402 2022 consilio
1420 1981 1661 2024 moliretur.
1688 1983 1855 2024 Humil-

1022 2032 1136 2075 limis
1154 2036 1328 2077 interim
1350 2038 1557 2089 precibus
1581 2039 1625 2079 in
1645 2041 1792 2081 cinere
1813 2045 1856 2082 et

986 2104 989 2108 ⁸
1024 2090 1165 2132 cilicio
1181 2091 1325 2134 Deum
1345 2093 1600 2148 deprecans,
1619 2100 1668 2137 ut
1685 2096 1854 2137 univer-

1024 2159 1120 2188 sum
1138 2148 1380 2201 Hungariae
1399 2163 1593 2202 regnum,
1618 2154 1855 2204 antequam

1023 2215 1047 2244 e
1066 2203 1156 2245 vita
1176 2205 1396 2257 migraret,
1420 2207 1685 2249 catholicum
1704 2207 1854 2251 videre

1021 2263 1274 2303 mereretur.
1325 2264 1443 2306 Vere
1479 2268 1664 2317 propter
1699 2265 1853 2316 ingens

1023 2315 1260 2360 dilatandae
1274 2319 1380 2362 fidei
1397 2320 1602 2372 studium,
1622 2321 1737 2363 illius
1752 2335 1852 2373 gen-

1021 2373 1078 2414 tis
1101 2373 1347 2426 Apostolus
1370 2380 1662 2430 nuncupatus,
1685 2378 1801 2420 facta
1828 2392 1853 2420 a

1022 2429 1225 2472 Romano
1258 2432 1474 2475 Pontifice
1505 2434 1608 2487 ipsi,
1644 2438 1851 2487 posteris-

1023 2498 1108 2538 que
1153 2487 1329 2545 regibus
1373 2489 1664 2541 praeferendae
1709 2491 1852 2533 crucis

1021 2545 1255 2595 potestate.

1075 2605 1126 2657 R:-
1142 2607 1320 2650 Amavit
1344 2622 1444 2651 eum
1462 2610 1688 2662 Dominus,
1716 2615 1760 2653 et
1783 2623 1849 2652 or-

1016 2664 1141 2705 -navit
1177 2676 1290 2705 eum:
1327 2666 1486 2708 stolam
1522 2667 1673 2719 gloriae
1710 2666 1851 2708 induit

1021 2732 1130 2770 eum,
1152 2714 1176 2739 *
1189 2721 1247 2763 Et
1263 2721 1322 2764 ad
1340 2728 1493 2775 portas
1511 2722 1707 2776 paradisi
1725 2735 1848 2764 coro-
