2040 2944
502 193 611 227 Dom.
636 192 700 227 ΠΙ.
726 193 828 236 Sept.
875 192 1030 236 Septem
1054 192 1241 227 Dolorum
1266 193 1306 227 B.
1335 194 1380 227 M.
1404 194 1446 227 V.

122 291 259 331 tatem
278 289 376 331 Dei:
399 290 423 316 *
445 289 733 332 sanctificavit
751 289 951 332 taberna-

125 345 271 387 culum
289 359 416 387 suum
435 347 699 388 Altissimus.

175 402 296 444 Deus
314 403 358 443 in
373 402 519 444 medio
538 404 638 456 ejus,
657 415 747 444 non
762 416 952 445 commo-

123 458 308 500 vebitur:
328 461 352 486 *
372 459 594 511 adjuvabit
613 472 709 501 eam
723 460 847 501 Deus
864 473 951 501 ma·

121 527 176 556 ne
195 513 399 557 diluculo.

174 571 460 614 Conturbatae
487 577 587 614 sunt
610 572 793 622 Gentes,
822 577 866 615 et
890 572 950 614 in-

121 627 283 669 clinata
306 633 406 670 sunt
428 641 576 680 regna:
600 629 624 655 *
649 627 772 670 dedit
795 641 951 671 vocem

121 697 255 734 suam,
274 690 395 726 mota
414 690 480 726 est
499 690 627 727 terra.

172 741 389 782 Dominus
416 742 628 783 virtutum
655 741 899 784 nobiscum:
926 744 950 770 *

121 799 352 850 susceptor
369 803 521 840 noster
539 798 661 840 Deus
681 798 831 840 Jacob.

172 854 348 904 Venite,
373 859 417 896 et
436 854 582 896 videte
606 857 742 907 opera
760 855 949 906 Domini,

122 922 219 962 quae
238 911 388 963 posuit
406 909 610 964 prodigia
625 924 759 964 super
773 916 949 953 terram:

121 967 144 994 *
176 966 376 1009 auferens
408 967 525 1010 bella
555 981 696 1020 usque
727 968 784 1010 ad
816 968 949 1010 finem

118 1027 260 1064 terrae.

170 1079 336 1122 Arcum
372 1082 587 1131 conteret,
626 1085 670 1123 et
706 1081 950 1132 confringet

119 1148 253 1177 arma:
271 1137 295 1163 *
315 1141 358 1178 et
377 1142 501 1178 scuta
521 1136 752 1179 comburet
769 1138 869 1188 igni.

169 1192 355 1244 Vacate,
383 1198 427 1235 et
453 1192 600 1236 videte
631 1195 838 1247 quoniam
865 1207 947 1245 ego

118 1261 215 1290 sum
227 1249 363 1292 Deus:
378 1251 402 1276 *
417 1250 646 1292 exaltabor
660 1251 705 1292 in
721 1251 947 1301 Gentibus,

119 1309 163 1347 et
181 1306 410 1349 exaltabor
427 1307 472 1348 in
490 1311 618 1350 terra.

167 1362 384 1404 Deminus
411 1364 622 1406 virtutum
648 1363 894 1406 nobiscum:
922 1365 946 1392 *

118 1421 348 1472 susceptor
366 1425 518 1462 noster
536 1421 658 1463 Deus
677 1420 825 1463 Jacob.

168 1485 266 1526 Ant.
291 1485 415 1526 Deus
440 1481 614 1534 adjutor
637 1482 682 1523 in
704 1481 947 1524 tribulatio-

116 1536 255 1588 nibus,
275 1550 375 1590 quae
394 1538 652 1580 invenerunt
669 1551 750 1579 nos
769 1539 907 1579 nimis.

166 1594 218 1647 V.
258 1598 344 1640 Per
379 1604 423 1641 te
461 1599 648 1641 salutem
683 1599 946 1651 hauriamus,

116 1653 257 1751 ἕζεο
293 1654 443 1697 Maria.
501 1657 553 1709 Rz.
587 1656 656 1697 Ex
691 1655 947 1699 vulneribus

185 1711 290 1752 risti.

118 1784 273 1827 Lectio
297 1786 438 1826 sancti
457 1786 686 1837 Evangelii
706 1787 948 1829 secundum

419 1842 445 1883 J
448 1844 646 1885 oannem.

192 1902 346 1943 Lectio
366 1902 433 1941 vii.
635 1901 740 1954 Cap.
756 1903 814 1942 19.
830 1915 864 1942 e.

116 1957 194 2064 In
229 1962 304 2004 illo
341 1965 557 2016 tempore:
602 1964 786 2007 Stabant
827 1967 946 2019 juxta

183 2031 358 2060 crucem
376 2020 402 2061 J
404 2032 482 2061 esu
504 2021 646 2062 Mater
672 2022 781 2074 ejus,
810 2027 854 2064 et
878 2036 945 2065 so-

117 2087 191 2117 ror
209 2075 362 2117 Matris
381 2077 472 2129 ejus
491 2077 629 2118 Maria
650 2078 875 2132 Cleophae,
901 2084 945 2122 et

116 2131 255 2173 Maria
274 2131 542 2183 Magdalene.
570 2133 627 2175 Et
647 2134 827 2188 reliqua.

226 2207 416 2250 Homilia
444 2208 584 2249 sancti
611 2208 835 2251 Ambrosii

419 2264 642 2318 Episcopi.

257 2329 314 2364 De
337 2329 501 2364 Institut.
526 2329 631 2372 Virg.
655 2339 738 2373 cap.
761 2330 791 2364 7.

122 2384 487 2446 Υκῇ-Ιῑῒε113ε1ῒῘιιΧῒει
513 2398 687 2427 crucem
711 2387 868 2437 Mater,
900 2393 944 2430 et

131 2442 210 2502 *523
237 2440 503 2492 fugientibus
538 2442 659 2492 viris,
704 2442 851 2485 stabat
882 2444 942 2484 in-

129 2499 210 2523 ⁴<‘³³⁷“
236 2498 420 2550 trepida.
447 2498 620 2550 Videte,
639 2504 785 2540 utrum
803 2499 941 2552 pudo-

116 2564 210 2593 rem
238 2557 407 2596 mutare
438 2555 635 2608 potuerit
661 2556 803 2597 Mater
827 2556 941 2606 Jesu,

119 2621 217 2661 quae
233 2610 423 2652 animum
441 2625 530 2653 non
547 2612 742 2654 mutavit.
764 2613 940 2664 Specta-

116 2665 194 2707 bat
219 2667 303 2719 piis
334 2668 471 2709 oculis
499 2669 598 2709 Filii
625 2669 825 2718 vulnera,
861 2681 942 2721 per

118 2735 216 2774 quae
236 2722 401 2766 sciebat
420 2724 621 2767 omnibus
641 2725 830 2767 futuram
845 2724 939 2767 red-

1005 289 1285 342 emptionem.
1327 289 1567 342 Spectabat
1593 302 1682 331 non
1707 289 1835 340 dege-

1003 346 1099 387 neri
1129 347 1271 388 Mater
1302 346 1575 399 spectaculo‚
1615 359 1714 398 quae
1745 358 1835 387 non

1003 405 1221 444 metuerat
1237 405 1577 455 peremptorem.
1605 401 1835 444 Pendebat

1003 459 1048 499 in
1067 471 1197 500 cruce
1215 458 1366 500 Filius:
1385 459 1534 500 Mater
1559 471 1606 501 se
1631 471 1834 511 persecu-

1003 515 1173 556 t6ribus
1194 515 1420 557 offerebat.

1057 576 1107 628 R.
1130 572 1238 623 Quis
1257 571 1338 613 tibi
1357 584 1512 613 sensus
1531 572 1626 622 fuit,
1646 584 1673 613 o
1692 571 1835 612 Mater

1003 628 1224 678 dolorum,
1255 633 1278 657 *
1304 628 1422 670 Dum
1448 628 1616 681 Joseph
1648 626 1833 669 sindone

1002 685 1159 726 Filium
1197 690 1322 727 tuum
1358 685 1560 735 involvit,
1605 690 1650 727 et
1685 683 1835 738 posuit

1003 755 1103 784 eum
1130 742 1174 782 in
1197 741 1505 783 monumento?
1542 740 1594 792 V.
1626 740 1832 783 Conside-

1002 801 1096 840 rate
1124 804 1167 840 et
1192 798 1355 848 videte,
1390 799 1427 839 si
1453 803 1520 840 est
1546 798 1691 849 dolor,
1720 798 1833 839 sicut

1002 855 1131 897 dolor
1149 868 1285 897 meus.
1317 855 1443 896 Dum.

1054 912 1215 954 Bcncd.
1263 913 1395 964 Cujus
1431 911 1592 953 festum
1629 911 1832 960 eclimus,

1001 968 1099 1021 ipsa
1116 968 1256 1020 Virgo
1275 968 1501 1019 virginum.

1291 1035 1442 1076 Lectio
1463 1037 1545 1076 viii.

1037 1096 1095 1130 Ex
1111 1096 1284 1135 eiusdem
1301 1096 1422 1139 Epist.
1440 1098 1492 1131 25.
1512 1098 1561 1131 ad
1579 1099 1793 1132 Ecclesiam

1125 1144 1421 1187 Vercellensem.
1440 1156 1561 1189 prope
1580 1148 1702 1181 finem.

1000 1197 1196 1303 Maria
1223 1202 1365 1244 Mater
1394 1201 1573 1243 Domini
1605 1206 1705 1243 ante
1738 1214 1830 1243 cru-

1126 1272 1223 1301 cem
1250 1258 1349 1300 Filii
1378 1258 1535 1300 stabat.
1575 1257 1733 1299 Nullus
1760 1270 1830 1300 me

999 1317 1086 1358 hoc
1114 1315 1283 1365 docuit,
1315 1315 1398 1356 nisi
1431 1319 1608 1356 sanctus
1637 1315 1661 1356 J
1665 1316 1831 1356 oannes

998 1372 1293 1424 Evangelista.
1321 1371 1533 1413 Mundum
1558 1371 1631 1413 alii
1651 1374 1830 1413 concus-

1000 1443 1098 1471 sum
1125 1430 1169 1471 in
1195 1429 1404 1483 passiene
1432 1428 1611 1469 Domini
1643 1428 1830 1469 conscri-

998 1489 1193 1539 pserunt,
1206 1485 1367 1528 coelum
1374 1484 1565 1527 tenebris
1578 1483 1831 1534 obductum,

999 1543 1212 1594 refugisse
1237 1542 1394 1591 solem,
1421 1541 1465 1582 in
1493 1540 1748 1593 paradisum
1771 1540 1829 1582 la-

997 1601 1188 1650 tronem,
1218 1598 1297 1640 sed
1322 1603 1426 1651 post
1449 1598 1568 1651 piam
1594 1597 1830 1640 confessio-

999 1668 1116 1704 nem,
1152 1657 1392 1707 receptum.
1451 1655 1642 1696 Joannes
1680 1654 1831 1696 docuit

1001 1712 1121 1763 quod
1141 1711 1214 1752 alii
1231 1724 1319 1753 non
1340 1711 1599 1760 docuerunt,
1625 1709 1830 1762 quemad-

999 1767 1181 1810 modum
1208 1768 1251 1808 in
1280 1780 1410 1809 cruce
1442 1767 1616 1821 pesitus
1644 1767 1831 1808 Matrem

1000 1825 1301 1878 appellaverit.
1328 1824 1471 1865 Pluris
1490 1826 1688 1877 putatur,
1709 1823 1831 1875 quod

998 1881 1141 1923 victor
1157 1881 1476 1935 suppliciorum
1490 1880 1667 1933 pietatis
1684 1880 1830 1922 officia

998 1937 1131 1980 Matri
1161 1937 1411 1988 exhibebat,
1446 1950 1579 1990 quam
1611 1936 1732 1989 quod
1763 1949 1827 1979 re-

997 2009 1131 2046 gnum
1150 1995 1331 2037 coeleste
1347 1993 1553 2036 donabat.
1576 1993 1692 2035 Nam
1709 1994 1746 2034 si
1764 2006 1828 2035 re-

997 2051 1202 2102 ligiosum
1221 2055 1299 2101 est,
1320 2050 1441 2103 quod
1459 2050 1620 2092 latroni
1640 2050 1828 2091 donatur

997 2108 1138 2158 venja,
1158 2107 1296 2150 multo
1316 2106 1534 2149 uberioris
1551 2106 1730 2159 pietatis
1750 2111 1827 2157 est⁷

999 2164 1120 2217 quod
1147 2178 1174 2206 a
1199 2164 1312 2206 Filio
1341 2165 1482 2205 Mater
1514 2167 1636 2204 tanto
1666 2162 1827 2206 affectu

996 2220 1248 2263 honoratur.

1050 2285 1102 2336 R.
1116 2283 1167 2323 In
1184 2286 1280 2324 toto
1298 2281 1432 2323 corde
1446 2285 1523 2322 tuo
1538 2281 1725 2332 gemitus
1736 2280 1824 2322 Ma-

995 2339 1075 2381 tris
1100 2344 1190 2381 tuae
1214 2351 1269 2380 ne
1296 2337 1587 2387 obliviscaris,
1607 2342 1630 2366 *
1650 2337 1710 2379 Ut
1728 2350 1824 2390 per-

995 2395 1168 2437 ficiatur
1204 2394 1462 2448 propitiatio
1492 2398 1536 2435 et
1561 2393 1824 2436 benedictio.

998 2454 1047 2501 V.
1069 2452 1166 2493 Ave
1184 2451 1393 2504 princeps
1409 2452 1638 2501 generosa,
1661 2450 1822 2502 Marty-

994 2511 1180 2561 rumque
1198 2508 1340 2561 prima
1358 2520 1476 2557 rosa,
1503 2507 1822 2558 Virginumque

993 2564 1142 2606 lssium.
1170 2565 1240 2607 Ut.
1271 2563 1421 2605 Gloria
1438 2564 1569 2606 Patri.
1597 2563 1667 2605 Ut.

1048 2627 1180 2661 Lectio
1220 2627 1268 2661 ix.
1312 2627 1359 2661 de
1395 2627 1566 2661 Homilia
1606 2627 1820 2661 Dominicae

996 2675 1243 2710 occurrentis.

1047 2728 1109 2767 Te
1128 2725 1271 2766 Deum
1288 2722 1529 2766 laudamus.
1547 2724 1606 2764 14.
