2040 2944
566 177 638 211 Die
666 178 714 211 11.
739 177 838 211 Nov.
886 176 921 211 S.
946 176 1101 210 Martini
1126 176 1254 219 Episc.
1281 181 1317 211 ct
1341 176 1450 210 Conf.

149 277 425 319 Novembris.
449 276 622 318 Eodem
638 277 709 317 die
723 276 850 326 virgo
867 287 983 328 quae-

150 334 262 384 dam,
286 334 355 374 cui
374 345 536 374 nomen
554 331 772 384 Nympha,
797 345 897 373 cum
915 331 940 372 J
943 343 983 372 e-

150 403 248 431 sum
277 389 501 431 Christum
528 400 682 430 verum
713 400 812 429 esse
839 387 983 428 Deum

151 445 270 487 clara
284 457 395 486 voce
411 446 662 493 testaretur,
681 443 879 496 martyrii
892 442 982 495 pal-

150 514 266 543 mam
291 501 349 543 ad
376 500 638 551 virginitatis
671 502 882 541 coronam
910 499 982 540 ad-

150 558 300 609 junxit.
361 558 423 598 Te
442 557 596 598 Deum.
617 557 676 597 14.

204 618 248 652 In
270 618 390 652 Laud.
415 617 457 651 fit
481 625 677 651 commem.
703 614 760 649 Ss.
785 615 892 649 Mart.

202 670 301 710 Ant.
328 670 474 712 Vestri
493 668 641 722 capilli
656 667 814 720 capitis
830 679 983 708 omnes

151 727 369 769 numerati
388 731 503 768 sunt:
527 725 664 766 nolite
683 724 852 766 timere:
877 723 984 764 mul-

151 784 207 825 tis
226 782 480 836 passeribus
499 781 704 823 meliores
724 779 828 821 estis
847 792 940 821 vos.

202 837 254 888 V.
281 838 578 880 Exsultabunt
603 836 742 878 sancti
767 836 810 876 in
836 835 984 887 gloria.

152 899 202 950 R».
222 895 511 938 Laetabuntur
528 894 574 934 in
593 891 810 935 cubilibus
831 892 932 933 suis.

206 952 370 994 Oratio.
400 951 488 993 Fac
501 963 594 1000 nos,
609 951 873 1002 quaesumus,
896 950 985 989 418.

201 1014 320 1057 Vesp.
349 1023 371 1047 a
400 1011 525 1054 Capit.
556 1010 603 1044 de
633 1020 754 1053 sequ„
785 1020 982 1045 commem.

150 1061 315 1107 praeced.
339 1064 375 1094 et
399 1060 443 1094 S:
459 1059 611 1092 Mennae
635 1058 743 1092 Mart.

344 1137 427 1179 Die
446 1138 498 1177 11.
517 1135 797 1178 Novembris.

249 1202 292 1242 S.
311 1200 521 1242 Martini
536 1199 681 1251 Episc.
703 1204 745 1241 et
766 1199 888 1240 Conf.

484 1263 649 1307 Duplex.

375 1327 437 1367 In
457 1327 494 1367 Ι.
518 1325 770 1376 vesperis.

206 1387 247 1422 Si
272 1388 450 1422 dicendae
472 1388 549 1422 sint
569 1388 741 1430 integrae,
765 1388 853 1422 Ant.
875 1394 985 1423 erunt

153 1436 200 1470 de
224 1435 387 1470 Laudib.
416 1436 507 1479 4293>
524 1436 586 1470 Ps.
611 1440 653 1470 ut
677 1436 717 1470 in
740 1436 767 1470 I.
792 1436 910 1480 Vesp.
937 1437 983 1471 de

153 1483 298 1519 Comm.
320 1483 458 1527 Apost.
487 1483 535 1527 [2]

233 1542 495 1595 Capitulum.
666 1543 907 1584 Eee1.44.e.

241 1614 318 1644 cce
352 1600 561 1643 sacerdos
594 1613 796 1651 magnus,
835 1599 910 1651 qui
945 1599 989 1639 in

273 1657 428 1700 diebus
463 1657 553 1698 suis
589 1656 755 1709 placuit
791 1657 908 1705 Deo,
946 1659 990 1696 et

157 1717 358 1757 inventus
382 1718 450 1755 est
472 1714 625 1766 justus:
651 1718 696 1754 et
720 1713 765 1753 in
789 1714 990 1764 tempore

157 1770 397 1814 iracundiae
421 1770 563 1812 factus
586 1775 654 1812 est
676 1768 990 1811 reconciliatio.

462 1829 674 1879 Hymnus.

155 1885 275 1991 Iste
295 1888 533 1930 Confessor
553 1886 732 1928 Domini
751 1887 947 1930 colentes

238 1946 380 1996 Quem
412 1944 486 1997 pie
518 1942 700 1985 laudant
727 1943 882 1996 popu'li
910 1957 990 1997 per

369 2000 540 2042 orbem:

210 2060 308 2101 Hac
327 2057 399 2100 die
417 2057 547 2098 laetus
566 2055 725 2097 meruit
743 2055 899 2098 beatas

315 2112 537 2156 Scandere
555 2112 696 2154 sedes.

160 2179 246 2228 Qui
260 2179 370 2232 pius,
380 2176 587 2230 prudens
596 2176 784 2226 humilis,
794 2175 992 2229 pudicus,

212 2235 414 2277 Sobriam
433 2232 557 2275 duxit
577 2233 669 2274 sine
687 2232 788 2274 labe
806 2232 954 2281 vitam,

214 2292 369 2332 Donec
387 2290 607 2331 humanos
626 2289 836 2330 animavit
855 2301 975 2330 aurae

320 2346 509 2399 Spiritus
529 2350 661 2387 artus.

162 2410 297 2462 Cujus
333 2410 392 2452 ob
422 2414 641 2462 praestans
676 2409 881 2450 meritum
911 2409 992 2450 fre-

371 2468 565 2518 quenter,

217 2522 355 2573 AEgra
375 2535 474 2575 quae
487 2522 655 2574 passim
673 2522 845 2573 jacuere
860 2534 993 2563 mem-

216 2578 560 2676 ViribuEIierli’orbi
578 2633 768 2683 domitis,
787 2633 917 2674 saluti

322 2690 640 2732 Restituuntur.

1036 274 1200 316 Noster
1222 274 1323 315 hinc
1347 274 1409 314 illi
1435 274 1596 316 chorus
1623 274 1868 325 obsequen-

1089 335 1531 436 concintjqcmlaudem
1582 386 1868 438 celebresque

1243 443 1431 495 palmas3

1089 500 1148 541 Ut
1167 499 1252 552 piis
1275 500 1366 551 ejus
1385 499 1593 552 precibus
1612 499 1809 550 juvemur

1193 556 1334 597 Omne
1353 568 1434 608 per
1453 568 1608 596 aevum.

1037 634 1101 675 Sit
1121 633 1239 674 salus
1257 632 1329 682 illi,
1350 632 1497 682 decus,
1516 637 1649 684 atque
1668 633 1817 682 virtus,

1090 690 1174 739 Qui
1198 701 1330 741 super
1354 688 1456 729 coeli
1482 688 1594 729 solio
1619 691 1870 737 coruscans,

1089 747 1248 787 Totius
1267 744 1420 786 mundi
1439 745 1599 785 seriem
1619 744 1834 795 gubernat

1194 802 1356 843 Trinus
1377 806 1421 843 et
1440 814 1562 842 unus.
1591 801 1744 841 Amen.

1090 860 1141 911 V.
1167 866 1346 908 Amavit
1365 879 1467 908 eum
1485 865 1713 914 Dominus,
1741 869 1784 905 et
1805 876 1870 904 or-

1037 924 1158 965 navit
1173 935 1283 964 eum.
1315 923 1364 973 R.
1381 922 1549 964 Stolam
1563 921 1718 972 gloriae
1732 920 1872 962 induit

1039 992 1150 1021 eum.

1092 1044 1164 1085 Ad
1190 1043 1365 1093 Magnif.
1402 1044 1501 1083 Ant.
1543 1042 1579 1082 O
1607 1041 1788 1083 beatum
1813 1041 1871 1081 vi-

1039 1112 1153 1148 rum,
1179 1099 1300 1150 cujus
1325 1098 1469 1139 anima
1492 1097 1748 1149 paradisum
1771 1099 1872 1149 pos-

1040 1154 1168 1196 sidet:
1200 1153 1318 1195 unde
1346 1153 1567 1195 exsultant
1596 1153 1771 1204 Angeli,
1801 1153 1873 1193 lae-

1039 1214 1189 1252 tantur
1208 1210 1488 1260 Archangeli,
1513 1209 1675 1251 chorus
1694 1210 1872 1250 Sancto-

1040 1281 1136 1308 rum
1172 1266 1436 1320 proclamat,
1475 1265 1605 1308 turba
1642 1265 1874 1316 Virginum
1934 1291 1937 1294 -

1040 1324 1210 1373 invitat,
1245 1323 1375 1364 Mane
1407 1322 1640 1364 nobiscum
1672 1322 1715 1362 in
1750 1323 1872 1363 aeter-

1040 1393 1155 1421 num.

1379 1436 1543 1477 Oratio.

1128 1510 1217 1546 euS,
1239 1496 1313 1548 qui
1333 1495 1564 1548 conspicis,
1588 1496 1691 1547 quia
1710 1508 1765 1537 ex
1784 1496 1875 1536 nul-

1137 1553 1180 1594 la
1208 1557 1363 1593 nostra
1390 1552 1551 1593 virtute
1580 1551 1876 1593 subsistimus:

1043 1608 1240 1651 concede
1264 1608 1501 1661 propitius;
1525 1613 1574 1649 ut
1596 1608 1874 1649 intercessio-

1042 1679 1097 1707 ne
1135 1664 1254 1707 beati
1286 1664 1461 1704 Martini
1498 1663 1775 1705 Confessoris
1813 1665 1875 1705 tui

1043 1727 1176 1774 atque
1200 1720 1426 1762 Pontificis
1451 1724 1605 1761 contra
1631 1720 1777 1760 omnia
1802 1720 1874 1761 ad-

1043 1780 1171 1820 versa
1189 1777 1447 1818 muniamur.
1475 1775 1560 1817 Per
1578 1776 1827 1817 Dominum.

1097 1843 1247 1877 Deinde
1273 1843 1314 1877 fit
1338 1853 1535 1877 commem.
1560 1843 1726 1885 praeced.

1097 1897 1198 1936 Ant.
1219 1895 1304 1936 Hic
1318 1894 1384 1935 vir
1402 1894 1651 1946 despiciens
1666 1891 1877 1933 mundum

1045 1957 1089 1993 et
1126 1952 1318 2000 terrena,
1361 1949 1655 2002 triumphans,
1702 1948 1877 1990 divitias

1045 2007 1159 2049 coelo
1179 2005 1378 2048 condidit
1398 2018 1485 2056 ore,
1504 2019 1645 2046 manu.

1097 2064 1146 2115 V.
1166 2068 1190 2109 J
1193 2072 1342 2108 ustum
1361 2065 1544 2108 deduxit
1563 2065 1778 2106 Dominus
1797 2077 1876 2116 per

1045 2125 1139 2166 vias
1157 2128 1312 2165 rectas.
1353 2126 1403 2176 Ην.
1427 2123 1484 2164 Et
1509 2121 1703 2163 ostendit
1727 2120 1789 2161 illi
1813 2133 1875 2161 re-

1045 2193 1179 2232 gnum
1196 2179 1291 2221 Dei.

1384 2236 1548 2280 Oratio.

1136 2309 1224 2346 eus,
1245 2296 1320 2348 qui
1338 2296 1382 2336 in
1401 2294 1534 2336 corde
1552 2294 1670 2335 beati
1686 2294 1878 2335 Andreae

1158 2351 1435 2393 Confessoris
1467 2351 1547 2400 tui,
1580 2363 1660 2402 per
1693 2350 1877 2392 arduum

1049 2408 1246 2460 quotidie
1277 2407 1321 2448 in
1352 2406 1590 2448 virtutibus
1619 2405 1878 2459 proficiendi

1047 2470 1218 2514 votum,
1251 2462 1532 2504 admirabiles
1564 2463 1621 2504 ad
1653 2468 1698 2505 te
1731 2475 1878 2504 ascen-

1048 2521 1194 2562 siones
1221 2519 1496 2572 disposuisti:
1521 2518 1716 2560 concede
1741 2518 1879 2565 nobis,

1046 2578 1186 2629 ipsius
1209 2576 1375 2616 meritis
1399 2580 1443 2617 et
1460 2575 1793 2622 intercessione,
1818 2574 1878 2614 ita

1048 2631 1246 2684 ejusdem
1264 2631 1417 2682 gratiae
1435 2632 1675 2684 participes
1693 2630 1805 2678 fieri3
1830 2634 1878 2670 ut

1047 2689 1313 2741 perfectiora
1356 2700 1531 2740 semper
1577 2687 1879 2738 exsequentes,
