2040 2944
548 166 619 200 Die
646 167 698 200 18.
724 166 825 209 Sept.
873 165 907 200 S.
933 164 1099 208 Josephi
1125 175 1146 198 a
1171 164 1382 207 Cupertino
1410 163 1518 197 Conf.

181 270 339 311 tiernus
353 268 529 310 nostris:
550 268 653 320 quia
673 266 937 319 quicumque
954 263 1011 305 ad

181 325 287 367 fidei
318 327 504 376 agonem
536 326 752 373 venimus,
792 322 1013 363 luctamen

183 386 336 423 contra
355 381 571 432 malignos
592 380 771 433 spiritus
791 378 1013 420 sumimus.

180 437 300 479 Nihil
317 442 464 479 autem
478 437 657 488 maligni
672 435 852 488 spiritus
868 434 913 476 iu
927 434 1013 475 hoc

181 493 346 536 mundo
374 494 605 547 preprium
632 491 880 546 pessident:
907 489 1014 531 nudi

183 563 289 602 ergo
319 563 419 592 eum
446 550 575 592 nudis
605 548 763 592 luctari
790 547 1013 590 debemus.

181 607 297 649 Nam
316 607 353 648 si
371 609 557 649 vestitus
578 606 764 659 quisque
780 617 879 646 cum
893 603 1012 645 nudo

182 664 385 715 luctatur,
405 664 533 706 citius
553 663 610 705 ad
623 668 787 705 terram
803 660 1014 712 dejicitur,

185 721 287 772 quia
318 720 453 763 habet
482 719 599 762 unde
631 720 843 762 teneatur.
898 716 1014 767 Quid

184 777 299 819 enim
318 782 419 819 sunt
433 778 608 819 terrena
624 775 780 826 emnia,
799 774 882 815 nisi
897 786 1012 825 quae-

185 833 287 875 dam
313 834 515 887 corporis
538 831 814 875 indumenta?
844 830 930 881 Qui
950 843 1013 871 er-

184 902 241 941 go
270 895 423 932 contra
450 890 677 932 diabolum
705 888 762 931 ad
792 889 1015 929 certamen

184 948 412 999 preperat,
443 946 705 989 vestimenta
738 944 928 997 abjiciat,
960 955 1015 984 ne

186 1003 454 1045 succumbat.

242 1061 302 1101 Te
321 1060 466 1102 Deum
482 1060 725 1102 laudamus.
743 1059 802 1099 14.

443 1129 522 1170 Ad
546 1128 756 1170 Laudes.

490 1181 698 1232 Hymnus.

221 1267 228 1276 .
277 1249 355 1278 esu
374 1239 538 1278 corena
556 1236 724 1286 celsior,

298 1294 355 1335 Et
373 1294 536 1335 veritas
556 1293 795 1342 sublimior,

263 1350 348 1401 Qui
367 1350 594 1392 confitenti
614 1349 790 1392 servulo

263 1405 434 1448 Reddis
453 1409 646 1460 perenne
666 1406 912 1460 praemium:

212 1473 282 1513 Da
301 1471 567 1525 supplicanti
587 1472 732 1521 coetui,

265 1529 406 1581 Hujus
426 1530 595 1580 rogatu,
614 1528 735 1570 nexii

263 1585 587 1627 Remissionem
606 1584 809 1634 criminis,

265 1641 531 1694 Rumpendo
551 1654 713 1684 nexum
731 1639 906 1682 vinculi.

214 1706 331 1746 Anni
348 1708 527 1748 reverso
546 1708 759 1759 tempore,

264 1762 372 1804 Dies
391 1763 564 1805 refulsit
583 1763 758 1812 lumine,

269 1819 365 1869 Quo
385 1819 571 1862 Sanctus
590 1819 662 1861 hic
681 1819 737 1861 de
756 1820 946 1871 corpore

269 1875 432 1918 Christi
450 1875 618 1928 recepit
637 1877 854 1927 stigmata.

216 1941 301 1983 Hic
319 1954 432 1983 vana
450 1946 581 1984 terrae
601 1940 773 1992 gandia,

267 1997 326 2039 Et
344 1997 567 2040 luculenta
585 1997 766 2051 praedia,

266 2054 443 2096 Polluta
461 2053 592 2096 sorde
611 2053 839 2107 deputans,

268 2110 417 2153 Ovans
435 2116 556 2153 tenet
578 2110 799 2152 coelestia?
850 2115 855 2117 ’

221 2171 281 2213 Te
302 2171 473 2214 Christe
493 2172 591 2213 Rex
608 2171 816 2224 piissime,

267 2228 353 2270 Hic
372 2226 625 2270 confitendo
645 2227 812 2280 jugiter,

264 2284 466 2326 'Calcavit
486 2289 604 2326 artes
624 2283 885 2332 daemonum,

267 2341 530 2393 Saevtimque
550 2340 701 2382 averni
719 2341 974 2393 principem.

221 2404 395 2448 Virtute
414 2406 570 2456 claruS,
592 2410 635 2447 et
653 2405 753 2454 fide,

271 2462 556 2504 Confessione
577 2461 767 2510 sedulus,

269 2518 294 2559 J
296 2519 421 2570 ejuna
438 2518 638 2560 membra
659 2517 871 2567 deferens,

271 2575 421 2627 Dapes
439 2577 653 2628 supernas
674 2574 852 2616 Obtinet.

220 2638 410 2681 Proinde
427 2644 471 2681 te
490 2639 685 2692 piissime

271 2696 509 2738 Precamur
528 2708 681 2738 omnes
700 2694 938 2748 supplices:

1144 264 1287 305 Nobis
1307 268 1354 305 ut
1374 264 1500 315 huius
1522 263 1664 315 gratia

1143 321 1305 361 Poenas
1325 322 1525 362 remittas
1546 318 1730 361 debitas.

1097 384 1215 427 Patri
1234 385 1438 437 perennis
1459 384 1609 436 gloria,

1144 442 1186 483 N
1188 443 1351 494 at6que
1370 442 1513 484 Patris
1533 441 1675 490 unico,

1145 499 1398 551 Sancteque
1419 498 1476 539 sit
1495 497 1727 546 ParaclitQ

1145 556 1231 597 Per
1252 568 1381 597 omne
1401 567 1576 607 semper
1596 553 1817 596 saeculum.

1382 612 1537 653 Amen.

1117 670 1167 722 V·
1188 677 1212 717 J
1214 682 1362 719 ustum
1381 676 1565 719 dednxit
1586 675 1801 717 Dominus
1820 687 1901 727 per

1068 733 1161 775 vias
1181 739 1336 775 rectas.
1369 731 1418 782 Rv-
1446 733 1504 774 Et
1530 730 1724 774 ostendit
1749 731 1811 772 illi
1836 744 1899 773 re-

1068 803 1201 842 gnum
1219 790 1314 832 Dei.

1118 848 1188 890 Ad
1208 849 1370 890 Bened.
1399 850 1498 889 Ant.
1532 849 1656 902 Euge
1679 862 1806 891 serve
1824 848 1900 890 bo-

1069 921 1124 950 ne
1170 913 1214 950 et
1242 907 1401 957 fidelis,
1437 908 1539 959 quia
1557 907 1602 948 in
1622 919 1764 960 pauca
1782 906 1902 947 fuisti

1068 964 1227 1015 fidelis,
1248 978 1382 1018 supra
1399 964 1537 1006 multa
1555 969 1599 1006 te
1629 965 1902 1012 constituam,

1068 1023 1184 1063 intra
1201 1022 1246 1063 in
1263 1022 1472 1074 gaudium
1491 1021 1670 1063 Domini
1689 1020 1764 1062 tui.

1401 1083 1565 1123 Oratio.

1156 1144 1301 1186 emine
1325 1144 1350 1185 J
1353 1157 1432 1186 esu
1458 1143 1648 1192 Christe,
1678 1142 1752 1194 qui
1776 1141 1902 1192 frige-

1171 1203 1322 1243 scente
1346 1200 1530 1250 mundo,
1559 1199 1617 1241 ad
1635 1199 1902 1240 inflamman-

1070 1257 1175 1299 dum
1194 1257 1332 1299 corda
1350 1262 1505 1299 nostra
1527 1256 1592 1298 tui
1612 1256 1774 1297 amoris
1793 1255 1903 1306 igne,

1069 1314 1114 1355 in
1134 1327 1264 1356 carne
1283 1314 1528 1357 beatissimi
1547 1312 1781 1362 Francisci,
1806 1324 1902 1364 pas-

1070 1371 1204 1412 sionis
1228 1375 1317 1413 tuae
1345 1383 1471 1412 sacra
1498 1373 1703 1422 stigmata
1722 1370 1902 1410 renova-

1070 1427 1140 1469 sti:
1161 1426 1357 1470 concede
1376 1427 1615 1481 propitius3
1639 1430 1687 1468 ut
1706 1427 1798 1478 ejus
1816 1426 1902 1465 me·
1947 1462 1949 1466 ,

1070 1483 1165 1525 ritis
1185 1489 1229 1526 et
1247 1484 1454 1537 precibus
1475 1496 1651 1525 crucem
1669 1482 1826 1535 jugiter
1846 1481 1902 1522 fe-

1070 1542 1235 1591 ramus,
1262 1546 1306 1582 et
1326 1541 1482 1592 dignos
1502 1540 1670 1581 fructus
1689 1539 1902 1592 poeniten-

1070 1597 1145 1638 tiae
1169 1597 1396 1639 faciamus:
1424 1597 1509 1647 Qui
1533 1597 1644 1638 vivis
1670 1601 1713 1638 et
1735 1607 1904 1646 regnas.

1119 1651 1236 1694 Vesp.
1258 1662 1279 1685 a
1302 1652 1425 1694 Capit.
1452 1652 1498 1685 de
1524 1662 1630 1695 sequ.
1655 1662 1740 1685 cum
1764 1661 1896 1686 comm.

1067 1700 1232 1743 praeced.

1258 1791 1342 1832 Die
1361 1792 1420 1831 18.
1439 1791 1722 1844 Septembris.

1099 1855 1142 1896 S.
1164 1855 1374 1906 Josephi
1399 1865 1431 1897 a
1456 1854 1729 1906 eupertino
1750 1853 1871 1894 Conf.

1121 1959 1258 1993 Omnia
1289 1960 1335 1994 de
1365 1911 1650 1997 CoDmeriil.e{onf.
1681 1972 1759 1996 non
1787 1961 1897 1995 Pont.

1074 2011 1143 2055 [67]
1164 2012 1307 2051 praeter
1332 2019 1438 2053 sequ.

1119 2060 1191 2101 Ad
1214 2060 1388 2111 Magnis.
1422 2062 1522 2102 Ant.
1563 2062 1764 2105 Mortuus
1790 2076 1902 2112 sum,

1074 2124 1118 2161 et
1150 2120 1241 2161 vita
1277 2132 1375 2161 mea
1410 2124 1477 2161 est
1510 2118 1773 2161 abscondita
1806 2132 1906 2160 cum

1074 2176 1249 2218 Christo
1270 2176 1315 2217 in
1332 2176 1442 2218 Deo.

1402 2238 1566 2279 Oratio.

1160 2310 1253 2346 eus,
1279 2297 1354 2348 qui
1377 2295 1434 2338 ad
1456 2296 1727 2347 unigenitum
1745 2296 1905 2338 Filium

1167 2358 1293 2395 tuum
1314 2352 1556 2395 exaltatum
1575 2365 1601 2394 a
1619 2357 1737 2395 terra
1757 2354 1902 2395 emnia

1073 2409 1247 2451 trahere
1275 2408 1547 2462 disposuisti:
1571 2410 1736 2462 perfice
1759 2412 1904 2462 propi—

1073 2467 1176 2517 tius;
1216 2471 1265 2508 ut
1291 2465 1457 2507 meritis
1485 2470 1530 2506 et
1557 2466 1760 2520 exemplo
1790 2468 1903 2508 sera-

1074 2523 1193 2576 phici
1223 2521 1498 2564 Confess6ris
1531 2523 1595 2564 tui
1623 2522 1805 2575 Josephi
1836 2535 1903 2563 su-

1073 2592 1155 2632 pra
1198 2580 1393 2620 terrenas
1441 2591 1593 2620 omnes
1639 2578 1903 2631 cupiditates

1075 2635 1250 2684 elevati,
1274 2634 1332 2677 ad
1358 2647 1459 2676 eum
1483 2637 1712 2688 pervenire
1738 2635 1902 2676 merea-

1074 2705 1184 2734 mur:
1204 2691 1288 2742 Qui
1306 2696 1453 2733 tecum
1469 2692 1578 2734 vivit
1596 2696 1640 2733 et
1657 2694 1820 2742 regnat.
