2040 2944
168 154 234 189 332

332 252 418 293 Ad
445 251 835 292 matutinum.

227 316 349 356 lnvit.
411 316 571 362 Regem
620 312 997 363 Archangelorum

170 370 415 418 Dominum,
434 372 456 395 *¹
478 369 638 411 Venite
657 369 903 411 adoremus.

225 428 289 467 l's.
316 427 480 475 Venite,
499 426 779 467 exsultemus.
797 426 835 466 2.

220 486 425 535 Hymnus.
466 485 526 524 Te
547 481 767 535 splendor.
784 482 870 523 331.

412 558 460 596 In
479 558 508 596 Ι.
529 558 751 597 Nocturno.

221 619 319 659 Ant.
366 617 638 658 Concussum
675 622 742 659 est
778 630 917 667 mare,
957 622 1000 658 et

167 673 431 714 contremuit
450 678 578 722 terra,
598 673 674 714 ubi
694 672 999 724 Archangelus

167 728 353 770 Michael
374 728 674 771 descendebat
695 728 750 770 de
770 729 896 771 coelo.

218 791 279 825 Ps.
309 791 423 825 trium
455 791 565 825 Noct.
595 796 634 824 ut
667 790 765 824 infru
795 790 834 823 in
859 790 995 825 Officio

166 840 222 874 Ss.
249 840 487 882 Angelorum
511 839 735 874 Custodum.
769 837 844 872 354.

222 891 320 932 Ant.
336 889 587 931 Laudemus
601 889 850 939 Dominum,
868 901 999 941 quem

166 946 348 988 laudant
363 945 531 996 Angeli,
553 958 683 997 quem
700 945 936 988 Cherubim
956 950 1000 987 et

166 1002 412 1055 seraphim,
438 1002 639 1051 Sanctus,
667 1002 869 1052 Sanctus,
897 1002 999 1043 San-

167 1063 263 1100 ctus
282 1058 568 1111 proclamant.

219 1115 318 1155 Ant.
349 1114 563 1156 Ascendit
585 1114 730 1156 fumus
754 1117 1000 1157 aromatum

167 1172 210 1212 in
230 1173 472 1224 conspectu
490 1171 668 1213 Domini
689 1171 744 1213 de
763 1185 895 1214 manu
912 1173 999 1213 An-

167 1228 263 1279 geli.

218 1283 268 1332 V.
316 1284 447 1326 Stetit
482 1284 678 1335 Angelus
720 1285 840 1336 juxta
880 1298 1001 1326 aram

167 1340 331 1393 templi.
362 1342 412 1393 Ru
436 1340 618 1382 Habens
638 1340 910 1383 thuribulum
929 1345 1000 1384 au-

168 1409 291 1438 reum
310 1397 354 1438 in
373 1409 504 1438 manu
523 1410 612 1438 sua.

316 1472 383 1512 Ex
410 1471 594 1513 Daniele
621 1472 857 1524 Propheta.

244 1533 396 1574 Lectio
417 1533 439 1572 i.
711 1535 814 1586 Cap.
832 1535 867 1574 7.
886 1547 919 1575 c.

178 1606 213 1655 f*
228 1604 303 1651 J
319 1593 560 1646 spiciebam
587 1592 730 1635 donec
754 1594 901 1636 throni
925 1598 1001 1647 po-

206 1683 270 1707 )
335 1649 407 1691 siti
439 1655 556 1699 sunt,
596 1655 639 1691 et
673 1653 880 1702 antiquus
913 1651 1001 1694 die—

256 1710 278 1717 “”
334 1719 431 1747 rum
442 1706 572 1748 sedit:
587 1707 899 1749 vestimentum
910 1710 1001 1761 ejus

169 1761 405 1804 candidum
430 1763 556 1814 quasi
579 1763 671 1813 nix,
699 1768 744 1805 et
764 1764 913 1816 capilli
933 1767 1002 1806 ca·

168 1818 272 1871 pitis
296 1819 388 1871 ejus
412 1819 538 1871 quasi
562 1819 661 1860 lana
681 1820 858 1862 munda:
883 1821 1000 1863 thro-

167 1887 250 1916 nus
278 1876 370 1927 ejus
398 1875 586 1916 flammae
615 1876 743 1926 ignis:
771 1881 883 1918 rotae
912 1878 1002 1928 ejus

168 1932 280 1982 ignis
299 1933 521 1973 accensus.
549 1931 730 1974 Fluvius
749 1935 918 1983 igneus,
937 1947 1001 1975 ra-

168 1987 388 2040 pidusque
408 1987 717 2039 egrediebatur
733 2002 758 2030 a
774 1989 884 2032 facie
900 1991 1002 2043 ejus.

170 2044 306 2086 Millia
331 2044 515 2086 millium
540 2045 848 2088 ministrabant
874 2047 930 2096 ei,
959 2053 1003 2088 et

170 2100 318 2143 decies
343 2101 501 2143 millies
528 2104 711 2144 centena
736 2102 872 2144 millia
897 2104 1002 2145 assi-

171 2157 345 2199 stebant
366 2158 420 2199 ei:
448 2157 657 2210 judicium
674 2157 808 2209 sedit,
838 2164 881 2201 et
903 2159 1003 2202 libri

171 2215 312 2266 aperti
344 2219 456 2256 sunt.
501 2215 785 2267 Aspiciebam
818 2221 1004 2268 propter

172 2283 329 2312 vocem
348 2273 599 2313 sermonum
617 2271 866 2322 grandium,
892 2286 1003 2326 quos

171 2339 308 2368 cornu
354 2327 462 2369 illud
502 2327 783 2380 loquebatur:
828 2335 873 2370 et
914 2330 1003 2371 vidi

171 2383 380 2434 quoniam
398 2384 628 2426 interfecta
648 2390 764 2427 esset
783 2385 937 2436 bestia,
959 2392 1004 2428 et

171 2439 376 2492 periisset
402 2452 564 2492 corpus
588 2442 696 2493 ejus,
725 2447 769 2484 et
792 2441 1004 2484 traditum

172 2501 289 2538 esset
308 2495 366 2538 ad
385 2496 732 2540 comburendum
750 2499 849 2549 igni.

221 2554 272 2605 Βι-
294 2556 478 2599 Factum
497 2563 564 2599 est
583 2559 803 2600 silentium
818 2560 861 2600 in
876 2559 1003 2609 coelo,

172 2612 278 2654 dum
321 2616 617 2656 committeret
658 2615 823 2657 bellum
867 2615 1003 2657 draco

172 2682 272 2711 cum
299 2670 513 2712 Michaele
541 2671 837 2723 Archangelo:
859 2668 881 2692 *
915 2673 1002 2713 Au-

424 157 495 190 Die
519 158 572 190 29.
598 156 699 198 Sept.
748 156 789 189 In
814 155 1069 190 Dedicationc
1094 155 1129 189 S.
1155 155 1356 189 Michaelis
1380 156 1627 199 Archangeli.

1054 246 1146 289 dita
1165 252 1233 289 est
1260 260 1349 289 vox
1373 246 1509 288 millia
1533 245 1716 287 millium
1741 243 1885 286 dicen-

1053 304 1176 345 tium:
1201 304 1343 354 Salus,
1366 303 1510 344 honor
1529 306 1574 344 et
1593 302 1730 343 virtus
1750 301 1886 343 omni-

1053 360 1223 412 potenti
1241 361 1350 402 Deo.
1378 362 1427 412 V,
1453 357 1590 399 Msslia
1607 357 1792 399 millium
1810 357 1886 398 mi-

1054 416 1301 458 nistrabant
1337 417 1394 466 ei,
1437 420 1481 457 et
1518 413 1666 456 decies
1702 415 1886 456 centena

1053 472 1187 514 millia
1207 473 1474 515 assistebant
1494 471 1544 513 ei.
1573 469 1739 513 Audita
1758 474 1835 512 est.

1159 546 1310 587 Lectio
1331 546 1369 586 ii.
1597 546 1700 598 Cap.
1717 547 1781 587 10.

1144 606 1185 650 ie
1221 612 1368 649 autem
1403 606 1615 657 vigesima
1650 609 1696 648 et
1732 610 1889 657 quarta

1156 663 1319 704 mensis
1345 663 1492 715 primi,
1520 675 1642 704 eram
1667 662 1787 713 juxta
1810 662 1886 703 flu-

1052 720 1173 760 vium
1196 732 1419 770 magnum,
1447 719 1521 771 qui
1547 723 1615 760 est
1638 718 1795 769 Tigris.
1831 718 1888 760 Et

1052 775 1197 817 levavi
1217 775 1371 817 oculos
1391 788 1531 825 meos,
1557 779 1601 816 et
1620 774 1726 816 vidi:
1752 779 1796 817 et
1820 787 1887 817 ec-

1053 844 1104 874 ce
1123 832 1189 873 vir
1207 845 1320 873 unus
1338 834 1526 874 vestitus
1546 831 1682 882 lineis,
1703 836 1747 873 et
1761 843 1888 873 renes

1054 890 1146 940 ejus
1172 889 1359 931 accincti
1385 901 1494 931 auro
1524 887 1695 930 obrizo:
1723 893 1767 930 et
1793 900 1887 930 cor-

1053 958 1137 997 pus
1162 946 1254 997 ejus
1280 945 1405 997 quasi
1429 943 1741 996 chrysolithus,
1767 948 1811 986 et
1829 944 1888 985 fa-

1055 1001 1143 1043 cies
1168 1002 1260 1053 ejus
1278 1001 1401 1043 velut
1415 1001 1597 1054 species
1616 1000 1816 1052 fulguris,
1845 1006 1889 1042 et

1054 1058 1171 1099 oculi
1186 1058 1276 1110 ejus
1291 1062 1339 1100 ut
1353 1057 1524 1110 lampas
1538 1056 1713 1098 ardens:
1733 1061 1777 1099 et
1790 1056 1887 1099 bra-

1054 1114 1153 1156 chia
1189 1115 1297 1166 ejus,
1333 1119 1376 1156 et
1414 1127 1514 1167 quae
1546 1113 1756 1155 deorsum
1787 1118 1890 1156 sunt

1053 1183 1194 1222 usque
1213 1170 1271 1212 ad
1285 1170 1438 1223 pedes,
1459 1170 1586 1223 quasi
1600 1169 1774 1223 species
1788 1170 1889 1211 aeris

1055 1226 1299 1269 candentis:
1329 1232 1372 1269 et
1400 1239 1488 1269 vox
1515 1228 1770 1269 sermonum
1797 1227 1890 1278 ejus

1054 1288 1102 1325 ut
1127 1296 1216 1325 vox
1244 1283 1547 1326 multitudinis.
1602 1282 1708 1324 Vidi
1743 1287 1890 1325 autem

1055 1352 1138 1390 ego
1163 1340 1322 1382 Daniel
1346 1340 1469 1382 solus
1495 1340 1726 1382 visionem:
1753 1351 1889 1392 porro

1054 1396 1135 1437 viri
1168 1397 1243 1449 qui
1273 1402 1398 1439 erant
1430 1409 1619 1446 mecum,
1651 1409 1740 1438 non
1771 1395 1888 1438 vide-

1053 1458 1169 1495 runt:
1204 1452 1285 1495 sed.
1312 1458 1458 1495 terror
1486 1453 1644 1494 nimius
1672 1453 1796 1494 irruit
1822 1466 1888 1494 su-

1054 1522 1134 1562 per
1163 1522 1257 1559 eOS,
1286 1515 1330 1552 et
1359 1510 1565 1561 fugerunt
1589 1509 1634 1550 in
1658 1509 1889 1552 abscondi·

1053 1571 1157 1607 tum.
1221 1566 1318 1617 Ego
1361 1571 1509 1609 autem
1552 1566 1732 1608 relictus
1768 1565 1890 1607 solus

1054 1622 1144 1664 vidi
1175 1623 1391 1665 visionem
1427 1622 1641 1674 grandem
1676 1622 1805 1664 hanc:
1846 1627 1891 1664 et

1054 1691 1142 1720 non
1164 1680 1376 1722 remansit
1393 1680 1438 1720 in
1462 1692 1532 1722 me
1552 1678 1783 1730 fortitudo,
1810 1679 1891 1721 sed

1055 1740 1099 1777 et
1135 1736 1308 1789 species
1345 1749 1445 1778 mea
1480 1736 1712 1778 immutata
1748 1740 1815 1778 est
1846 1736 1891 1776 in

1053 1804 1139 1842 me,
1174 1797 1218 1834 et
1246 1793 1454 1842 emarcui,
1487 1805 1570 1835 nec
1602 1792 1738 1835 habui
1768 1791 1891 1845 quid-

1055 1861 1188 1900 quam
1207 1861 1376 1890 vmum.

1106 1916 1156 1966 R.
1201 1914 1333 1956 Stetit
1370 1914 1566 1965 Angelus
1607 1914 1728 1966 juxta
1769 1926 1891 1956 aram

1054 1970 1218 2023 templi,
1237 1970 1405 2013 habens
1424 1970 1695 2012 thuribulum
1710 1973 1891 2012 aureum

1055 2027 1099 2067 in
1116 2039 1249 2069 manu
1269 2040 1359 2078 sua,
1379 2032 1424 2070 et
1443 2027 1548 2069 data
1567 2031 1669 2068 sunt
1688 2026 1728 2068 ei
1745 2026 1890 2068 incen-

1056 2095 1104 2124 sa
1123 2084 1274 2126 multa:
1293 2086 1316 2109 *
1336 2084 1394 2126 Et
1413 2083 1612 2126 ascendit
1630 2083 1775 2125 fumus
1794 2085 1888 2125 aro-

1054 2145 1221 2182 matum
1241 2141 1296 2182 de
1315 2153 1447 2182 manu
1464 2139 1624 2191 Angeli
1642 2140 1687 2180 in
1706 2141 1888 2192 conspe-

1056 2200 1130 2237 ctu
1154 2197 1344 2238 Domini.
1378 2192 1429 2244 V.
1456 2197 1508 2237 In
1534 2197 1777 2248 conspectu
1802 2196 1889 2236 An-

1055 2252 1255 2304 gelorum
1279 2253 1467 2306 psallam
1490 2252 1584 2295 tibi:
1613 2251 1813 2294 adorabo
1833 2252 1890 2293 ad

1055 2309 1270 2361 templum
1295 2314 1497 2351 sanctum
1522 2314 1664 2358 tuum,
1693 2312 1737 2349 et
1756 2308 1889 2350 confi-

1055 2365 1185 2407 tebor
1205 2366 1371 2408 nomini
1389 2370 1467 2408 tuo
1485 2364 1684 2407 Domine.
1713 2364 1780 2406 Et.

1358 2439 1510 2481 Lectio
1531 2438 1586 2479 iii.

1138 2510 1156 2546 t
1175 2503 1323 2546 audivi
1336 2517 1494 2546 vocem
1511 2506 1764 2545 sermonum
1783 2504 1890 2556 ejus:

1147 2566 1191 2603 et
1215 2560 1398 2602 audiens
1421 2560 1617 2612 jacebam
1637 2562 1889 2602 consterna-

1055 2623 1126 2659 tus
1151 2629 1286 2669 super
1312 2616 1470 2658 faciem
1488 2629 1650 2666 meam,
1679 2621 1724 2658 et
1742 2616 1889 2658 vultus

1055 2686 1180 2715 meus
1203 2673 1402 2715 haerebat
1423 2678 1565 2715 terrae.
1600 2673 1658 2714 Et
1677 2685 1781 2715 ecce
1800 2685 1888 2713 ma-
