2040 2944
193 164 262 200 398

246 261 345 303 Ant.
373 259 455 311 Qui
480 257 659 309 diligitis
678 259 927 309 Deminum,
950 259 1021 300 130-

192 315 344 356 tamini
372 315 414 355 in
443 315 650 366 Demino,
683 321 727 357 et
755 316 1022 358 confitemini

191 372 415 414 memeriae
444 372 690 414 sanctitatis
719 374 821 425 ejus.

244 439 294 491 V.
309 440 420 482 Justi
445 446 591 483 autem
616 442 660 482 in
678 443 943 495 perpetuum
962 442 1020 482 vi—

190 502 303 538 vent.
362 499 502 566 Rn‘Et
533 498 653 552 apud
685 499 922 540 Deminum
954 504 1021 540 est

189 566 360 596 merces
388 567 552 596 eorum.

192 637 345 679 Lectio
371 638 510 679 sancti
527 638 754 690 Evangelii
779 638 1020 680 secandum

474 694 743 736 Matthaeum.

270 759 421 801 Lectio
444 760 511 800 vii.
782 759 885 811 Cap.
906 759 943 798 5.

236 837 264 864 n
278 824 353 866 illo
369 827 584 878 tempore:
603 826 774 868 Videns
789 826 813 867 J
817 839 918 867 esus
933 831 1019 868 tur-

252 881 344 932 bas,
365 883 564 925 ascendit
578 883 622 923 in
635 889 842 932 montem,
863 888 906 925 et
921 896 1020 924 cum

187 937 385 988 sedisset,
405 941 686 981 accesserunt
705 939 762 981 ad
778 953 877 981 eum
892 938 1019 981 disci-

186 994 278 1046 puli
300 995 402 1046 ejus.
430 996 487 1037 Et
506 996 686 1048 reliqua.

294 1087 484 1128 Homilia
513 1087 654 1129 sancti
681 1087 917 1140 Augustini

485 1145 708 1197 Episcopi.

193 1212 275 1247 Lib.
302 1213 329 1246 1.
356 1213 402 1246 de
428 1212 611 1247 Sermone
636 1212 793 1246 Domini
818 1211 856 1245 in
880 1214 1020 1251 monte,

476 1262 548 1295 sub
572 1260 733 1295 initium.

199 1329 210 1341 ν
220 1332 305 1374 ,3531
318 1318 527 1371 quaeritur
539 1319 645 1370 quid
657 1319 872 1370 significet
881 1333 1019 1370 mons,

196 1372 253 1380 ’”
267 1372 286 1431 ’ἓξ
304 1374 416 1416 bene
423 1375 677 1426 intelligitur
687 1375 932 1426 significare
941 1390 1021 1418 ma-

208 1428 286 1456 1ῑῖ1
306 1432 397 1483 jera
429 1433 656 1484 praecepta
687 1433 879 1483 justitiae,
919 1434 1020 1485 quia

188 1487 358 1529 minera
396 1493 538 1537 erant,
577 1501 676 1541 quae
712 1489 879 1530 Judaeis
917 1489 1020 1531 data

189 1549 299 1585 sunt.
340 1544 462 1586 Unus
493 1549 639 1586 tamen
667 1545 788 1587 Deus
816 1559 897 1599 per
925 1560 1019 1588 san-

189 1605 285 1641 0108
321 1601 563 1653 prophetas
599 1607 642 1643 et
679 1602 868 1644 famulos
904 1616 1020 1654 suos,

189 1657 431 1699 secundum
471 1657 843 1701 ordinatissimam
879 1659 1019 1702 distri-

189 1713 417 1756 butienem
431 1716 692 1768 temporum,
713 1715 836 1758 dedit
851 1717 1020 1759 minera

189 1773 415 1823 praecepta
441 1772 621 1824 pepulo,
647 1785 778 1825 quem
801 1772 946 1815 adhuc
967 1775 1018 1815 ti-

188 1829 312 1868 mere
331 1827 500 1879 alligari
520 1829 769 1896 oportebat:
790 1835 833 1872 et
853 1843 934 1883 per
953 1831 1019 1872 Fi-

188 1881 294 1924 lium
323 1897 451 1925 suum
479 1886 644 1936 majera
671 1886 855 1939 pepulo,
890 1900 1020 1939 quem

190 1941 372 1982 caritate
413 1942 497 1992 jam
532 1941 709 1983 liberari
744 1945 1019 1986 convenerat.

191 1996 301 2038 Cum
315 2003 462 2040 autem
475 1998 645 2040 minera
659 1999 912 2050 minoribus,
930 2014 1018 2042 ma-

189 2054 281 2105 jera
304 2055 541 2107 majeribus
566 2055 737 2106 dantur,
762 2057 818 2099 ab
844 2070 897 2099 eo
918 2057 1019 2099 dan-

189 2115 277 2160 tur,
306 2112 381 2164 qui
409 2112 529 2154 solus
554 2112 676 2155 nevit
706 2116 1020 2165 congruentem

190 2168 279 2208 suis
295 2169 568 2221 temporibus
583 2170 733 2221 generi
744 2169 936 2212 humano
948 2183 1018 2212 ex—

188 2222 342 2266 hibere
361 2225 634 2268 medicinam.

288 2289 396 2335 Sint
414 2291 551 2333 lumbi
565 2291 700 2333 vestri
718 2292 956 2344 praecincti,
976 2298 1020 2334 et

189 2343 260 2386 luc
290 2358 380 2388 mae
409 2347 614 2389 ardentes
646 2347 691 2388 in
718 2347 920 2389 manibus
948 2361 1018 2390 ve-

190 2401 308 2442 stris:
339 2410 362 2434 *
382 2402 439 2444 Ε1
467 2416 547 2444 vos
577 2404 739 2445 similes
768 2404 1018 2446 hominibus

191 2459 551 2510 exspectantibus
602 2460 827 2502 deminum
877 2474 1018 2510 suum,

192 2513 369 2566 quando
389 2518 634 2557 revertatur
649 2530 673 2557 a
689 2517 864 2569 nuptiis.
883 2517 934 2568 V,
946 2518 1018 2558 Vi-

191 2570 324 2622 gilAte
346 2584 468 2622 ergo,
489 2573 590 2624 quia
609 2574 786 2614 nescitis
808 2586 894 2626 qua
911 2573 1019 2614 hora

190 2627 407 2670 Deminus
431 2633 576 2670 vester
601 2633 811 2671 venturus
839 2630 907 2671 sit.
952 2630 1018 2671 Et.

247 2697 409 2738 Bened.
437 2698 632 2746 Quorum
650 2694 810 2735 festum
825 2694 1019 2735 celimus.

605 155 675 189 Die
704 156 729 189 1.
755 155 998 189 Novembris.
1046 155 1223 189 Omnium
1246 156 1483 191 Sanctorum.

1366 260 1517 301 Lectio
1538 260 1620 300 viii.

1074 314 1220 420 Nec
1256 319 1412 360 mirum
1450 325 1534 370 est,
1581 320 1702 374 quod
1744 319 1903 362 dantur

1195 378 1420 429 praecepta
1443 378 1609 430 majera
1632 382 1815 430 propter
1839 390 1902 419 re-

1073 445 1206 484 gnum
1243 433 1473 483 coelerum,
1519 438 1562 475 et
1596 434 1764 476 minera
1800 433 1903 476 data

1074 495 1174 531 sunt
1194 495 1377 542 propter
1396 502 1577 541 regnum
1596 492 1828 540 terrenum,
1847 490 1903 532 ab

1074 546 1231 588 eedem
1256 559 1344 588 uno
1369 547 1484 596 Deo,
1514 547 1588 599 qui
1615 547 1718 589 fecit
1743 547 1904 590 coelum

1074 608 1117 645 et
1146 609 1319 645 terram.
1376 604 1444 645 De
1476 603 1559 645 hae
1594 616 1698 655 ergo
1731 604 1904 656 justitia,

1074 673 1173 713 quae
1198 662 1336 714 major
1360 666 1437 711 est,
1460 673 1540 714 per
1559 660 1823 714 prophetam
1842 660 1903 703 di-

1073 717 1198 759 citur:
1212 718 1236 758 J
1238 718 1386 760 ustitia
1400 723 1476 759 tua
1492 717 1604 759 810111
1618 722 1791 774 111011108
1806 717 1904 759 Dei:

1074 779 1117 815 et
1130 773 1217 816 hoc
1231 774 1344 816 bene
1359 774 1585 825 significat,
1607 772 1727 826 quod
1744 773 1799 816 ab
1814 786 1904 815 uno

1072 833 1296 881 magistro,
1322 831 1419 873 solo
1445 830 1658 873 docendis
1682 831 1815 872 tantis
1839 843 1904 872 re·

1073 887 1154 929 bus
1173 886 1347 937 ideneo,
1373 887 1557 930 docetur
1576 888 1620 928 in
1638 892 1799 929 monte.
1832 888 1904 929 Se-

1074 943 1182 986 dens
1210 950 1356 986 autem
1387 943 1534 994 docet,
1567 944 1689 997 quod
1715 944 1906 996 pertinet

1073 1001 1130 1042 ad
1150 1001 1409 1052 dignitatem
1426 1002 1676 1053 magisterii.
1707 1001 1765 1043 Et
1783 1004 1903 1043 acce—

1074 1058 1182 1100 dunt
1201 1058 1257 1100 ad
1284 1072 1382 1100 eum
1409 1058 1613 1111 discipuli
1637 1060 1740 1110 ejus,
1765 1064 1814 1101 ut
1833 1071 1904 1100 au-

1073 1115 1244 1157 diendis
1258 1115 1375 1157 illius
1390 1115 1536 1157 verbis
1550 1115 1595 1156 hi
1611 1120 1759 1157 essent
1773 1116 1905 1157 etiam

1074 1175 1263 1225 cerpore
1291 1173 1537 1222 vicinieres,
1562 1172 1641 1240 qui
1666 1172 1903 1225 praeceptis

1073 1228 1368 1282 adimplendis
1394 1229 1526 1270 etiam
1553 1229 1698 1271 animo
1724 1229 1903 1282 propin-

1074 1286 1279 1338 quabant.
1312 1287 1369 1327 Et
1388 1286 1589 1339 aperiens
1610 1298 1660 1327 os
1681 1299 1806 1327 suum
1827 1285 1902 1328 do-

1074 1343 1201 1384 cebat
1221 1355 1309 1393 eos,
1328 1342 1489 1385 dicens.
1517 1343 1607 1384 Ista
1623 1342 1903 1384 circumlocu-

1072 1400 1153 1449 tio,
1183 1413 1269 1452 qua
1294 1399 1512 1449 scribitur,
1539 1399 1596 1441 Et
1623 1399 1824 1452 aperiens
1853 1412 1903 1441 os

1074 1469 1210 1505 suum,
1236 1456 1436 1498 fortassis
1461 1456 1559 1509 ipsa
1583 1468 1708 1497 mora
1732 1457 1903 1498 comen·

1074 1513 1150 1555 dat
1181 1514 1405 1566 aliquanto
1438 1513 1683 1564 longierem
1710 1513 1903 1555 futurum

1073 1583 1171 1612 esse
1192 1572 1452 1612 sermenem.
1479 1569 1577 1611 Nisi
1591 1569 1705 1611 forte
1724 1582 1813 1611 non
1831 1583 1902 1612 va-

1074 1631 1161 1676 cet,
1199 1627 1319 1679 quod
1355 1639 1469 1668 nunc
1505 1639 1605 1668 eum
1638 1625 1806 1667 dictum
1835 1630 1904 1668 est

1074 1686 1299 1736 aperuisse
1328 1696 1378 1725 os
1405 1696 1546 1732 suum,
1581 1682 1702 1735 quod
1731 1682 1827 1735 ipse
1858 1682 1903 1724 in

1072 1739 1170 1791 lege
1185 1738 1323 1782 veteri
1342 1741 1514 1793 aperire
1529 1739 1694 1781 soleret
1707 1751 1786 1780 ora
1801 1751 1902 1791 pro-

1072 1797 1315 1849 phetarum.

1128 1869 1179 1920 R.
1201 1865 1349 1908 Media
1385 1871 1517 1908 nocte
1554 1865 1720 1908 clamor
1760 1865 1901 1908 factus

1074 1928 1158 1965 est:
1187 1925 1211 1950 *
1239 1923 1357 1965 Ecce
1390 1935 1579 1975 sponsus
1610 1922 1749 1969 venit,
1786 1924 1901 1964 exite

1074 1979 1249 2021 ebviam
1274 1979 1323 2021 ei.
1359 1975 1411 2028 V.
1427 1977 1671 2020 Prudentes
1686 1978 1901 2028 Virgines

1073 2038 1222 2088 aptate
1267 2041 1436 2078 vestras
1479 2034 1720 2088 lampades.
1773 2035 1900 2076 Ecce.

1075 2092 1226 2134 Gleria
1244 2093 1374 2134 Patri.
1410 2092 1538 2134 Ecce.

1376 2174 1528 2216 Lectio
1548 2174 1602 2215 ix.

1077 2226 1235 2350 Quid
1254 2256 1360 2295 ergo
1381 2243 1507 2286 dicit?
1536 2244 1663 2285 Beati
1682 2247 1900 2296 pauperes

1193 2301 1364 2353 spiritu:
1389 2301 1595 2353 queniam
1617 2301 1815 2353 ipserum
1834 2305 1901 2342 est

1072 2370 1253 2408 regnum
1287 2357 1511 2399 coelerum.
1560 2357 1765 2407 Legimus
1798 2357 1900 2398 scri-

1072 2419 1197 2466 ptum
1217 2413 1271 2455 de
1287 2413 1557 2466 appetitiene
1572 2426 1717 2454 rerum
1731 2418 1899 2466 tempo-

1072 2470 1242 2511 ralium:
1262 2470 1419 2512 Omnia
1433 2470 1614 2519 vanitas,
1634 2475 1678 2511 et
1692 2473 1900 2522 praesum-

1071 2527 1166 2579 ptio
1199 2527 1388 2580 spiritus.
1432 2527 1726 2579 Praesumptio
1754 2531 1901 2568 autem

1072 2583 1269 2636 spiritus,
1305 2582 1532 2624 audaciam
1571 2587 1614 2623 et
1650 2582 1900 2635 superbiam

1072 2639 1298 2690 significat.
1355 2638 1502 2689 Vulgo
1546 2638 1678 2679 etiam
1715 2651 1899 2689 magnos

1072 2695 1251 2747 spiritus
1282 2693 1462 2747 superbi
1489 2693 1651 2736 habere
1680 2693 1900 2736 dicuntur:
