2040 2944
600 175 672 209 Die
696 176 726 209 6.
752 149 868 219 Sept..
901 175 935 210 s.
960 175 1202 210 Philumenae
1224 175 1331 219 Virg.
1356 180 1393 210 et
1414 176 1523 210 Mart.

536 273 701 313 Oratio.

291 340 379 377 eus,
409 329 482 380 qui
508 329 621 370 inter
645 331 793 371 cetera
816 331 1030 383 potentiae

302 389 391 426 tuae
406 385 616 427 miracula
632 388 763 428 etiam
778 387 820 427 in
833 400 941 428 sexu
956 387 1032 428 fra·

200 440 274 491 gili
303 441 535 483 victoriam
562 444 758 496 martyrii
790 443 1031 486 contulisti:

201 496 395 539 concede
427 500 662 552 propitius,
700 505 747 542 ut
781 501 855 552 qui
886 500 1030 542 beatae

200 553 488 603 Philumenae,
522 556 715 607 Virginis
748 562 792 599 et
823 557 1030 609 Martyris

200 615 300 660 tuae,
323 611 519 653 natalitia
539 613 734 663 colimus,
758 627 838 666 per
864 614 954 666 ejus
974 613 1031 656 ad

200 672 244 708 te
269 668 470 720 exempla
494 668 756 719 gradiamur.
795 671 880 712 Per
904 671 1030 711 Dfim.

252 729 294 762 In
326 728 352 762 Ι.
383 729 582 763 Nocturno
614 729 818 764 Lectiones
853 730 900 764 de
932 730 1029 765 Scri-

202 782 312 819 ptura
338 783 571 811 occurrente.

433 830 481 869 In
505 831 555 868 II.
580 830 803 870 Nocturno.

503 890 654 931 Lectio
676 891 729 931 iv.

210 956 245 991 t„
272 950 418 994 ff'nter
447 947 593 988 cetera
618 947 861 1000 Martyrum
887 948 1031 1000 sepul-

211 994 244 1061 j
272 998 312 1061 ‘³325ss
339 1002 453 1052 chra,
480 1016 578 1055 quae
602 1003 645 1043 in
665 1005 920 1046 coemeterio
940 1005 1029 1046 Pri-

226 1057 251 1082 ’ἓ
271 1057 307 1082 ³⁵*
339 1058 474 1100 scillae
503 1059 559 1100 ad
587 1060 703 1101 viam
726 1061 939 1102 Salariam
966 1074 1030 1103 re-

201 1115 335 1167 periri
359 1115 512 1165 solent,
536 1115 646 1158 illud
671 1117 838 1159 exstitit
859 1131 946 1170 quo
967 1131 1031 1159 re-

201 1171 395 1224 positum
416 1172 556 1214 fuerat
577 1178 743 1214 sanctae
762 1173 1031 1215 Philumenae

202 1240 373 1280 corpuS,
398 1229 462 1270 uti
488 1241 542 1270 ex
566 1229 722 1270 tumuli
747 1230 1032 1283 inscriptione

201 1284 342 1326 tribus
361 1285 583 1326 laterculis
607 1287 813 1338 apposita
836 1287 1031 1340 perlege—

200 1341 341 1382 batur.
386 1342 511 1384 Licet
535 1355 641 1384 vero
667 1344 844 1385 inventa
867 1343 1031 1386 ibidem

201 1398 330 1439 fuerit
355 1398 502 1451 phiala
529 1400 765 1450 sanguinis,
793 1406 836 1442 et
861 1401 945 1442 alia
970 1402 1029 1442 in-

200 1454 373 1508 sculpta
389 1456 748 1508 conspicerentur
758 1458 955 1509 martyrii
970 1458 1030 1498 in-

200 1512 351 1561 signia,
367 1511 605 1553 dolendum
618 1517 765 1554 tamen
785 1518 863 1564 est,
883 1527 955 1555 res
975 1514 1030 1556 ab

200 1567 356 1609 eadem
388 1573 550 1618 gestas,
587 1571 775 1621 actaque
810 1583 862 1611 ac
894 1584 1031 1621 genus

198 1625 394 1677 martyrii
423 1625 545 1677 quod
573 1626 669 1678 ipsa
698 1625 812 1676 fecit,
842 1626 1031 1669 obscura

198 1681 455 1733 perstitisse.
507 1682 712 1724 Ceterum
739 1683 814 1724 ubi
842 1684 1031 1736 primum

201 1750 373 1779 sacrum
396 1738 482 1780 hoc
507 1751 681 1791 corpus,
708 1752 763 1780 ex
787 1739 1031 1782 beneficen-

200 1794 260 1835 tia
287 1795 352 1835 Pii
384 1795 559 1847 septimi
591 1796 714 1836 initio
747 1797 1032 1848 pontificatus

202 1852 293 1902 ejus
312 1853 554 1904 acceptum,
570 1852 705 1893 cultui
720 1851 863 1894 fidelis
877 1854 1031 1906 populi

201 1908 478 1960 propesitum
493 1908 572 1949 fuit
583 1908 791 1959 Mugnani
805 1909 848 1949 in
859 1910 1032 1951 Nolana

202 1963 393 2014 dioecesi,
409 1964 561 2015 ingens
576 1964 693 2006 illico
709 1965 837 2007 famae
853 1966 1031 2008 celebri-

200 2025 268 2060 tas
297 2033 349 2062 ac
377 2021 530 2071 religio
561 2034 663 2071 erga
692 2027 890 2063 sanctam
918 2023 1030 2064 Mar-

200 2081 340 2127 tyrem
376 2077 646 2129 percrebuit,
688 2079 935 2130 praesertim
973 2079 1030 2121 ob

201 2132 340 2182 signa,
374 2147 472 2185 quae
499 2134 694 2185 ejusdem
724 2134 934 2187 praesidio
963 2149 1031 2178 ac-

202 2191 388 2231 cessisse
415 2190 609 2242 undique
638 2190 872 2232 ferebatur.
917 2193 1032 2235 Hinc

203 2244 364 2286 factum
391 2251 458 2288 est
482 2252 529 2287 ut
553 2246 846 2299 complurium
866 2249 1030 2290 antisti-

201 2306 304 2350 tum,
331 2302 637 2355 cultorumque
655 2303 862 2356 Martyris
881 2311 1031 2358 postu-

201 2357 438 2400 lationibus
453 2363 680 2412 permotus
698 2361 939 2411 Gregorius
959 2362 1030 2404 de-

203 2414 340 2465 cimus
378 2422 526 2456 sextus
564 2417 767 2459 Pontifex
803 2418 1031 2468 Maximus,

203 2470 405 2511 universa
437 2473 498 2513 rei
531 2473 700 2515 ratione
733 2478 903 2516 mature
934 2488 1030 2527 per—

204 2528 352 2578 pensa,
372 2527 530 2568 festum
547 2528 742 2580 ejusdem
757 2543 856 2571 cum
873 2531 1031 2573 Officio

204 2588 247 2624 et
263 2583 397 2624 Missa
416 2584 459 2624 in
477 2588 720 2628 memorata
734 2587 906 2629 Nolana
927 2588 1030 2629 dioe-

203 2640 293 2680 cesi
313 2646 356 2681 et
378 2640 480 2682 alibi
500 2641 716 2691 agendum
731 2642 920 2694 benigne
935 2658 1030 2696 per-

203 2697 381 2739 miserit.

1139 276 1190 328 Rz.
1221 275 1412 328 Propter
1438 275 1688 327 veritatem,
1724 282 1769 320 et
1794 291 1913 319 man-

1084 331 1378 382 suetudinem,
1406 337 1451 374 et
1475 333 1697 384 justitiam:
1714 334 1737 360 *
1758 334 1815 376 Et
1840 334 1912 376 de-

1084 388 1217 430 ducet
1247 394 1291 431 te
1325 389 1584 431 mirabiliter
1617 390 1800 432 dextera
1826 395 1914 433 tua.

1088 441 1138 493 V.
1158 445 1313 498 Specie
1335 451 1412 487 tua
1431 451 1476 487 et
1493 445 1820 499 pulchritudine
1837 452 1914 490 tua

1083 501 1278 552 intende,
1303 504 1518 555 prospere
1544 502 1755 555 procede,
1781 509 1824 546 et
1849 516 1912 546 re-

1083 572 1178 609 gna.
1206 560 1263 600 Et
1282 558 1486 601 deducet.

1215 638 1366 679 Sermo
1395 637 1535 679 sancti
1563 637 1788 680 Ambrosii

1388 694 1612 746 Episcopi.

1211 760 1294 794 Lib.
1321 760 1348 794 1.
1375 759 1421 793 de
1445 758 1563 802 Virg.‚
1589 758 1691 792 circa
1715 757 1796 792 init.

1396 811 1549 852 Lectio
1570 825 1607 851 v.

1088 846 1344 970 Quomam
1362 862 1495 906 hodie
1514 864 1671 906 natalis
1691 869 1759 907 est
1771 865 1914 916 Virgi-

1193 920 1276 969 nis,
1318 921 1472 962 invitat
1504 934 1620 962 nunc
1650 921 1914 972 integritatis

1084 990 1223 1027 amor,
1250 982 1298 1018 ut
1323 977 1489 1030 aliquid
1509 976 1564 1019 de
1584 978 1835 1029 virginitate
1854 978 1914 1020 di-

1085 1037 1251 1076 camus:
1276 1047 1331 1075 ne
1351 1034 1486 1076 veluti
1510 1034 1697 1076 transitu
1722 1034 1915 1086 quodam

1083 1092 1333 1143 praestricta
1368 1090 1588 1141 videatur,
1626 1104 1725 1143 quae
1756 1091 1915 1144 princi·

1084 1147 1199 1200 palis
1233 1152 1300 1188 est
1331 1147 1480 1189 virtus.
1534 1147 1638 1189 Non
1667 1148 1783 1189 enim
1810 1147 1913 1190 ideo

1085 1203 1320 1245 laudabilis
1340 1204 1585 1255 virginitas,
1615 1204 1716 1257 quia
1738 1204 1783 1245 in
1802 1204 1914 1246 Mar-

1084 1260 1255 1314 tyribus
1291 1263 1523 1313 reperitur:
1567 1261 1647 1303 sed
1683 1261 1785 1314 quia
1818 1261 1916 1314 ipsa

1085 1318 1305 1370 Martyres
1333 1318 1476 1359 faciat.
1531 1318 1638 1368 Quis
1667 1323 1814 1360 autem
1839 1317 1915 1360 hu-

1084 1378 1215 1416 mano
1237 1387 1334 1415 eam
1354 1375 1498 1427 possit
1521 1374 1696 1425 ingenio
1717 1387 1916 1428 compre-

1083 1430 1292 1480 hendere,
1318 1444 1450 1483 quam
1468 1444 1550 1472 nec
1569 1434 1726 1472 natura
1745 1431 1836 1472 suis
1854 1431 1915 1472 in-

1085 1487 1215 1529 clusit
1246 1487 1440 1538 legibus?
1475 1488 1566 1530 Aut
1599 1488 1697 1540 quis
1728 1488 1916 1530 naturali

1083 1557 1194 1586 voce
1214 1544 1468 1597 complecti,
1496 1544 1617 1597 quod
1635 1557 1770 1598 supra
1788 1558 1915 1586 usum

1083 1604 1252 1643 naturae
1295 1599 1374 1643 sit?
1430 1602 1468 1642 E
1513 1601 1627 1644 coelo
1672 1602 1915 1652 accersivit,

1085 1658 1206 1709 quod
1224 1658 1468 1700 imitaretur
1487 1659 1531 1699 in
1550 1658 1690 1700 terris.
1721 1657 1761 1699 N
1766 1670 1817 1700 ec
1839 1658 1916 1700 im·
1988 1692 1989 1698 ,

1083 1715 1242 1757 merito
1263 1714 1440 1756 vivendi
1459 1714 1543 1757 sibi
1562 1728 1691 1756 usum
1712 1715 1916 1768 quaesivit

1085 1784 1108 1813 e
1129 1771 1260 1822 coelo,
1287 1784 1386 1824 quae
1411 1784 1626 1824 sponsum
1649 1771 1732 1814 sibi
1750 1771 1916 1814 invenit

1083 1829 1127 1870 in
1147 1829 1274 1870 coelo.

1139 1889 1190 1940 R.
1220 1890 1426 1932 Dilexisti
1453 1890 1680 1942 justitiam,
1709 1895 1754 1932 et
1781 1889 1915 1932 odisti

1084 1947 1374 1999 iniquitatem:
1397 1946 1419 1969 *
1445 1947 1690 2000 Propterea
1719 1946 1843 1989 unxit
1870 1952 1915 1988 te

1085 2003 1223 2053 Deus,
1277 2003 1399 2045 Deus
1444 2010 1545 2046 tuus
1592 2004 1691 2046 oleo
1739 2003 1915 2046 laetitiae.

1087 2052 1136 2104 V.
1161 2060 1350 2113 Propter
1375 2061 1622 2111 veritatem,
1649 2065 1693 2102 et
1718 2073 1915 2101 mansue-

1084 2116 1294 2167 tudinem,
1314 2122 1357 2159 et
1375 2118 1595 2170 justitiam.
1622 2118 1877 2173 Propterea.

1388 2181 1540 2223 Lectio
1562 2182 1615 2221 vi.

1182 2259 1246 2288 aec
1265 2247 1416 2297 nubes,
1441 2250 1554 2298 aera,
1573 2249 1781 2300 AngeIOS,
1803 2246 1914 2289 side-

1193 2316 1330 2356 raque
1349 2305 1698 2355 transgrediens,
1717 2303 1916 2347 Verbum

1085 2361 1166 2402 Dei
1190 2361 1233 2401 in
1258 2362 1356 2414 ipso
1383 2361 1480 2402 sinu
1499 2362 1643 2403 Patris
1662 2361 1843 2410 invenit,
1872 2367 1916 2403 et

1084 2423 1180 2460 toto
1201 2418 1347 2460 hausit
1365 2419 1557 2470 pectore.
1581 2418 1696 2459 Nam
1711 2417 1809 2470 quis
1823 2423 1914 2458 tan-

1085 2480 1188 2524 tum,
1205 2488 1303 2516 cum
1314 2475 1541 2524 invenerit,
1557 2474 1776 2526 relinquat
1788 2474 1914 2516 boni?

1086 2532 1366 2582 Unguentum
1397 2532 1513 2573 enim
1546 2531 1814 2573 exinanitum
1847 2537 1915 2572 est

1085 2601 1244 2629 nomen
1259 2593 1397 2629 tuum:
1411 2589 1650 2640 propterea
1663 2587 1914 2629 adolescen-

1084 2645 1190 2686 tulae
1216 2644 1462 2686 dilexerunt
1485 2649 1547 2693 te,
1576 2649 1619 2685 et
1642 2646 1915 2686 attraxerunt

1085 2707 1142 2743 te.
1172 2702 1420 2751 Postremo,
1439 2714 1527 2743 non
1545 2714 1692 2743 meum
1712 2706 1779 2744 est
1796 2700 1915 2752 illud,
