2040 2944
666 195 777 229 Feria
802 195 969 229 secunda
995 195 1043 229 ad
1067 195 1301 229 Matutinum.
1785 190 1827 225 41

187 287 255 329 Ne
274 289 445 329 avertas
464 287 620 328 faeiem
638 291 757 328 tuam
776 299 801 327 a
818 298 907 327 me:
934 285 958 311 *

136 356 190 384 ne
209 343 400 385 declines
419 344 462 384 in
480 344 545 385 ira
563 356 589 384 a
608 355 736 384 servo
755 347 843 384 tuo.

187 407 374 460 Adjutor
391 421 513 450 meus
534 412 644 449 esto:
662 407 686 432 *
704 419 758 448 ne
778 405 958 451 derelin-

139 476 245 516 quas
264 477 344 515 me,
363 477 505 517 neque
522 463 736 517 despicias
754 476 824 504 me
838 463 958 504 Deus

136 520 336 562 salutaris
355 534 488 563 meus.

189 587 403 636 Quoniam
428 591 554 639 pater
580 598 718 636 meUS,
752 590 795 626 et
821 589 959 626 mater

136 655 234 684 mea
253 642 577 695 dereliquerunt
599 655 687 684 me:
704 642 727 668 *
747 641 959 682 Dominus

137 704 282 741 autem
309 699 543 752 asstimpsit
560 712 641 740 me.

179 764 342 815 Legem
360 777 476 817 pone
498 763 603 805 mihi
621 763 807 804 Domine
827 762 871 802 in
890 762 959 803 via

136 826 229 862 tua:
247 821 271 846 *
291 826 334 862 et
354 820 492 871 dirige
518 833 588 862 me
611 820 655 861 in
673 818 878 861 ‘semitam
896 831 958 859 re-

138 881 252 918 ctam
265 882 448 930 propter
466 877 663 918 inimicos
683 889 816 917 meos,

188 942 256 984 Ne
284 942 516 984 tradideris
543 955 613 984 me
641 942 684 982 in
704 942 868 983 animas
886 941 958 982 tri-

136 998 378 1041 bulantium
409 1012 500 1041 me:
533 1000 557 1025 *
591 999 795 1052 quoniam
824 998 959 1039 insur-

137 1057 342 1097 rexerunt
382 1056 426 1096 in
467 1068 537 1097 me
573 1054 872 1106 testes‘iniqui,
918 1059 961 1096 et

137 1114 317 1154 mentita
338 1117 403 1154 est
420 1112 623 1164 iniquitas
643 1111 735 1153 sibi.

191 1176 334 1218 Credo
360 1176 509 1218 videre
536 1176 652 1219 bona
670 1175 847 1217 Domini
868 1175 892 1201 *
915 1175 959 1216 in

137 1238 255 1276 terra
272 1233 518 1275 viventium.

188 1298 408 1351 Exspecta
415 1298 660 1348 Dominum,
672 1297 851 1345 viriliter
866 1310 960 1348 age:

137 1354 162 1380 *
205 1359 249 1397 et
293 1355 562 1397 confortetur
607 1368 683 1396 cor
726 1359 866 1405 tuum,
918 1359 961 1395 et

137 1411 302 1454 sustine
329 1412 574 1466 Dominum.

406 1491 603 1532 Psalmus
630 1491 694 1531 27.

219 1559 249 1602 d
283 1565 327 1602 te
362 1560 549 1601 Domine
585 1558 803 1609 clamabo,
840 1559 959 1600 Deus

243 1630 366 1658 meus
381 1629 435 1658 ne
450 1616 578 1658 sileas
594 1629 619 1657 a
633 1628 718 1657 me:
733 1616 756 1641 *
770 1618 959 1668 nequan-

138 1672 196 1714 do
214 1675 362 1715 taceas
388 1686 414 1714 a
431 1686 516 1723 me,
536 1677 580 1714 et
598 1671 869 1714 assimilabor
889 1671 959 1714 de-

79 1734 83 1738 ”
137 1729 444 1771 scendentibus
462 1729 506 1770 in
524 1728 677 1770 lacum.

190 1788 361 1831 Exa1'1di
395 1789 582 1830 Domine
618 1801 773 1830 vocem
809 1787 959 1840 depre-

140 1846 321 1887 cationis
335 1859 445 1887 meae
463 1845 566 1887 dum
581 1858 660 1887 oro
676 1844 732 1886 ad
751 1849 794 1886 te
805 1860 812 1884 :
823 1844 846 1870 *
857 1843 960 1885 dum

140 1901 303 1944 extollo
337 1915 488 1944 manus
521 1915 640 1944 meas
668 1900 725 1943 ad
751 1900 960 1953 templum

139 1963 336 2000 sanctum
354 1963 485 2001 tuum.

190 2019 258 2061 Ne
277 2019 404 2061 simul
427 2018 574 2061 trahas
597 2031 667 2059 me
693 2030 791 2059 cum
809 2030 960 2069 pecca-

139 2075 321 2118 toribus:
348 2077 372 2102 *
400 2081 444 2118 et
469 2089 567 2117 cum
587 2073 867 2127 operantibus
885 2073 960 2114 ini-

142 2132 351 2184 quitatem
370 2145 424 2174 ne
442 2131 602 2185 perdas
621 2143 707 2172 me.

193 2193 276 2243 Qui
303 2193 540 2246 loquuntur
567 2204 722 2255 pacem
746 2203 844 2232 cum
862 2192 960 2243 pro-

106 2257 108 2260 ·
140 2249 257 2291 ximo
268 2263 359 2300 suo,
373 2249 525 2290 *mala
539 2253 684 2290 autem
697 2247 742 2288 in
756 2246 961 2289 cordibus

141 2307 302 2348 eorum.

191 2366 261 2409 Da
281 2367 366 2408 illis
385 2365 623 2408 secundum
647 2366 782 2417 opera
801 2366 961 2413 eorum,

141 2423 164 2449 *
184 2428 228 2467 et
250 2423 488 2465 secundum
506 2421 742 2474 nequitiam
761 2420 961 2462 adinven-

141 2480 308 2522 tionum
326 2481 532 2533 ipsorum.

194 2540 441 2590 Secundum
456 2542 590 2592 opera
599 2540 802 2580 manuum
813 2538 963 2578 eorum

143 2597 285 2639 tribue
304 2597 406 2638 illis:
431 2597 454 2622 *
479 2595 615 2637 redde
635 2593 963 2636 retributionem

144 2655 294 2695 eorum
311 2653 428 2706 ipsis.

196 2714 409 2764 Quoniam
418 2726 505 2755 non
515 2711 817 2754 intellexerunt
828 2711 963 2762 opera

296 2857 359 2882 Pars
377 2855 544 2881 Aummnalis.

1009 285 1194 336 Domini,
1214 291 1258 328 et
1275 287 1318 327 in
1335 289 1468 339 opera
1482 289 1686 328 manuum
1701 287 1789 338 ejus
1805 286 1828 311 *

1011 341 1208 384 destrues
1218 342 1325 393 illos,
1342 349 1385 385 et
1395 356 1482 385 non
1493 342 1730 384 aedificabis
1742 355 1828 383 eos,

1061 403 1322 445 Benedictus
1336 404 1564 445 Dominus:
1583 404 1606 429 *
1627 403 1829 455 quoniam

1011 459 1230 501 exaudivit
1291 473 1445 501 vocem
1511 459 1828 512 deprecationis

1009 528 1131 557 meae.

1062 577 1273 618 Dominus
1289 576 1459 628 adjutor
1477 590 1609 627 meus
1629 581 1672 618 et
1686 577 1829 628 prote-

1011 637 1106 674 ctor
1124 646 1264 674 meus:
1291 634 1314 658 *
1341 634 1385 674 in
1411 634 1508 685 ipso
1536 633 1728 685 speravit
1754 645 1830 673 cor

1010 702 1164 740 meum,
1185 694 1228 731 et
1246 689 1416 742 adjutus
1435 702 1540 730 sum.

1062 751 1119 791 Et
1145 750 1340 791 refloruit
1367 763 1469 791 caro
1497 762 1612 790 mea:
1644 750 1667 775 *
1699 754 1742 790 et
1777 761 1830 790 ex

1011 806 1234 848 voluntate
1253 819 1350 847 mea
1368 805 1609 848 confitebor
1628 805 1677 846 ei.

1062 867 1275 908 Dominus
1293 866 1504 909 fortitndo
1523 865 1663 918 plebis
1683 879 1788 907 suae:
1807 866 1830 891 *

1012 929 1056 966 et
1089 925 1315 976 protector
1350 923 1637 964 salvationum
1674 922 1832 963 Christi

1011 980 1078 1021 sui
1098 985 1174 1021 est.

1063 1041 1238 1082 Salvum
1261 1040 1329 1081 fac
1359 1039 1570 1092 populum
1597 1043 1718 1081 tuum
1745 1038 1831 1079 Do-

1012 1098 1136 1147 mine,
1157 1102 1200 1138 et
1217 1096 1402 1138 benedic
1420 1095 1665 1137 haereditati
1684 1100 1787 1136 tuae:
1809 1095 1831 1119 *

1013 1159 1056 1195 et
1075 1166 1177 1204 rege
1198 1166 1284 1203 eOS,
1312 1158 1355 1194 et
1383 1151 1542 1194 extolle
1570 1151 1667 1192 illos
1695 1163 1832 1203 usque

1012 1210 1055 1250 in
1074 1211 1294 1251 aeternum.

1071 1278 1170 1318 Ant.
1220 1278 1431 1320 Dominus
1479 1277 1680 1319 defensor
1731 1276 1831 1317 vitae

1012 1348 1133 1377 meae.

1069 1404 1168 1444 Ant.
1197 1404 1405 1446 Adorate.

1282 1486 1478 1526 Psalmus
1506 1485 1569 1525 28.

1094 1558 1219 1599 fferte
1233 1557 1422 1598 Domino
1438 1555 1514 1596 filii
1528 1555 1624 1596 Dei:
1644 1555 1667 1580 *
1682 1555 1832 1596 afferte

1118 1614 1309 1655 Domino
1328 1612 1441 1654 filios
1461 1614 1654 1653 arietum.

1063 1675 1230 1715 Afferte
1256 1674 1445 1714 Domino
1478 1672 1659 1722 gloriam
1688 1676 1730 1713 et
1758 1671 1831 1712 ho-

1011 1733 1172 1780 norem,
1192 1730 1343 1771 afferte
1358 1729 1547 1769 Domino
1562 1727 1744 1778 gloriam
1758 1729 1831 1767 no-

1011 1787 1114 1827 mini
1143 1787 1250 1838 ejus:
1276 1786 1299 1811 *
1328 1785 1508 1827 adorate
1532 1784 1765 1825 Dominum
1788 1783 1831 1823 in

1012 1844 1123 1885 atrio
1143 1847 1293 1884 sancto
1314 1843 1414 1894 ejus.

1062 1905 1162 1946 Vox
1189 1903 1365 1944 Domini
1391 1914 1522 1954 super
1548 1913 1694 1953 aquas,
1712 1900 1830 1941 Deus

1011 1960 1247 2012 majestatis
1299 1958 1500 2000 intonuit:
1548 1957 1572 1982 *
1620 1956 1830 1997 Dominus

1012 2029 1143 2070 super
1162 2029 1297 2068 aquas
1316 2014 1483 2056 multas
1667 2025 1671 2030 ·

1069 2080 1165 2119 Vox
1201 2075 1377 2117 Domini
1411 2075 1455 2115 in
1486 2074 1662 2115 virtute:
1694 2073 1717 2098 *
1744 2085 1831 2114 vox

1011 2133 1188 2174 Domini
1206 2133 1249 2173 in
1267 2130 1594 2182 magnificentia.

1064 2194 1166 2235 Vox
1200 2192 1376 2234 Domini
1417 2189 1723 2240 confringentis
1765 2201 1830 2229 ce-

1014 2250 1135 2292 dros:
1161 2250 1184 2275 *
1209 2254 1252 2290 et
1276 2247 1517 2297 confringet
1534 2245 1745 2287 Dominus
1765 2257 1830 2285 ce-

1013 2306 1117 2347 dros
1135 2305 1306 2347 Libani:

1064 2367 1120 2407 Et
1140 2367 1402 2407 comminuet
1429 2375 1502 2404 eas
1529 2367 1751 2413 tamquam
1773 2362 1830 2401 vi-

1013 2422 1150 2464 tulum
1171 2421 1342 2463 Libani:
1364 2420 1388 2445 *
1415 2424 1458 2460 et
1481 2418 1662 2460 dilectus
1688 2429 1830 2468 quem—

1014 2477 1250 2520 admodum
1268 2476 1381 2517 filius
1398 2473 1678 2517 unicornium.

1065 2539 1167 2580 Vox
1191 2537 1366 2578 Domini
1391 2533 1686 2577 intercidentis
1714 2532 1830 2572 flam-

1014 2608 1128 2636 mam
1138 2594 1265 2645 ignis:
1258 2594 1298 2619 ·*
1308 2606 1395 2634 vox
1404 2591 1579 2633 Domini
1589 2588 1829 2631 concutien-

1014 2652 1069 2693 tis
1098 2651 1334 2693 desertum:
1362 2653 1406 2690 et
1433 2644 1722 2689 commovebit
1744 2643 1829 2683 Do-

1014 2708 1153 2749 minus
1174 2706 1393 2748 desertum
1413 2704 1564 2746 Cades
