2040 2944
344 1110 696 1189 OFFICIA
735 1068 1075 1190 VOTIVA
1122 1115 1295 1192 PER
1337 1115 1675 1194 ANNUM.

161 1282 276 1343 Officia
299 1291 358 1318 haec
382 1292 484 1319 Votiva
507 1299 557 1328 per
579 1299 684 1319 annum
706 1293 762 1320 n‘tu
787 1293 964 1329 Semiduplici
989 1303 1040 1330 pro
1065 1296 1179 1331 singulis
1202 1296 1384 1324 hebdomadae
1410 1296 1510 1330 Feriis,
1542 1305 1559 1323 a
1582 1296 1696 1323 Summo
1722 1295 1858 1323 Pontifiee

214 1331 308 1358 Leone
326 1331 404 1359 ΧΙΙΙ.
422 1340 472 1367 per
490 1333 640 1361 Decretum
658 1334 743 1362 Urbis
765 1337 792 1360 et
811 1334 893 1360 Orbis
911 1334 1060 1362 Sacrorum
1078 1337 1194 1363 Rituum
1214 1337 1439 1370 Congregationis
1458 1338 1502 1364 die
1520 1337 1543 1363 5.
1562 1336 1630 1363 Julii
1649 1336 1715 1362 1883
1738 1335 1859 1369 generali

157 1370 270 1396 Indulto
287 1378 430 1405 concessa,
454 1373 575 1406 persolvi
598 1377 726 1408 possunt,
751 1373 827 1407 juxta
844 1373 918 1400 idem
937 1374 1091 1410 Industum,
1115 1376 1176 1402 loeo
1196 1376 1357 1403 Officiorum
1377 1377 1525 1404 Ferialium
1548 1375 1764 1408 occurrentium,
1789 1382 1855 1408 quo-

155 1416 275 1443 cumque
292 1410 357 1436 anni
375 1413 512 1445 tempore3
530 1413 652 1447 exeeptis
671 1413 751 1440 Feria
771 1413 818 1439 IV.
837 1413 980 1446 OEnerum,
999 1414 1086 1441 Feriis
1104 1416 1188 1442 totius
1207 1415 1339 1449 temporis
1358 1416 1512 1450 Passionis,
1531 1423 1563 1443 ac
1581 1415 1657 1442 Sacri
1675 1414 1823 1441 Adventus
1841 1422 1858 1441 a

156 1448 200 1475 die
219 1449 259 1476 17.
278 1449 314 1476 ad
331 1449 372 1476 24.
392 1450 555 1478 Decembris
572 1452 713 1479 inclusive.
749 1452 861 1478 Habent
879 1452 956 1486 juxta
974 1453 1124 1489 Rubricas,
1143 1459 1227 1489 prout
1245 1454 1298 1481 alia
1316 1455 1398 1482 Festa
1417 1455 1613 1490 Semiduplicia
1630 1461 1731 1480 novem
1749 1454 1856 1481 Lectio-

155 1495 234 1522 num,
258 1491 317 1515 tum
342 1489 624 1518 Commemorationes
649 1492 736 1518 Feriae
760 1495 787 1518 et
812 1492 886 1518 Festi
909 1492 1046 1527 Simplicis
1070 1495 1253 1528 occurrentis,
1282 1498 1340 1521 tum
1364 1503 1467 1521 nonam
1491 1494 1651 1521 Lectionem
1676 1494 1711 1519 de
1734 1493 1857 1520 Homilia

155 1535 239 1562 super
256 1528 436 1562 Evangelium
455 1530 578 1564 ejusdem
596 1531 695 1565 Feriae,
720 1535 769 1558 aut
787 1532 822 1558 de
840 1531 950 1558 Sancto.
986 1533 1139 1560 Adduntur
1157 1534 1441 1561 Commemorationes
1459 1542 1632 1567 communeS‚
1651 1541 1699 1560 seu
1718 1533 1855 1567 Suffragia

155 1567 328 1601 Sanctorum,
346 1571 377 1595 ut
394 1568 422 1595 in
441 1569 589 1604 Psalterio,
613 1570 636 1597 si
655 1570 781 1598 facienda
799 1571 865 1605 sint,
890 1571 993 1598 omissa
1011 1573 1280 1600 Commemoratione
1298 1574 1369 1607 ejus,
1394 1574 1429 1600 de
1449 1581 1505 1608 quo
1525 1573 1556 1599 fit
1573 1573 1697 1599 officium
1715 1573 1856 1599 Votivum.

155 1605 185 1632 Si
202 1605 246 1633 die
262 1607 430 1641 praecedenti
447 1611 496 1635 aut
513 1610 639 1643 sequenti
662 1614 790 1637 occurrat
814 1610 945 1637 Officium
968 1611 1043 1638 aliud
1066 1613 1263 1647 quodcumque
1286 1621 1386 1639 novem
1410 1613 1586 1646 Lectionum,
1609 1612 1741 1646 Vesperae
1764 1611 1856 1639 Officii

422 1647 516 1675 Votivi
531 1649 667 1676 currentis
684 1650 846 1676 ordinandae
865 1654 946 1677 erunt
962 1650 1040 1684 juxta
1058 1651 1210 1679 Rubricam
1229 1652 1264 1679 de
1282 1653 1472 1680 Concurrentia
1491 1652 1591 1686 Officii.

357 1804 392 1845 P
406 1817 427 1845 r
442 1817 468 1846 ο
496 1805 531 1846 F
545 1819 570 1848 e
585 1819 606 1847 r
622 1807 636 1847 i
651 1821 676 1849 a
703 1809 724 1849 I
740 1809 772 1849 I.
1060 1807 1272 1850 Draconis
1293 1808 1364 1849 hic
1383 1807 1524 1850 dirum
1544 1812 1676 1860 caput

382 1858 557 1894 Officium
581 1862 755 1896 votivum
1108 1866 1159 1905 In
1177 1865 1264 1906 ima
1282 1865 1406 1918 pellit
1423 1867 1597 1915 tartara,

302 1914 363 1956 de
391 1917 585 1960 Sanctis
612 1919 832 1970 Angelis.
1109 1921 1365 1974 Ducemque
1385 1934 1483 1963 cum
1500 1920 1737 1963 rebellibus

439 1975 698 2021 Semiduplex.
1109 1977 1291 2019 Coelesti
1310 1977 1364 2019 ab
1384 1990 1484 2019 arce
1502 1977 1710 2019 fulminat.

369 2044 430 2085 In
455 2045 492 2086 1,
511 2046 762 2097 vesperis,
1062 2042 1222 2084 Contra
1241 2042 1397 2084 ducem
1415 2042 1632 2096 superbiae

208 2103 295 2137 Ant.
322 2107 357 2137 et
382 2103 503 2148 Capit.
529 2106 575 2141 de
598 2107 717 2142 Laud.
742 2109 840 2153 [205]
1107 2099 1350 2151 Sequamur
1368 2099 1482 2140 hunc
1500 2111 1582 2140 nos
1600 2097 1852 2151 principem,

207 2154 352 2189 Psalmi
377 2162 417 2191 ut
440 2158 479 2191 in
502 2158 528 2192 Ι.
551 2159 735 2203 Vesperis
761 2161 808 2195 de
834 2161 976 2195 Comm.
1108 2155 1167 2197 Ut
1186 2154 1314 2197 detur
1333 2168 1387 2197 ex
1405 2155 1519 2207 Agni
1537 2155 1695 2197 throno

157 2203 292 2246 Apost.
319 2206 366 2250 [2]
1107 2211 1248 2253 Nobis
1268 2215 1430 2254 cor6na
1447 2212 1610 2264 gloriae.

459 2257 670 2330 Hymnus.
883 2322 891 2330 ⁸
1062 2277 1186 2327 Patri,
1206 2277 1420 2330 simulque
1438 2277 1560 2326 Filio,

208 2336 215 2351 1
241 2333 300 2375 ,eye
321 2320 538 2386 splendor,
559 2326 603 2363 et
621 2327 757 2364 virtus
775 2322 928 2373 Patns,
1107 2333 1295 2386 Tibl'que
1315 2338 1463 2374 sancte
1482 2332 1677 2386 Spiritus,

200 2384 217 2399 ³
307 2377 371 2419 ΤΘ
391 2383 491 2443 V1ta3
508 2378 622 2429 Jesu'
642 2378 849 2430 cordium,
1108 2390 1227 2431 Sicut
1246 2390 1335 2439 fuit,
1356 2390 1410 2431 sit
1428 2389 1583 2442 jugiter

235 2432 305 2475 Ab
325 2446 401 2475 01⁴3
422 2447 495 2486 qul
513 2435 705 2487 pendent
723 2441 811 2486 tuo,
1108 2445 1294 2487 Saeelum
1312 2459 1392 2498 per
1412 2458 1540 2487 omne
1558 2446 1707 2497 gloria.

234 2489 482 2532 Laudamus
501 2492 614 2533 inter
632 2492 838 2544 Angelos.
1340 2503 1493 2543 Amen,

185 2552 283 2595 Tibi
302 2555 418 2597 mille
438 2555 573 2598 densa
591 2557 773 2599 millium
1018 2569 1020 2572 ·
1082 2554 1131 2603 V.
1145 2559 1451 2611 Inconspectu
1467 2557 1734 2609 Angelorum
1746 2558 1851 2611 psal-

236 2610 407 2652 Ducum
426 2616 589 2655 cortina
606 2614 777 2656 militat:
1030 2615 1116 2656 lam
1143 2614 1221 2656 tibi
1245 2615 1365 2656 Deus
1389 2627 1523 2655 meus.
1568 2616 1614 2667 R.
1639 2614 1849 2657 Adorabo

234 2666 321 2708 Sed
341 2668 528 2721 explicat
546 2671 686 2712 victor
705 2683 878 2712 erucem
1030 2671 1086 2713 ad
1104 2671 1315 2723 templum
1332 2676 1529 2713 sanctum
1542 2675 1674 2722 tuum,
1694 2676 1736 2712 et
1751 2683 1848 2712 con-

236 2723 422 2765 Michael
440 2725 591 2768 salutis
610 2727 797 2778 signifer.
1029 2727 1186 2769 fitebor
1205 2728 1366 2769 nomini
1382 2733 1470 2770 tuo.

310 2865 372 2890 Pars
388 2866 556 2892 Autumnus.
1589 2857 1643 2890 N*
