2040 2944
786 191 991 226 Dominica
1017 190 1067 224 ad
1090 190 1253 224 Laudes.
1834 183 1876 218 15

421 308 500 349 Ad.
522 307 730 349 Laudes.

254 387 331 415 eus
367 374 413 415 in
449 373 712 425 adjuterium
748 386 895 414 meum
931 372 991 413 in-

263 430 407 472 tende.
432 434 479 485 Rg.
506 429 696 471 Demine
716 429 773 470 ad
788 428 991 481 adjuvan-

161 487 266 529 dum
281 500 352 528 me
367 487 535 529 festina.
553 486 707 528 Gleria
717 485 848 535 Patri,
860 490 940 526 etc.
953 486 990 525 2.

162 543 361 595 Alleluia.

216 619 277 653 Ab
315 617 463 652 Octava
498 617 748 651 Pentecostes
784 626 906 658 usque
944 615 993 648 ad

163 667 395 702 Adventum.

215 723 316 764 Ant.
344 720 540 771 Allelnja.

441 805 641 845 Psalmus
660 805 724 844 92.

295 873 466 914 ominus
481 871 691 922 regnavit,
707 870 915 912 decorem
930 868 990 907 in-

282 923 286 973 }
312 929 444 971 dutus
470 934 552 970 est:
570 929 594 954 *
613 927 793 969 indutus
817 930 884 967 est
903 925 990 965 Do—

189 1014 200 1015 *
220 987 285 1015 7--2‘2
310 987 454 1027 minus
474 984 794 1032 fortitudinem,
819 987 863 1023 et
881 994 991 1034 prae-

160 1043 296 1084 cinxit
314 1055 372 1084 se.

210 1104 386 1146 Etenim
411 1102 603 1144 firmavit
627 1101 781 1143 orbem
800 1105 949 1149 terrae,
969 1100 992 1125 *

162 1161 237 1213 qui
255 1173 345 1202 non
365 1158 727 1201 commovebitur.

210 1221 372 1262 Parata
404 1219 533 1270 sedes
565 1224 642 1261 tua
674 1231 728 1260 ex
760 1223 880 1259 tunc:
911 1218 935 1242 *
967 1230 993 1257 a

161 1277 325 1319 saeculo
344 1282 393 1319 tu
412 1290 470 1319 es.

211 1339 509 1381 Elevaverunt
533 1337 714 1379 flumina
739 1335 944 1377 Demine:
969 1335 992 1360 *

161 1395 444 1437 elevaverunt
471 1394 652 1436 filimina
675 1405 832 1434 vocem
857 1404 992 1433 suam.

212 1455 510 1498 Elevaverunt
535 1454 715 1496 fiumina
740 1454 900 1495 fluctus
925 1466 991 1493 su-

161 1525 223 1563 OS,
237 1513 262 1539 *
277 1525 303 1553 a
317 1511 502 1554 vocibus
518 1513 732 1563 aquarum
747 1509 993 1551 multarum.

212 1573 438 1615 Mirabiles
462 1572 676 1614 elationes
699 1571 846 1612 maris:
869 1571 892 1596 *
917 1570 992 1610 mi-

162 1629 312 1671 rabilis
331 1630 376 1670 in
396 1629 495 1671 altis
514 1629 743 1671 Deminus.

213 1690 490 1732 Testimc'mia
516 1695 593 1732 tua
620 1688 847 1731 credibilia
878 1688 994 1728 facta

162 1751 264 1788 sunt
290 1747 436 1787 nimis:
459 1747 483 1772 *
509 1745 690 1787 domum
716 1750 839 1786 tuam
866 1743 995 1785 decet

163 1802 416 1844 sanctitudo
453 1802 643 1844 Domine
679 1802 725 1842 in
760 1799 994 1851 longitudi-

165 1872 266 1901 nem
285 1859 466 1901 dierum.

441 1934 640 1975 Psalmus
660 1935 726 1973 99.

169 2002 397 2109 Jubilate
416 2010 515 2052 Deo
535 2009 678 2051 omnis
702 2013 834 2050 terra:
860 2009 884 2035 *
909 2022 995 2050 ser-

243 2068 333 2108 vite
351 2066 546 2108 Domino
565 2066 610 2107 in
629 2065 792 2107 laetitia.

217 2128 404 2169 Introite
428 2127 473 2167 in
498 2128 742 2179 conspectu
772 2127 879 2178 ejus⁷
904 2126 928 2151 *
953 2126 997 2166 in

167 2184 472 2226 exsultatione.

219 2244 387 2286 Scitote
420 2244 629 2296 quoniam
655 2243 874 2284 Dominus
902 2242 997 2294 ipse

169 2306 236 2343 est
258 2301 395 2342 Deus:
418 2301 442 2327 *
465 2300 561 2353 ipse
585 2299 690 2342 fecit
713 2312 814 2348 nos,
841 2303 885 2340 et
909 2311 998 2339 non

168 2357 254 2410 ipsi
271 2370 365 2398 nos.

220 2418 417 2470 Populus
454 2418 561 2469 eju&
598 2420 642 2457 et
679 2428 784 2457 oves
820 2417 998 2467 pascuae

171 2475 276 2526 ejus:
295 2474 318 2500 *
338 2475 516 2515 introite
540 2476 692 2525 portas
719 2472 810 2522 ejus
829 2471 873 2511 in
898 2483 998 2511 con-

170 2531 374 2580 fessione,
395 2530 506 2571 atria
521 2529 612 2580 ejus
631 2528 676 2568 in
691 2527 879 2579 hymnis:
899 2539 999 2567 con-

170 2587 355 2628 fitemini
374 2586 448 2626 illi.

148 2683 160 2690 .
223 2646 422 2688 Laudate
454 2658 614 2687 nornen
652 2645 757 2696 ejus:
794 2643 1001 2695 quoniam

172 2703 319 2744 suavis
351 2708 418 2744 est
448 2702 680 2750 D6minus,
713 2700 757 2740 in
788 2700 1001 2740 aeternum

1043 278 1348 320 misericordia
1381 279 1487 330 ejus,
1519 279 1542 304 *
1576 283 1619 320 et
1655 292 1794 331 usque
1830 280 1874 320 in

1044 335 1373 384 generatiOnem
1394 340 1438 376 et
1455 335 1786 385 generationem
1805 337 1874 376 ve-

1044 391 1150 432 ritas
1171 392 1272 443 ejus.

1326 452 1520 491 l'salmus
1540 454 1604 490 (52.

1050 505 1213 610 Deus
1232 504 1354 545 Deus
1373 516 1497 545 meus
1517 504 1540 529 *
1561 504 1617 545 ad
1640 509 1683 546 te
1704 504 1759 546 de
1778 504 1875 546 luce

1160 560 1305 610 vigilo.

1097 617 1244 658 Sitivit
1267 617 1311 656 in
1334 621 1379 658 te
1403 617 1548 657 anima
1567 629 1680 666 mea,
1699 618 1723 643 *
1744 630 1875 669 quam

1045 673 1347 726 multipliciter
1365 672 1446 714 tibi
1466 686 1569 714 caro
1588 686 1697 715 mea.

1097 731 1149 770 In
1169 735 1287 771 terra
1307 729 1498 778 deserta,
1524 735 1567 770 et
1586 730 1719 779 invia,
1746 735 1789 771 et
1813 730 1874 770 in-

1045 788 1232 838 aquosa:
1263 787 1287 812 *
1320 786 1383 826 sic
1420 786 1465 826 in
1503 791 1656 827 sancto
1690 787 1875 838 apparui

1044 842 1140 891 tibi,
1163 847 1212 884 ut
1231 842 1427 883 viderem
1445 842 1652 884 virtutem
1671 847 1806 892 tuam,
1832 848 1875 884 et

1044 899 1231 949 gloriam
1250 904 1381 940 tuam.

1097 955 1316 1006 Quoniam
1349 955 1502 996 melior
1535 960 1602 996 est
1632 955 1874 996 misericer-

1046 1012 1118 1053 dia
1151 1017 1227 1053 tua
1259 1025 1392 1064 super
1424 1012 1551 1053 vitas:
1580 1012 1602 1037 *
1629 1011 1745 1052 labia
1778 1025 1875 1053 mea

1044 1068 1288 1110 laudabunt
1306 1073 1361 1109 te.

1097 1125 1169 1166 Sic
1192 1124 1450 1166 benedicam
1472 1130 1516 1166 te
1540 1124 1584 1164 in
1609 1124 1698 1165 vita
1723 1137 1834 1165 mea:
1852 1125 1875 1150 *

1046 1186 1090 1223 et
1122 1181 1166 1221 in
1199 1181 1376 1223 nemine
1413 1186 1490 1222 tuo
1528 1180 1684 1222 levabo
1720 1193 1875 1221 manus

1045 1251 1177 1279 meas.

1098 1295 1220 1336 Sicut
1236 1293 1365 1346 adipe
1378 1298 1421 1335 et
1434 1293 1698 1346 pinguedine
1710 1293 1874 1345 replea-

1045 1356 1116 1392 tur
1138 1351 1282 1391 anima
1303 1363 1414 1391 mea:
1434 1351 1457 1375 *
1477 1355 1521 1391 et
1541 1349 1669 1391 labiis
1689 1349 1873 1391 exsulta-

1044 1407 1178 1449 tionis
1197 1406 1395 1448 laudabit
1415 1419 1464 1447 os
1486 1419 1643 1447 meum.

1097 1464 1143 1505 Si
1167 1476 1337 1504 memor
1361 1463 1422 1504 fui
1444 1463 1509 1504 tui
1533 1475 1665 1514 super
1691 1467 1875 1503 stratum

1045 1533 1210 1569 meum,
1235 1520 1280 1559 in
1305 1519 1531 1560 matutinis
1555 1518 1805 1560 meditabor
1831 1519 1875 1558 in

1045 1581 1104 1618 te:
1123 1577 1146 1602 *
1167 1577 1269 1628 quia
1288 1575 1407 1616 fuisti
1426 1575 1599 1627 adjutor
1616 1588 1751 1616 meus.

1097 1634 1155 1674 Et
1173 1633 1218 1673 in
1237 1632 1485 1674 velamento
1511 1631 1677 1672 alarum
1701 1633 1875 1672 tuarum

1047 1689 1289 1738 exsultabo,
1305 1688 1492 1730 adhaesit
1503 1688 1647 1728 anima
1661 1700 1759 1728 mea
1774 1692 1876 1739 post

1046 1751 1105 1788 te:
1121 1747 1144 1771 *
1164 1758 1235 1787 me
1254 1745 1450 1796 suscepit
1469 1743 1650 1785 dextera
1670 1748 1756 1784 tua.

1099 1802 1192 1855 Ipsi
1216 1814 1322 1843 vero
1348 1801 1392 1841 in
1419 1813 1579 1841 vanum
1607 1799 1875 1852 quaesierunt

1048 1859 1238 1900 animam
1257 1870 1415 1905 meam,
1439 1856 1683 1898 introibunt
1706 1856 1750 1896 in
1772 1855 1875 1896 infe-

1047 1916 1166 1956 riora
1189 1919 1334 1956 terrae:
1353 1914 1376 1939 *
1395 1912 1626 1954 tradentur
1651 1912 1695 1952 in
1721 1924 1875 1952 manus

1047 1971 1193 2022 gladii,
1210 1975 1359 2023 partes
1379 1969 1576 2021 vnlpium
1597 1973 1735 2010 erunt.

1100 2028 1198 2069 Rex
1217 2039 1323 2068 vero
1344 2025 1567 2067 laetabitur
1590 2025 1635 2065 in
1653 2024 1766 2072 Deo,
1788 2023 1875 2064 lau-

1049 2083 1273 2125 dab1'mtur
1299 2095 1452 2123 omnes
1480 2081 1554 2133 qui
1579 2081 1721 2132 jurant
1744 2080 1789 2119 in
1809 2092 1877 2120 eo:

1048 2141 1072 2166 *
1099 2140 1201 2192 quia
1228 2138 1505 2180 obstructum
1529 2141 1596 2178 est
1623 2148 1673 2177 os
1698 2135 1875 2187 loquen-

1048 2197 1159 2238 tium
1177 2196 1337 2247 iniqua.

1107 2254 1181 2288 Hic
1197 2263 1274 2287 non
1293 2252 1433 2286 dicitur
1443 2249 1578 2285 Gloria
1593 2248 1709 2284 Patri.

1327 2306 1526 2348 Psalmus
1546 2308 1611 2346 66.

1056 2362 1224 2466 Deus
1256 2361 1515 2402 misereatur
1542 2360 1702 2409 nostri,
1735 2364 1779 2400 et
1805 2358 1877 2400 be-

1159 2417 1335 2459 nedicat
1354 2415 1500 2457 nobis:
1517 2417 1541 2442 *
1557 2416 1773 2457 illuminet
1787 2414 1875 2455 vul-

1050 2480 1146 2516 tum
1160 2486 1287 2514 suum
1302 2485 1436 2525 super
1450 2485 1542 2522 nos,
1563 2477 1606 2514 et
1619 2472 1877 2513 misereatur

1051 2530 1200 2571 nostri.

1104 2587 1164 2628 Ut
1192 2586 1512 2635 cognoscamus
1544 2583 1588 2623 in
1618 2588 1735 2624 terra
1762 2581 1876 2622 viam

1052 2648 1190 2684 tuam:
1205 2642 1228 2667 *
1243 2641 1288 2681 in
1306 2639 1510 2682 omnibus
1531 2639 1747 2680 Gentibus
1766 2636 1875 2677 salu-

1053 2700 1147 2739 tare
1166 2703 1300 2739 tuum.
