2040 2944
667 200 779 235 Feria
804 200 972 235 secunda
997 200 1046 234 ad
1070 200 1304 235 Matutinum.
1780 195 1824 230 43

182 291 395 342 Queniam
423 289 581 332 defecit
612 288 655 329 in
683 288 837 331 dolere
864 289 952 332 vita

130 360 242 389 mea:
261 347 284 373 *
304 352 348 389 et
366 347 465 389 anni
482 346 568 388 mei
586 345 629 386 in
648 345 889 396 gemitibus.

181 408 405 450 Infirmata
431 412 497 449 est
521 407 565 448 in
589 408 848 459 paupertate
870 407 951 448 vir-

129 470 199 507 tus
217 477 330 507 mea:
348 465 372 491 *
392 469 435 507 et
455 476 555 506 ossa
572 475 670 504 mea
694 462 952 505 conturbata

130 526 240 563 sunt

181 583 320 635 Super
350 594 500 623 omnes
528 580 724 622 inimicos
748 592 870 622 meos
894 580 951 622 fa-

131 644 225 681 ctus
262 652 357 680 sum
390 637 674 691 opprebrium
717 642 760 679 et
796 637 947 678 vicinis

130 696 237 737 meis
257 694 397 737 valde:
415 695 439 720 *
459 699 502 736 61
519 694 649 736 1111101
667 694 782 736 110118
799 694 918 735 111618.

183 756 266 807 Qui
284 754 490 797 videbant
513 767 594 804 me,
617 754 734 796 foras
752 754 953 805 fugerunt

132 826 157 854 a
178 825 264 854 me:
287 812 311 838 *
335 811 543 853 oblivieni
566 810 692 853 datus
718 824 823 860 sum,
847 816 951 852 tarn-

133 881 262 922 quam
279 870 476 910 mertuus
495 880 520 909 a
540 867 683 909 corde.

181 930 340 972 Factus
364 942 459 971 sum
476 934 698 981 tamquam
717 941 794 969 vas
811 927 952 980 perdi-

129 990 236 1028 tum:
250 986 273 1012 *
294 986 496 1039 queniam
514 984 660 1027 audivi
674 985 952 1037 vituperatie-

130 1055 230 1085 nem
260 1042 495 1084 multerum
522 1041 883 1084 commorantium
909 1041 953 1082 in

132 1099 323 1141 circuitu.

182 1161 233 1201 In
273 1172 326 1201 eo
367 1159 471 1201 dum
511 1160 792 1201 convenirent
827 1157 954 1199 simul

131 1215 363 1258 adversum
387 1228 468 1265 me,
492 1215 516 1242 *
541 1216 742 1268 accipere
767 1214 953 1256 animam

131 1285 273 1314 meam
292 1271 506 1314 consiliati
524 1276 633 1313 sunt.

183 1334 277 1384 Ego
293 1338 438 1375 autem
452 1333 495 1373 in
509 1337 553 1375 te
568 1332 742 1385 speravi
754 1332 954 1373 Demine:

131 1390 155 1416 *
174 1389 279 1432 dixi:
303 1390 423 1431 Deus
446 1401 568 1431 meus
595 1402 641 1431 es
665 1394 729 1431 tu:
754 1389 797 1429 in
822 1388 953 1430 mani-

131 1446 213 1488 bus
232 1446 317 1488 tuis
337 1451 478 1488 sortes
497 1459 618 1487 meae.

183 1507 315 1560 Eripe
346 1520 417 1548 me
445 1506 500 1549 de
527 1519 657 1548 manu
683 1505 955 1547 inimicerum

132 1566 340 1614 meerum‚
354 1564 378 1589 *
394 1569 437 1605 61
456 1577 481 1604 a
498 1562 860 1616 persequentibus
874 1575 954 1603 me.

183 1624 359 1666 Illustra
383 1624 539 1666 faciem
565 1629 684 1666 tuam
711 1635 842 1676 super
869 1635 954 1664 ser-

132 1695 235 1723 vum
251 1686 384 1730 tuum,
403 1680 570 1722 salvum
591 1693 662 1722 me
680 1679 748 1722 fac
765 1680 810 1720 in
831 1679 954 1720 mise-

133 1737 322 1779 ricerdia
347 1743 440 1779 tua:
467 1738 490 1763 *
518 1737 706 1778 Demine
736 1749 824 1778 non
856 1748 954 1778 6011-

132 1793 299 1843 fundar,
319 1793 523 1846 queniam
541 1793 742 1835 invocavi
760 1797 815 1835 te.

183 1854 454 1896 Erubescant
487 1854 626 1906 impii,
663 1858 707 1896 et
740 1853 955 1896 deducan-

131 1911 263 2010 t{lui-Risu
282 1911 510 1953 infernum:
529 1911 552 1936 *
571 1915 690 1953 muta
712 1910 818 1952 fiant
831 1909 956 1961 *labia

165 1981 192 2009 0
240 1981 298 2009 sa.

186 2029 293 2079 Quae
312 2028 550 2081 loquuntur
572 2027 781 2075 adversus
799 2028 958 2080 justum

134 2085 424 2137 iniquitatem,
451 2085 475 2111 *
502 2084 545 2125 in
579 2083 802 2137 superbia,
838 2088 882 2125 61
914 2084 958 2124 111

135 2141 353 2183 abusiene.

187 2203 327 2253 Quam
359 2214 516 2253 magna
548 2201 781 2244 multitudo
815 2201 957 2244 dulce-

137 2259 247 2300 dinis
267 2264 354 2300 tuae
371 2258 569 2308 Demine,
588 2259 611 2284 *
631 2271 761 2312 quam
779 2258 957 2300 abscon-

139 2315 240 2369 disti
257 2314 507 2357 timentibus
526 2319 581 2356 te.

188 2376 414 2418 Perfecisti
439 2375 515 2425 eis,
543 2375 616 2428 qui
638 2380 815 2428 sperant
838 2375 882 2415 in
904 2379 958 2423 te,

139 2434 161 2459 *
179 2433 223 2473 111
243 2434 481 2485 conspectu
499 2431 687 2473 filierum
704 2431 936 2472 heminum.

190 2493 449 2536 Abscendes
469 2505 544 2534 eos
563 2493 606 2533 in
625 2491 882 2534 abscendito
901 2491 959 2532 fa-

140 2550 220 2592 ciei
250 2555 338 2592 tuae
365 2550 388 2576 *
417 2563 442 2591 a
470 2548 799 2591 conturbatiene
825 2547 958 2589 hemi-

141 2620 254 2648 num.

191 2663 400 2713 Preteges
424 2675 500 2704 608
523 2662 566 2703 111
584 2660 865 2704 tabernaculo
883 2665 959 2702 tuo

141 2718 164 2743 *
184 2731 209 2759 a
228 2718 569 2761 contradictiene
587 2719 839 2769 linguarum.

1055 290 1317 333 Benedictus
1331 291 1559 333 Deminus:
1577 292 1601 317 *
1621 292 1823 344 queniam

1003 347 1248 389 mirificavit
1303 347 1645 390 misericerdiam
1701 361 1823 390 suam

1003 403 1108 444 mihi
1126 403 1169 444 in
1189 404 1362 446 civitate
1380 407 1554 446 munita.

1055 464 1150 514 Ego
1170 469 1314 506 autem
1334 464 1422 506 dixi
1446 465 1489 506 in
1509 467 1690 507 excessu
1707 479 1822 507 men-

1004 520 1058 562 tis
1085 533 1212 562 meae:
1239 521 1263 546 *
1289 521 1511 572 Proiectus
1539 535 1634 563 sum
1662 535 1687 563 a
1714 522 1823 564 facie

1005 577 1230 618 oculerum
1247 579 1430 619 tuerum.

1054 637 1162 680 Ideo
1196 637 1409 679 exaudisti
1436 651 1589 680 vocem
1616 639 1824 681 oratienis

1004 707 1125 744 meae,
1145 695 1168 720 *
1188 694 1291 736 dum
1311 693 1543 736 clamarem
1562 695 1617 737 ad
1635 700 1689 737 te.

1054 755 1231 806 Diligite
1253 755 1487 796 Deminum
1513 768 1662 797 omnes
1687 758 1824 799 sancti

1006 812 1108 862 ejus:
1127 812 1150 837 *
1171 812 1374 864 queniam
1388 812 1615 853 veritatem
1634 816 1824 865 requiret

1004 868 1231 918 Deminus,
1257 873 1300 910 et
1324 868 1533 910 retribuet
1555 868 1824 912 abundanter

1005 924 1260 967 facientibus
1280 924 1538 977 superbiam.

1055 985 1250 1027 Viriliter
1269 985 1393 1036 agite,
1410 991 1452 1027 et
1467 986 1734 1028 confortetur
1749 1000 1824 1028 cor

1004 1046 1211 1139 gestuum,
1239 1042 1262 1068 *
1291 1055 1440 1084 omnes
1470 1043 1543 1095 qui
1570 1043 1755 1095 speratis
1782 1044 1825 1084 in

1049 1111 1204 1140 01111110.

1284 1174 1478 1215 Psalmus
1499 1175 1554 1213 31.

1012 1244 1177 1350 Beati
1198 1264 1381 1303 quorum
1406 1252 1597 1292 remissae
1626 1255 1725 1292 sunt
1751 1251 1824 1291 ini-

1110 1307 1315 1360 quitates:
1346 1308 1369 1333 *
1404 1312 1447 1349 et
1489 1320 1672 1359 quorum
1711 1312 1826 1349 tecta

1006 1369 1106 1405 sunt
1132 1366 1323 1416 peccata.

1058 1421 1220 1462 Beatus
1255 1420 1338 1470 vir,
1375 1420 1443 1462 cui
1478 1433 1565 1461 non
1598 1419 1826 1472 imputavit

1006 1477 1218 1518 Deminus
1250 1479 1494 1529 peccatum,
1522 1477 1545 1502 *
1572 1489 1653 1518 1166
1686 1481 1751 1518 681
1784 1476 1827 1516 111

1007 1533 1162 1586 spiritu
1180 1534 1269 1585 ejus
1288 1533 1424 1575 dolus.

1059 1590 1272 1640 Queniam
1307 1589 1442 1638 tacui,
1479 1589 1828 1631 inveteraverunt

1008 1658 1109 1688 ossa
1122 1659 1229 1695 mea,
1240 1647 1263 1671 *
1275 1645 1377 1687 dum
1393 1645 1624 1692 clamarem
1639 1650 1732 1687 tota
1747 1645 1826 1687 die.

1060 1703 1273 1752 Queniam
1305 1702 1374 1744 die
1407 1715 1458 1743 ac
1489 1707 1616 1743 nocte
1648 1704 1827 1752 gravata

1010 1763 1075 1801 est
1093 1771 1223 1812 super
1245 1771 1315 1800 me
1333 1771 1484 1799 manus
1502 1763 1590 1800 tua:
1608 1758 1631 1783 *
1651 1759 1826 1799 conver-

1007 1828 1081 1857 sus
1100 1828 1196 1857 sum
1214 1815 1257 1855 in
1276 1818 1469 1856 aerumna
1487 1827 1594 1864 mea,
1610 1814 1712 1855 dum
1729 1827 1826 1856 con-

1007 1872 1153 1922 figitur
1172 1872 1307 1924 spina.

1059 1927 1277 1970 Delictum
1316 1940 1460 1969 meum
1496 1927 1715 1978 cegnitum
1750 1927 1829 1969 tibi

1008 1985 1109 2026 feci:
1145 1985 1168 2010 *
1205 1990 1248 2026 et
1282 1984 1530 2036 injustitiam
1565 1996 1707 2025 meam
1742 1996 1828 2026 non

1009 2040 1229 2084 abscendi.

1060 2097 1178 2138 Dixi:
1214 2097 1466 2139 Confitebor
1497 2095 1727 2137 adversum
1758 2108 1828 2138 me

1008 2153 1259 2205 injustitiam
1283 2165 1424 2195 meam
1449 2152 1653 2193 Demino:
1672 2152 1695 2178 *
1715 2156 1758 2193 et
1781 2157 1829 2193 tu

1011 2210 1214 2251 remisisti
1232 2210 1498 2262 impietatem
1516 2208 1685 2261 peccati
1702 2208 1797 2249 mei.

1061 2266 1148 2308 Pro
1167 2266 1257 2308 hac
1273 2265 1414 2307 orabit
1432 2264 1488 2306 ad
1506 2269 1549 2306 te
1573 2264 1712 2306 omnis
1736 2277 1828 2305 san-

1012 2327 1118 2372 61118,
1136 2322 1160 2348 *
1178 2322 1222 2363 in
1239 2324 1437 2374 tempore
1456 2323 1718 2374 opportuno.

1062 2379 1374 2420 Verumtamen
1387 2377 1431 2418 in
1442 2377 1604 2419 diluvio
1620 2378 1829 2429 aquarum

1010 2434 1257 2485 multarum,
1275 2435 1298 2460 *
1317 2433 1374 2476 ad
1397 2446 1495 2476 eum
1518 2446 1606 2475 11011
1628 2432 1827 2486 approxi-

1011 2491 1201 2533 mabunt.

1063 2548 1132 2589 Tu
1159 2560 1205 2588 es
1232 2546 1444 2597 refugium
1475 2557 1619 2587 meum
1647 2557 1672 2587 a
1698 2544 1827 2587 tribu-

1011 2604 1182 2653 latiene‚
1203 2615 1299 2655 quae
1319 2601 1604 2644 circumdedit
1621 2614 1706 2643 me:
1720 2602 1743 2627 *
1758 2612 1826 2641 ex-

1012 2660 1188 2702 sultatio
1203 2672 1300 2701 mea
1316 2661 1417 2701 erue
1436 2671 1505 2700 me
1524 2671 1548 2699 a
1564 2656 1826 2699 circumdan-

1011 2717 1127 2758 tibus
1144 2728 1224 2758 me.
