2040 2944
1035 21 1070 59 ἱ.

216 182 288 228 [82]

377 281 464 322 111.
500 279 617 321 Alia
644 278 877 321 Humilia,
944 299 951 306 ·

218 343 364 385 Lectio
394 342 534 383 sancti
552 341 778 393 Evangelii
801 342 1041 384 secundum

497 397 763 439 Matthaeum.

323 465 467 503 Lectio
491 465 555 503 vii.
706 466 806 514 (lap.
828 465 880 502 15»,
899 463 935 502 d.

261 531 289 558 n
313 517 389 559 illo
415 519 629 570 tempore:
656 517 780 559 Dixit
803 518 960 559 Petrus
984 518 1041 560 ad

277 574 301 614 J
304 586 442 616 esum:
469 575 586 615 Ecce
609 586 691 615 nos
715 573 971 626 reliquimus
997 577 1040 616 ό-

211 631 345 680 mnia,
372 635 416 673 et
435 631 574 672 secuti
594 643 743 672 sumus
767 635 827 672 te:
853 631 957 683 quid
977 644 1039 673 er-

212 700 269 738 go
291 687 374 729 erit
392 686 543 729 nobis?
573 688 629 729 Et
648 687 828 740 reliqua.

263 759 324 798 De
352 756 545 798 Homilia
572 755 833 798 venerabilis
862 754 997 797 Bedae

496 813 762 865 Presbyteri.

383 876 422 909 In
448 877 576 910 Natali
603 878 636 910 S.
663 875 870 908 Benedicti.

247 940 400 995 μ’)
421 932 522 969 sunt
542 926 719 968 ordines
737 926 977 968 electorum
996 926 1040 967 in

224 988 226 1039 f
247 992 336 1059 '‘J-¹
359 984 519 1036 judicio
542 984 690 1025 futuri:
718 996 830 1024 unus
850 982 1039 1035 judican-

223 1042 225 1045 ’
248 1044 258 1063 “’
285 1061 335 1064 —
358 1041 468 1082 tium
495 1053 594 1082 cum
621 1040 829 1090 Domino,
865 1039 920 1081 de
949 1040 1039 1092 qui-

210 1097 293 1139 bus
320 1096 406 1138 hoc
433 1097 534 1139 loco
562 1099 793 1146 memorat,
835 1096 910 1148 qui
942 1096 1039 1138 reli-

212 1155 399 1206 querunt
429 1154 591 1204 omnia,
626 1158 669 1195 et
696 1153 837 1195 secuti
865 1157 966 1194 sunt
993 1153 1039 1194 il-

210 1210 315 1251 lum:
334 1210 444 1251 alius
456 1210 788 1263 judicandorum
800 1222 825 1250 a
835 1209 1039 1260 Demino,

211 1267 286 1319 qui
305 1280 393 1309 non
414 1266 591 1319 quidem
611 1267 757 1308 emnia
776 1279 855 1307 sua
873 1266 1039 1319 pariter

210 1323 493 1376 reliquerunt,
513 1322 591 1365 sed
611 1323 666 1365 de
684 1322 752 1363 his
771 1327 919 1364 tamen
940 1335 1038 1375 quae

210 1379 445 1430 habebant,
484 1379 761 1432 quotidianas
795 1379 900 1421 dare
929 1379 1037 1421 elee-

210 1439 416 1489 mosynas
441 1436 603 1478 Christi
626 1435 894 1489 pauperibus
918 1438 1037 1477 cura-

209 1493 330 1535 bant:
358 1493 474 1535 unde
501 1498 545 1535 et
570 1492 761 1534 audituri
786 1497 887 1534 sunt
910 1492 954 1533 in
979 1494 1036 1544 ju-

211 1549 340 1591 dicio:
359 1550 519 1592 Venite
538 1549 760 1591 benedicti
778 1549 921 1590 Patris
940 1549 1038 1599 mei,

209 1606 436 1659 possidete
473 1608 773 1659 praeparatum
809 1605 937 1647 vobis
974 1618 1037 1648 re-

209 1676 343 1715 gnum
362 1676 387 1704 a
407 1663 720 1704 constitutione
739 1662 901 1703 mundi.
932 1662 1038 1703 Esu-

210 1720 291 1761 rivi
311 1720 441 1769 enim,
467 1725 510 1761 et
530 1719 715 1761 dedistis
733 1718 840 1760 mihi
858 1718 1038 1760 mandu-

211 1779 325 1818 care:
345 1777 473 1832 sitivi,
491 1781 534 1818 et
553 1775 737 1818 dedistis
756 1775 862 1816 mihi
876 1775 1039 1817 bibere.

272 1836 318 1886 R.
337 1834 427 1875 Iste
458 1837 525 1874 est
557 1833 630 1885 qui
655 1837 757 1874 ante
781 1833 925 1874 Deum
949 1845 1037 1873 ma-

210 1903 318 1941 gnas
346 1890 529 1931 virtutes
558 1891 766 1942 operatus
793 1893 876 1939 est,
911 1894 954 1930 et
982 1889 1038 1931 de

211 1947 328 1988 omni
340 1945 474 1988 corde
487 1959 566 1987 suo
580 1945 776 1987 laudavit
786 1945 1038 1987 Dominum:

216 2006 237 2027 *
258 2003 360 2056 Ipse
387 2002 632 2044 intercedat
659 2015 740 2055 pro
768 2002 965 2054 peccatis
994 2004 1037 2043 ό-

211 2060 376 2100 mnium
392 2058 669 2112 populorum.
705 2055 751 2105 δ”.
767 2059 885 2100 Ecce
903 2058 1037 2100 homo

211 2117 302 2158 sine
321 2116 508 2168 querela,
529 2128 658 2157 verus
673 2116 756 2158 Dei
773 2115 927 2165 cultor,
942 2115 1037 2156 abs-

209 2173 352 2214 tinens
379 2185 426 2214 se
451 2172 506 2214 ab
533 2173 650 2214 omni
676 2175 810 2226 Opere
832 2172 966 2221 malo,
996 2176 1039 2213 et

209 2230 470 2280 permanens
486 2229 529 2270 in
544 2229 794 2271 innocentia
809 2241 897 2270 sua.
925 2229 1039 2281 Ipse.

505 2288 652 2328 Lectio
676 2288 756 2327 viii.

285 2345 340 2387 ed
366 2351 409 2387 et
437 2346 728 2400 reproborum
753 2346 865 2388 duos
891 2346 953 2388 ibi
976 2347 1037 2388 fu-

293 2405 417 2443 turos
438 2403 615 2445 ordines
629 2403 819 2444 Domino
834 2405 1038 2445 narrante

213 2460 519 2510 comperimus:
546 2473 680 2501 unum
699 2462 866 2510 eorum,
896 2460 970 2512 qui
992 2459 1038 2500 fi-

213 2513 284 2555 dei
324 2514 570 2556 christianae
607 2516 826 2569 mysteriis
865 2516 1039 2566 initiati,

210 2573 346 2623 opera
375 2570 479 2612 fidei
512 2575 714 2614 exercere
744 2574 1038 2622 contemnunt,

210 2627 369 2679 quibus
398 2627 442 2667 in
471 2627 631 2678 judicio
659 2629 861 2670 testatur:
888 2629 1038 2670 Disce-

803 2717 982 2742 ——-*
982 2712 1180 2748 &sebas

847 183 1055 215 Commune
1082 181 1287 216 Abbatum.

1093 275 1185 317 dite
1204 287 1230 316 a
1248 286 1319 316 me
1337 273 1559 315 maledicti
1575 274 1620 316 in
1638 274 1783 326 ignem
1798 275 1920 315 aeter·

1091 345 1212 382 num,
1241 331 1315 383 qui
1339 332 1614 383 praeparatus
1640 335 1708 372 est
1731 329 1921 379 diabolo,

1093 393 1136 430 et
1152 387 1318 439 angelis
1333 387 1438 439 ejus:
1457 387 1618 429 esurivi
1632 387 1758 437 enim,
1775 391 1819 429 et
1832 399 1921 428 non

1093 444 1276 486 dedistis
1294 443 1402 485 mihi
1420 443 1696 486 manducare.
1719 443 1921 485 Alterum

1093 503 1256 551 eorum,
1277 501 1351 553 qui
1371 500 1504 542 fidem
1524 505 1568 542 et
1581 500 1790 552 mysteria
1801 499 1920 541 Chri-

1093 558 1149 599 sti
1181 557 1251 599 vel
1287 570 1526 610 numquam
1560 558 1810 609 suscepere,
1850 555 1921 598 vel

1093 616 1343 667 susceptam
1378 627 1458 667 per
1494 614 1764 667 apostasiam
1799 612 1920 655 dese-

1092 673 1234 712 ruere:
1261 670 1315 712 de
1338 670 1496 723 quibus
1517 670 1637 712 dicit:
1666 669 1750 720 Qui
1774 673 1921 711 autem

1092 740 1180 769 non
1201 727 1355 777 credit,
1374 729 1459 780 iam
1477 727 1692 780 judicatus
1714 730 1794 768 est:
1819 725 1922 779 quia

1092 797 1180 826 non
1203 783 1342 826 credit
1364 784 1409 825 in
1431 784 1607 826 nemine
1626 783 1836 835 unigeniti
1853 782 1921 823 Fi-

1092 841 1138 882 lii
1155 841 1249 883 Dei.

1148 904 1195 955 Rg.
1230 901 1325 944 Sint
1355 901 1494 943 lumbi
1520 901 1657 944 vestri
1683 899 1922 954 praecincti,

1094 963 1138 1000 et
1174 958 1365 1000 lucernae
1404 957 1609 1000 ardentes
1644 958 1689 999 in
1719 956 1921 999 manibus

1093 1015 1266 1057 vestris:
1294 1019 1316 1041 ²*
1345 1015 1402 1057 Et
1431 1027 1511 1056 vos
1542 1014 1706 1056 similes
1739 1013 1920 1056 homini-

1091 1071 1175 1114 bus
1208 1071 1566 1125 exspectantibus
1600 1071 1826 1113 dominum
1854 1083 1920 1112 su-

1092 1142 1183 1179 um,
1213 1128 1390 1181 quando
1418 1130 1664 1170 revertatur
1692 1140 1718 1169 a
1744 1127 1921 1180 nuptiis

1095 1182 1144 1232 Y.
1161 1185 1354 1237 Vigilate
1375 1198 1495 1237 erg0‚
1517 1185 1619 1238 quia
1637 1185 1815 1227 nescitis
1836 1196 1922 1236 qua

1092 1243 1202 1285 hora
1220 1243 1436 1284 Dominus
1456 1247 1602 1284 vester
1620 1245 1830 1284 venturus
1853 1240 1921 1282 sit.

1093 1300 1149 1341 Et
1166 1312 1258 1341 vos.
1287 1298 1437 1340 Gloria
1454 1299 1586 1340 Patri.
1609 1299 1668 1341 Et
1686 1311 1777 1340 vos.

1399 1375 1547 1416 Lectio
1569 1375 1620 1414 ix.

1183 1447 1305 1477 erum
1324 1436 1392 1477 his
1412 1448 1511 1477 cum
1525 1435 1683 1476 timore
1698 1438 1742 1475 et
1754 1434 1922 1487 pavore

1196 1491 1345 1534 debito
1365 1492 1588 1546 paulisper
1609 1491 1920 1533 commemora-

1092 1549 1163 1598 tis,
1188 1548 1245 1590 ad
1267 1548 1494 1590 laetissima
1511 1548 1660 1601 petius
1678 1547 1858 1589 Domini
1876 1551 1920 1589 et

1091 1605 1332 1648 Salvat6ris
1351 1605 1490 1647 nostri
1508 1607 1727 1658 promissa
1742 1616 1920 1646 conver-

1091 1664 1235 1704 tamus
1271 1662 1479 1704 auditum.
1540 1661 1783 1703 Videamus
1822 1674 1921 1714 quae

1091 1723 1225 1761 tantae
1250 1719 1391 1771 gratia
1411 1718 1604 1772 pietatis:
1634 1730 1722 1760 non
1744 1719 1922 1760 aeternae

1091 1769 1397 1818 tantummodo
1419 1776 1522 1818 vitae
1540 1775 1724 1828 praemia
1748 1775 1838 1816 suis
1857 1787 1920 1817 se—

1094 1832 1316 1885 quacibus,
1336 1832 1416 1874 sed
1435 1837 1479 1874 et
1491 1831 1724 1885 praesentis
1738 1834 1922 1873 munera

1092 1889 1325 1942 pollicetur
1358 1889 1527 1931 eximia.
1575 1889 1633 1930 Et
1666 1888 1824 1939 omnis,
1860 1888 1919 1929 in-

1094 1947 1197 1999 quit,
1218 1946 1292 1998 qui
1306 1946 1531 1999 reliquerit
1544 1945 1736 1995 domum,
1754 1945 1825 1987 vel
1839 1944 1919 1986 fra-

1091 2007 1198 2053 tres,
1226 2008 1301 2044 aut
1320 2005 1512 2053 sorores,
1539 2007 1614 2044 aut
1630 2006 1817 2055 patrem,
1845 2006 1921 2044 aut
1975 2012 1977 2014 “

1092 2065 1288 2110 matrem,
1309 2064 1384 2101 aut
1398 2061 1592 2109 uxorem,
1612 2063 1687 2100 aut
1701 2058 1827 2109 filios,
1847 2063 1922 2100 aut

1092 2115 1238 2169 agros,
1259 2121 1443 2170 propter
1461 2128 1622 2158 nomen
1640 2128 1800 2166 meum,
1825 2117 1920 2156 cen-

1091 2173 1261 2226 tuplum
1280 2173 1476 2226 accipiet,
1496 2177 1540 2215 et
1558 2172 1693 2214 vitam
1711 2173 1921 2213 aeternam

1090 2229 1347 2282 possidebit.
1393 2230 1478 2280 Qui
1506 2229 1620 2271 enim
1647 2228 1833 2270 terrenis
1861 2228 1918 2269 af-

1091 2286 1277 2328 fectibus
1315 2287 1408 2328 sive
1444 2284 1798 2339 possessienibus
1834 2297 1917 2338 pro

1091 2342 1252 2384 Christi
1293 2343 1557 2396 discipulatu
1596 2341 1918 2393 renuntiaverit,

1092 2412 1178 2452 quo
1211 2399 1311 2452 plus
1345 2400 1389 2441 in
1422 2399 1512 2452 ejus
1545 2401 1740 2440 amorem
1776 2398 1917 2450 profe-

1091 2456 1209 2506 cerit,
1243 2469 1296 2498 eo
1328 2456 1478 2509 plures
1509 2455 1716 2504 inveniet,
1757 2455 1831 2507 qui
1871 2467 1918 2496 se

1090 2512 1260 2554 interno
1288 2515 1511 2565 suscipere
1543 2511 1720 2560 affectu,
1753 2516 1796 2552 et
1829 2511 1918 2552 suis

1090 2568 1310 2621 gaudeant
1329 2569 1574 2610 sustentare
1595 2567 1860 2609 substantiis.

1149 2630 1207 2671 Te
1225 2631 1368 2671 Deum
1387 2628 1627 2670 laudamus.
1652 2630 1710 2669 14.
