<?xml version="1.0" encoding="UTF-8"?>
<!DOCTYPE html PUBLIC "-//W3C//DTD XHTML 1.0 Transitional//EN"
    "http://www.w3.org/TR/xhtml1/DTD/xhtml1-transitional.dtd">
<html xmlns="http://www.w3.org/1999/xhtml" xml:lang="en" lang="en">
 <head>
  <title>
</title>
<meta http-equiv="Content-Type" content="text/html;charset=utf-8" />
  <meta name='ocr-system' content='tesseract 3.04.00' />
  <meta name='ocr-capabilities' content='ocr_page ocr_carea ocr_par ocr_line ocrx_word'/>
</head>
<body>
  <div class='ocr_page' id='page_1' title='image "./p4breviariumroma00cathuoft_0860.png"; bbox 0 0 2040 2944; ppageno 0'>
   <div class='ocr_carea' id='block_1_1' title="bbox 189 179 253 216">
    <p class='ocr_par' dir='ltr' id='par_1_1' title="bbox 189 179 253 216">
     <span class='ocr_line' id='line_1_1' title="bbox 189 179 253 216; baseline 0 0"><span class='ocrx_word' id='word_1_1' title='bbox 189 179 253 216; x_wconf 80' lang='lat'>16*</span> 
     </span>
    </p>
   </div>
   <div class='ocr_carea' id='block_1_2' title="bbox 591 235 1904 303">
    <p class='ocr_par' dir='ltr' id='par_1_2' title="bbox 591 235 1904 303">
     <span class='ocr_line' id='line_1_2' title="bbox 591 235 1904 303; baseline 0 -60"><span class='ocrx_word' id='word_1_2' title='bbox 591 235 1904 303; x_wconf 95' lang='lat' dir='ltr'>   </span> 
     </span>
    </p>
   </div>
   <div class='ocr_carea' id='block_1_3' title="bbox 186 270 1025 2766">
    <p class='ocr_par' dir='ltr' id='par_1_3' title="bbox 186 270 1020 609">
     <span class='ocr_line' id='line_1_3' title="bbox 188 270 1019 324; baseline -0.006 -7"><span class='ocrx_word' id='word_1_3' title='bbox 188 279 329 324; x_wconf 90' lang='lat' dir='ltr'>verat,</span> <span class='ocrx_word' id='word_1_4' title='bbox 355 274 516 316; x_wconf 90' lang='lat' dir='ltr'>deinde</span> <span class='ocrx_word' id='word_1_5' title='bbox 538 274 583 315; x_wconf 91' lang='lat' dir='ltr'>in</span> <span class='ocrx_word' id='word_1_6' title='bbox 602 273 856 315; x_wconf 90' lang='lat' dir='ltr'>Armeniam</span> <span class='ocrx_word' id='word_1_7' title='bbox 878 270 1019 322; x_wconf 87' lang='lat' dir='ltr'>rediit,</span> 
     </span>
     <span class='ocr_line' id='line_1_4' title="bbox 187 330 1020 384; baseline -0.004 -12"><span class='ocrx_word' id='word_1_8' title='bbox 187 332 262 373; x_wconf 93' lang='lat' dir='ltr'>ubi</span> <span class='ocrx_word' id='word_1_9' title='bbox 282 345 307 372; x_wconf 93' lang='lat' dir='ltr'>a</span> <span class='ocrx_word' id='word_1_10' title='bbox 326 330 535 372; x_wconf 88' lang='lat' dir='ltr'>Teridate</span> <span class='ocrx_word' id='word_1_11' title='bbox 555 331 719 384; x_wconf 83' lang='lat' dir='ltr'>saepius</span> <span class='ocrx_word' id='word_1_12' title='bbox 737 331 948 379; x_wconf 91' lang='lat' dir='ltr'>tentatus,</span> <span class='ocrx_word' id='word_1_13' title='bbox 971 332 1020 369; x_wconf 92' lang='lat' dir='ltr'>ut</span> 
     </span>
     <span class='ocr_line' id='line_1_5' title="bbox 187 387 1019 437; baseline -0.002 -9"><span class='ocrx_word' id='word_1_14' title='bbox 187 387 317 429; x_wconf 89' lang='lat' dir='ltr'>idolis</span> <span class='ocrx_word' id='word_1_15' title='bbox 340 387 590 429; x_wconf 89' lang='lat' dir='ltr'>sacrificare</span> <span class='ocrx_word' id='word_1_16' title='bbox 612 387 760 437; x_wconf 93' lang='lat' dir='ltr'>vellet,</span> <span class='ocrx_word' id='word_1_17' title='bbox 795 399 895 428; x_wconf 93' lang='lat' dir='ltr'>cum</span> <span class='ocrx_word' id='word_1_18' title='bbox 918 398 1019 427; x_wconf 92' lang='lat' dir='ltr'>con-</span> 
     </span>
     <span class='ocr_line' id='line_1_6' title="bbox 187 443 1020 494; baseline -0.004 -8"><span class='ocrx_word' id='word_1_19' title='bbox 187 444 453 487; x_wconf 85' lang='lat' dir='ltr'>stantissime</span> <span class='ocrx_word' id='word_1_20' title='bbox 505 447 740 494; x_wconf 88' lang='lat' dir='ltr'>renuisset,</span> <span class='ocrx_word' id='word_1_21' title='bbox 791 443 1020 484; x_wconf 89' lang='lat' dir='ltr'>innumera</span> 
     </span>
     <span class='ocr_line' id='line_1_7' title="bbox 186 501 1019 554; baseline -0.004 -11"><span class='ocrx_word' id='word_1_22' title='bbox 186 514 299 554; x_wconf 91' lang='lat' dir='ltr'>pene</span> <span class='ocrx_word' id='word_1_23' title='bbox 327 506 372 543; x_wconf 94' lang='lat' dir='ltr'>et</span> <span class='ocrx_word' id='word_1_24' title='bbox 398 501 672 543; x_wconf 83' lang='lat' dir='ltr'>incredibilia</span> <span class='ocrx_word' id='word_1_25' title='bbox 698 502 1019 543; x_wconf 89' lang='lat' dir='ltr'>tormentorum</span> 
     </span>
     <span class='ocr_line' id='line_1_8' title="bbox 186 558 814 609; baseline -0.003 -9"><span class='ocrx_word' id='word_1_26' title='bbox 186 560 347 609; x_wconf 86' lang='lat' dir='ltr'>genera</span> <span class='ocrx_word' id='word_1_27' title='bbox 366 558 514 600; x_wconf 85' lang='lat' dir='ltr'>subire</span> <span class='ocrx_word' id='word_1_28' title='bbox 533 560 715 600; x_wconf 89' lang='lat' dir='ltr'>coactus</span> <span class='ocrx_word' id='word_1_29' title='bbox 736 563 814 600; x_wconf 92' lang='lat' dir='ltr'>est.</span> 
     </span>
    </p>

    <p class='ocr_par' dir='ltr' id='par_1_4' title="bbox 186 613 1021 999">
     <span class='ocr_line' id='line_1_9' title="bbox 244 613 1018 658; baseline -0.003 -2"><span class='ocrx_word' id='word_1_30' title='bbox 244 617 295 656; x_wconf 77' lang='lat' dir='ltr'>R</span> <span class='ocrx_word' id='word_1_31' title='bbox 316 615 565 658; x_wconf 84' lang='lat' dir='ltr'>Honestum</span> <span class='ocrx_word' id='word_1_32' title='bbox 592 615 697 657; x_wconf 89' lang='lat' dir='ltr'>fecit</span> <span class='ocrx_word' id='word_1_33' title='bbox 724 615 846 656; x_wconf 92' lang='lat' dir='ltr'>illum</span> <span class='ocrx_word' id='word_1_34' title='bbox 870 613 1018 656; x_wconf 91' lang='lat' dir='ltr'>Domi-</span> 
     </span>
     <span class='ocr_line' id='line_1_10' title="bbox 186 671 1020 722; baseline -0.002 -9"><span class='ocrx_word' id='word_1_35' title='bbox 186 685 278 722; x_wconf 91' lang='lat' dir='ltr'>nus,</span> <span class='ocrx_word' id='word_1_36' title='bbox 301 677 345 713; x_wconf 92' lang='lat' dir='ltr'>et</span> <span class='ocrx_word' id='word_1_37' title='bbox 364 672 603 715; x_wconf 89' lang='lat' dir='ltr'>custodivit</span> <span class='ocrx_word' id='word_1_38' title='bbox 628 686 728 714; x_wconf 91' lang='lat' dir='ltr'>eum</span> <span class='ocrx_word' id='word_1_39' title='bbox 750 672 804 713; x_wconf 91' lang='lat' dir='ltr'>ab</span> <span class='ocrx_word' id='word_1_40' title='bbox 823 671 1020 722; x_wconf 90' lang='lat' dir='ltr'>inimicis,</span> 
     </span>
     <span class='ocr_line' id='line_1_11' title="bbox 188 726 1018 771; baseline -0.002 -1"><span class='ocrx_word' id='word_1_41' title='bbox 188 734 232 770; x_wconf 89' lang='lat' dir='ltr'>et</span> <span class='ocrx_word' id='word_1_42' title='bbox 262 742 287 770; x_wconf 89' lang='lat' dir='ltr'>a</span> <span class='ocrx_word' id='word_1_43' title='bbox 316 728 623 771; x_wconf 88' lang='lat' dir='ltr'>seductoribus</span> <span class='ocrx_word' id='word_1_44' title='bbox 650 729 810 771; x_wconf 92' lang='lat' dir='ltr'>tutavit</span> <span class='ocrx_word' id='word_1_45' title='bbox 833 727 970 769; x_wconf 92' lang='lat' dir='ltr'>illum:</span> <span class='ocrx_word' id='word_1_46' title='bbox 996 726 1018 751; x_wconf 88' lang='lat'>*</span> 
     </span>
     <span class='ocr_line' id='line_1_12' title="bbox 187 785 1019 828; baseline -0.001 -2"><span class='ocrx_word' id='word_1_47' title='bbox 187 786 244 827; x_wconf 90' lang='lat' dir='ltr'>Et</span> <span class='ocrx_word' id='word_1_48' title='bbox 277 785 399 828; x_wconf 87' lang='lat' dir='ltr'>dedit</span> <span class='ocrx_word' id='word_1_49' title='bbox 435 786 497 827; x_wconf 91' lang='lat' dir='ltr'>illi</span> <span class='ocrx_word' id='word_1_50' title='bbox 529 786 773 828; x_wconf 69' lang='lat' dir='ltr'>claritatem</span> <span class='ocrx_word' id='word_1_51' title='bbox 801 787 1019 827; x_wconf 83' lang='lat' dir='ltr'>aeternam.</span> 
     </span>
     <span class='ocr_line' id='line_1_13' title="bbox 191 837 1017 895; baseline -0.006 -8"><span class='ocrx_word' id='word_1_52' title='bbox 191 837 241 887; x_wconf 65' lang='lat' dir='ltr'>V·</span> <span class='ocrx_word' id='word_1_53' title='bbox 273 842 603 895; x_wconf 88' lang='lat' dir='ltr'>Descenditque</span> <span class='ocrx_word' id='word_1_54' title='bbox 642 856 742 884; x_wconf 94' lang='lat' dir='ltr'>cum</span> <span class='ocrx_word' id='word_1_55' title='bbox 775 842 850 884; x_wconf 89' lang='lat' dir='ltr'>illo</span> <span class='ocrx_word' id='word_1_56' title='bbox 882 842 926 882; x_wconf 93' lang='lat' dir='ltr'>in</span> <span class='ocrx_word' id='word_1_57' title='bbox 957 842 1017 883; x_wconf 89' lang='lat' dir='ltr'>fo-</span> 
     </span>
     <span class='ocr_line' id='line_1_14' title="bbox 187 898 1021 950; baseline -0.001 -9"><span class='ocrx_word' id='word_1_58' title='bbox 187 912 324 949; x_wconf 85' lang='lat' dir='ltr'>veam,</span> <span class='ocrx_word' id='word_1_59' title='bbox 345 905 389 941; x_wconf 93' lang='lat' dir='ltr'>et</span> <span class='ocrx_word' id='word_1_60' title='bbox 410 900 453 940; x_wconf 91' lang='lat' dir='ltr'>in</span> <span class='ocrx_word' id='word_1_61' title='bbox 472 900 656 942; x_wconf 90' lang='lat' dir='ltr'>vinculis</span> <span class='ocrx_word' id='word_1_62' title='bbox 678 913 767 942; x_wconf 93' lang='lat' dir='ltr'>non</span> <span class='ocrx_word' id='word_1_63' title='bbox 787 898 1021 950; x_wconf 85' lang='lat' dir='ltr'>dereliquit</span> 
     </span>
     <span class='ocr_line' id='line_1_15' title="bbox 187 956 577 999; baseline 0.005 -2"><span class='ocrx_word' id='word_1_64' title='bbox 187 969 296 998; x_wconf 92' lang='lat' dir='ltr'>eum.</span> <span class='ocrx_word' id='word_1_65' title='bbox 324 957 381 998; x_wconf 92' lang='lat' dir='ltr'>Et</span> <span class='ocrx_word' id='word_1_66' title='bbox 401 956 533 999; x_wconf 89' lang='lat' dir='ltr'>dedit.</span> <span class='ocrx_word' id='word_1_67' title='bbox 573 957 577 960; x_wconf 84' lang='grc'><strong>’</strong></span> 
     </span>
    </p>

    <p class='ocr_par' dir='ltr' id='par_1_5' title="bbox 500 1010 711 1051">
     <span class='ocr_line' id='line_1_16' title="bbox 500 1010 711 1051; baseline 0 -1"><span class='ocrx_word' id='word_1_68' title='bbox 500 1010 653 1051; x_wconf 85' lang='lat' dir='ltr'>Lectio</span> <span class='ocrx_word' id='word_1_69' title='bbox 676 1024 711 1050; x_wconf 91' lang='lat' dir='ltr'>v.</span> 
     </span>
    </p>

    <p class='ocr_par' dir='ltr' id='par_1_6' title="bbox 192 1062 1019 1168">
     <span class='ocr_line' id='line_1_17' title="bbox 192 1062 1019 1168; baseline -0.002 -55"><span class='ocrx_word' id='word_1_70' title='bbox 192 1062 362 1168; x_wconf 78' lang='lat' dir='ltr'>ArCta</span> <span class='ocrx_word' id='word_1_71' title='bbox 396 1071 586 1124; x_wconf 90' lang='lat' dir='ltr'>primum</span> <span class='ocrx_word' id='word_1_72' title='bbox 620 1069 822 1112; x_wconf 90' lang='lat' dir='ltr'>custodia</span> <span class='ocrx_word' id='word_1_73' title='bbox 854 1069 1019 1121; x_wconf 90' lang='lat' dir='ltr'>Grego-</span> 
     </span>
    </p>

    <p class='ocr_par' dir='ltr' id='par_1_7' title="bbox 187 1125 1025 2766">
     <span class='ocr_line' id='line_1_18' title="bbox 298 1125 1021 1177; baseline 0 -9"><span class='ocrx_word' id='word_1_74' title='bbox 298 1128 411 1169; x_wconf 91' lang='lat' dir='ltr'>rium</span> <span class='ocrx_word' id='word_1_75' title='bbox 437 1127 614 1169; x_wconf 89' lang='lat' dir='ltr'>inclusit</span> <span class='ocrx_word' id='word_1_76' title='bbox 642 1125 889 1177; x_wconf 91' lang='lat' dir='ltr'>Teridates;</span> <span class='ocrx_word' id='word_1_77' title='bbox 916 1131 1021 1168; x_wconf 85' lang='lat' dir='ltr'>tunc</span> 
     </span>
     <span class='ocr_line' id='line_1_19' title="bbox 187 1182 1021 1236; baseline -0.001 -12"><span class='ocrx_word' id='word_1_78' title='bbox 187 1197 341 1226; x_wconf 83' lang='lat' dir='ltr'>manus</span> <span class='ocrx_word' id='word_1_79' title='bbox 378 1185 470 1236; x_wconf 84' lang='lat' dir='ltr'>ejus</span> <span class='ocrx_word' id='word_1_80' title='bbox 507 1183 719 1226; x_wconf 90' lang='lat' dir='ltr'>lateribus</span> <span class='ocrx_word' id='word_1_81' title='bbox 752 1184 817 1225; x_wconf 88' lang='lat' dir='ltr'>sic</span> <span class='ocrx_word' id='word_1_82' title='bbox 851 1182 1021 1235; x_wconf 89' lang='lat' dir='ltr'>alligari</span> 
     </span>
     <span class='ocr_line' id='line_1_20' title="bbox 187 1239 1019 1292; baseline 0 -11"><span class='ocrx_word' id='word_1_83' title='bbox 187 1241 330 1292; x_wconf 87' lang='lat' dir='ltr'>jussit,</span> <span class='ocrx_word' id='word_1_84' title='bbox 363 1246 412 1283; x_wconf 95' lang='lat' dir='ltr'>ut</span> <span class='ocrx_word' id='word_1_85' title='bbox 440 1243 665 1283; x_wconf 84' lang='lat' dir='ltr'>exstarent</span> <span class='ocrx_word' id='word_1_86' title='bbox 692 1239 846 1290; x_wconf 88' lang='lat' dir='ltr'>cubiti,</span> <span class='ocrx_word' id='word_1_87' title='bbox 878 1245 923 1282; x_wconf 93' lang='lat' dir='ltr'>et</span> <span class='ocrx_word' id='word_1_88' title='bbox 952 1253 1019 1281; x_wconf 91' lang='lat' dir='ltr'>ca-</span> 
     </span>
     <span class='ocr_line' id='line_1_21' title="bbox 188 1297 1021 1350; baseline 0 -12"><span class='ocrx_word' id='word_1_89' title='bbox 188 1311 307 1338; x_wconf 92' lang='lat' dir='ltr'>mum</span> <span class='ocrx_word' id='word_1_90' title='bbox 344 1298 411 1339; x_wconf 93' lang='lat' dir='ltr'>ori</span> <span class='ocrx_word' id='word_1_91' title='bbox 447 1298 538 1350; x_wconf 90' lang='lat' dir='ltr'>ejus</span> <span class='ocrx_word' id='word_1_92' title='bbox 571 1297 721 1347; x_wconf 90' lang='lat' dir='ltr'>inseri,</span> <span class='ocrx_word' id='word_1_93' title='bbox 761 1298 1021 1348; x_wconf 87' lang='lat' dir='ltr'>massasque</span> 
     </span>
     <span class='ocr_line' id='line_1_22' title="bbox 190 1354 1021 1407; baseline 0 -13"><span class='ocrx_word' id='word_1_94' title='bbox 190 1355 325 1395; x_wconf 83' lang='lat' dir='ltr'>excisi</span> <span class='ocrx_word' id='word_1_95' title='bbox 344 1354 447 1396; x_wconf 89' lang='lat' dir='ltr'>salis</span> <span class='ocrx_word' id='word_1_96' title='bbox 466 1354 600 1396; x_wconf 92' lang='lat' dir='ltr'>dorso</span> <span class='ocrx_word' id='word_1_97' title='bbox 617 1355 708 1406; x_wconf 91' lang='lat' dir='ltr'>ejus</span> <span class='ocrx_word' id='word_1_98' title='bbox 721 1354 901 1407; x_wconf 90' lang='lat' dir='ltr'>imponi,</span> <span class='ocrx_word' id='word_1_99' title='bbox 921 1366 1021 1395; x_wconf 90' lang='lat' dir='ltr'>con-</span> 
     </span>
     <span class='ocr_line' id='line_1_23' title="bbox 190 1410 1021 1463; baseline 0 -12"><span class='ocrx_word' id='word_1_100' title='bbox 190 1411 477 1463; x_wconf 90' lang='lat' dir='ltr'>strictumque</span> <span class='ocrx_word' id='word_1_101' title='bbox 500 1411 598 1452; x_wconf 94' lang='lat' dir='ltr'>loro</span> <span class='ocrx_word' id='word_1_102' title='bbox 624 1411 740 1453; x_wconf 89' lang='lat' dir='ltr'>circa</span> <span class='ocrx_word' id='word_1_103' title='bbox 759 1415 917 1463; x_wconf 91' lang='lat' dir='ltr'>pectus</span> <span class='ocrx_word' id='word_1_104' title='bbox 936 1410 1021 1451; x_wconf 91' lang='lat' dir='ltr'>for·</span> 
     </span>
     <span class='ocr_line' id='line_1_24' title="bbox 190 1467 1021 1521; baseline 0 -13"><span class='ocrx_word' id='word_1_105' title='bbox 190 1467 292 1509; x_wconf 90' lang='lat' dir='ltr'>titer</span> <span class='ocrx_word' id='word_1_106' title='bbox 325 1468 564 1519; x_wconf 88' lang='lat' dir='ltr'>stringente</span> <span class='ocrx_word' id='word_1_107' title='bbox 597 1467 809 1521; x_wconf 80' lang='lat' dir='ltr'>suspendi</span> <span class='ocrx_word' id='word_1_108' title='bbox 837 1467 1021 1509; x_wconf 91' lang='lat' dir='ltr'>celsissi-</span> 
     </span>
     <span class='ocr_line' id='line_1_25' title="bbox 190 1524 1021 1578; baseline 0.001 -13"><span class='ocrx_word' id='word_1_109' title='bbox 190 1537 263 1566; x_wconf 94' lang='lat' dir='ltr'>mo</span> <span class='ocrx_word' id='word_1_110' title='bbox 282 1524 393 1567; x_wconf 90' lang='lat' dir='ltr'>loco.</span> <span class='ocrx_word' id='word_1_111' title='bbox 420 1525 582 1566; x_wconf 84' lang='lat' dir='ltr'>Mansit</span> <span class='ocrx_word' id='word_1_112' title='bbox 601 1529 749 1566; x_wconf 90' lang='lat' dir='ltr'>autem</span> <span class='ocrx_word' id='word_1_113' title='bbox 763 1525 827 1566; x_wconf 91' lang='lat' dir='ltr'>sic</span> <span class='ocrx_word' id='word_1_114' title='bbox 842 1526 1021 1578; x_wconf 84' lang='lat' dir='ltr'>suspen-</span> 
     </span>
     <span class='ocr_line' id='line_1_26' title="bbox 191 1581 1023 1634; baseline 0.002 -13"><span class='ocrx_word' id='word_1_115' title='bbox 191 1594 266 1622; x_wconf 90' lang='lat' dir='ltr'>sus</span> <span class='ocrx_word' id='word_1_116' title='bbox 285 1587 456 1634; x_wconf 89' lang='lat' dir='ltr'>septem</span> <span class='ocrx_word' id='word_1_117' title='bbox 473 1581 639 1631; x_wconf 60' lang='lat' dir='ltr'>diebus</span> <span class='ocrx_word' id='word_1_118' title='bbox 658 1586 764 1634; x_wconf 90' lang='lat' dir='ltr'>post</span> <span class='ocrx_word' id='word_1_119' title='bbox 779 1594 902 1634; x_wconf 91' lang='lat' dir='ltr'>quos,</span> <span class='ocrx_word' id='word_1_120' title='bbox 923 1594 1023 1623; x_wconf 92' lang='lat' dir='ltr'>cum</span> 
     </span>
     <span class='ocr_line' id='line_1_27' title="bbox 190 1638 1023 1691; baseline 0.002 -13"><span class='ocrx_word' id='word_1_121' title='bbox 190 1638 234 1678; x_wconf 91' lang='lat' dir='ltr'>in</span> <span class='ocrx_word' id='word_1_122' title='bbox 267 1651 346 1680; x_wconf 90' lang='lat' dir='ltr'>sua</span> <span class='ocrx_word' id='word_1_123' title='bbox 378 1639 594 1680; x_wconf 89' lang='lat' dir='ltr'>sententia</span> <span class='ocrx_word' id='word_1_124' title='bbox 630 1640 925 1691; x_wconf 82' lang='lat' dir='ltr'>permaneret,</span> <span class='ocrx_word' id='word_1_125' title='bbox 968 1651 1023 1680; x_wconf 83' lang='lat' dir='ltr'>ex</span> 
     </span>
     <span class='ocr_line' id='line_1_28' title="bbox 190 1695 1023 1748; baseline 0.002 -13"><span class='ocrx_word' id='word_1_126' title='bbox 190 1707 277 1736; x_wconf 92' lang='lat' dir='ltr'>uno</span> <span class='ocrx_word' id='word_1_127' title='bbox 311 1695 428 1747; x_wconf 90' lang='lat' dir='ltr'>pede</span> <span class='ocrx_word' id='word_1_128' title='bbox 465 1697 706 1748; x_wconf 87' lang='lat' dir='ltr'>suspensus</span> <span class='ocrx_word' id='word_1_129' title='bbox 739 1698 922 1738; x_wconf 90' lang='lat' dir='ltr'>coactus</span> <span class='ocrx_word' id='word_1_130' title='bbox 955 1700 1023 1737; x_wconf 92' lang='lat' dir='ltr'>est</span> 
     </span>
     <span class='ocr_line' id='line_1_29' title="bbox 191 1751 1021 1794; baseline 0.002 -2"><span class='ocrx_word' id='word_1_131' title='bbox 191 1751 356 1792; x_wconf 89' lang='lat' dir='ltr'>fumum</span> <span class='ocrx_word' id='word_1_132' title='bbox 378 1751 555 1794; x_wconf 89' lang='lat' dir='ltr'>haurire</span> <span class='ocrx_word' id='word_1_133' title='bbox 579 1753 819 1794; x_wconf 85' lang='lat' dir='ltr'>excitatum</span> <span class='ocrx_word' id='word_1_134' title='bbox 843 1765 898 1794; x_wconf 84' lang='lat' dir='ltr'>ex</span> <span class='ocrx_word' id='word_1_135' title='bbox 915 1752 1021 1794; x_wconf 91' lang='lat' dir='ltr'>fimo</span> 
     </span>
     <span class='ocr_line' id='line_1_30' title="bbox 190 1808 1023 1859; baseline 0.002 -10"><span class='ocrx_word' id='word_1_136' title='bbox 190 1808 489 1859; x_wconf 87' lang='lat' dir='ltr'>graveolente,</span> <span class='ocrx_word' id='word_1_137' title='bbox 522 1808 627 1850; x_wconf 91' lang='lat' dir='ltr'>dum</span> <span class='ocrx_word' id='word_1_138' title='bbox 654 1810 821 1851; x_wconf 88' lang='lat' dir='ltr'>interea</span> <span class='ocrx_word' id='word_1_139' title='bbox 847 1809 1023 1851; x_wconf 88' lang='lat' dir='ltr'>fortiter</span> 
     </span>
     <span class='ocr_line' id='line_1_31' title="bbox 191 1865 1023 1908; baseline 0.001 -2"><span class='ocrx_word' id='word_1_140' title='bbox 191 1865 446 1907; x_wconf 87' lang='lat' dir='ltr'>caedebatur</span> <span class='ocrx_word' id='word_1_141' title='bbox 470 1865 638 1907; x_wconf 90' lang='lat' dir='ltr'>baculis</span> <span class='ocrx_word' id='word_1_142' title='bbox 664 1865 867 1908; x_wconf 90' lang='lat' dir='ltr'>humidis.</span> <span class='ocrx_word' id='word_1_143' title='bbox 902 1866 1023 1908; x_wconf 91' lang='lat' dir='ltr'>Inter</span> 
     </span>
     <span class='ocr_line' id='line_1_32' title="bbox 190 1921 1022 1976; baseline 0.002 -14"><span class='ocrx_word' id='word_1_144' title='bbox 190 1921 287 1963; x_wconf 86' lang='lat' dir='ltr'>haec</span> <span class='ocrx_word' id='word_1_145' title='bbox 312 1922 452 1964; x_wconf 82' lang='lat' dir='ltr'>enixis</span> <span class='ocrx_word' id='word_1_146' title='bbox 471 1923 615 1964; x_wconf 91' lang='lat' dir='ltr'>Deum</span> <span class='ocrx_word' id='word_1_147' title='bbox 641 1923 850 1976; x_wconf 81' lang='lat' dir='ltr'>precibus</span> <span class='ocrx_word' id='word_1_148' title='bbox 871 1925 1022 1964; x_wconf 79' lang='lat' dir='ltr'>exora·</span> 
     </span>
     <span class='ocr_line' id='line_1_33' title="bbox 192 1979 1022 2032; baseline 0.001 -13"><span class='ocrx_word' id='word_1_149' title='bbox 192 1979 254 2020; x_wconf 88' lang='lat' dir='ltr'>vit</span> <span class='ocrx_word' id='word_1_150' title='bbox 273 1991 354 2031; x_wconf 92' lang='lat' dir='ltr'>pro</span> <span class='ocrx_word' id='word_1_151' title='bbox 377 1979 518 2021; x_wconf 86' lang='lat' dir='ltr'>salute</span> <span class='ocrx_word' id='word_1_152' title='bbox 538 1980 747 2030; x_wconf 89' lang='lat' dir='ltr'>omnium,</span> <span class='ocrx_word' id='word_1_153' title='bbox 774 1980 1022 2032; x_wconf 82' lang='lat' dir='ltr'>praesertim</span> 
     </span>
     <span class='ocr_line' id='line_1_34' title="bbox 191 2035 1022 2088; baseline 0.004 -13"><span class='ocrx_word' id='word_1_154' title='bbox 191 2035 332 2085; x_wconf 90' lang='lat' dir='ltr'>gentis</span> <span class='ocrx_word' id='word_1_155' title='bbox 347 2035 580 2085; x_wconf 86' lang='lat' dir='ltr'>Armeniae,</span> <span class='ocrx_word' id='word_1_156' title='bbox 600 2041 733 2088; x_wconf 89' lang='lat' dir='ltr'>atque</span> <span class='ocrx_word' id='word_1_157' title='bbox 752 2042 800 2078; x_wconf 92' lang='lat' dir='ltr'>ut</span> <span class='ocrx_word' id='word_1_158' title='bbox 820 2036 902 2078; x_wconf 91' lang='lat' dir='ltr'>sibi</span> <span class='ocrx_word' id='word_1_159' title='bbox 922 2049 1022 2078; x_wconf 93' lang='lat' dir='ltr'>con-</span> 
     </span>
     <span class='ocr_line' id='line_1_35' title="bbox 192 2092 1023 2145; baseline 0.005 -14"><span class='ocrx_word' id='word_1_160' title='bbox 192 2092 397 2133; x_wconf 85' lang='lat' dir='ltr'>stantiam</span> <span class='ocrx_word' id='word_1_161' title='bbox 418 2105 501 2145; x_wconf 91' lang='lat' dir='ltr'>pro</span> <span class='ocrx_word' id='word_1_162' title='bbox 525 2092 612 2134; x_wconf 92' lang='lat' dir='ltr'>fide</span> <span class='ocrx_word' id='word_1_163' title='bbox 635 2093 860 2135; x_wconf 81' lang='lat' dir='ltr'>tribueret.</span> <span class='ocrx_word' id='word_1_164' title='bbox 895 2094 1023 2135; x_wconf 90' lang='lat' dir='ltr'>Hanc</span> 
     </span>
     <span class='ocr_line' id='line_1_36' title="bbox 192 2147 1023 2205; baseline 0.004 -17"><span class='ocrx_word' id='word_1_165' title='bbox 192 2161 269 2189; x_wconf 80' lang='lat' dir='ltr'>rex</span> <span class='ocrx_word' id='word_1_166' title='bbox 302 2147 540 2191; x_wconf 78' lang='lat' dir='ltr'>demiratus</span> <span class='ocrx_word' id='word_1_167' title='bbox 574 2149 767 2202; x_wconf 91' lang='lat' dir='ltr'>quidem,</span> <span class='ocrx_word' id='word_1_168' title='bbox 802 2149 1023 2205; x_wconf 89' lang='lat' dir='ltr'>crudelius</span> 
     </span>
     <span class='ocr_line' id='line_1_37' title="bbox 192 2204 1021 2259; baseline 0.004 -14"><span class='ocrx_word' id='word_1_169' title='bbox 192 2209 338 2246; x_wconf 91' lang='lat' dir='ltr'>tamen</span> <span class='ocrx_word' id='word_1_170' title='bbox 368 2204 588 2255; x_wconf 81' lang='lat' dir='ltr'>desaeviit,</span> <span class='ocrx_word' id='word_1_171' title='bbox 619 2207 934 2259; x_wconf 88' lang='lat' dir='ltr'>mandavitque</span> <span class='ocrx_word' id='word_1_172' title='bbox 963 2207 1021 2248; x_wconf 88' lang='lat' dir='ltr'>af-</span> 
     </span>
     <span class='ocr_line' id='line_1_38' title="bbox 193 2260 1024 2316; baseline 0.004 -15"><span class='ocrx_word' id='word_1_173' title='bbox 193 2260 294 2301; x_wconf 82' lang='lat' dir='ltr'>ferri</span> <span class='ocrx_word' id='word_1_174' title='bbox 313 2262 532 2312; x_wconf 91' lang='lat' dir='ltr'>lignorum</span> <span class='ocrx_word' id='word_1_175' title='bbox 545 2267 738 2312; x_wconf 90' lang='lat' dir='ltr'>truncos,</span> <span class='ocrx_word' id='word_1_176' title='bbox 757 2269 802 2305; x_wconf 92' lang='lat' dir='ltr'>et</span> <span class='ocrx_word' id='word_1_177' title='bbox 817 2264 1024 2316; x_wconf 91' lang='lat' dir='ltr'>componi</span> 
     </span>
     <span class='ocr_line' id='line_1_39' title="bbox 193 2317 1023 2372; baseline 0.005 -15"><span class='ocrx_word' id='word_1_178' title='bbox 193 2317 366 2358; x_wconf 89' lang='lat' dir='ltr'>tabulas</span> <span class='ocrx_word' id='word_1_179' title='bbox 413 2331 544 2371; x_wconf 90' lang='lat' dir='ltr'>super</span> <span class='ocrx_word' id='word_1_180' title='bbox 591 2320 833 2361; x_wconf 90' lang='lat' dir='ltr'>anteriores</span> <span class='ocrx_word' id='word_1_181' title='bbox 874 2326 1023 2372; x_wconf 88' lang='lat' dir='ltr'>partes</span> 
     </span>
     <span class='ocr_line' id='line_1_40' title="bbox 193 2373 1023 2429; baseline 0.007 -16"><span class='ocrx_word' id='word_1_182' title='bbox 193 2373 357 2425; x_wconf 93' lang='lat' dir='ltr'>pedum</span> <span class='ocrx_word' id='word_1_183' title='bbox 377 2375 484 2426; x_wconf 91' lang='lat' dir='ltr'>ejus,</span> <span class='ocrx_word' id='word_1_184' title='bbox 509 2378 671 2429; x_wconf 88' lang='lat' dir='ltr'>easque</span> <span class='ocrx_word' id='word_1_185' title='bbox 691 2377 866 2418; x_wconf 87' lang='lat' dir='ltr'>funibus</span> <span class='ocrx_word' id='word_1_186' title='bbox 886 2376 1023 2419; x_wconf 91' lang='lat' dir='ltr'>nodo-</span> 
     </span>
     <span class='ocr_line' id='line_1_41' title="bbox 193 2429 1024 2484; baseline 0.007 -15"><span class='ocrx_word' id='word_1_187' title='bbox 193 2430 254 2470; x_wconf 87' lang='lat' dir='ltr'>sis</span> <span class='ocrx_word' id='word_1_188' title='bbox 283 2429 565 2474; x_wconf 90' lang='lat' dir='ltr'>vehementer</span> <span class='ocrx_word' id='word_1_189' title='bbox 594 2434 848 2484; x_wconf 81' lang='lat' dir='ltr'>constringi,</span> <span class='ocrx_word' id='word_1_190' title='bbox 882 2433 1024 2475; x_wconf 92' lang='lat' dir='ltr'>donec</span> 
     </span>
     <span class='ocr_line' id='line_1_42' title="bbox 194 2485 1024 2541; baseline 0.004 -13"><span class='ocrx_word' id='word_1_191' title='bbox 194 2485 409 2528; x_wconf 92' lang='lat' dir='ltr'>deflueret</span> <span class='ocrx_word' id='word_1_192' title='bbox 438 2489 613 2539; x_wconf 88' lang='lat' dir='ltr'>sanguis</span> <span class='ocrx_word' id='word_1_193' title='bbox 641 2502 721 2541; x_wconf 89' lang='lat' dir='ltr'>per</span> <span class='ocrx_word' id='word_1_194' title='bbox 750 2490 1024 2532; x_wconf 74' lang='lat' dir='ltr'>summitates</span> 
     </span>
     <span class='ocr_line' id='line_1_43' title="bbox 195 2543 1023 2599; baseline 0.006 -16"><span class='ocrx_word' id='word_1_195' title='bbox 195 2543 443 2594; x_wconf 83' lang='lat' dir='ltr'>digitorum.</span> <span class='ocrx_word' id='word_1_196' title='bbox 483 2545 689 2597; x_wconf 90' lang='lat' dir='ltr'>Colaphis</span> <span class='ocrx_word' id='word_1_197' title='bbox 716 2549 895 2599; x_wconf 91' lang='lat' dir='ltr'>insuper</span> <span class='ocrx_word' id='word_1_198' title='bbox 924 2560 1023 2588; x_wconf 93' lang='lat' dir='ltr'>con-</span> 
     </span>
     <span class='ocr_line' id='line_1_44' title="bbox 194 2600 1025 2653; baseline 0.005 -13"><span class='ocrx_word' id='word_1_199' title='bbox 194 2603 319 2641; x_wconf 89' lang='lat' dir='ltr'>tusus</span> <span class='ocrx_word' id='word_1_200' title='bbox 338 2600 428 2650; x_wconf 84' lang='lat' dir='ltr'>fuit,</span> <span class='ocrx_word' id='word_1_201' title='bbox 448 2605 492 2641; x_wconf 90' lang='lat' dir='ltr'>et</span> <span class='ocrx_word' id='word_1_202' title='bbox 511 2606 644 2653; x_wconf 86' lang='lat' dir='ltr'>caput</span> <span class='ocrx_word' id='word_1_203' title='bbox 664 2603 753 2653; x_wconf 86' lang='lat' dir='ltr'>ejus</span> <span class='ocrx_word' id='word_1_204' title='bbox 773 2603 1025 2645; x_wconf 89' lang='lat' dir='ltr'>artificiosae</span> 
     </span>
     <span class='ocr_line' id='line_1_45' title="bbox 195 2655 1025 2709; baseline 0.005 -12"><span class='ocrx_word' id='word_1_205' title='bbox 195 2655 390 2698; x_wconf 82' lang='lat' dir='ltr'>cochleae</span> <span class='ocrx_word' id='word_1_206' title='bbox 435 2657 709 2709; x_wconf 89' lang='lat' dir='ltr'>impositum,</span> <span class='ocrx_word' id='word_1_207' title='bbox 756 2664 800 2700; x_wconf 91' lang='lat' dir='ltr'>et</span> <span class='ocrx_word' id='word_1_208' title='bbox 844 2660 1025 2701; x_wconf 89' lang='lat' dir='ltr'>admota</span> 
     </span>
     <span class='ocr_line' id='line_1_46' title="bbox 194 2713 1025 2766; baseline 0.004 -13"><span class='ocrx_word' id='word_1_209' title='bbox 194 2713 289 2754; x_wconf 91' lang='lat' dir='ltr'>nari</span> <span class='ocrx_word' id='word_1_210' title='bbox 320 2714 412 2764; x_wconf 84' lang='lat' dir='ltr'>ejus</span> <span class='ocrx_word' id='word_1_211' title='bbox 444 2713 606 2763; x_wconf 87' lang='lat' dir='ltr'>fistula,</span> <span class='ocrx_word' id='word_1_212' title='bbox 645 2714 783 2756; x_wconf 87' lang='lat' dir='ltr'>effusa</span> <span class='ocrx_word' id='word_1_213' title='bbox 814 2721 916 2758; x_wconf 88' lang='lat' dir='ltr'>sunt</span> <span class='ocrx_word' id='word_1_214' title='bbox 949 2715 1025 2766; x_wconf 89' lang='lat' dir='ltr'>sal,</span> 
     </span>
    </p>
   </div>
   <div class='ocr_carea' id='block_1_4' title="bbox 415 159 1664 215">
    <p class='ocr_par' dir='ltr' id='par_1_8' title="bbox 415 159 1664 215">
     <span class='ocr_line' id='line_1_47' title="bbox 415 159 1664 215; baseline -0.002 -7"><span class='ocrx_word' id='word_1_215' title='bbox 415 159 506 208; x_wconf 61' lang='lat' dir='ltr'>lDie</span> <span class='ocrx_word' id='word_1_216' title='bbox 534 174 560 207; x_wconf 93' lang='grc'>1.</span> <span class='ocrx_word' id='word_1_217' title='bbox 586 173 665 207; x_wconf 88' lang='lat' dir='ltr'>Oct.</span> <span class='ocrx_word' id='word_1_218' title='bbox 713 173 748 207; x_wconf 76' lang='lat' dir='ltr'>S.</span> <span class='ocrx_word' id='word_1_219' title='bbox 774 172 955 215; x_wconf 81' lang='lat' dir='ltr'>Gregorii</span> <span class='ocrx_word' id='word_1_220' title='bbox 978 172 1106 215; x_wconf 89' lang='lat' dir='ltr'>Episc.</span> <span class='ocrx_word' id='word_1_221' title='bbox 1132 172 1291 215; x_wconf 86' lang='lat' dir='ltr'>majoris</span> <span class='ocrx_word' id='word_1_222' title='bbox 1315 171 1470 206; x_wconf 88' lang='lat' dir='ltr'>Armen.</span> <span class='ocrx_word' id='word_1_223' title='bbox 1496 176 1533 206; x_wconf 88' lang='lat' dir='ltr'>et</span> <span class='ocrx_word' id='word_1_224' title='bbox 1556 171 1664 205; x_wconf 85' lang='lat' dir='ltr'>Mart.</span> 
     </span>
    </p>
   </div>
   <div class='ocr_carea' id='block_1_5' title="bbox 1069 270 1903 597">
    <p class='ocr_par' dir='ltr' id='par_1_9' title="bbox 1069 270 1903 597">
     <span class='ocr_line' id='line_1_48' title="bbox 1069 270 1902 315; baseline 0.005 -4"><span class='ocrx_word' id='word_1_225' title='bbox 1069 270 1231 312; x_wconf 92' lang='lat' dir='ltr'>nitrum</span> <span class='ocrx_word' id='word_1_226' title='bbox 1252 275 1296 313; x_wconf 93' lang='lat' dir='ltr'>et</span> <span class='ocrx_word' id='word_1_227' title='bbox 1315 273 1488 313; x_wconf 88' lang='lat' dir='ltr'>acetum</span> <span class='ocrx_word' id='word_1_228' title='bbox 1505 272 1634 314; x_wconf 89' lang='lat' dir='ltr'>simul</span> <span class='ocrx_word' id='word_1_229' title='bbox 1654 275 1902 315; x_wconf 79' lang='lat' dir='ltr'>commixta.</span> 
     </span>
     <span class='ocr_line' id='line_1_49' title="bbox 1070 327 1901 381; baseline 0.002 -13"><span class='ocrx_word' id='word_1_230' title='bbox 1070 327 1210 369; x_wconf 89' lang='lat' dir='ltr'>Multa</span> <span class='ocrx_word' id='word_1_231' title='bbox 1234 327 1391 369; x_wconf 90' lang='lat' dir='ltr'>similia</span> <span class='ocrx_word' id='word_1_232' title='bbox 1421 333 1466 370; x_wconf 89' lang='lat' dir='ltr'>et</span> <span class='ocrx_word' id='word_1_233' title='bbox 1491 329 1644 381; x_wconf 89' lang='lat' dir='ltr'>pejora</span> <span class='ocrx_word' id='word_1_234' title='bbox 1671 329 1901 372; x_wconf 84' lang='lat' dir='ltr'>crudelita-</span> 
     </span>
     <span class='ocr_line' id='line_1_50' title="bbox 1070 385 1903 438; baseline 0.004 -13"><span class='ocrx_word' id='word_1_235' title='bbox 1070 385 1127 426; x_wconf 90' lang='lat' dir='ltr'>tis</span> <span class='ocrx_word' id='word_1_236' title='bbox 1153 386 1315 436; x_wconf 86' lang='lat' dir='ltr'>genera</span> <span class='ocrx_word' id='word_1_237' title='bbox 1339 387 1580 438; x_wconf 70' lang='lat' dir='ltr'>perpessus</span> <span class='ocrx_word' id='word_1_238' title='bbox 1605 391 1689 436; x_wconf 90' lang='lat' dir='ltr'>est,</span> <span class='ocrx_word' id='word_1_239' title='bbox 1716 386 1830 428; x_wconf 92' lang='lat' dir='ltr'>adeo</span> <span class='ocrx_word' id='word_1_240' title='bbox 1854 390 1903 428; x_wconf 87' lang='lat' dir='ltr'>ut</span> 
     </span>
     <span class='ocr_line' id='line_1_51' title="bbox 1070 440 1902 494; baseline 0.002 -12"><span class='ocrx_word' id='word_1_241' title='bbox 1070 453 1149 483; x_wconf 85' lang='lat' dir='ltr'>rex</span> <span class='ocrx_word' id='word_1_242' title='bbox 1198 441 1295 494; x_wconf 88' lang='lat' dir='ltr'>ipse</span> <span class='ocrx_word' id='word_1_243' title='bbox 1345 440 1630 484; x_wconf 88' lang='lat' dir='ltr'>vehementer</span> <span class='ocrx_word' id='word_1_244' title='bbox 1672 442 1902 484; x_wconf 85' lang='lat' dir='ltr'>miraretur</span> 
     </span>
     <span class='ocr_line' id='line_1_52' title="bbox 1071 498 1903 549; baseline 0.002 -11"><span class='ocrx_word' id='word_1_245' title='bbox 1071 500 1286 540; x_wconf 86' lang='lat' dir='ltr'>mansisse</span> <span class='ocrx_word' id='word_1_246' title='bbox 1316 498 1482 549; x_wconf 89' lang='lat' dir='ltr'>vivum,</span> <span class='ocrx_word' id='word_1_247' title='bbox 1515 504 1560 541; x_wconf 91' lang='lat' dir='ltr'>et</span> <span class='ocrx_word' id='word_1_248' title='bbox 1590 498 1714 540; x_wconf 90' lang='lat' dir='ltr'>nihili</span> <span class='ocrx_word' id='word_1_249' title='bbox 1745 499 1903 541; x_wconf 88' lang='lat' dir='ltr'>fecisse</span> 
     </span>
     <span class='ocr_line' id='line_1_53' title="bbox 1073 554 1474 597; baseline -0.002 0"><span class='ocrx_word' id='word_1_250' title='bbox 1073 554 1250 597; x_wconf 91' lang='lat' dir='ltr'>dolores</span> <span class='ocrx_word' id='word_1_251' title='bbox 1269 556 1474 597; x_wconf 89' lang='lat' dir='ltr'>intensos.</span> 
     </span>
    </p>
   </div>
   <div class='ocr_carea' id='block_1_6' title="bbox 1902 248 1904 337">
    <p class='ocr_par' dir='ltr' id='par_1_10' title="bbox 1902 248 1904 337">
     <span class='ocr_line' id='line_1_54' title="bbox 1902 248 1904 337; baseline 0 2607"><span class='ocrx_word' id='word_1_252' title='bbox 1902 248 1904 337; x_wconf 95' lang='lat' dir='ltr'> </span> 
     </span>
    </p>
   </div>
   <div class='ocr_carea' id='block_1_7' title="bbox 1071 612 1910 2768">
    <p class='ocr_par' dir='ltr' id='par_1_11' title="bbox 1072 612 1906 1007">
     <span class='ocr_line' id='line_1_55' title="bbox 1127 612 1903 664; baseline 0.001 -12"><span class='ocrx_word' id='word_1_253' title='bbox 1127 612 1468 664; x_wconf 63' lang='lat' dir='ltr'>R2.Desiderium</span> <span class='ocrx_word' id='word_1_254' title='bbox 1518 612 1675 653; x_wconf 80' lang='lat' dir='ltr'>animae</span> <span class='ocrx_word' id='word_1_255' title='bbox 1708 613 1800 664; x_wconf 87' lang='lat' dir='ltr'>ejus</span> <span class='ocrx_word' id='word_1_256' title='bbox 1830 613 1903 655; x_wconf 90' lang='lat' dir='ltr'>tri-</span> 
     </span>
     <span class='ocr_line' id='line_1_56' title="bbox 1072 668 1904 718; baseline 0.001 -8"><span class='ocrx_word' id='word_1_257' title='bbox 1072 669 1207 711; x_wconf 88' lang='lat' dir='ltr'>buisti</span> <span class='ocrx_word' id='word_1_258' title='bbox 1239 669 1279 710; x_wconf 92' lang='lat' dir='ltr'>ei</span> <span class='ocrx_word' id='word_1_259' title='bbox 1305 669 1512 718; x_wconf 90' lang='lat' dir='ltr'>Domine,</span> <span class='ocrx_word' id='word_1_260' title='bbox 1540 670 1564 695; x_wconf 89' lang='lat'>*</span> <span class='ocrx_word' id='word_1_261' title='bbox 1592 668 1649 710; x_wconf 88' lang='lat' dir='ltr'>Et</span> <span class='ocrx_word' id='word_1_262' title='bbox 1676 668 1904 711; x_wconf 87' lang='lat' dir='ltr'>voluntate</span> 
     </span>
     <span class='ocr_line' id='line_1_57' title="bbox 1072 724 1904 778; baseline 0.001 -12"><span class='ocrx_word' id='word_1_263' title='bbox 1072 725 1291 768; x_wconf 92' lang='lat' dir='ltr'>labiorum</span> <span class='ocrx_word' id='word_1_264' title='bbox 1316 726 1408 778; x_wconf 88' lang='lat' dir='ltr'>ejus</span> <span class='ocrx_word' id='word_1_265' title='bbox 1435 738 1525 767; x_wconf 90' lang='lat' dir='ltr'>non</span> <span class='ocrx_word' id='word_1_266' title='bbox 1552 724 1766 768; x_wconf 88' lang='lat' dir='ltr'>fraudasti</span> <span class='ocrx_word' id='word_1_267' title='bbox 1794 738 1904 767; x_wconf 90' lang='lat' dir='ltr'>eum.</span> 
     </span>
     <span class='ocr_line' id='line_1_58' title="bbox 1076 778 1903 834; baseline 0.002 -11"><span class='ocrx_word' id='word_1_268' title='bbox 1076 778 1126 830; x_wconf 64' lang='lat' dir='ltr'>V.</span> <span class='ocrx_word' id='word_1_269' title='bbox 1139 783 1356 833; x_wconf 81' lang='lat' dir='ltr'>Quoniam</span> <span class='ocrx_word' id='word_1_270' title='bbox 1373 782 1630 834; x_wconf 82' lang='lat' dir='ltr'>praevenisti</span> <span class='ocrx_word' id='word_1_271' title='bbox 1650 794 1751 824; x_wconf 92' lang='lat' dir='ltr'>eum</span> <span class='ocrx_word' id='word_1_272' title='bbox 1768 782 1813 823; x_wconf 90' lang='lat' dir='ltr'>in</span> <span class='ocrx_word' id='word_1_273' title='bbox 1830 782 1903 825; x_wconf 92' lang='lat' dir='ltr'>be-</span> 
     </span>
     <span class='ocr_line' id='line_1_59' title="bbox 1072 838 1906 892; baseline 0.001 -12"><span class='ocrx_word' id='word_1_274' title='bbox 1072 839 1397 882; x_wconf 87' lang='lat' dir='ltr'>nedictionibus</span> <span class='ocrx_word' id='word_1_275' title='bbox 1425 838 1686 881; x_wconf 83' lang='lat' dir='ltr'>dulcedinis:</span> <span class='ocrx_word' id='word_1_276' title='bbox 1715 840 1906 892; x_wconf 90' lang='lat' dir='ltr'>posuisti</span> 
     </span>
     <span class='ocr_line' id='line_1_60' title="bbox 1072 896 1905 950; baseline 0.001 -12"><span class='ocrx_word' id='word_1_277' title='bbox 1072 897 1116 938; x_wconf 92' lang='lat' dir='ltr'>in</span> <span class='ocrx_word' id='word_1_278' title='bbox 1144 897 1288 950; x_wconf 90' lang='lat' dir='ltr'>capite</span> <span class='ocrx_word' id='word_1_279' title='bbox 1317 897 1408 948; x_wconf 88' lang='lat' dir='ltr'>ejus</span> <span class='ocrx_word' id='word_1_280' title='bbox 1437 898 1648 938; x_wconf 89' lang='lat' dir='ltr'>coronam</span> <span class='ocrx_word' id='word_1_281' title='bbox 1673 896 1729 939; x_wconf 91' lang='lat' dir='ltr'>de</span> <span class='ocrx_word' id='word_1_282' title='bbox 1756 896 1905 950; x_wconf 89' lang='lat' dir='ltr'>lapide</span> 
     </span>
     <span class='ocr_line' id='line_1_61' title="bbox 1072 953 1377 1007; baseline -0.003 -12"><span class='ocrx_word' id='word_1_283' title='bbox 1072 953 1283 1007; x_wconf 90' lang='lat' dir='ltr'>pretioso.</span> <span class='ocrx_word' id='word_1_284' title='bbox 1310 953 1377 995; x_wconf 90' lang='lat' dir='ltr'>Et.</span> 
     </span>
    </p>

    <p class='ocr_par' dir='ltr' id='par_1_12' title="bbox 1379 1006 1603 1049">
     <span class='ocr_line' id='line_1_62' title="bbox 1379 1006 1603 1049; baseline -0.004 -2"><span class='ocrx_word' id='word_1_285' title='bbox 1379 1007 1530 1049; x_wconf 89' lang='lat' dir='ltr'>Lectio</span> <span class='ocrx_word' id='word_1_286' title='bbox 1549 1006 1603 1048; x_wconf 90' lang='lat' dir='ltr'>vi.</span> 
     </span>
    </p>

    <p class='ocr_par' dir='ltr' id='par_1_13' title="bbox 1076 1058 1905 1167">
     <span class='ocr_line' id='line_1_63' title="bbox 1076 1058 1905 1167; baseline -0.001 -59"><span class='ocrx_word' id='word_1_287' title='bbox 1076 1058 1226 1167; x_wconf 81' lang='lat' dir='ltr'>Cum</span> <span class='ocrx_word' id='word_1_288' title='bbox 1254 1071 1402 1109; x_wconf 92' lang='lat' dir='ltr'>autem</span> <span class='ocrx_word' id='word_1_289' title='bbox 1429 1066 1608 1118; x_wconf 89' lang='lat' dir='ltr'>quidam</span> <span class='ocrx_word' id='word_1_290' title='bbox 1635 1078 1690 1108; x_wconf 87' lang='lat' dir='ltr'>ex</span> <span class='ocrx_word' id='word_1_291' title='bbox 1716 1066 1905 1118; x_wconf 82' lang='lat' dir='ltr'>satrapis</span> 
     </span>
    </p>

    <p class='ocr_par' dir='ltr' id='par_1_14' title="bbox 1071 1122 1910 2768">
     <span class='ocr_line' id='line_1_64' title="bbox 1163 1122 1906 1174; baseline -0.001 -10"><span class='ocrx_word' id='word_1_292' title='bbox 1163 1136 1314 1174; x_wconf 90' lang='lat' dir='ltr'>regem</span> <span class='ocrx_word' id='word_1_293' title='bbox 1329 1123 1546 1165; x_wconf 89' lang='lat' dir='ltr'>allocutus</span> <span class='ocrx_word' id='word_1_294' title='bbox 1559 1122 1622 1164; x_wconf 91' lang='lat' dir='ltr'>illi</span> <span class='ocrx_word' id='word_1_295' title='bbox 1635 1123 1906 1165; x_wconf 88' lang='lat' dir='ltr'>manifestas-</span> 
     </span>
     <span class='ocr_line' id='line_1_65' title="bbox 1073 1178 1905 1232; baseline -0.002 -10"><span class='ocrx_word' id='word_1_296' title='bbox 1073 1185 1142 1222; x_wconf 90' lang='lat' dir='ltr'>set</span> <span class='ocrx_word' id='word_1_297' title='bbox 1167 1180 1432 1232; x_wconf 90' lang='lat' dir='ltr'>Gregorium</span> <span class='ocrx_word' id='word_1_298' title='bbox 1455 1180 1593 1221; x_wconf 88' lang='lat' dir='ltr'>filium</span> <span class='ocrx_word' id='word_1_299' title='bbox 1618 1192 1715 1221; x_wconf 91' lang='lat' dir='ltr'>esse</span> <span class='ocrx_word' id='word_1_300' title='bbox 1739 1178 1905 1229; x_wconf 88' lang='lat' dir='ltr'>Anach,</span> 
     </span>
     <span class='ocr_line' id='line_1_66' title="bbox 1071 1236 1906 1291; baseline -0.001 -13"><span class='ocrx_word' id='word_1_301' title='bbox 1071 1237 1367 1280; x_wconf 89' lang='lat' dir='ltr'>interfectoris</span> <span class='ocrx_word' id='word_1_302' title='bbox 1388 1238 1527 1291; x_wconf 91' lang='lat' dir='ltr'>patris</span> <span class='ocrx_word' id='word_1_303' title='bbox 1548 1238 1639 1290; x_wconf 88' lang='lat' dir='ltr'>ejus</span> <span class='ocrx_word' id='word_1_304' title='bbox 1660 1236 1906 1287; x_wconf 87' lang='lat' dir='ltr'>Cusaronis,</span> 
     </span>
     <span class='ocr_line' id='line_1_67' title="bbox 1073 1293 1906 1346; baseline -0.002 -10"><span class='ocrx_word' id='word_1_305' title='bbox 1073 1295 1198 1346; x_wconf 86' lang='lat' dir='ltr'>jussit</span> <span class='ocrx_word' id='word_1_306' title='bbox 1235 1294 1357 1336; x_wconf 92' lang='lat' dir='ltr'>illum</span> <span class='ocrx_word' id='word_1_307' title='bbox 1393 1294 1595 1336; x_wconf 91' lang='lat' dir='ltr'>manibus</span> <span class='ocrx_word' id='word_1_308' title='bbox 1626 1293 1906 1346; x_wconf 80' lang='lat' dir='ltr'>pedibusque</span> 
     </span>
     <span class='ocr_line' id='line_1_68' title="bbox 1075 1350 1905 1405; baseline -0.002 -12"><span class='ocrx_word' id='word_1_309' title='bbox 1075 1357 1119 1394; x_wconf 92' lang='lat' dir='ltr'>et</span> <span class='ocrx_word' id='word_1_310' title='bbox 1150 1351 1267 1393; x_wconf 92' lang='lat' dir='ltr'>collo</span> <span class='ocrx_word' id='word_1_311' title='bbox 1294 1352 1491 1394; x_wconf 92' lang='lat' dir='ltr'>vinctum</span> <span class='ocrx_word' id='word_1_312' title='bbox 1518 1350 1703 1405; x_wconf 78' lang='lat' dir='ltr'>perduci</span> <span class='ocrx_word' id='word_1_313' title='bbox 1734 1351 1779 1391; x_wconf 94' lang='lat' dir='ltr'>in</span> <span class='ocrx_word' id='word_1_314' title='bbox 1805 1362 1905 1404; x_wconf 92' lang='lat' dir='ltr'>pro-</span> 
     </span>
     <span class='ocr_line' id='line_1_69' title="bbox 1074 1407 1905 1461; baseline -0.001 -11"><span class='ocrx_word' id='word_1_315' title='bbox 1074 1409 1263 1450; x_wconf 89' lang='lat' dir='ltr'>vinciam</span> <span class='ocrx_word' id='word_1_316' title='bbox 1282 1409 1462 1458; x_wconf 89' lang='lat' dir='ltr'>Ararat,</span> <span class='ocrx_word' id='word_1_317' title='bbox 1486 1407 1695 1461; x_wconf 88' lang='lat' dir='ltr'>trudique</span> <span class='ocrx_word' id='word_1_318' title='bbox 1714 1407 1758 1448; x_wconf 92' lang='lat' dir='ltr'>in</span> <span class='ocrx_word' id='word_1_319' title='bbox 1777 1407 1905 1449; x_wconf 89' lang='lat' dir='ltr'>verti-</span> 
     </span>
     <span class='ocr_line' id='line_1_70' title="bbox 1075 1463 1907 1516; baseline -0.004 -9"><span class='ocrx_word' id='word_1_320' title='bbox 1075 1478 1172 1508; x_wconf 90' lang='lat' dir='ltr'>cem</span> <span class='ocrx_word' id='word_1_321' title='bbox 1195 1466 1329 1507; x_wconf 90' lang='lat' dir='ltr'>castri</span> <span class='ocrx_word' id='word_1_322' title='bbox 1346 1465 1549 1515; x_wconf 87' lang='lat' dir='ltr'>Artaxat,</span> <span class='ocrx_word' id='word_1_323' title='bbox 1577 1464 1838 1516; x_wconf 89' lang='lat' dir='ltr'>demittique</span> <span class='ocrx_word' id='word_1_324' title='bbox 1862 1463 1907 1504; x_wconf 91' lang='lat' dir='ltr'>in</span> 
     </span>
     <span class='ocr_line' id='line_1_71' title="bbox 1074 1519 1906 1572; baseline -0.002 -9"><span class='ocrx_word' id='word_1_325' title='bbox 1074 1523 1271 1564; x_wconf 89' lang='lat' dir='ltr'>infimum</span> <span class='ocrx_word' id='word_1_326' title='bbox 1283 1522 1462 1572; x_wconf 92' lang='lat' dir='ltr'>hiatum,</span> <span class='ocrx_word' id='word_1_327' title='bbox 1480 1520 1622 1564; x_wconf 90' lang='lat' dir='ltr'>donec</span> <span class='ocrx_word' id='word_1_328' title='bbox 1636 1519 1802 1563; x_wconf 89' lang='lat' dir='ltr'>ibidem</span> <span class='ocrx_word' id='word_1_329' title='bbox 1815 1532 1906 1562; x_wconf 92' lang='lat' dir='ltr'>mo-</span> 
     </span>
     <span class='ocr_line' id='line_1_72' title="bbox 1075 1577 1907 1630; baseline -0.002 -10"><span class='ocrx_word' id='word_1_330' title='bbox 1075 1581 1255 1622; x_wconf 88' lang='lat' dir='ltr'>reretur.</span> <span class='ocrx_word' id='word_1_331' title='bbox 1295 1580 1417 1621; x_wconf 88' lang='lat' dir='ltr'>Deus</span> <span class='ocrx_word' id='word_1_332' title='bbox 1450 1591 1574 1629; x_wconf 91' lang='lat' dir='ltr'>vero,</span> <span class='ocrx_word' id='word_1_333' title='bbox 1610 1578 1685 1630; x_wconf 92' lang='lat' dir='ltr'>qui</span> <span class='ocrx_word' id='word_1_334' title='bbox 1717 1590 1741 1619; x_wconf 92' lang='lat' dir='ltr'>e</span> <span class='ocrx_word' id='word_1_335' title='bbox 1773 1577 1907 1619; x_wconf 87' lang='lat' dir='ltr'>tantis</span> 
     </span>
     <span class='ocr_line' id='line_1_73' title="bbox 1074 1634 1907 1687; baseline -0.004 -9"><span class='ocrx_word' id='word_1_336' title='bbox 1074 1636 1307 1678; x_wconf 89' lang='lat' dir='ltr'>tormentis</span> <span class='ocrx_word' id='word_1_337' title='bbox 1339 1637 1489 1678; x_wconf 91' lang='lat' dir='ltr'>vivum</span> <span class='ocrx_word' id='word_1_338' title='bbox 1520 1635 1643 1677; x_wconf 92' lang='lat' dir='ltr'>illum</span> <span class='ocrx_word' id='word_1_339' title='bbox 1675 1634 1907 1687; x_wconf 91' lang='lat' dir='ltr'>eripuerat,</span> 
     </span>
     <span class='ocr_line' id='line_1_74' title="bbox 1076 1690 1907 1747; baseline -0.005 -12"><span class='ocrx_word' id='word_1_340' title='bbox 1076 1706 1131 1735; x_wconf 78' lang='lat' dir='ltr'>ex</span> <span class='ocrx_word' id='word_1_341' title='bbox 1145 1693 1231 1735; x_wconf 91' lang='lat' dir='ltr'>hoc</span> <span class='ocrx_word' id='word_1_342' title='bbox 1244 1694 1412 1747; x_wconf 90' lang='lat' dir='ltr'>pariter</span> <span class='ocrx_word' id='word_1_343' title='bbox 1426 1693 1619 1735; x_wconf 89' lang='lat' dir='ltr'>servavit</span> <span class='ocrx_word' id='word_1_344' title='bbox 1632 1690 1907 1741; x_wconf 91' lang='lat' dir='ltr'>incolumem,</span> 
     </span>
     <span class='ocr_line' id='line_1_75' title="bbox 1076 1747 1907 1803; baseline -0.006 -10"><span class='ocrx_word' id='word_1_345' title='bbox 1076 1756 1120 1793; x_wconf 92' lang='lat' dir='ltr'>et</span> <span class='ocrx_word' id='word_1_346' title='bbox 1136 1756 1241 1803; x_wconf 88' lang='lat' dir='ltr'>post</span> <span class='ocrx_word' id='word_1_347' title='bbox 1259 1750 1440 1802; x_wconf 92' lang='lat' dir='ltr'>longum</span> <span class='ocrx_word' id='word_1_348' title='bbox 1457 1755 1634 1803; x_wconf 90' lang='lat' dir='ltr'>tempus</span> <span class='ocrx_word' id='word_1_349' title='bbox 1653 1747 1907 1790; x_wconf 89' lang='lat' dir='ltr'>Teridatem</span> 
     </span>
     <span class='ocr_line' id='line_1_76' title="bbox 1074 1803 1907 1860; baseline -0.004 -12"><span class='ocrx_word' id='word_1_350' title='bbox 1074 1807 1221 1860; x_wconf 91' lang='lat' dir='ltr'>ipsum</span> <span class='ocrx_word' id='word_1_351' title='bbox 1247 1807 1368 1849; x_wconf 89' lang='lat' dir='ltr'>velut</span> <span class='ocrx_word' id='word_1_352' title='bbox 1399 1807 1584 1848; x_wconf 89' lang='lat' dir='ltr'>alterum</span> <span class='ocrx_word' id='word_1_353' title='bbox 1611 1803 1907 1847; x_wconf 88' lang='lat' dir='ltr'>Nabuchodo-</span> 
     </span>
     <span class='ocr_line' id='line_1_77' title="bbox 1075 1861 1906 1916; baseline -0.006 -10"><span class='ocrx_word' id='word_1_354' title='bbox 1075 1877 1212 1906; x_wconf 89' lang='lat' dir='ltr'>nosor</span> <span class='ocrx_word' id='word_1_355' title='bbox 1239 1864 1483 1906; x_wconf 86' lang='lat' dir='ltr'>tentatione</span> <span class='ocrx_word' id='word_1_356' title='bbox 1511 1862 1750 1916; x_wconf 90' lang='lat' dir='ltr'>probatum</span> <span class='ocrx_word' id='word_1_357' title='bbox 1778 1861 1835 1903; x_wconf 92' lang='lat' dir='ltr'>ad</span> <span class='ocrx_word' id='word_1_358' title='bbox 1859 1861 1906 1901; x_wconf 87' lang='lat' dir='ltr'>fi-</span> 
     </span>
     <span class='ocr_line' id='line_1_78' title="bbox 1077 1918 1906 1972; baseline -0.006 -9"><span class='ocrx_word' id='word_1_359' title='bbox 1077 1921 1149 1963; x_wconf 92' lang='lat' dir='ltr'>dei</span> <span class='ocrx_word' id='word_1_360' title='bbox 1176 1921 1323 1963; x_wconf 93' lang='lat' dir='ltr'>lumen</span> <span class='ocrx_word' id='word_1_361' title='bbox 1351 1920 1552 1970; x_wconf 80' lang='lat' dir='ltr'>adduxit,</span> <span class='ocrx_word' id='word_1_362' title='bbox 1583 1931 1714 1972; x_wconf 92' lang='lat' dir='ltr'>quem</span> <span class='ocrx_word' id='word_1_363' title='bbox 1741 1918 1906 1969; x_wconf 90' lang='lat' dir='ltr'>Grego-</span> 
     </span>
     <span class='ocr_line' id='line_1_79' title="bbox 1075 1976 1907 2030; baseline -0.005 -11"><span class='ocrx_word' id='word_1_364' title='bbox 1075 1978 1166 2019; x_wconf 88' lang='lat' dir='ltr'>rius</span> <span class='ocrx_word' id='word_1_365' title='bbox 1202 1978 1360 2030; x_wconf 86' lang='lat' dir='ltr'>jejunio</span> <span class='ocrx_word' id='word_1_366' title='bbox 1395 1979 1650 2030; x_wconf 86' lang='lat' dir='ltr'>purgatum,</span> <span class='ocrx_word' id='word_1_367' title='bbox 1692 1976 1790 2017; x_wconf 93' lang='lat' dir='ltr'>Deo</span> <span class='ocrx_word' id='word_1_368' title='bbox 1826 1987 1907 2027; x_wconf 91' lang='lat' dir='ltr'>per</span> 
     </span>
     <span class='ocr_line' id='line_1_80' title="bbox 1075 2033 1906 2088; baseline -0.006 -11"><span class='ocrx_word' id='word_1_369' title='bbox 1075 2035 1343 2088; x_wconf 90' lang='lat' dir='ltr'>baptismum</span> <span class='ocrx_word' id='word_1_370' title='bbox 1379 2033 1691 2076; x_wconf 88' lang='lat' dir='ltr'>reconciliavit.</span> <span class='ocrx_word' id='word_1_371' title='bbox 1749 2033 1906 2083; x_wconf 88' lang='lat' dir='ltr'>Itaque</span> 
     </span>
     <span class='ocr_line' id='line_1_81' title="bbox 1077 2087 1908 2145; baseline -0.007 -11"><span class='ocrx_word' id='word_1_372' title='bbox 1077 2092 1192 2134; x_wconf 87' lang='lat' dir='ltr'>facta</span> <span class='ocrx_word' id='word_1_373' title='bbox 1204 2094 1427 2145; x_wconf 89' lang='lat' dir='ltr'>potestate</span> <span class='ocrx_word' id='word_1_374' title='bbox 1441 2090 1619 2144; x_wconf 89' lang='lat' dir='ltr'>publice</span> <span class='ocrx_word' id='word_1_375' title='bbox 1634 2087 1908 2143; x_wconf 84' lang='lat' dir='ltr'>praedicandi</span> 
     </span>
     <span class='ocr_line' id='line_1_82' title="bbox 1079 2146 1907 2200; baseline -0.007 -9"><span class='ocrx_word' id='word_1_376' title='bbox 1079 2149 1242 2191; x_wconf 91' lang='lat' dir='ltr'>Christi</span> <span class='ocrx_word' id='word_1_377' title='bbox 1277 2148 1582 2200; x_wconf 90' lang='lat' dir='ltr'>Evangelium,</span> <span class='ocrx_word' id='word_1_378' title='bbox 1618 2146 1795 2198; x_wconf 91' lang='lat' dir='ltr'>majoris</span> <span class='ocrx_word' id='word_1_379' title='bbox 1828 2146 1907 2186; x_wconf 89' lang='lat' dir='ltr'>Ar-</span> 
     </span>
     <span class='ocr_line' id='line_1_83' title="bbox 1077 2202 1908 2257; baseline -0.007 -9"><span class='ocrx_word' id='word_1_380' title='bbox 1077 2206 1234 2248; x_wconf 83' lang='lat' dir='ltr'>meniae</span> <span class='ocrx_word' id='word_1_381' title='bbox 1258 2211 1435 2257; x_wconf 90' lang='lat' dir='ltr'>gentem</span> <span class='ocrx_word' id='word_1_382' title='bbox 1456 2205 1501 2246; x_wconf 90' lang='lat' dir='ltr'>in</span> <span class='ocrx_word' id='word_1_383' title='bbox 1521 2204 1609 2246; x_wconf 90' lang='lat' dir='ltr'>fide</span> <span class='ocrx_word' id='word_1_384' title='bbox 1630 2202 1835 2252; x_wconf 88' lang='lat' dir='ltr'>erudivit,</span> <span class='ocrx_word' id='word_1_385' title='bbox 1864 2206 1908 2243; x_wconf 90' lang='lat' dir='ltr'>et</span> 
     </span>
     <span class='ocr_line' id='line_1_84' title="bbox 1077 2259 1908 2311; baseline -0.007 -7"><span class='ocrx_word' id='word_1_386' title='bbox 1077 2276 1205 2304; x_wconf 92' lang='lat' dir='ltr'>sacro</span> <span class='ocrx_word' id='word_1_387' title='bbox 1225 2263 1346 2304; x_wconf 87' lang='lat' dir='ltr'>fonte</span> <span class='ocrx_word' id='word_1_388' title='bbox 1365 2262 1584 2311; x_wconf 87' lang='lat' dir='ltr'>lustravit,</span> <span class='ocrx_word' id='word_1_389' title='bbox 1610 2259 1908 2310; x_wconf 89' lang='lat' dir='ltr'>ecclesiasque</span> 
     </span>
     <span class='ocr_line' id='line_1_85' title="bbox 1076 2315 1908 2372; baseline -0.007 -11"><span class='ocrx_word' id='word_1_390' title='bbox 1076 2320 1372 2372; x_wconf 92' lang='lat' dir='ltr'>undequaque</span> <span class='ocrx_word' id='word_1_391' title='bbox 1401 2318 1556 2368; x_wconf 85' lang='lat' dir='ltr'>erexit,</span> <span class='ocrx_word' id='word_1_392' title='bbox 1584 2315 1820 2359; x_wconf 88' lang='lat' dir='ltr'>destructis</span> <span class='ocrx_word' id='word_1_393' title='bbox 1840 2328 1908 2356; x_wconf 87' lang='lat' dir='ltr'>su-</span> 
     </span>
     <span class='ocr_line' id='line_1_86' title="bbox 1077 2371 1908 2429; baseline -0.008 -11"><span class='ocrx_word' id='word_1_394' title='bbox 1077 2376 1349 2429; x_wconf 85' lang='lat' dir='ltr'>perstitionis</span> <span class='ocrx_word' id='word_1_395' title='bbox 1370 2374 1625 2424; x_wconf 89' lang='lat' dir='ltr'>simulacris,</span> <span class='ocrx_word' id='word_1_396' title='bbox 1642 2371 1908 2424; x_wconf 90' lang='lat' dir='ltr'>templisque</span> 
     </span>
     <span class='ocr_line' id='line_1_87' title="bbox 1079 2427 1908 2482; baseline -0.007 -8"><span class='ocrx_word' id='word_1_397' title='bbox 1079 2435 1230 2474; x_wconf 92' lang='lat' dir='ltr'>eorum</span> <span class='ocrx_word' id='word_1_398' title='bbox 1251 2432 1427 2482; x_wconf 88' lang='lat' dir='ltr'>eversis,</span> <span class='ocrx_word' id='word_1_399' title='bbox 1447 2431 1664 2473; x_wconf 85' lang='lat' dir='ltr'>Caesareae</span> <span class='ocrx_word' id='word_1_400' title='bbox 1679 2427 1908 2470; x_wconf 89' lang='lat' dir='ltr'>ordinatus</span> 
     </span>
     <span class='ocr_line' id='line_1_88' title="bbox 1078 2485 1908 2541; baseline -0.008 -10"><span class='ocrx_word' id='word_1_401' title='bbox 1078 2503 1170 2531; x_wconf 87' lang='lat' dir='ltr'>suae</span> <span class='ocrx_word' id='word_1_402' title='bbox 1187 2490 1330 2541; x_wconf 90' lang='lat' dir='ltr'>gentis</span> <span class='ocrx_word' id='word_1_403' title='bbox 1351 2488 1722 2540; x_wconf 82' lang='lat' dir='ltr'>archiepiscopus,</span> <span class='ocrx_word' id='word_1_404' title='bbox 1743 2485 1908 2538; x_wconf 90' lang='lat' dir='ltr'>impen-</span> 
     </span>
     <span class='ocr_line' id='line_1_89' title="bbox 1079 2541 1906 2588; baseline -0.008 0"><span class='ocrx_word' id='word_1_405' title='bbox 1079 2547 1168 2588; x_wconf 91' lang='lat' dir='ltr'>sius</span> <span class='ocrx_word' id='word_1_406' title='bbox 1195 2547 1414 2588; x_wconf 88' lang='lat' dir='ltr'>Armenos</span> <span class='ocrx_word' id='word_1_407' title='bbox 1443 2544 1590 2586; x_wconf 91' lang='lat' dir='ltr'>divina</span> <span class='ocrx_word' id='word_1_408' title='bbox 1619 2542 1819 2584; x_wconf 88' lang='lat' dir='ltr'>doctrina</span> <span class='ocrx_word' id='word_1_409' title='bbox 1846 2541 1906 2581; x_wconf 93' lang='lat' dir='ltr'>in-</span> 
     </span>
     <span class='ocr_line' id='line_1_90' title="bbox 1078 2600 1908 2655; baseline -0.008 -10"><span class='ocrx_word' id='word_1_410' title='bbox 1078 2603 1249 2653; x_wconf 81' lang='lat' dir='ltr'>struxit,</span> <span class='ocrx_word' id='word_1_411' title='bbox 1269 2607 1403 2655; x_wconf 90' lang='lat' dir='ltr'>atque</span> <span class='ocrx_word' id='word_1_412' title='bbox 1421 2601 1465 2641; x_wconf 94' lang='lat' dir='ltr'>in</span> <span class='ocrx_word' id='word_1_413' title='bbox 1483 2600 1572 2641; x_wconf 91' lang='lat' dir='ltr'>fide</span> <span class='ocrx_word' id='word_1_414' title='bbox 1587 2601 1794 2651; x_wconf 89' lang='lat' dir='ltr'>suscepta</span> <span class='ocrx_word' id='word_1_415' title='bbox 1808 2610 1908 2639; x_wconf 91' lang='lat' dir='ltr'>con-</span> 
     </span>
     <span class='ocr_line' id='line_1_91' title="bbox 1078 2653 1910 2709; baseline -0.006 -10"><span class='ocrx_word' id='word_1_416' title='bbox 1078 2659 1279 2701; x_wconf 89' lang='lat' dir='ltr'>firmavit.</span> <span class='ocrx_word' id='word_1_417' title='bbox 1313 2657 1483 2709; x_wconf 89' lang='lat' dir='ltr'>Quietis</span> <span class='ocrx_word' id='word_1_418' title='bbox 1506 2654 1684 2697; x_wconf 91' lang='lat' dir='ltr'>tandem</span> <span class='ocrx_word' id='word_1_419' title='bbox 1703 2668 1755 2696; x_wconf 90' lang='lat' dir='ltr'>ac</span> <span class='ocrx_word' id='word_1_420' title='bbox 1774 2653 1910 2695; x_wconf 91' lang='lat' dir='ltr'>divini</span> 
     </span>
     <span class='ocr_line' id='line_1_92' title="bbox 1079 2709 1909 2768; baseline -0.007 -11"><span class='ocrx_word' id='word_1_421' title='bbox 1079 2716 1158 2757; x_wconf 90' lang='lat' dir='ltr'>otii</span> <span class='ocrx_word' id='word_1_422' title='bbox 1188 2713 1517 2768; x_wconf 87' lang='lat' dir='ltr'>cupidissimus,</span> <span class='ocrx_word' id='word_1_423' title='bbox 1550 2712 1594 2752; x_wconf 92' lang='lat' dir='ltr'>in</span> <span class='ocrx_word' id='word_1_424' title='bbox 1627 2709 1909 2752; x_wconf 90' lang='lat' dir='ltr'>solitudinem</span> 
     </span>
    </p>
   </div>
  </div>
 </body>
</html>
