2040 2944
177 158 243 193 414

234 260 282 310 Rg.
295 255 375 296 Isti
391 259 491 295 sunt
507 253 579 304 qui
597 253 796 294 viventes
811 253 855 293 in
871 266 1013 302 carne,

178 311 490 363 plantaverunt
522 309 769 350 Ecclesiam
801 309 1013 361 sanguine

179 380 273 408 suo:
290 371 312 394 *
329 366 521 407 Calicem
535 365 713 406 Domini
732 365 949 415 biberunt,
970 371 1013 407 et

178 424 305 465 amici
325 423 409 464 Dei
430 422 533 464 facti
552 427 663 464 sunt.
689 420 742 470 V.
766 422 817 463 In
837 435 1012 464 omnem

177 487 342 521 terram
374 479 508 521 exivit
535 492 669 520 sonus
697 482 867 529 eorum,
900 484 944 520 et
969 479 1013 519 in

177 536 286 577 fines
307 536 428 577 orbis
447 541 580 577 terrae
595 535 732 577 verba
747 537 912 577 eorum.
933 535 1012 576 Ce-

176 593 316 634 licem.
468 639 475 646 ,

482 643 633 683 Lectio
655 642 707 682 vi.

222 701 296 743 llic
318 701 641 753 Apostolorum
665 701 886 752 gloriosus
911 699 1012 741 cho-

235 772 320 807 rus,
339 758 428 799 illic
446 757 772 810 Prophetarum
793 756 1012 798 exsultan-

177 815 287 857 tium
314 818 538 862 numerus,
567 814 656 855 illic
682 814 927 866 Martyrum
951 813 1011 853 in-

176 871 460 914 numerabilis
486 871 696 923 populus,
727 870 784 912 ob
812 870 1012 911 certami-

174 929 242 970 nis
269 934 312 970 et
334 927 554 980 passionis
574 927 805 968 victoriam
829 928 1012 968 corona-

175 990 258 1027 tus.
299 983 644 1036 Triumphantes
678 983 768 1024 11110
794 983 1012 1033 Virgines,

176 1055 275 1094 quae
322 1040 727 1092 concupiscentiam
778 1040 923 1081 carnis
970 1044 1013 1080 et

174 1098 373 1150 corporis
407 1097 689 1138 continentiae
720 1096 882 1138 robore
914 1095 1013 1137 sub-

176 1156 370 1205 egerunt.
435 1154 724 1195 Remunerati
767 1153 1011 1194 misericor-

177 1210 272 1261 des,
303 1211 377 1262 qui
401 1210 618 1252 alimentis
644 1215 687 1251 et
707 1209 1013 1260 largitionibus

175 1271 423 1320 pauperum
448 1267 626 1318 justitiae
647 1269 785 1319 opera
804 1266 1012 1311 fecerunt,

177 1325 252 1377 qui
270 1324 505 1365 Dominica
524 1326 751 1376 praecepta
774 1325 1013 1365 servantes,

177 1381 234 1422 ad
259 1381 466 1422 coelestes
489 1381 724 1422 thesauros
743 1382 918 1422 terrena
938 1393 1011 1432 pa-

175 1438 382 1479 trimonia
418 1438 748 1479 transtulerunt.
803 1437 876 1478 Ad
912 1436 1012 1487 hos,

177 1495 334 1535 fratres
364 1493 657 1544 dilectissimi,
687 1493 817 1535 avida
846 1494 1011 1546 cupidi-

176 1553 268 1593 tate
293 1553 603 1603 properemus,
633 1556 677 1592 et
705 1564 804 1593 cum
829 1551 897 1591 his
924 1551 1012 1592 cito

178 1619 294 1652 esse,
330 1612 379 1648 ut
407 1607 495 1648 cito
524 1606 582 1649 ad
612 1606 835 1649 Christum
862 1609 1012 1648 venire

177 1666 415 1714 contingat,
435 1666 654 1716 optemus.

234 1727 285 1778 R.
305 1724 455 1766 Sancti
473 1725 570 1767 mei.
589 1726 685 1767 396.

409 1809 458 1847 In
478 1810 548 1847 ΙΙΙ.
568 1809 791 1847 Nocturno.

179 1873 334 1914 Lectio
355 1873 495 1914 sancti
518 1873 746 1923 Evangelii
769 1872 1012 1914 secundum

461 1929 732 1971 Matthaeum.

259 1991 410 2031 Lcctio
432 1990 499 2030 vii.
777 1990 881 2041 Cap.
897 1990 934 2029 5.

225 2064 253 2090 n
269 2050 345 2092 1110
361 2053 576 2103 tempore:
595 2051 766 2093 Videns
781 2051 805 2092 J
809 2063 909 2092 esus
924 2056 1010 2093 tur-

238 2106 329 2156 baS‚
349 2107 549 2149 ascendit
567 2108 611 2148 in
627 2113 833 2157 montem,
854 2112 898 2149 et
913 2120 1013 2149 cum

178 2162 382 2212 sedisset,
416 2166 698 2206 accesserunt
728 2163 786 2206 ad
817 2177 917 2206 eum
950 2163 1012 2206 di-

178 2219 335 2271 scipuli
357 2221 459 2272 ejus.
487 2221 544 2262 Et
563 2221 743 2273 reliqua.

251 2300 315 2339 De
335 2297 531 2338 Homilia
551 2298 691 2339 sancti
710 2298 945 2348 Augustini

483 2354 708 2407 Episcopi.

275 2417 329 2450 Ex
351 2417 432 2450 Lib.
458 2417 483 2449 1.
501 2416 547 2449 dc
567 2415 750 2449 Sermone
768 2414 924 2448 Domini

419 2465 457 2498 in
475 2471 613 2498 montc.
642 2464 734 2506 Cap.
752 2464 782 2497 ὃ.

193 2514 382 2575 z'jjfffleatl
409 2513 545 2562 eritis,
573 2514 732 2566 inquit,
761 2527 861 2555 cum
886 2515 1012 2558 vobis

193 2562 287 2624 {²³:1³¹
309 2567 588 2618 maledicent,
618 2575 662 2611 et
689 2573 1014 2623 persequentur

311 2637 407 2674 vos,
445 2630 488 2666 et
518 2625 666 2666 dicent
695 2638 824 2668 omne
850 2628 1014 2668 malum

181 2680 418 2722 adversum
436 2693 517 2722 vos
535 2681 808 2732 mentientes,
828 2689 1013 2736 propter

544 163 615 197 Die
641 164 674 196 8.
699 162 797 195 Nov.
845 161 887 194 In
914 161 1060 195 Octava
1087 161 1265 194 Omnium
1292 160 1531 195 Sanctorum.

1065 265 1150 294 me:
1169 253 1360 303 gaudete
1381 257 1425 294 et
1444 252 1673 302 exsultate,
1694 254 1902 304 quoniam

1066 323 1236 351 merces
1261 315 1409 352 vestra
1435 309 1573 351 multa
1600 314 1667 351 est
1694 309 1738 350 in
1766 310 1902 352 coelis.

1067 366 1404 408 Animadvertat
1465 366 1663 419 quisquis
1721 366 1901 408 delicias

1067 423 1193 476 hujus
1222 424 1390 474 saeculi,
1423 429 1467 466 et
1494 423 1728 466 facultates
1755 437 1902 466 rerum

1066 481 1378 534 temporalium
1428 481 1586 533 quaerit
1633 481 1677 522 in
1725 482 1901 523 nomine

1067 538 1322 588 christiano,
1351 538 1613 579 intrinsecus
1641 550 1740 579 esse
1765 537 1902 580 beati-

1065 594 1263 636 tudinem
1291 600 1506 644 nostram,
1535 594 1649 636 sicut
1677 593 1733 635 de
1757 594 1903 635 anima

1067 651 1367 692 ecclesiastica
1401 663 1477 692 ore
1504 650 1769 703 prophetico
1799 649 1901 692 dici-

1067 712 1154 748 tur:
1183 708 1337 749 Omnis
1364 707 1507 758 gloria
1535 707 1626 758 ejus
1655 706 1758 747 filiae
1786 706 1902 757 regis

1068 763 1124 805 ab
1151 764 1279 806 intus.
1326 764 1442 805 Nam
1469 766 1743 805 extrinsecus
1770 763 1901 805 male-

1068 819 1202 868 dicta,
1238 826 1282 862 et
1309 820 1660 873 persecutioneS‚
1689 824 1733 861 et
1761 819 1902 861 detra-

1067 877 1236 924 ctiones
1273 877 1609 930 promittuntur:
1648 876 1703 918 de
1742 875 1902 928 quibus

1065 938 1213 975 tamen
1237 947 1397 985 magna
1416 945 1587 974 merces
1613 937 1680 974 est
1704 932 1747 973 in
1767 932 1902 983 coelis,

1068 1003 1167 1042 quae
1193 993 1381 1032 sentitur
1405 990 1450 1030 in
1470 989 1606 1030 corde
1629 989 1902 1041 patientium,

1067 1049 1221 1088 eorum
1237 1048 1311 1099 qui
1326 1048 1411 1099 jam
1425 1051 1614 1099 possunt
1628 1044 1790 1088 dicere:
1806 1045 1904 1088 Glo-

1066 1105 1231 1145 riamur
1250 1104 1294 1144 in
1312 1102 1688 1145 tribulationibus:
1711 1102 1902 1144 scientes

1067 1161 1189 1212 quod
1213 1160 1440 1202 tribulatio
1466 1160 1726 1213 patientiam
1748 1161 1901 1212 opera-

1065 1222 1154 1266 tur,
1180 1217 1392 1269 patientia
1411 1222 1559 1258 autem
1578 1215 1902 1269 probationem,

1065 1274 1275 1326 probatio
1304 1285 1410 1315 vero
1447 1286 1590 1326 spem,
1623 1285 1726 1325 spes
1754 1277 1902 1314 autem

1066 1343 1155 1372 non
1195 1330 1440 1372 confundit:
1486 1330 1589 1382 quia
1625 1329 1786 1371 caritas
1817 1329 1902 1370 Dei

1066 1386 1227 1428 diffusa
1252 1392 1319 1428 est
1343 1387 1387 1427 in
1411 1385 1620 1428 cordibus
1639 1386 1802 1428 nostris
1822 1399 1902 1439 per

1065 1444 1277 1496 Spiritum
1310 1449 1524 1493 sanctum,
1563 1442 1637 1495 qui
1670 1441 1800 1484 datus
1833 1447 1902 1484 est

1065 1500 1205 1543 nobis.
1900 1503 1903 1506 '

1083 1625 1086 1628 Δ
1124 1577 1175 1628 R
1204 1574 1299 1616 Sint
1331 1573 1468 1615 lumbi
1495 1573 1632 1615 vestri
1662 1574 1901 1626 praecincti,

1067 1637 1110 1673 et
1145 1632 1337 1673 lucernae
1377 1630 1582 1672 ardentes
1618 1630 1663 1670 in
1698 1629 1902 1672 manibus

1065 1688 1239 1730 vestris:
1263 1688 1349 1728 *Et
1367 1700 1449 1729 vos
1467 1686 1630 1728 similes
1650 1686 1901 1729 hominibus

1066 1743 1426 1797 exspectantibus
1482 1742 1710 1784 dominum
1763 1755 1901 1794 suum,

1067 1800 1243 1853 quando
1263 1802 1509 1842 revertatur
1529 1812 1555 1840 a
1572 1799 1751 1853 nuptiis.
1775 1793 1902 1846 VVi-

1064 1857 1199 1908 gilate
1219 1870 1342 1908 ergo,
1368 1857 1470 1910 quia
1487 1856 1667 1898 nescitis
1687 1869 1774 1909 qua
1791 1855 1901 1897 hora

1064 1913 1281 1955 Dominus
1308 1918 1457 1956 vester
1483 1915 1695 1955 venturus
1720 1912 1788 1954 sit.
1833 1913 1900 1955 Et.

1359 1995 1513 2036 Lectio
1533 1994 1619 2035 viii.

1071 2059 1219 2165 Non
1249 2066 1366 2107 enim
1393 2065 1479 2107 ista
1505 2065 1680 2118 perpeti
1707 2064 1899 2107 111101116-

1175 2135 1273 2163 sum
1298 2127 1382 2172 est,
1417 2121 1497 2163 sed
1519 2123 1604 2164 ista
1628 2134 1712 2174 pro
1737 2121 1899 2163 Christi

1064 2179 1241 2220 nomine
1273 2191 1362 2220 non
1395 2178 1540 2220 solum
1571 2190 1702 2230 aequo
1735 2177 1899 2227 animo,

1065 2234 1145 2276 sed
1179 2235 1310 2276 etiam
1341 2247 1441 2276 cum
1470 2233 1763 2276 exsultatione
1789 2233 1897 2275 tole-

1064 2293 1174 2332 rare.
1210 2291 1325 2332 Nam
1352 2291 1478 2332 multi
1501 2289 1699 2331 haeretici
1722 2290 1900 2331 nomine

1066 2347 1305 2388 christiano
1322 2347 1489 2388 animas
1505 2346 1786 2398 decipientes,
1801 2346 1901 2387 mul-

1065 2409 1111 2445 ta
1129 2403 1235 2445 talia
1253 2404 1499 2457 patiuntur:
1525 2401 1605 2444 sed
1627 2401 1730 2443 ideo
1755 2402 1898 2443 exclu-

1066 2459 1229 2502 duntur
1251 2459 1306 2502 ab
1330 2460 1416 2501 ista
1438 2457 1660 2507 mercede,
1690 2458 1793 2510 quia
1811 2470 1900 2499 non

1066 2516 1232 2558 dictum
1256 2521 1323 2557 est
1346 2520 1530 2557 tantum:
1557 2514 1686 2556 Beati
1710 2514 1785 2566 qui
1803 2527 1898 2567 per-

1066 2573 1339 2614 secutionem
1372 2571 1616 2624 patiuntur,
1658 2569 1738 2612 sed
1778 2569 1899 2612 addi-

1065 2634 1160 2669 tum
1192 2633 1274 2669 est:
1311 2627 1502 2679 Propter
1534 2626 1754 2678 justitiam.
1812 2625 1900 2668 Ubi

1067 2690 1215 2726 autem
1255 2695 1361 2724 sana
1397 2682 1510 2725 fides
1551 2695 1639 2724 non
1681 2687 1768 2732 est,
1811 2694 1900 2724 non
