<?xml version="1.0" encoding="UTF-8"?>
<!DOCTYPE html PUBLIC "-//W3C//DTD XHTML 1.0 Transitional//EN"
    "http://www.w3.org/TR/xhtml1/DTD/xhtml1-transitional.dtd">
<html xmlns="http://www.w3.org/1999/xhtml" xml:lang="en" lang="en">
 <head>
  <title>
</title>
<meta http-equiv="Content-Type" content="text/html;charset=utf-8" />
  <meta name='ocr-system' content='tesseract 3.04.00' />
  <meta name='ocr-capabilities' content='ocr_page ocr_carea ocr_par ocr_line ocrx_word'/>
</head>
<body>
  <div class='ocr_page' id='page_1' title='image "./p4breviariumroma00cathuoft_0313.png"; bbox 0 0 2040 2944; ppageno 0'>
   <div class='ocr_carea' id='block_1_1' title="bbox 560 181 1427 225">
    <p class='ocr_par' dir='ltr' id='par_1_1' title="bbox 560 181 1427 225">
     <span class='ocr_line' id='line_1_1' title="bbox 560 181 1427 225; baseline 0 -10"><span class='ocrx_word' id='word_1_1' title='bbox 560 182 632 216; x_wconf 87' lang='lat' dir='ltr'><strong>Die</strong></span> <span class='ocrx_word' id='word_1_2' title='bbox 659 182 707 216; x_wconf 83' lang='lat'><strong>14.</strong></span> <span class='ocrx_word' id='word_1_3' title='bbox 733 181 835 225; x_wconf 84' lang='lat' dir='ltr'><strong>Sept.</strong></span> <span class='ocrx_word' id='word_1_4' title='bbox 882 182 925 216; x_wconf 90' lang='lat' dir='ltr'><strong>In</strong></span> <span class='ocrx_word' id='word_1_5' title='bbox 948 181 1194 215; x_wconf 82' lang='lat' dir='ltr'><strong>Exaltatione</strong></span> <span class='ocrx_word' id='word_1_6' title='bbox 1220 181 1255 216; x_wconf 89' lang='lat' dir='ltr'><strong>S.</strong></span> <span class='ocrx_word' id='word_1_7' title='bbox 1281 181 1427 216; x_wconf 85' lang='lat' dir='ltr'>Crucis.</span> 
     </span>
    </p>
   </div>
   <div class='ocr_carea' id='block_1_2' title="bbox 138 272 970 1808">
    <p class='ocr_par' dir='ltr' id='par_1_2' title="bbox 139 272 968 371">
     <span class='ocr_line' id='line_1_2' title="bbox 190 272 968 325; baseline 0.005 -13"><span class='ocrx_word' id='word_1_8' title='bbox 190 272 398 315; x_wconf 81' lang='lat' dir='ltr'><strong>Miserere</strong></span> <span class='ocrx_word' id='word_1_9' title='bbox 417 274 513 325; x_wconf 79' lang='lat' dir='ltr'><strong>mei,</strong></span> <span class='ocrx_word' id='word_1_10' title='bbox 528 274 552 300; x_wconf 85' lang='lat'>*</span> <span class='ocrx_word' id='word_1_11' title='bbox 572 279 615 316; x_wconf 91' lang='lat' dir='ltr'><strong>et</strong></span> <span class='ocrx_word' id='word_1_12' title='bbox 635 274 794 316; x_wconf 87' lang='lat' dir='ltr'><strong>exaudi</strong></span> <span class='ocrx_word' id='word_1_13' title='bbox 809 275 968 317; x_wconf 89' lang='lat' dir='ltr'><strong>oratio-</strong></span> 
     </span>
     <span class='ocr_line' id='line_1_3' title="bbox 139 341 411 371; baseline 0.004 -2"><span class='ocrx_word' id='word_1_14' title='bbox 139 341 239 370; x_wconf 88' lang='lat' dir='ltr'><strong>nem</strong></span> <span class='ocrx_word' id='word_1_15' title='bbox 258 342 411 371; x_wconf 91' lang='lat' dir='ltr'><strong>meam.</strong></span> 
     </span>
    </p>

    <p class='ocr_par' dir='ltr' id='par_1_3' title="bbox 139 385 969 551">
     <span class='ocr_line' id='line_1_4' title="bbox 191 385 969 440; baseline 0.005 -15"><span class='ocrx_word' id='word_1_16' title='bbox 191 385 289 426; x_wconf 80' lang='lat' dir='ltr'>Filii</span> <span class='ocrx_word' id='word_1_17' title='bbox 321 385 548 428; x_wconf 92' lang='lat' dir='ltr'><strong>hominum</strong></span> <span class='ocrx_word' id='word_1_18' title='bbox 578 390 809 440; x_wconf 92' lang='lat' dir='ltr'><strong>usquequo</strong></span> <span class='ocrx_word' id='word_1_19' title='bbox 847 387 969 439; x_wconf 87' lang='lat' dir='ltr'><strong>gravi</strong></span> 
     </span>
     <span class='ocr_line' id='line_1_5' title="bbox 141 440 967 495; baseline 0.004 -13"><span class='ocrx_word' id='word_1_20' title='bbox 141 440 297 483; x_wconf 87' lang='lat' dir='ltr'><strong>corde?</strong></span> <span class='ocrx_word' id='word_1_21' title='bbox 325 442 349 468; x_wconf 89' lang='lat'>*</span> <span class='ocrx_word' id='word_1_22' title='bbox 377 447 425 484; x_wconf 92' lang='lat' dir='ltr'><strong>ut</strong></span> <span class='ocrx_word' id='word_1_23' title='bbox 457 443 564 495; x_wconf 92' lang='lat' dir='ltr'><strong>quid</strong></span> <span class='ocrx_word' id='word_1_24' title='bbox 596 443 773 494; x_wconf 91' lang='lat' dir='ltr'><strong>diligitis</strong></span> <span class='ocrx_word' id='word_1_25' title='bbox 805 444 967 485; x_wconf 88' lang='lat' dir='ltr'><strong>vanita-</strong></span> 
     </span>
     <span class='ocr_line' id='line_1_6' title="bbox 139 499 846 551; baseline 0.003 -12"><span class='ocrx_word' id='word_1_26' title='bbox 139 502 239 548; x_wconf 90' lang='lat' dir='ltr'><strong>tem,</strong></span> <span class='ocrx_word' id='word_1_27' title='bbox 268 503 312 540; x_wconf 91' lang='lat' dir='ltr'><strong>et</strong></span> <span class='ocrx_word' id='word_1_28' title='bbox 332 500 526 551; x_wconf 78' lang='lat' dir='ltr'><strong>quaeritis</strong></span> <span class='ocrx_word' id='word_1_29' title='bbox 546 499 846 542; x_wconf 87' lang='lat' dir='ltr'><strong>mendacium?</strong></span> 
     </span>
    </p>

    <p class='ocr_par' dir='ltr' id='par_1_4' title="bbox 138 554 969 766">
     <span class='ocr_line' id='line_1_7' title="bbox 190 554 969 608; baseline 0.004 -13"><span class='ocrx_word' id='word_1_30' title='bbox 190 554 247 596; x_wconf 89' lang='lat' dir='ltr'><strong>Et</strong></span> <span class='ocrx_word' id='word_1_31' title='bbox 283 555 440 598; x_wconf 82' lang='lat' dir='ltr'><strong>scitote</strong></span> <span class='ocrx_word' id='word_1_32' title='bbox 477 556 684 608; x_wconf 90' lang='lat' dir='ltr'><strong>quoniam</strong></span> <span class='ocrx_word' id='word_1_33' title='bbox 721 556 969 598; x_wconf 87' lang='lat' dir='ltr'><strong>mirificavit</strong></span> 
     </span>
     <span class='ocr_line' id='line_1_8' title="bbox 139 611 967 654; baseline 0.004 -3"><span class='ocrx_word' id='word_1_34' title='bbox 139 611 354 653; x_wconf 91' lang='lat' dir='ltr'><strong>Dominus</strong></span> <span class='ocrx_word' id='word_1_35' title='bbox 380 618 580 654; x_wconf 88' lang='lat' dir='ltr'><strong>sanctum</strong></span> <span class='ocrx_word' id='word_1_36' title='bbox 606 625 747 654; x_wconf 91' lang='lat' dir='ltr'><strong>suum:</strong></span> <span class='ocrx_word' id='word_1_37' title='bbox 771 613 795 639; x_wconf 86' lang='lat'>*</span> <span class='ocrx_word' id='word_1_38' title='bbox 817 613 967 654; x_wconf 93' lang='lat' dir='ltr'><strong>Domi-</strong></span> 
     </span>
     <span class='ocr_line' id='line_1_9' title="bbox 138 668 966 711; baseline 0.004 -4"><span class='ocrx_word' id='word_1_39' title='bbox 138 680 220 708; x_wconf 91' lang='lat' dir='ltr'><strong>nus</strong></span> <span class='ocrx_word' id='word_1_40' title='bbox 249 668 455 711; x_wconf 86' lang='lat' dir='ltr'><strong>exaudiet</strong></span> <span class='ocrx_word' id='word_1_41' title='bbox 485 682 555 711; x_wconf 90' lang='lat' dir='ltr'><strong>me</strong></span> <span class='ocrx_word' id='word_1_42' title='bbox 588 681 687 711; x_wconf 93' lang='grc'>611111</span> <span class='ocrx_word' id='word_1_43' title='bbox 717 669 966 711; x_wconf 88' lang='lat' dir='ltr'><strong>clamavero</strong></span> 
     </span>
     <span class='ocr_line' id='line_1_10' title="bbox 141 723 336 766; baseline 0.005 -2"><span class='ocrx_word' id='word_1_44' title='bbox 141 723 198 765; x_wconf 88' lang='lat' dir='ltr'><strong>ad</strong></span> <span class='ocrx_word' id='word_1_45' title='bbox 226 736 336 766; x_wconf 90' lang='lat' dir='ltr'><strong>eum.</strong></span> 
     </span>
    </p>

    <p class='ocr_par' dir='ltr' id='par_1_5' title="bbox 140 780 968 951">
     <span class='ocr_line' id='line_1_11' title="bbox 191 780 968 835; baseline 0.001 -13"><span class='ocrx_word' id='word_1_46' title='bbox 191 780 448 832; x_wconf 81' lang='lat' dir='ltr'><strong>Irascimini,</strong></span> <span class='ocrx_word' id='word_1_47' title='bbox 482 787 526 824; x_wconf 91' lang='lat' dir='ltr'><strong>et</strong></span> <span class='ocrx_word' id='word_1_48' title='bbox 552 782 688 824; x_wconf 92' lang='lat' dir='ltr'><strong>nolite</strong></span> <span class='ocrx_word' id='word_1_49' title='bbox 715 785 916 835; x_wconf 88' lang='lat' dir='ltr'><strong>peccare:</strong></span> <span class='ocrx_word' id='word_1_50' title='bbox 944 784 968 811; x_wconf 84' lang='lat'>*</span> 
     </span>
     <span class='ocr_line' id='line_1_12' title="bbox 141 837 965 889; baseline 0.004 -11"><span class='ocrx_word' id='word_1_51' title='bbox 141 850 239 889; x_wconf 89' lang='lat' dir='ltr'><strong>quae</strong></span> <span class='ocrx_word' id='word_1_52' title='bbox 264 837 407 880; x_wconf 86' lang='lat' dir='ltr'><strong>dicitis</strong></span> <span class='ocrx_word' id='word_1_53' title='bbox 430 838 474 879; x_wconf 90' lang='lat' dir='ltr'><strong>in</strong></span> <span class='ocrx_word' id='word_1_54' title='bbox 498 839 706 881; x_wconf 91' lang='lat' dir='ltr'><strong>cordibus</strong></span> <span class='ocrx_word' id='word_1_55' title='bbox 728 840 897 889; x_wconf 89' lang='lat' dir='ltr'><strong>vestris,</strong></span> <span class='ocrx_word' id='word_1_56' title='bbox 925 840 965 881; x_wconf 92' lang='lat' dir='ltr'><strong>in</strong></span> 
     </span>
     <span class='ocr_line' id='line_1_13' title="bbox 140 893 908 951; baseline 0.004 -17"><span class='ocrx_word' id='word_1_57' title='bbox 140 893 354 935; x_wconf 89' lang='lat' dir='ltr'><strong>cubilibus</strong></span> <span class='ocrx_word' id='word_1_58' title='bbox 373 895 532 951; x_wconf 88' lang='lat' dir='ltr'><strong>vestris</strong></span> <span class='ocrx_word' id='word_1_59' title='bbox 556 896 908 948; x_wconf 87' lang='lat' dir='ltr'><strong>compungimini.</strong></span> 
     </span>
    </p>

    <p class='ocr_par' dir='ltr' id='par_1_6' title="bbox 140 950 967 1115">
     <span class='ocr_line' id='line_1_14' title="bbox 190 950 967 1005; baseline 0.004 -14"><span class='ocrx_word' id='word_1_60' title='bbox 190 950 443 993; x_wconf 90' lang='lat' dir='ltr'><strong>Sacrificate</strong></span> <span class='ocrx_word' id='word_1_61' title='bbox 481 952 744 994; x_wconf 83' lang='lat' dir='ltr'><strong>sacrificium</strong></span> <span class='ocrx_word' id='word_1_62' title='bbox 780 954 967 1005; x_wconf 87' lang='lat' dir='ltr'><strong>justitiae,</strong></span> 
     </span>
     <span class='ocr_line' id='line_1_15' title="bbox 140 1009 967 1059; baseline 0.004 -11"><span class='ocrx_word' id='word_1_63' title='bbox 140 1010 184 1048; x_wconf 94' lang='lat' dir='ltr'><strong>et</strong></span> <span class='ocrx_word' id='word_1_64' title='bbox 210 1010 386 1059; x_wconf 88' lang='lat' dir='ltr'><strong>sperate</strong></span> <span class='ocrx_word' id='word_1_65' title='bbox 414 1009 458 1049; x_wconf 91' lang='lat' dir='ltr'><strong>in</strong></span> <span class='ocrx_word' id='word_1_66' title='bbox 485 1009 687 1050; x_wconf 89' lang='lat' dir='ltr'><strong>Domino.</strong></span> <span class='ocrx_word' id='word_1_67' title='bbox 707 1010 730 1035; x_wconf 86' lang='grc'>*</span> <span class='ocrx_word' id='word_1_68' title='bbox 753 1009 881 1051; x_wconf 89' lang='grc' dir='ltr'>Μ11111</span> <span class='ocrx_word' id='word_1_69' title='bbox 908 1009 967 1052; x_wconf 91' lang='lat' dir='ltr'><strong>di-</strong></span> 
     </span>
     <span class='ocr_line' id='line_1_16' title="bbox 141 1065 910 1115; baseline 0.003 -11"><span class='ocrx_word' id='word_1_70' title='bbox 141 1068 257 1105; x_wconf 89' lang='lat' dir='ltr'><strong>cunt:</strong></span> <span class='ocrx_word' id='word_1_71' title='bbox 285 1065 392 1115; x_wconf 90' lang='lat' dir='ltr'><strong>Quis</strong></span> <span class='ocrx_word' id='word_1_72' title='bbox 411 1065 605 1108; x_wconf 78' lang='lat' dir='ltr'><strong>ostendit</strong></span> <span class='ocrx_word' id='word_1_73' title='bbox 623 1065 751 1108; x_wconf 93' lang='lat' dir='ltr'><strong>nobis</strong></span> <span class='ocrx_word' id='word_1_74' title='bbox 770 1065 910 1108; x_wconf 89' lang='lat' dir='ltr'><strong>bona?</strong></span> 
     </span>
    </p>

    <p class='ocr_par' dir='ltr' id='par_1_7' title="bbox 141 1120 968 1277">
     <span class='ocr_line' id='line_1_17' title="bbox 191 1120 967 1175; baseline 0.003 -13"><span class='ocrx_word' id='word_1_75' title='bbox 191 1120 418 1172; x_wconf 87' lang='lat' dir='ltr'><strong>Signatum</strong></span> <span class='ocrx_word' id='word_1_76' title='bbox 446 1126 514 1164; x_wconf 85' lang='lat' dir='ltr'><strong>est</strong></span> <span class='ocrx_word' id='word_1_77' title='bbox 545 1135 678 1175; x_wconf 90' lang='lat' dir='ltr'><strong>super</strong></span> <span class='ocrx_word' id='word_1_78' title='bbox 709 1135 791 1164; x_wconf 87' lang='lat' dir='ltr'><strong>nos</strong></span> <span class='ocrx_word' id='word_1_79' title='bbox 823 1123 967 1164; x_wconf 93' lang='lat' dir='ltr'><strong>lumen</strong></span> 
     </span>
     <span class='ocr_line' id='line_1_18' title="bbox 141 1176 968 1221; baseline 0.002 -3"><span class='ocrx_word' id='word_1_80' title='bbox 141 1176 286 1218; x_wconf 88' lang='lat' dir='ltr'><strong>vultus</strong></span> <span class='ocrx_word' id='word_1_81' title='bbox 309 1178 373 1219; x_wconf 90' lang='lat' dir='ltr'><strong>tui</strong></span> <span class='ocrx_word' id='word_1_82' title='bbox 395 1178 599 1220; x_wconf 89' lang='lat' dir='ltr'><strong>Domine:</strong></span> <span class='ocrx_word' id='word_1_83' title='bbox 627 1180 651 1206; x_wconf 87' lang='lat'>*</span> <span class='ocrx_word' id='word_1_84' title='bbox 678 1178 839 1221; x_wconf 88' lang='lat' dir='ltr'><strong>dedisti</strong></span> <span class='ocrx_word' id='word_1_85' title='bbox 862 1179 968 1221; x_wconf 90' lang='lat' dir='ltr'><strong>laeti-</strong></span> 
     </span>
     <span class='ocr_line' id='line_1_19' title="bbox 141 1233 593 1277; baseline 0.002 -3"><span class='ocrx_word' id='word_1_86' title='bbox 141 1233 248 1275; x_wconf 86' lang='lat' dir='ltr'><strong>tiam</strong></span> <span class='ocrx_word' id='word_1_87' title='bbox 265 1233 310 1274; x_wconf 93' lang='lat' dir='ltr'><strong>in</strong></span> <span class='ocrx_word' id='word_1_88' title='bbox 328 1234 463 1277; x_wconf 89' lang='lat' dir='ltr'><strong>corde</strong></span> <span class='ocrx_word' id='word_1_89' title='bbox 482 1248 593 1277; x_wconf 89' lang='lat' dir='ltr'><strong>meo.</strong></span> 
     </span>
    </p>

    <p class='ocr_par' dir='ltr' id='par_1_8' title="bbox 141 1289 970 1400">
     <span class='ocr_line' id='line_1_20' title="bbox 191 1289 970 1342; baseline 0.005 -12"><span class='ocrx_word' id='word_1_90' title='bbox 191 1290 233 1330; x_wconf 93' lang='lat' dir='ltr'><strong>A</strong></span> <span class='ocrx_word' id='word_1_91' title='bbox 257 1289 400 1332; x_wconf 89' lang='lat' dir='ltr'><strong>fructu</strong></span> <span class='ocrx_word' id='word_1_92' title='bbox 427 1291 646 1341; x_wconf 80' lang='lat' dir='ltr'><strong>frumenti,</strong></span> <span class='ocrx_word' id='word_1_93' title='bbox 678 1291 781 1342; x_wconf 88' lang='lat' dir='ltr'><strong>vini,</strong></span> <span class='ocrx_word' id='word_1_94' title='bbox 815 1297 859 1334; x_wconf 90' lang='lat' dir='ltr'><strong>et</strong></span> <span class='ocrx_word' id='word_1_95' title='bbox 883 1293 970 1334; x_wconf 92' lang='lat' dir='ltr'><strong>olei</strong></span> 
     </span>
     <span class='ocr_line' id='line_1_21' title="bbox 141 1346 674 1400; baseline 0.002 -12"><span class='ocrx_word' id='word_1_96' title='bbox 141 1346 207 1388; x_wconf 89' lang='lat' dir='ltr'><strong>sui</strong></span> <span class='ocrx_word' id='word_1_97' title='bbox 225 1347 249 1374; x_wconf 85' lang='lat'>*</span> <span class='ocrx_word' id='word_1_98' title='bbox 267 1346 545 1400; x_wconf 90' lang='lat' dir='ltr'><strong>multiplicati</strong></span> <span class='ocrx_word' id='word_1_99' title='bbox 564 1352 674 1389; x_wconf 88' lang='lat' dir='ltr'><strong>sunt.</strong></span> 
     </span>
    </p>

    <p class='ocr_par' dir='ltr' id='par_1_9' title="bbox 141 1403 969 1511">
     <span class='ocr_line' id='line_1_22' title="bbox 191 1403 969 1457; baseline 0.003 -13"><span class='ocrx_word' id='word_1_100' title='bbox 191 1403 242 1444; x_wconf 91' lang='lat' dir='ltr'><strong>In</strong></span> <span class='ocrx_word' id='word_1_101' title='bbox 267 1415 377 1455; x_wconf 90' lang='lat' dir='ltr'><strong>pace</strong></span> <span class='ocrx_word' id='word_1_102' title='bbox 404 1404 448 1444; x_wconf 92' lang='lat' dir='ltr'><strong>in</strong></span> <span class='ocrx_word' id='word_1_103' title='bbox 475 1403 666 1457; x_wconf 91' lang='lat' dir='ltr'><strong>idipsum</strong></span> <span class='ocrx_word' id='word_1_104' title='bbox 691 1405 714 1430; x_wconf 86' lang='lat'>*</span> <span class='ocrx_word' id='word_1_105' title='bbox 743 1404 969 1455; x_wconf 89' lang='lat' dir='ltr'><strong>dormiam,</strong></span> 
     </span>
     <span class='ocr_line' id='line_1_23' title="bbox 141 1459 493 1511; baseline 0 -10"><span class='ocrx_word' id='word_1_106' title='bbox 141 1463 185 1501; x_wconf 91' lang='lat' dir='ltr'><strong>et</strong></span> <span class='ocrx_word' id='word_1_107' title='bbox 204 1459 493 1511; x_wconf 78' lang='lat' dir='ltr'><strong>requieseam3</strong></span> 
     </span>
    </p>

    <p class='ocr_par' dir='ltr' id='par_1_10' title="bbox 141 1516 970 1625">
     <span class='ocr_line' id='line_1_24' title="bbox 192 1516 970 1569; baseline 0.003 -13"><span class='ocrx_word' id='word_1_108' title='bbox 192 1516 409 1566; x_wconf 89' lang='lat' dir='ltr'><strong>Quoniam</strong></span> <span class='ocrx_word' id='word_1_109' title='bbox 423 1521 471 1558; x_wconf 91' lang='lat' dir='ltr'><strong>tu</strong></span> <span class='ocrx_word' id='word_1_110' title='bbox 484 1517 674 1559; x_wconf 89' lang='lat' dir='ltr'><strong>Domine</strong></span> <span class='ocrx_word' id='word_1_111' title='bbox 694 1517 970 1569; x_wconf 65' lang='lat' dir='ltr'><strong>singulariter</strong></span> 
     </span>
     <span class='ocr_line' id='line_1_25' title="bbox 141 1572 710 1625; baseline 0.004 -12"><span class='ocrx_word' id='word_1_112' title='bbox 141 1572 185 1613; x_wconf 92' lang='lat' dir='ltr'><strong>in</strong></span> <span class='ocrx_word' id='word_1_113' title='bbox 204 1585 283 1625; x_wconf 88' lang='lat' dir='ltr'><strong>spe</strong></span> <span class='ocrx_word' id='word_1_114' title='bbox 301 1573 324 1599; x_wconf 92' lang='lat'>*</span> <span class='ocrx_word' id='word_1_115' title='bbox 345 1573 610 1615; x_wconf 89' lang='lat' dir='ltr'><strong>constituisti</strong></span> <span class='ocrx_word' id='word_1_116' title='bbox 628 1587 710 1616; x_wconf 90' lang='lat' dir='ltr'><strong>me.</strong></span> 
     </span>
    </p>

    <p class='ocr_par' dir='ltr' id='par_1_11' title="bbox 140 1638 970 1808">
     <span class='ocr_line' id='line_1_26' title="bbox 190 1638 969 1693; baseline 0.009 -16"><span class='ocrx_word' id='word_1_117' title='bbox 190 1638 291 1679; x_wconf 85' lang='lat' dir='ltr'><strong>Ant.</strong></span> <span class='ocrx_word' id='word_1_118' title='bbox 320 1639 358 1680; x_wconf 91' lang='lat' dir='ltr'>O</span> <span class='ocrx_word' id='word_1_119' title='bbox 383 1642 534 1684; x_wconf 90' lang='lat' dir='ltr'><strong>Crucis</strong></span> <span class='ocrx_word' id='word_1_120' title='bbox 554 1642 753 1693; x_wconf 88' lang='lat' dir='ltr'><strong>victoria,</strong></span> <span class='ocrx_word' id='word_1_121' title='bbox 771 1648 816 1684; x_wconf 91' lang='grc'><strong>61</strong></span> <span class='ocrx_word' id='word_1_122' title='bbox 835 1643 969 1685; x_wconf 90' lang='lat' dir='ltr'><strong>admi-</strong></span> 
     </span>
     <span class='ocr_line' id='line_1_27' title="bbox 140 1697 970 1749; baseline 0.004 -11"><span class='ocrx_word' id='word_1_123' title='bbox 140 1697 279 1739; x_wconf 87' lang='lat' dir='ltr'><strong>rabile</strong></span> <span class='ocrx_word' id='word_1_124' title='bbox 298 1698 485 1749; x_wconf 90' lang='lat' dir='ltr'><strong>signum,</strong></span> <span class='ocrx_word' id='word_1_125' title='bbox 508 1699 552 1740; x_wconf 93' lang='lat' dir='ltr'><strong>in</strong></span> <span class='ocrx_word' id='word_1_126' title='bbox 572 1699 744 1740; x_wconf 82' lang='lat' dir='ltr'><strong>coelesti</strong></span> <span class='ocrx_word' id='word_1_127' title='bbox 763 1700 884 1741; x_wconf 85' lang='lat' dir='ltr'><strong>curia</strong></span> <span class='ocrx_word' id='word_1_128' title='bbox 902 1700 970 1741; x_wconf 87' lang='lat' dir='ltr'><strong>fac</strong></span> 
     </span>
     <span class='ocr_line' id='line_1_28' title="bbox 140 1755 720 1808; baseline 0.003 -13"><span class='ocrx_word' id='word_1_129' title='bbox 140 1766 222 1796; x_wconf 92' lang='lat' dir='ltr'><strong>nos</strong></span> <span class='ocrx_word' id='word_1_130' title='bbox 241 1756 421 1807; x_wconf 85' lang='lat' dir='ltr'><strong>captare</strong></span> <span class='ocrx_word' id='word_1_131' title='bbox 439 1755 720 1808; x_wconf 86' lang='lat' dir='ltr'><strong>triumphum.</strong></span> 
     </span>
    </p>
   </div>
   <div class='ocr_carea' id='block_1_3' title="bbox 141 1818 971 1976">
    <p class='ocr_par' dir='ltr' id='par_1_12' title="bbox 141 1818 971 1976">
     <span class='ocr_line' id='line_1_29' title="bbox 192 1818 971 1863; baseline 0.003 -4"><span class='ocrx_word' id='word_1_132' title='bbox 192 1818 292 1860; x_wconf 87' lang='lat' dir='ltr'><strong>Ant.</strong></span> <span class='ocrx_word' id='word_1_133' title='bbox 323 1819 528 1861; x_wconf 81' lang='lat' dir='ltr'><strong>Funestae</strong></span> <span class='ocrx_word' id='word_1_134' title='bbox 555 1821 710 1863; x_wconf 91' lang='lat' dir='ltr'><strong>mortis</strong></span> <span class='ocrx_word' id='word_1_135' title='bbox 737 1819 971 1862; x_wconf 87' lang='lat' dir='ltr'><strong>damnatur</strong></span> 
     </span>
     <span class='ocr_line' id='line_1_30' title="bbox 142 1874 970 1928; baseline 0.002 -12"><span class='ocrx_word' id='word_1_136' title='bbox 142 1875 417 1928; x_wconf 88' lang='lat' dir='ltr'><strong>supplicium,</strong></span> <span class='ocrx_word' id='word_1_137' title='bbox 438 1874 543 1918; x_wconf 92' lang='lat' dir='ltr'><strong>dum</strong></span> <span class='ocrx_word' id='word_1_138' title='bbox 557 1876 758 1918; x_wconf 91' lang='lat' dir='ltr'><strong>Christus</strong></span> <span class='ocrx_word' id='word_1_139' title='bbox 772 1877 816 1918; x_wconf 92' lang='lat' dir='ltr'><strong>in</strong></span> <span class='ocrx_word' id='word_1_140' title='bbox 831 1877 970 1918; x_wconf 92' lang='lat' dir='ltr'><strong>Cruce</strong></span> 
     </span>
     <span class='ocr_line' id='line_1_31' title="bbox 141 1931 970 1976; baseline 0.001 -3"><span class='ocrx_word' id='word_1_141' title='bbox 141 1937 293 1974; x_wconf 83' lang='lat' dir='ltr'><strong>nostra</strong></span> <span class='ocrx_word' id='word_1_142' title='bbox 312 1931 530 1974; x_wconf 77' lang='lat' dir='ltr'><strong>destruxit</strong></span> <span class='ocrx_word' id='word_1_143' title='bbox 543 1933 717 1975; x_wconf 88' lang='lat' dir='ltr'><strong>vincula</strong></span> <span class='ocrx_word' id='word_1_144' title='bbox 732 1933 970 1976; x_wconf 88' lang='lat' dir='ltr'><strong>criminum.</strong></span> 
     </span>
    </p>
   </div>
   <div class='ocr_carea' id='block_1_4' title="bbox 410 2013 702 2054">
    <p class='ocr_par' dir='ltr' id='par_1_13' title="bbox 410 2013 702 2054">
     <span class='ocr_line' id='line_1_32' title="bbox 410 2013 702 2054; baseline 0 0"><span class='ocrx_word' id='word_1_145' title='bbox 410 2013 609 2054; x_wconf 89' lang='lat' dir='ltr'><strong>Psalmus</strong></span> <span class='ocrx_word' id='word_1_146' title='bbox 638 2014 702 2054; x_wconf 89' lang='lat'><strong>10.</strong></span> 
     </span>
    </p>
   </div>
   <div class='ocr_carea' id='block_1_5' title="bbox 140 2079 970 2752">
    <p class='ocr_par' dir='ltr' id='par_1_14' title="bbox 189 2079 969 2133">
     <span class='ocr_line' id='line_1_33' title="bbox 189 2079 969 2133; baseline 0.004 -13"><span class='ocrx_word' id='word_1_147' title='bbox 189 2093 218 2120; x_wconf 98' lang='grc'><strong>11</strong></span> <span class='ocrx_word' id='word_1_148' title='bbox 262 2080 456 2122; x_wconf 93' lang='lat' dir='ltr'><strong>Domino</strong></span> <span class='ocrx_word' id='word_1_149' title='bbox 503 2079 695 2122; x_wconf 89' lang='lat' dir='ltr'><strong>confido:</strong></span> <span class='ocrx_word' id='word_1_150' title='bbox 745 2080 969 2133; x_wconf 89' lang='lat' dir='ltr'><strong>quomodo</strong></span> 
     </span>
    </p>

    <p class='ocr_par' dir='ltr' id='par_1_15' title="bbox 140 2136 969 2246">
     <span class='ocr_line' id='line_1_34' title="bbox 202 2136 969 2178; baseline 0.001 -1"><span class='ocrx_word' id='word_1_151' title='bbox 202 2136 347 2178; x_wconf 87' lang='lat' dir='ltr'><strong>dicitis</strong></span> <span class='ocrx_word' id='word_1_152' title='bbox 373 2137 530 2178; x_wconf 90' lang='lat' dir='ltr'><strong>animae</strong></span> <span class='ocrx_word' id='word_1_153' title='bbox 554 2149 680 2178; x_wconf 90' lang='lat' dir='ltr'><strong>meae:</strong></span> <span class='ocrx_word' id='word_1_154' title='bbox 700 2137 724 2163; x_wconf 84' lang='grc'><em>*</em></span> <span class='ocrx_word' id='word_1_155' title='bbox 749 2137 969 2178; x_wconf 82' lang='grc' dir='ltr'>Τ131181111-</span> 
     </span>
     <span class='ocr_line' id='line_1_35' title="bbox 140 2192 825 2246; baseline 0.001 -13"><span class='ocrx_word' id='word_1_156' title='bbox 140 2205 219 2244; x_wconf 89' lang='lat' dir='ltr'><strong>gra</strong></span> <span class='ocrx_word' id='word_1_157' title='bbox 237 2193 282 2234; x_wconf 93' lang='lat' dir='ltr'><strong>in</strong></span> <span class='ocrx_word' id='word_1_158' title='bbox 300 2198 496 2235; x_wconf 89' lang='lat' dir='ltr'><strong>montem</strong></span> <span class='ocrx_word' id='word_1_159' title='bbox 516 2193 629 2235; x_wconf 92' lang='lat' dir='ltr'><strong>sicut</strong></span> <span class='ocrx_word' id='word_1_160' title='bbox 648 2192 825 2246; x_wconf 85' lang='lat' dir='ltr'><strong>passer?</strong></span> 
     </span>
    </p>

    <p class='ocr_par' dir='ltr' id='par_1_16' title="bbox 142 2250 970 2460">
     <span class='ocr_line' id='line_1_36' title="bbox 194 2250 969 2303; baseline 0.001 -13"><span class='ocrx_word' id='word_1_161' title='bbox 194 2250 412 2300; x_wconf 86' lang='lat' dir='ltr'><strong>Quoniam</strong></span> <span class='ocrx_word' id='word_1_162' title='bbox 431 2262 535 2292; x_wconf 91' lang='grc'>6666</span> <span class='ocrx_word' id='word_1_163' title='bbox 553 2252 814 2303; x_wconf 87' lang='lat' dir='ltr'><strong>peccatores</strong></span> <span class='ocrx_word' id='word_1_164' title='bbox 833 2251 969 2292; x_wconf 91' lang='lat' dir='ltr'><strong>inten-</strong></span> 
     </span>
     <span class='ocr_line' id='line_1_37' title="bbox 142 2304 969 2358; baseline 0.001 -12"><span class='ocrx_word' id='word_1_165' title='bbox 142 2304 301 2347; x_wconf 77' lang='lat' dir='ltr'><strong>derunt</strong></span> <span class='ocrx_word' id='word_1_166' title='bbox 318 2319 483 2356; x_wconf 87' lang='lat' dir='ltr'><strong>arcum,</strong></span> <span class='ocrx_word' id='word_1_167' title='bbox 504 2307 770 2358; x_wconf 81' lang='lat' dir='ltr'><strong>paraverunt</strong></span> <span class='ocrx_word' id='word_1_168' title='bbox 788 2309 969 2357; x_wconf 82' lang='lat' dir='ltr'><strong>sagittas</strong></span> 
     </span>
     <span class='ocr_line' id='line_1_38' title="bbox 142 2362 970 2415; baseline 0 -13"><span class='ocrx_word' id='word_1_169' title='bbox 142 2374 243 2403; x_wconf 87' lang='lat' dir='ltr'><strong>suas</strong></span> <span class='ocrx_word' id='word_1_170' title='bbox 267 2362 311 2403; x_wconf 93' lang='lat' dir='ltr'><strong>in</strong></span> <span class='ocrx_word' id='word_1_171' title='bbox 334 2362 557 2415; x_wconf 90' lang='lat' dir='ltr'><strong>pharetra,</strong></span> <span class='ocrx_word' id='word_1_172' title='bbox 576 2362 600 2388; x_wconf 88' lang='lat'>*</span> <span class='ocrx_word' id='word_1_173' title='bbox 619 2366 668 2404; x_wconf 92' lang='lat' dir='ltr'><strong>ut</strong></span> <span class='ocrx_word' id='word_1_174' title='bbox 694 2365 901 2413; x_wconf 85' lang='lat' dir='ltr'><strong>sagittent</strong></span> <span class='ocrx_word' id='word_1_175' title='bbox 925 2363 970 2403; x_wconf 92' lang='lat' dir='ltr'><strong>in</strong></span> 
     </span>
     <span class='ocr_line' id='line_1_39' title="bbox 143 2417 666 2460; baseline 0 -2"><span class='ocrx_word' id='word_1_176' title='bbox 143 2417 334 2460; x_wconf 89' lang='lat' dir='ltr'><strong>obscuro</strong></span> <span class='ocrx_word' id='word_1_177' title='bbox 353 2423 500 2460; x_wconf 88' lang='lat' dir='ltr'><strong>rectos</strong></span> <span class='ocrx_word' id='word_1_178' title='bbox 521 2417 666 2460; x_wconf 89' lang='lat' dir='ltr'><strong>corde.</strong></span> 
     </span>
    </p>

    <p class='ocr_par' dir='ltr' id='par_1_17' title="bbox 142 2474 969 2583">
     <span class='ocr_line' id='line_1_40' title="bbox 194 2474 969 2527; baseline 0 -11"><span class='ocrx_word' id='word_1_179' title='bbox 194 2474 413 2524; x_wconf 86' lang='lat' dir='ltr'><strong>Quoniam</strong></span> <span class='ocrx_word' id='word_1_180' title='bbox 433 2487 531 2527; x_wconf 89' lang='lat' dir='ltr'><strong>quae</strong></span> <span class='ocrx_word' id='word_1_181' title='bbox 551 2475 784 2527; x_wconf 88' lang='lat' dir='ltr'><strong>perfecisti,</strong></span> <span class='ocrx_word' id='word_1_182' title='bbox 803 2474 969 2516; x_wconf 90' lang='lat' dir='ltr'><strong>destru—</strong></span> 
     </span>
     <span class='ocr_line' id='line_1_41' title="bbox 142 2529 968 2583; baseline 0.002 -13"><span class='ocrx_word' id='word_1_183' title='bbox 142 2531 314 2572; x_wconf 81' lang='lat' dir='ltr'><strong>xerunt:</strong></span> <span class='ocrx_word' id='word_1_184' title='bbox 333 2531 356 2558; x_wconf 87' lang='lat'>*</span> <span class='ocrx_word' id='word_1_185' title='bbox 379 2532 517 2583; x_wconf 88' lang='lat' dir='ltr'><strong>justus</strong></span> <span class='ocrx_word' id='word_1_186' title='bbox 542 2537 688 2572; x_wconf 88' lang='lat' dir='ltr'><strong>autem</strong></span> <span class='ocrx_word' id='word_1_187' title='bbox 714 2530 820 2583; x_wconf 90' lang='lat' dir='ltr'><strong>quid</strong></span> <span class='ocrx_word' id='word_1_188' title='bbox 844 2529 968 2572; x_wconf 86' lang='lat' dir='ltr'><strong>fecit?</strong></span> 
     </span>
    </p>

    <p class='ocr_par' dir='ltr' id='par_1_18' title="bbox 142 2586 969 2695">
     <span class='ocr_line' id='line_1_42' title="bbox 195 2586 969 2640; baseline 0.003 -14"><span class='ocrx_word' id='word_1_189' title='bbox 195 2586 410 2628; x_wconf 91' lang='lat' dir='ltr'><strong>Dominus</strong></span> <span class='ocrx_word' id='word_1_190' title='bbox 431 2588 474 2628; x_wconf 92' lang='lat' dir='ltr'><strong>in</strong></span> <span class='ocrx_word' id='word_1_191' title='bbox 493 2587 659 2640; x_wconf 89' lang='lat' dir='ltr'><strong>templo</strong></span> <span class='ocrx_word' id='word_1_192' title='bbox 675 2592 827 2628; x_wconf 88' lang='lat' dir='ltr'><strong>sancto</strong></span> <span class='ocrx_word' id='word_1_193' title='bbox 844 2587 969 2636; x_wconf 89' lang='lat' dir='ltr'><strong>suo‚*</strong></span> 
     </span>
     <span class='ocr_line' id='line_1_43' title="bbox 142 2642 831 2695; baseline 0.001 -13"><span class='ocrx_word' id='word_1_194' title='bbox 142 2642 358 2684; x_wconf 83' lang='lat' dir='ltr'><strong>Dominus</strong></span> <span class='ocrx_word' id='word_1_195' title='bbox 375 2644 420 2684; x_wconf 90' lang='lat' dir='ltr'><strong>in</strong></span> <span class='ocrx_word' id='word_1_196' title='bbox 439 2643 553 2685; x_wconf 89' lang='lat' dir='ltr'><strong>coelo</strong></span> <span class='ocrx_word' id='word_1_197' title='bbox 576 2643 705 2685; x_wconf 89' lang='lat' dir='ltr'><strong>sedes</strong></span> <span class='ocrx_word' id='word_1_198' title='bbox 726 2645 831 2695; x_wconf 81' lang='lat' dir='ltr'><strong>eius:</strong></span> 
     </span>
    </p>

    <p class='ocr_par' dir='ltr' id='par_1_19' title="bbox 196 2698 969 2752">
     <span class='ocr_line' id='line_1_44' title="bbox 196 2698 969 2752; baseline 0.001 -13"><span class='ocrx_word' id='word_1_199' title='bbox 196 2698 324 2739; x_wconf 92' lang='lat' dir='ltr'><strong>Oculi</strong></span> <span class='ocrx_word' id='word_1_200' title='bbox 347 2699 436 2751; x_wconf 87' lang='lat' dir='ltr'><strong>ejus</strong></span> <span class='ocrx_word' id='word_1_201' title='bbox 460 2699 505 2741; x_wconf 88' lang='lat' dir='ltr'><strong>in</strong></span> <span class='ocrx_word' id='word_1_202' title='bbox 527 2703 769 2752; x_wconf 78' lang='lat' dir='ltr'><strong>pauperem</strong></span> <span class='ocrx_word' id='word_1_203' title='bbox 793 2699 969 2751; x_wconf 89' lang='lat' dir='ltr'><strong>respici-</strong></span> 
     </span>
    </p>
   </div>
   <div class='ocr_carea' id='block_1_6' title="bbox 296 2837 544 2864">
    <p class='ocr_par' dir='ltr' id='par_1_20' title="bbox 296 2837 544 2864">
     <span class='ocr_line' id='line_1_45' title="bbox 296 2837 544 2864; baseline 0.008 -2"><span class='ocrx_word' id='word_1_204' title='bbox 296 2837 360 2863; x_wconf 78' lang='lat' dir='ltr'><strong>Pars</strong></span> <span class='ocrx_word' id='word_1_205' title='bbox 375 2838 544 2864; x_wconf 82' lang='lat' dir='ltr'><strong>Autumnalis.</strong></span> 
     </span>
    </p>
   </div>
   <div class='ocr_carea' id='block_1_7' title="bbox 1020 276 1854 1062">
    <p class='ocr_par' dir='ltr' id='par_1_21' title="bbox 1021 276 1851 374">
     <span class='ocr_line' id='line_1_46' title="bbox 1022 276 1851 329; baseline 0.002 -13"><span class='ocrx_word' id='word_1_206' title='bbox 1022 281 1114 318; x_wconf 92' lang='lat' dir='ltr'><strong>unt:</strong></span> <span class='ocrx_word' id='word_1_207' title='bbox 1142 277 1165 302; x_wconf 85' lang='grc'><strong><em>*</em></strong></span> <span class='ocrx_word' id='word_1_208' title='bbox 1193 276 1420 329; x_wconf 78' lang='lat' dir='ltr'><strong>palpebrae</strong></span> <span class='ocrx_word' id='word_1_209' title='bbox 1455 276 1545 327; x_wconf 89' lang='lat' dir='ltr'><strong>ejus</strong></span> <span class='ocrx_word' id='word_1_210' title='bbox 1578 276 1851 328; x_wconf 83' lang='lat' dir='ltr'><strong>interrogant</strong></span> 
     </span>
     <span class='ocr_line' id='line_1_47' title="bbox 1021 331 1395 374; baseline 0.003 -2"><span class='ocrx_word' id='word_1_211' title='bbox 1021 331 1137 374; x_wconf 88' lang='lat' dir='ltr'><strong>filios</strong></span> <span class='ocrx_word' id='word_1_212' title='bbox 1159 333 1395 374; x_wconf 91' lang='lat' dir='ltr'><strong>hominum.</strong></span> 
     </span>
    </p>

    <p class='ocr_par' dir='ltr' id='par_1_22' title="bbox 1020 389 1852 552">
     <span class='ocr_line' id='line_1_48' title="bbox 1073 389 1852 441; baseline 0 -11"><span class='ocrx_word' id='word_1_213' title='bbox 1073 389 1288 430; x_wconf 91' lang='lat' dir='ltr'><strong>Dominus</strong></span> <span class='ocrx_word' id='word_1_214' title='bbox 1330 389 1573 439; x_wconf 81' lang='lat' dir='ltr'><strong>interrogat</strong></span> <span class='ocrx_word' id='word_1_215' title='bbox 1610 389 1771 441; x_wconf 90' lang='lat' dir='ltr'><strong>justum</strong></span> <span class='ocrx_word' id='word_1_216' title='bbox 1808 394 1852 430; x_wconf 93' lang='lat' dir='ltr'><strong>et</strong></span> 
     </span>
     <span class='ocr_line' id='line_1_49' title="bbox 1020 444 1851 498; baseline 0.001 -12"><span class='ocrx_word' id='word_1_217' title='bbox 1020 445 1219 497; x_wconf 89' lang='lat' dir='ltr'><strong>impium:</strong></span> <span class='ocrx_word' id='word_1_218' title='bbox 1234 446 1257 471; x_wconf 89' lang='lat'>*</span> <span class='ocrx_word' id='word_1_219' title='bbox 1278 445 1353 498; x_wconf 91' lang='lat' dir='ltr'><strong>qui</strong></span> <span class='ocrx_word' id='word_1_220' title='bbox 1372 449 1518 486; x_wconf 90' lang='lat' dir='ltr'><strong>autem</strong></span> <span class='ocrx_word' id='word_1_221' title='bbox 1539 444 1679 496; x_wconf 83' lang='lat' dir='ltr'><strong>diligit</strong></span> <span class='ocrx_word' id='word_1_222' title='bbox 1698 445 1851 498; x_wconf 91' lang='lat' dir='ltr'><strong>iniqui-</strong></span> 
     </span>
     <span class='ocr_line' id='line_1_50' title="bbox 1021 502 1644 552; baseline -0.002 -9"><span class='ocrx_word' id='word_1_223' title='bbox 1021 504 1168 552; x_wconf 88' lang='lat' dir='ltr'><strong>tatem,</strong></span> <span class='ocrx_word' id='word_1_224' title='bbox 1189 502 1283 543; x_wconf 90' lang='lat' dir='ltr'><strong>odit</strong></span> <span class='ocrx_word' id='word_1_225' title='bbox 1302 502 1492 542; x_wconf 86' lang='lat' dir='ltr'><strong>animam</strong></span> <span class='ocrx_word' id='word_1_226' title='bbox 1511 514 1644 543; x_wconf 88' lang='lat' dir='ltr'><strong>suam.</strong></span> 
     </span>
    </p>

    <p class='ocr_par' dir='ltr' id='par_1_23' title="bbox 1021 558 1852 724">
     <span class='ocr_line' id='line_1_51' title="bbox 1073 558 1852 611; baseline -0.001 -12"><span class='ocrx_word' id='word_1_227' title='bbox 1073 558 1201 600; x_wconf 89' lang='lat' dir='ltr'><strong>Pluet</strong></span> <span class='ocrx_word' id='word_1_228' title='bbox 1221 571 1352 611; x_wconf 93' lang='lat' dir='ltr'><strong>super</strong></span> <span class='ocrx_word' id='word_1_229' title='bbox 1376 560 1634 610; x_wconf 89' lang='lat' dir='ltr'><strong>peccatores</strong></span> <span class='ocrx_word' id='word_1_230' title='bbox 1654 558 1852 611; x_wconf 91' lang='lat' dir='ltr'><strong>laqueos:</strong></span> 
     </span>
     <span class='ocr_line' id='line_1_52' title="bbox 1021 614 1851 668; baseline 0.002 -13"><span class='ocrx_word' id='word_1_231' title='bbox 1021 616 1045 642; x_wconf 84' lang='grc'><em>*</em></span> <span class='ocrx_word' id='word_1_232' title='bbox 1063 615 1186 666; x_wconf 89' lang='lat' dir='ltr'><strong>ignis,</strong></span> <span class='ocrx_word' id='word_1_233' title='bbox 1209 620 1252 657; x_wconf 89' lang='lat' dir='ltr'><strong>et</strong></span> <span class='ocrx_word' id='word_1_234' title='bbox 1271 614 1465 667; x_wconf 89' lang='lat' dir='ltr'><strong>sulphur,</strong></span> <span class='ocrx_word' id='word_1_235' title='bbox 1491 619 1534 656; x_wconf 91' lang='lat' dir='ltr'><strong>et</strong></span> <span class='ocrx_word' id='word_1_236' title='bbox 1554 615 1732 667; x_wconf 89' lang='lat' dir='ltr'><strong>spiritus</strong></span> <span class='ocrx_word' id='word_1_237' title='bbox 1752 628 1851 668; x_wconf 90' lang='lat' dir='ltr'><strong>pro-</strong></span> 
     </span>
     <span class='ocr_line' id='line_1_53' title="bbox 1022 671 1705 724; baseline 0 -12"><span class='ocrx_word' id='word_1_238' title='bbox 1022 671 1232 713; x_wconf 85' lang='lat' dir='ltr'><strong>cellarum</strong></span> <span class='ocrx_word' id='word_1_239' title='bbox 1251 684 1355 724; x_wconf 86' lang='lat' dir='ltr'><strong>pars</strong></span> <span class='ocrx_word' id='word_1_240' title='bbox 1375 671 1523 712; x_wconf 87' lang='lat' dir='ltr'><strong>calicis</strong></span> <span class='ocrx_word' id='word_1_241' title='bbox 1542 674 1705 712; x_wconf 90' lang='lat' dir='ltr'><strong>eorum.</strong></span> 
     </span>
    </p>

    <p class='ocr_par' dir='ltr' id='par_1_24' title="bbox 1022 727 1854 893">
     <span class='ocr_line' id='line_1_54' title="bbox 1075 727 1851 780; baseline 0 -11"><span class='ocrx_word' id='word_1_242' title='bbox 1075 728 1293 778; x_wconf 90' lang='lat' dir='ltr'><strong>Quoniam</strong></span> <span class='ocrx_word' id='word_1_243' title='bbox 1312 729 1450 780; x_wconf 89' lang='lat' dir='ltr'><strong>justus</strong></span> <span class='ocrx_word' id='word_1_244' title='bbox 1468 727 1702 777; x_wconf 86' lang='lat' dir='ltr'><strong>Dominus,</strong></span> <span class='ocrx_word' id='word_1_245' title='bbox 1731 733 1775 769; x_wconf 90' lang='lat' dir='ltr'><strong>et</strong></span> <span class='ocrx_word' id='word_1_246' title='bbox 1794 728 1851 779; x_wconf 92' lang='lat' dir='ltr'><strong>ju-</strong></span> 
     </span>
     <span class='ocr_line' id='line_1_55' title="bbox 1023 783 1854 836; baseline 0 -11"><span class='ocrx_word' id='word_1_247' title='bbox 1023 785 1163 826; x_wconf 89' lang='lat' dir='ltr'><strong>stitias</strong></span> <span class='ocrx_word' id='word_1_248' title='bbox 1202 784 1368 826; x_wconf 83' lang='lat' dir='ltr'><strong>dilexit:</strong></span> <span class='ocrx_word' id='word_1_249' title='bbox 1395 784 1419 809; x_wconf 92' lang='lat'>*</span> <span class='ocrx_word' id='word_1_250' title='bbox 1452 784 1707 836; x_wconf 76' lang='lat' dir='ltr'><strong>aequitatem</strong></span> <span class='ocrx_word' id='word_1_251' title='bbox 1744 783 1854 826; x_wconf 92' lang='lat' dir='ltr'><strong>vidit</strong></span> 
     </span>
     <span class='ocr_line' id='line_1_56' title="bbox 1022 841 1289 893; baseline 0 -12"><span class='ocrx_word' id='word_1_252' title='bbox 1022 841 1167 882; x_wconf 88' lang='lat' dir='ltr'><strong>vultus</strong></span> <span class='ocrx_word' id='word_1_253' title='bbox 1188 842 1289 893; x_wconf 90' lang='lat' dir='ltr'><strong>ejus.</strong></span> 
     </span>
    </p>

    <p class='ocr_par' dir='ltr' id='par_1_25' title="bbox 1021 905 1854 1062">
     <span class='ocr_line' id='line_1_57' title="bbox 1076 905 1854 948; baseline 0 -2"><span class='ocrx_word' id='word_1_254' title='bbox 1076 907 1175 947; x_wconf 86' lang='lat' dir='ltr'><strong>Ant.</strong></span> <span class='ocrx_word' id='word_1_255' title='bbox 1208 907 1412 948; x_wconf 84' lang='lat' dir='ltr'><strong>Funestae</strong></span> <span class='ocrx_word' id='word_1_256' title='bbox 1440 905 1597 947; x_wconf 91' lang='lat' dir='ltr'><strong>mortis</strong></span> <span class='ocrx_word' id='word_1_257' title='bbox 1622 905 1854 947; x_wconf 89' lang='lat' dir='ltr'><strong>damnatur</strong></span> 
     </span>
     <span class='ocr_line' id='line_1_58' title="bbox 1022 962 1854 1016; baseline 0 -12"><span class='ocrx_word' id='word_1_258' title='bbox 1022 963 1299 1016; x_wconf 86' lang='lat' dir='ltr'><strong>supplicium,</strong></span> <span class='ocrx_word' id='word_1_259' title='bbox 1320 963 1424 1004; x_wconf 91' lang='lat' dir='ltr'><strong>dum</strong></span> <span class='ocrx_word' id='word_1_260' title='bbox 1439 962 1638 1005; x_wconf 89' lang='lat' dir='ltr'><strong>Christus</strong></span> <span class='ocrx_word' id='word_1_261' title='bbox 1654 963 1698 1003; x_wconf 93' lang='lat' dir='ltr'><strong>in</strong></span> <span class='ocrx_word' id='word_1_262' title='bbox 1715 962 1854 1004; x_wconf 87' lang='lat' dir='ltr'><strong>Cruce</strong></span> 
     </span>
     <span class='ocr_line' id='line_1_59' title="bbox 1021 1019 1854 1062; baseline -0.001 -2"><span class='ocrx_word' id='word_1_263' title='bbox 1021 1025 1173 1062; x_wconf 90' lang='lat' dir='ltr'><strong>nostra</strong></span> <span class='ocrx_word' id='word_1_264' title='bbox 1194 1019 1412 1062; x_wconf 82' lang='lat' dir='ltr'><strong>destruxit</strong></span> <span class='ocrx_word' id='word_1_265' title='bbox 1426 1020 1600 1062; x_wconf 89' lang='lat' dir='ltr'><strong>vincula</strong></span> <span class='ocrx_word' id='word_1_266' title='bbox 1616 1019 1854 1061; x_wconf 90' lang='lat' dir='ltr'><strong>criminum.</strong></span> 
     </span>
    </p>
   </div>
   <div class='ocr_carea' id='block_1_8' title="bbox 1022 1085 1901 1297">
    <p class='ocr_par' dir='ltr' id='par_1_26' title="bbox 1022 1085 1901 1297">
     <span class='ocr_line' id='line_1_60' title="bbox 1076 1085 1854 1135; baseline -0.003 -8"><span class='ocrx_word' id='word_1_267' title='bbox 1076 1087 1176 1129; x_wconf 84' lang='lat' dir='ltr'><strong>Ant.</strong></span> <span class='ocrx_word' id='word_1_268' title='bbox 1217 1087 1315 1127; x_wconf 86' lang='lat' dir='ltr'><strong>Rex</strong></span> <span class='ocrx_word' id='word_1_269' title='bbox 1354 1085 1572 1127; x_wconf 86' lang='lat' dir='ltr'><strong>exaltatur</strong></span> <span class='ocrx_word' id='word_1_270' title='bbox 1603 1085 1646 1125; x_wconf 92' lang='lat' dir='ltr'><strong>in</strong></span> <span class='ocrx_word' id='word_1_271' title='bbox 1680 1085 1854 1135; x_wconf 81' lang='lat' dir='ltr'><strong>aethera,</strong></span> 
     </span>
     <span class='ocr_line' id='line_1_61' title="bbox 1023 1141 1853 1195; baseline 0 -12"><span class='ocrx_word' id='word_1_272' title='bbox 1023 1155 1122 1183; x_wconf 92' lang='lat' dir='ltr'><strong>cum</strong></span> <span class='ocrx_word' id='word_1_273' title='bbox 1154 1142 1302 1184; x_wconf 91' lang='lat' dir='ltr'><strong>nobile</strong></span> <span class='ocrx_word' id='word_1_274' title='bbox 1335 1142 1586 1195; x_wconf 79' lang='lat' dir='ltr'><strong>trophaeum</strong></span> <span class='ocrx_word' id='word_1_275' title='bbox 1618 1142 1770 1183; x_wconf 90' lang='lat' dir='ltr'><strong>Crucis</strong></span> <span class='ocrx_word' id='word_1_276' title='bbox 1798 1141 1853 1183; x_wconf 87' lang='lat' dir='ltr'><strong>ab</strong></span> 
     </span>
     <span class='ocr_line' id='line_1_62' title="bbox 1022 1198 1901 1297; baseline -0.002 -58"><span class='ocrx_word' id='word_1_277' title='bbox 1022 1199 1237 1297; x_wconf 43' lang='lat' dir='ltr'><strong>lsiargiglfizsis</strong></span> <span class='ocrx_word' id='word_1_278' title='bbox 1257 1199 1529 1241; x_wconf 89' lang='lat' dir='ltr'><strong>Christicolis</strong></span> <span class='ocrx_word' id='word_1_279' title='bbox 1549 1198 1757 1240; x_wconf 88' lang='lat' dir='ltr'><strong>adoratur</strong></span> <span class='ocrx_word' id='word_1_280' title='bbox 1775 1211 1855 1250; x_wconf 93' lang='lat' dir='ltr'><strong>per</strong></span> <span class='ocrx_word' id='word_1_281' title='bbox 1900 1232 1901 1237; x_wconf 73' lang='grc'>,</span> 
     </span>
    </p>
   </div>
   <div class='ocr_carea' id='block_1_9' title="bbox 1292 1331 1583 1372">
    <p class='ocr_par' dir='ltr' id='par_1_27' title="bbox 1292 1331 1583 1372">
     <span class='ocr_line' id='line_1_63' title="bbox 1292 1331 1583 1372; baseline -0.007 0"><span class='ocrx_word' id='word_1_282' title='bbox 1292 1331 1493 1372; x_wconf 85' lang='grc' dir='ltr'>Ρ831111118</span> <span class='ocrx_word' id='word_1_283' title='bbox 1512 1331 1583 1371; x_wconf 83' lang='grc'>20.</span> 
     </span>
    </p>
   </div>
   <div class='ocr_carea' id='block_1_10' title="bbox 1020 1383 1854 2743">
    <p class='ocr_par' dir='ltr' id='par_1_28' title="bbox 1020 1383 1854 1550">
     <span class='ocr_line' id='line_1_64' title="bbox 1020 1383 1854 1489; baseline 0.002 -54"><span class='ocrx_word' id='word_1_284' title='bbox 1020 1383 1256 1489; x_wconf 90' lang='lat' dir='ltr'><strong>Domine</strong></span> <span class='ocrx_word' id='word_1_285' title='bbox 1280 1394 1323 1435; x_wconf 93' lang='lat' dir='ltr'><strong>in</strong></span> <span class='ocrx_word' id='word_1_286' title='bbox 1347 1394 1508 1436; x_wconf 90' lang='lat' dir='ltr'><strong>virtute</strong></span> <span class='ocrx_word' id='word_1_287' title='bbox 1533 1400 1609 1436; x_wconf 91' lang='lat' dir='ltr'><strong>tua</strong></span> <span class='ocrx_word' id='word_1_288' title='bbox 1633 1395 1854 1438; x_wconf 88' lang='lat' dir='ltr'><strong>laetabitur</strong></span> 
     </span>
     <span class='ocr_line' id='line_1_65' title="bbox 1143 1451 1854 1504; baseline 0.004 -13"><span class='ocrx_word' id='word_1_289' title='bbox 1143 1464 1235 1492; x_wconf 91' lang='lat' dir='ltr'><strong>rex:</strong></span> <span class='ocrx_word' id='word_1_290' title='bbox 1259 1451 1283 1476; x_wconf 90' lang='lat'>*</span> <span class='ocrx_word' id='word_1_291' title='bbox 1308 1456 1351 1493; x_wconf 92' lang='lat' dir='ltr'><strong>et</strong></span> <span class='ocrx_word' id='word_1_292' title='bbox 1370 1464 1503 1504; x_wconf 91' lang='lat' dir='ltr'><strong>super</strong></span> <span class='ocrx_word' id='word_1_293' title='bbox 1522 1452 1712 1495; x_wconf 87' lang='lat' dir='ltr'><strong>salutare</strong></span> <span class='ocrx_word' id='word_1_294' title='bbox 1731 1458 1854 1494; x_wconf 92' lang='lat' dir='ltr'><strong>tuum</strong></span> 
     </span>
     <span class='ocr_line' id='line_1_66' title="bbox 1024 1507 1570 1550; baseline 0.002 -2"><span class='ocrx_word' id='word_1_295' title='bbox 1024 1507 1260 1549; x_wconf 87' lang='lat' dir='ltr'><strong>exsultabit</strong></span> <span class='ocrx_word' id='word_1_296' title='bbox 1278 1507 1570 1550; x_wconf 80' lang='lat' dir='ltr'><strong>vehementer.</strong></span> 
     </span>
    </p>

    <p class='ocr_par' dir='ltr' id='par_1_29' title="bbox 1024 1568 1854 1723">
     <span class='ocr_line' id='line_1_67' title="bbox 1075 1568 1854 1622; baseline 0.004 -13"><span class='ocrx_word' id='word_1_297' title='bbox 1075 1568 1354 1610; x_wconf 81' lang='lat' dir='ltr'><strong>Desiderium</strong></span> <span class='ocrx_word' id='word_1_298' title='bbox 1379 1570 1525 1611; x_wconf 91' lang='lat' dir='ltr'><strong>cordis</strong></span> <span class='ocrx_word' id='word_1_299' title='bbox 1551 1571 1640 1622; x_wconf 89' lang='lat' dir='ltr'><strong>ejus</strong></span> <span class='ocrx_word' id='word_1_300' title='bbox 1664 1571 1854 1612; x_wconf 90' lang='lat' dir='ltr'><strong>tribuisti</strong></span> 
     </span>
     <span class='ocr_line' id='line_1_68' title="bbox 1025 1625 1853 1679; baseline 0.004 -14"><span class='ocrx_word' id='word_1_301' title='bbox 1025 1625 1077 1665; x_wconf 92' lang='lat' dir='ltr'><strong>ei:</strong></span> <span class='ocrx_word' id='word_1_302' title='bbox 1092 1625 1116 1650; x_wconf 88' lang='grc'>*</span> <span class='ocrx_word' id='word_1_303' title='bbox 1131 1630 1175 1667; x_wconf 93' lang='grc'><strong>61</strong></span> <span class='ocrx_word' id='word_1_304' title='bbox 1189 1625 1414 1667; x_wconf 91' lang='lat' dir='ltr'><strong>voluntate</strong></span> <span class='ocrx_word' id='word_1_305' title='bbox 1428 1626 1644 1668; x_wconf 89' lang='lat' dir='ltr'><strong>labiorum</strong></span> <span class='ocrx_word' id='word_1_306' title='bbox 1661 1628 1750 1679; x_wconf 93' lang='lat' dir='ltr'><strong>ejus</strong></span> <span class='ocrx_word' id='word_1_307' title='bbox 1765 1640 1853 1669; x_wconf 92' lang='lat' dir='ltr'><strong>non</strong></span> 
     </span>
     <span class='ocr_line' id='line_1_69' title="bbox 1024 1681 1365 1723; baseline 0.006 -2"><span class='ocrx_word' id='word_1_308' title='bbox 1024 1681 1236 1723; x_wconf 85' lang='lat' dir='ltr'><strong>fraudasti</strong></span> <span class='ocrx_word' id='word_1_309' title='bbox 1255 1695 1365 1723; x_wconf 91' lang='lat' dir='ltr'><strong>eum.</strong></span> 
     </span>
    </p>

    <p class='ocr_par' dir='ltr' id='par_1_30' title="bbox 1023 1738 1854 1959">
     <span class='ocr_line' id='line_1_70' title="bbox 1076 1738 1852 1791; baseline 0.003 -12"><span class='ocrx_word' id='word_1_310' title='bbox 1076 1738 1292 1788; x_wconf 88' lang='lat' dir='ltr'><strong>Quoniam</strong></span> <span class='ocrx_word' id='word_1_311' title='bbox 1314 1739 1568 1791; x_wconf 80' lang='lat' dir='ltr'><strong>praevenisti</strong></span> <span class='ocrx_word' id='word_1_312' title='bbox 1592 1752 1691 1781; x_wconf 93' lang='lat' dir='ltr'><strong>eum</strong></span> <span class='ocrx_word' id='word_1_313' title='bbox 1715 1739 1758 1780; x_wconf 93' lang='lat' dir='ltr'><strong>in</strong></span> <span class='ocrx_word' id='word_1_314' title='bbox 1781 1739 1852 1781; x_wconf 91' lang='lat' dir='ltr'><strong>be-</strong></span> 
     </span>
     <span class='ocr_line' id='line_1_71' title="bbox 1023 1794 1854 1848; baseline 0.002 -13"><span class='ocrx_word' id='word_1_315' title='bbox 1023 1794 1344 1836; x_wconf 88' lang='lat' dir='ltr'><strong>nedictionibus</strong></span> <span class='ocrx_word' id='word_1_316' title='bbox 1358 1794 1614 1837; x_wconf 80' lang='lat' dir='ltr'><strong>dulcedinis:</strong></span> <span class='ocrx_word' id='word_1_317' title='bbox 1629 1796 1652 1821; x_wconf 90' lang='lat'>*</span> <span class='ocrx_word' id='word_1_318' title='bbox 1668 1796 1854 1848; x_wconf 91' lang='lat' dir='ltr'><strong>posuisti</strong></span> 
     </span>
     <span class='ocr_line' id='line_1_72' title="bbox 1023 1850 1852 1905; baseline 0.004 -14"><span class='ocrx_word' id='word_1_319' title='bbox 1023 1850 1073 1891; x_wconf 92' lang='lat' dir='ltr'><strong>in-</strong></span> <span class='ocrx_word' id='word_1_320' title='bbox 1095 1851 1239 1903; x_wconf 90' lang='lat' dir='ltr'><strong>capite</strong></span> <span class='ocrx_word' id='word_1_321' title='bbox 1267 1851 1357 1903; x_wconf 90' lang='lat' dir='ltr'><strong>ejus</strong></span> <span class='ocrx_word' id='word_1_322' title='bbox 1386 1853 1595 1893; x_wconf 88' lang='lat' dir='ltr'><strong>coronam</strong></span> <span class='ocrx_word' id='word_1_323' title='bbox 1623 1851 1678 1894; x_wconf 89' lang='lat' dir='ltr'><strong>de</strong></span> <span class='ocrx_word' id='word_1_324' title='bbox 1706 1852 1852 1905; x_wconf 89' lang='lat' dir='ltr'><strong>lapide</strong></span> 
     </span>
     <span class='ocr_line' id='line_1_73' title="bbox 1023 1907 1231 1959; baseline 0 -11"><span class='ocrx_word' id='word_1_325' title='bbox 1023 1907 1231 1959; x_wconf 92' lang='lat' dir='ltr'><strong>pretioso.</strong></span> 
     </span>
    </p>

    <p class='ocr_par' dir='ltr' id='par_1_31' title="bbox 1023 1963 1853 2119">
     <span class='ocr_line' id='line_1_74' title="bbox 1074 1963 1853 2016; baseline -0.001 -10"><span class='ocrx_word' id='word_1_326' title='bbox 1074 1963 1224 2006; x_wconf 89' lang='lat' dir='ltr'><strong>Vitam</strong></span> <span class='ocrx_word' id='word_1_327' title='bbox 1243 1963 1368 2016; x_wconf 83' lang='lat' dir='ltr'><strong>petiit</strong></span> <span class='ocrx_word' id='word_1_328' title='bbox 1387 1977 1413 2005; x_wconf 91' lang='lat' dir='ltr'><strong>a</strong></span> <span class='ocrx_word' id='word_1_329' title='bbox 1431 1969 1489 2006; x_wconf 88' lang='lat' dir='ltr'><strong>te:</strong></span> <span class='ocrx_word' id='word_1_330' title='bbox 1508 1965 1531 1990; x_wconf 89' lang='lat'>*</span> <span class='ocrx_word' id='word_1_331' title='bbox 1552 1969 1595 2006; x_wconf 92' lang='lat' dir='ltr'><strong>et</strong></span> <span class='ocrx_word' id='word_1_332' title='bbox 1609 1964 1799 2006; x_wconf 86' lang='lat' dir='ltr'><strong>tribuisti</strong></span> <span class='ocrx_word' id='word_1_333' title='bbox 1814 1965 1853 2006; x_wconf 93' lang='lat' dir='ltr'><strong>ei</strong></span> 
     </span>
     <span class='ocr_line' id='line_1_75' title="bbox 1023 2019 1852 2071; baseline 0.001 -10"><span class='ocrx_word' id='word_1_334' title='bbox 1023 2019 1339 2071; x_wconf 89' lang='lat' dir='ltr'><strong>longitudinem</strong></span> <span class='ocrx_word' id='word_1_335' title='bbox 1365 2020 1533 2062; x_wconf 78' lang='lat' dir='ltr'><strong>dierum</strong></span> <span class='ocrx_word' id='word_1_336' title='bbox 1559 2021 1603 2062; x_wconf 93' lang='lat' dir='ltr'><strong>in</strong></span> <span class='ocrx_word' id='word_1_337' title='bbox 1632 2021 1852 2070; x_wconf 77' lang='lat' dir='ltr'><strong>saeculum,</strong></span> 
     </span>
     <span class='ocr_line' id='line_1_76' title="bbox 1024 2077 1542 2119; baseline 0 -1"><span class='ocrx_word' id='word_1_338' title='bbox 1024 2081 1068 2118; x_wconf 91' lang='lat' dir='ltr'><strong>et</strong></span> <span class='ocrx_word' id='word_1_339' title='bbox 1085 2077 1129 2118; x_wconf 92' lang='lat' dir='ltr'><strong>in</strong></span> <span class='ocrx_word' id='word_1_340' title='bbox 1148 2077 1359 2119; x_wconf 81' lang='lat' dir='ltr'><strong>saeculum</strong></span> <span class='ocrx_word' id='word_1_341' title='bbox 1382 2078 1542 2119; x_wconf 78' lang='lat' dir='ltr'><strong>saeculi.</strong></span> 
     </span>
    </p>

    <p class='ocr_par' dir='ltr' id='par_1_32' title="bbox 1022 2133 1853 2299">
     <span class='ocr_line' id='line_1_77' title="bbox 1074 2133 1853 2186; baseline 0 -12"><span class='ocrx_word' id='word_1_342' title='bbox 1074 2133 1234 2185; x_wconf 90' lang='lat' dir='ltr'><strong>Magna</strong></span> <span class='ocrx_word' id='word_1_343' title='bbox 1258 2139 1325 2176; x_wconf 90' lang='lat' dir='ltr'><strong>est</strong></span> <span class='ocrx_word' id='word_1_344' title='bbox 1342 2134 1482 2185; x_wconf 89' lang='lat' dir='ltr'><strong>gloria</strong></span> <span class='ocrx_word' id='word_1_345' title='bbox 1501 2135 1591 2186; x_wconf 91' lang='lat' dir='ltr'><strong>ejus</strong></span> <span class='ocrx_word' id='word_1_346' title='bbox 1610 2134 1654 2174; x_wconf 93' lang='lat' dir='ltr'><strong>in</strong></span> <span class='ocrx_word' id='word_1_347' title='bbox 1673 2133 1853 2175; x_wconf 85' lang='lat' dir='ltr'><strong>salutari</strong></span> 
     </span>
     <span class='ocr_line' id='line_1_78' title="bbox 1023 2189 1852 2242; baseline 0 -11"><span class='ocrx_word' id='word_1_348' title='bbox 1023 2194 1115 2231; x_wconf 91' lang='lat' dir='ltr'><strong>tuo:</strong></span> <span class='ocrx_word' id='word_1_349' title='bbox 1129 2190 1152 2215; x_wconf 90' lang='lat'>*</span> <span class='ocrx_word' id='word_1_350' title='bbox 1167 2190 1351 2241; x_wconf 84' lang='lat' dir='ltr'><strong>gloriam</strong></span> <span class='ocrx_word' id='word_1_351' title='bbox 1367 2196 1410 2232; x_wconf 90' lang='lat' dir='ltr'><strong>et</strong></span> <span class='ocrx_word' id='word_1_352' title='bbox 1424 2203 1630 2242; x_wconf 89' lang='lat' dir='ltr'><strong>magnum</strong></span> <span class='ocrx_word' id='word_1_353' title='bbox 1646 2189 1852 2232; x_wconf 91' lang='lat' dir='ltr'><strong>decorem</strong></span> 
     </span>
     <span class='ocr_line' id='line_1_79' title="bbox 1022 2245 1505 2299; baseline 0.002 -13"><span class='ocrx_word' id='word_1_354' title='bbox 1022 2245 1224 2298; x_wconf 91' lang='lat' dir='ltr'><strong>impones</strong></span> <span class='ocrx_word' id='word_1_355' title='bbox 1244 2259 1375 2299; x_wconf 89' lang='lat' dir='ltr'><strong>super</strong></span> <span class='ocrx_word' id='word_1_356' title='bbox 1395 2259 1505 2288; x_wconf 88' lang='lat' dir='ltr'><strong>eum.</strong></span> 
     </span>
    </p>

    <p class='ocr_par' dir='ltr' id='par_1_33' title="bbox 1022 2306 1850 2515">
     <span class='ocr_line' id='line_1_80' title="bbox 1075 2306 1850 2356; baseline 0.001 -9"><span class='ocrx_word' id='word_1_357' title='bbox 1075 2307 1291 2356; x_wconf 89' lang='lat' dir='ltr'><strong>Quoniam</strong></span> <span class='ocrx_word' id='word_1_358' title='bbox 1324 2306 1448 2349; x_wconf 89' lang='lat' dir='ltr'><strong>dabis</strong></span> <span class='ocrx_word' id='word_1_359' title='bbox 1479 2320 1579 2348; x_wconf 91' lang='lat' dir='ltr'><strong>eum</strong></span> <span class='ocrx_word' id='word_1_360' title='bbox 1606 2307 1650 2348; x_wconf 92' lang='grc'><strong>111</strong></span> <span class='ocrx_word' id='word_1_361' title='bbox 1676 2306 1850 2348; x_wconf 89' lang='lat' dir='ltr'><strong>benedi-</strong></span> 
     </span>
     <span class='ocr_line' id='line_1_81' title="bbox 1023 2362 1850 2405; baseline 0.001 -2"><span class='ocrx_word' id='word_1_362' title='bbox 1023 2362 1213 2404; x_wconf 81' lang='lat' dir='ltr'><strong>ctionem</strong></span> <span class='ocrx_word' id='word_1_363' title='bbox 1233 2363 1277 2404; x_wconf 91' lang='lat' dir='ltr'><strong>in</strong></span> <span class='ocrx_word' id='word_1_364' title='bbox 1297 2363 1508 2404; x_wconf 80' lang='lat' dir='ltr'><strong>saeculum</strong></span> <span class='ocrx_word' id='word_1_365' title='bbox 1530 2363 1694 2405; x_wconf 77' lang='lat' dir='ltr'><strong>saeculi:</strong></span> <span class='ocrx_word' id='word_1_366' title='bbox 1708 2363 1731 2388; x_wconf 91' lang='lat'>*</span> <span class='ocrx_word' id='word_1_367' title='bbox 1745 2363 1850 2404; x_wconf 91' lang='lat' dir='ltr'><strong>laeti-</strong></span> 
     </span>
     <span class='ocr_line' id='line_1_82' title="bbox 1022 2418 1850 2471; baseline 0.001 -12"><span class='ocrx_word' id='word_1_368' title='bbox 1022 2418 1175 2460; x_wconf 92' lang='lat' dir='ltr'><strong>ficabis</strong></span> <span class='ocrx_word' id='word_1_369' title='bbox 1203 2432 1303 2461; x_wconf 93' lang='lat' dir='ltr'><strong>eum</strong></span> <span class='ocrx_word' id='word_1_370' title='bbox 1334 2420 1378 2460; x_wconf 91' lang='lat' dir='ltr'><strong>in</strong></span> <span class='ocrx_word' id='word_1_371' title='bbox 1409 2419 1570 2471; x_wconf 87' lang='lat' dir='ltr'><strong>gaudio</strong></span> <span class='ocrx_word' id='word_1_372' title='bbox 1601 2433 1700 2462; x_wconf 92' lang='lat' dir='ltr'><strong>cum</strong></span> <span class='ocrx_word' id='word_1_373' title='bbox 1728 2419 1850 2461; x_wconf 92' lang='lat' dir='ltr'><strong>vultu</strong></span> 
     </span>
     <span class='ocr_line' id='line_1_83' title="bbox 1022 2479 1110 2515; baseline 0 0"><span class='ocrx_word' id='word_1_374' title='bbox 1022 2479 1110 2515; x_wconf 92' lang='lat' dir='ltr'><strong>tuo.</strong></span> 
     </span>
    </p>

    <p class='ocr_par' dir='ltr' id='par_1_34' title="bbox 1022 2531 1850 2685">
     <span class='ocr_line' id='line_1_84' title="bbox 1075 2531 1850 2584; baseline 0.001 -13"><span class='ocrx_word' id='word_1_375' title='bbox 1075 2531 1290 2581; x_wconf 88' lang='lat' dir='ltr'><strong>Quoniam</strong></span> <span class='ocrx_word' id='word_1_376' title='bbox 1314 2544 1392 2573; x_wconf 88' lang='lat' dir='ltr'><strong>rex</strong></span> <span class='ocrx_word' id='word_1_377' title='bbox 1416 2537 1564 2584; x_wconf 89' lang='lat' dir='ltr'><strong>sperat</strong></span> <span class='ocrx_word' id='word_1_378' title='bbox 1581 2532 1626 2573; x_wconf 91' lang='lat' dir='ltr'><strong>in</strong></span> <span class='ocrx_word' id='word_1_379' title='bbox 1644 2532 1850 2573; x_wconf 89' lang='lat' dir='ltr'><strong>Domino:</strong></span> 
     </span>
     <span class='ocr_line' id='line_1_85' title="bbox 1022 2586 1846 2630; baseline -0.001 -2"><span class='ocrx_word' id='word_1_380' title='bbox 1022 2586 1046 2612; x_wconf 88' lang='lat'>*</span> <span class='ocrx_word' id='word_1_381' title='bbox 1070 2592 1114 2628; x_wconf 90' lang='lat' dir='ltr'><strong>et</strong></span> <span class='ocrx_word' id='word_1_382' title='bbox 1136 2587 1181 2628; x_wconf 89' lang='lat' dir='ltr'><strong>in</strong></span> <span class='ocrx_word' id='word_1_383' title='bbox 1202 2587 1502 2630; x_wconf 84' lang='lat' dir='ltr'><strong>misericordia</strong></span> <span class='ocrx_word' id='word_1_384' title='bbox 1524 2588 1739 2630; x_wconf 88' lang='lat' dir='ltr'><strong>Altissimi</strong></span> <span class='ocrx_word' id='word_1_385' title='bbox 1762 2600 1846 2628; x_wconf 92' lang='lat' dir='ltr'><strong>non</strong></span> 
     </span>
     <span class='ocr_line' id='line_1_86' title="bbox 1023 2643 1380 2685; baseline 0.003 -1"><span class='ocrx_word' id='word_1_386' title='bbox 1023 2643 1380 2685; x_wconf 78' lang='lat' dir='ltr'><strong>commovebitur.</strong></span> 
     </span>
    </p>

    <p class='ocr_par' dir='ltr' id='par_1_35' title="bbox 1073 2698 1848 2743">
     <span class='ocr_line' id='line_1_87' title="bbox 1073 2698 1848 2743; baseline 0 -3"><span class='ocrx_word' id='word_1_387' title='bbox 1073 2700 1325 2742; x_wconf 89' lang='lat' dir='ltr'><strong>Inveniatur</strong></span> <span class='ocrx_word' id='word_1_388' title='bbox 1356 2713 1510 2743; x_wconf 89' lang='lat' dir='ltr'><strong>manus</strong></span> <span class='ocrx_word' id='word_1_389' title='bbox 1541 2706 1616 2743; x_wconf 90' lang='lat' dir='ltr'><strong>tua</strong></span> <span class='ocrx_word' id='word_1_390' title='bbox 1648 2698 1848 2742; x_wconf 89' lang='lat' dir='ltr'><strong>omnibus</strong></span> 
     </span>
    </p>
   </div>
   <div class='ocr_carea' id='block_1_11' title="bbox 81 123 1907 2807">
    <p class='ocr_par' dir='ltr' id='par_1_36' title="bbox 81 123 1907 2807">
     <span class='ocr_line' id='line_1_88' title="bbox 81 123 1907 2807; baseline 0 0"><span class='ocrx_word' id='word_1_391' title='bbox 81 123 1907 2807; x_wconf 95' lang='lat' dir='ltr'><strong> </strong></span> 
     </span>
    </p>
   </div>
   <div class='ocr_carea' id='block_1_12' title="bbox 1578 2827 1641 2861">
    <p class='ocr_par' dir='ltr' id='par_1_37' title="bbox 1578 2827 1641 2861">
     <span class='ocr_line' id='line_1_89' title="bbox 1578 2827 1641 2861; baseline 0.016 -1"><span class='ocrx_word' id='word_1_392' title='bbox 1578 2827 1641 2861; x_wconf 76' lang='lat'><strong>19*</strong></span> 
     </span>
    </p>
   </div>
  </div>
 </body>
</html>
