2040 2944
736 194 906 229 sabbato
933 194 981 228 ad
1004 195 1241 231 Matutinum.

1770 195 1844 231 101

139 290 183 327 et
201 285 411 338 poenituit
436 298 536 327 eum
560 287 802 328 secundum
824 288 966 330 multi·
1018 290 1042 316 *
1070 295 1114 331 et
1145 291 1374 332 consilium
1401 291 1617 333 Altissimi
1648 292 1842 334 irritave-

137 341 337 384 tudinem
355 342 681 384 misericordiae
692 356 795 385 suae.

190 399 248 440 Et
276 398 400 440 dedit
428 411 505 440 eos
533 399 578 439 in
596 399 923 442 misericordias
943 402 966 428 *

137 456 181 496 in
219 457 462 508 conspectu
500 456 695 497 omnium
732 457 807 508 qui
842 458 965 509 cepe—

138 516 236 553 rant
257 524 344 553 eos.

189 568 342 610 Salvos
362 580 443 609 nos
462 568 531 609 fac
545 568 735 611 Demine
750 570 871 611 Deus
891 583 965 611 no-

137 630 242 666 ster:
265 626 289 652 *
313 629 357 666 et
385 626 605 676 congrega
632 638 714 666 nos
742 626 797 668 de
827 627 964 668 natio-

136 681 280 723 nibus:

188 738 248 783 Ut
284 738 572 780 confiteamur
607 738 775 779 nemini
811 744 964 781 sancto

136 798 230 835 tuo:
249 794 273 822 *
292 798 336 835 et
354 794 592 845 gloriemur
613 795 658 835 in
676 794 806 836 laude
826 800 913 836 tua.

188 850 456 892 Benedictus
467 851 684 892 Deminus
695 851 816 892 Deus
826 852 965 893 Israel

137 919 163 948 a
180 906 343 948 saeculo
364 912 408 949 et
427 920 566 959 usque
585 908 630 948 in
650 907 965 950 saeculumz*et

138 963 256 1005 dicet
275 964 417 1005 omnis
436 964 643 1017 pupulus:
662 964 772 1015 Fiat,
790 964 878 1006 fiat.

392 1060 591 1103 Psalmus
613 1065 704 1104 106.

212 1140 456 1182 onfitemini
509 1141 702 1182 Demino
756 1141 964 1193 quoniam

229 1196 389 1238 bonus:
406 1198 431 1224 *
451 1197 659 1249 queniam
683 1197 728 1238 in
754 1198 964 1239 saeculum

135 1253 439 1295 misericerdia
458 1254 559 1306 ejus.

186 1309 348 1351 Dicant
373 1310 448 1362 qui
473 1310 693 1363 redempti
711 1316 813 1352 sunt
833 1325 858 1353 a
876 1312 963 1353 Do-

135 1366 270 1416 mino,
299 1378 411 1418 quos
439 1366 627 1408 redemit
655 1366 710 1409 de
735 1381 868 1409 manu
887 1368 963 1409 ini-

134 1422 252 1464 mici:
271 1423 295 1450 *
315 1427 359 1464 et
380 1422 435 1465 de
454 1423 708 1474 regionibus
728 1427 962 1477 congrega-

134 1478 198 1520 vit
216 1491 308 1520 eos:

185 1534 229 1576 A
263 1535 369 1576 solis
406 1539 523 1585 ortU,
560 1540 604 1578 et
641 1539 817 1579 occasu:
851 1539 874 1564 *
907 1537 962 1579 ab

134 1591 351 1643 aquilone,
371 1596 415 1634 et
433 1593 555 1633 mari.

185 1648 456 1690 Erraverunt
483 1649 527 1690 in
555 1649 791 1692 solitudine
811 1651 855 1691 in
875 1651 962 1691 ina-

137 1706 293 1757 quoso:
316 1706 341 1733 *
364 1705 483 1747 viam
507 1706 699 1748 civitatis
723 1706 962 1749 habitaculi

134 1773 223 1802 non
241 1761 511 1803 invenerunt.

186 1818 453 1868 Esurientes‚
480 1823 525 1860 et
543 1819 757 1862 sitientes:
776 1822 800 1848 *
820 1819 963 1861 anima

135 1876 288 1916 eorum
306 1875 351 1915 in
367 1874 477 1928 ipsis
497 1874 669 1918 defecit.

186 1931 243 1972 Et
284 1930 585 1974 clamaverunt
627 1931 684 1974 ad
723 1932 962 1973 Deminum

134 1999 235 2028 cum
251 1987 582 2030 tribularentur:
597 1990 621 2016 *
636 1994 681 2030 et
701 1988 757 2030 de
775 1989 961 2031 necessi-

133 2043 298 2085 tatibus
319 2046 472 2086 eorum
493 2045 655 2097 eripuit
675 2057 762 2086 eos.

184 2099 243 2142 Et
265 2100 451 2142 deduxit
474 2113 550 2142 eos
574 2101 619 2142 in
638 2101 754 2143 viam
779 2105 961 2143 rectam:

133 2157 158 2183 *
170 2161 221 2198 ut
234 2157 349 2198 irent
367 2157 412 2197 in
427 2157 652 2199 civitatem
665 2157 961 2199 habitatic'mis.

185 2203 488 2255 Confiteantur
505 2214 696 2255 Domino
716 2214 961 2255 misericer-

134 2268 220 2310 diae
249 2269 358 2321 ejus:
379 2271 403 2297 *
425 2275 469 2312 et
495 2269 713 2312 mirabilia
740 2271 831 2322 ejus
860 2270 960 2310 filiis

133 2324 370 2367 heminum.

185 2382 296 2432 Quia
315 2382 493 2424 satiavit
517 2383 706 2424 animam
728 2383 917 2423 inanem:
936 2383 960 2408 *

133 2442 178 2479 et
227 2438 417 2480 animam
468 2439 731 2481 esurientem
784 2437 960 2479 satiavit

131 2493 398 2589 bogeffiientes
424 2547 469 2588 in
496 2547 707 2596 tenebris,
736 2550 779 2587 et
806 2545 960 2587 umbra

132 2604 306 2644 mortis:
322 2605 346 2631 *
361 2604 532 2645 vinctos
551 2604 595 2644 in
614 2602 897 2644 mendicitate
915 2606 959 2643 et

133 2658 260 2700 ferro.

176 2715 287 2765 Quia
298 2715 672 2758 exacerbaverunt
681 2714 854 2767 eloquia
862 2714 959 2755 Dei:

1018 351 1130 387 runt.

1070 403 1127 444 Et
1154 403 1428 446 humiliatum
1456 410 1522 446 est
1549 405 1593 446 in
1616 405 1842 446 laboribus

1018 471 1095 500 cor
1128 461 1294 500 eorum:
1321 462 1345 487 *
1373 461 1579 503 infirmati
1608 467 1725 511 sunt,
1762 475 1842 503 nec

1018 515 1099 556 fuit
1125 517 1199 568 qui
1219 516 1454 568 adjuvaret.

1070 572 1127 613 Et
1168 572 1466 614 clamaverunt
1507 574 1563 616 ad
1604 574 1841 615 Dominum

1017 640 1117 668 cum
1144 628 1472 670 tribularentur:
1493 632 1517 657 *
1542 635 1586 672 et
1614 630 1668 672 de
1693 643 1840 672 neces-

1017 684 1221 726 sitatibus
1242 687 1394 726 eorum
1412 685 1614 728 liberavit
1633 699 1720 728 eos.

1068 741 1124 782 Et
1162 741 1312 783 eduxit
1349 754 1426 783 eos
1463 742 1518 784 de
1546 742 1756 792 tenebris,
1798 747 1841 784 et

1015 796 1171 838 umbra
1194 798 1364 839 mortis:
1382 800 1405 825 *
1426 803 1469 839 et
1493 798 1666 840 vincula
1690 801 1840 840 eorum

1018 853 1213 906 disrupit.

1068 909 1367 951 Confiteantur
1386 910 1575 951 Domino
1599 911 1839 952 misericor-

1017 965 1102 1007 diae
1131 967 1235 1017 ejus:
1260 968 1283 993 *
1308 971 1351 1008 et
1379 966 1595 1008 mirabilia
1622 968 1712 1019 ejus
1740 967 1839 1008 filiis

1015 1021 1250 1063 hominum.

1068 1080 1179 1130 Quia
1201 1080 1406 1121 contrivit
1423 1084 1574 1132 portas
1590 1082 1743 1121 aereas:
1758 1081 1781 1106 *
1797 1083 1839 1121 et

1016 1140 1165 1177 vectes
1184 1136 1351 1178 ferreos
1371 1136 1595 1187 confregit.

1069 1192 1272 1245 Suscepit
1306 1205 1382 1234 eos
1416 1192 1471 1234 de
1498 1193 1568 1233 via
1596 1191 1839 1244 iniquitatis

1017 1250 1185 1290 eorum:
1204 1251 1228 1276 *
1252 1254 1436 1302 propter
1463 1249 1695 1300 injustitias
1724 1248 1839 1289 enim

1016 1318 1117 1346 suas
1136 1305 1352 1347 humiliati
1372 1310 1483 1347 sunt.

1068 1362 1253 1403 Omnem
1296 1375 1441 1403 escam
1482 1361 1733 1403 abominata
1774 1365 1840 1402 est

1016 1418 1161 1459 anima
1190 1420 1356 1459 eorum:
1384 1420 1407 1445 ’⁸‘
1436 1423 1479 1460 et
1516 1418 1839 1471 appropinqua-

1015 1476 1172 1516 verunt
1192 1487 1332 1526 usque
1352 1474 1408 1516 ad
1426 1480 1580 1527 portas
1598 1474 1762 1515 mortis.

1067 1531 1124 1572 Et
1169 1531 1467 1573 clamaverunt
1507 1531 1564 1572 ad
1604 1531 1838 1572 Dominum

1016 1601 1116 1629 cum
1141 1587 1466 1630 tribularentur:
1492 1590 1515 1615 *
1539 1592 1583 1629 et
1611 1587 1666 1629 de
1693 1599 1837 1628 neces-

1016 1644 1219 1686 sitatibus
1240 1646 1392 1686 eorum
1409 1644 1612 1686 liberavit
1631 1655 1719 1684 eos.

1067 1700 1188 1742 Misit
1213 1700 1396 1742 verbum
1424 1714 1569 1750 suum,
1598 1704 1641 1741 et
1668 1699 1837 1740 sanavit

1016 1769 1106 1798 eos:
1126 1758 1150 1784 *
1170 1761 1213 1798 et
1233 1757 1393 1809 eripuit
1412 1769 1489 1798 eos
1508 1757 1562 1798 de
1580 1756 1836 1797 interitioni-

1014 1813 1097 1855 bus
1118 1815 1280 1855 e6rum.
1658 1842 1661 1843 ν

1066 1870 1367 1911 Confiteantur
1383 1869 1574 1911 Domino
1594 1869 1836 1910 misericor-

1015 1926 1101 1968 diae
1129 1928 1234 1979 ejus:
1259 1928 1282 1954 *
1302 1931 1346 1968 et
1373 1926 1590 1968 mirabilia
1619 1926 1708 1978 ejus
1735 1926 1836 1966 filiis

1014 1983 1250 2024 hominum.

1065 2039 1122 2081 Et
1141 2039 1388 2080 sacrificent
1403 2038 1666 2080 sacrificium
1681 2038 1837 2080 laudis:

1014 2097 1038 2123 *
1057 2100 1100 2137 et
1127 2095 1384 2137 annuntient
1413 2097 1547 2147 opera
1577 2095 1666 2146 ejus
1693 2094 1737 2135 in
1766 2107 1835 2136 ex-

1013 2152 1261 2194 sultatione.

1065 2209 1150 2259 Qui
1165 2207 1436 2249 descendunt
1453 2207 1629 2248 marein
1639 2207 1835 2256 navibus,

1013 2266 1037 2292 *
1064 2262 1272 2306 facientes
1301 2264 1603 2316 operationem
1637 2263 1681 2304 in
1708 2263 1834 2315 aquis

1012 2321 1172 2362 multis.

1061 2376 1154 2429 Ipsi
1170 2376 1374 2417 viderunt
1392 2378 1527 2428 opera
1541 2375 1730 2425 Domini,
1749 2377 1772 2402 *
1792 2380 1835 2416 et

1012 2432 1230 2474 mirabilia
1249 2433 1339 2484 ejus
1358 2432 1403 2472 in
1421 2431 1654 2484 profundo.

1063 2489 1197 2538 Dixit,
1216 2493 1260 2530 et
1276 2488 1399 2529 stetit
1416 2487 1596 2540 spiritus
1611 2487 1832 2539 procellae;

1011 2546 1035 2573 *
1054 2549 1097 2587 et
1117 2544 1297 2586 exaltati
1316 2549 1418 2586 sunt
1436 2544 1595 2585 fluctus
1615 2545 1717 2596 ejus.

1062 2600 1320 2642 Ascendunt
1347 2612 1486 2652 usque
1514 2599 1571 2641 ad
1599 2599 1751 2648 eoelos,
1788 2603 1831 2639 et

1012 2656 1284 2699 descendunt
1316 2669 1456 2708 usque
1490 2655 1547 2697 ad
1579 2655 1776 2708 abyssos:
1808 2655 1831 2680 *

1011 2714 1153 2754 anima
1178 2715 1329 2755 eorum
1352 2713 1396 2753 in
1420 2712 1546 2753 malis
1566 2709 1830 2754 tabescebat.
