2040 2944
558 179 630 214 Die
658 180 706 214 14.
731 180 833 223 Sept.
879 179 923 213 In
947 179 1192 214 Exaltationc
1218 179 1253 214 S.
1278 179 1423 214 Crucis.

135 279 391 329 conabatur,
417 291 470 320 eo
490 278 629 329 magis
648 278 825 320 retineri
843 280 960 322 vide-

133 336 273 378 batur.
310 335 508 387 Cumque
536 347 588 376 ea
614 347 661 376 re
688 339 731 376 et
756 335 852 387 ipse
875 337 960 378 He-

134 392 307 442 raclius,
335 397 378 434 et
401 391 559 443 reliqui
584 403 736 433 omnes
757 391 961 445 obstupe-

134 453 321 491 scerent:
337 448 573 490 Zacharias
585 448 610 489 J
612 447 962 500 erosolymorum

134 508 332 552 antistes,
360 505 491 555 Vide,
523 505 678 557 inquit,
710 505 961 556 imperator,

133 575 187 603 ne
205 562 290 603 isto
307 561 562 614 triumphali
576 563 744 611 ornatu,
764 561 808 601 in
824 561 962 603 Cruce

133 618 315 660 ferenda
345 631 502 671 parum
529 619 635 660 Jesu
664 617 826 659 Christi
856 631 962 671 pau-

134 677 353 727 pertatem
386 679 429 716 et
461 674 752 716 humilitatem
781 674 963 716 imitere.

134 732 249 772 Tum
281 730 511 772 Heraclius
543 730 716 782 abjecto
749 731 962 783 amplissi-

134 800 207 829 mo
237 789 415 837 vestitu,
455 786 753 838 detractisque
787 787 963 837 calceis,

135 857 187 885 ac
222 843 396 896 plebeio
435 845 598 885 amictu
627 842 827 892 indutuS‚
868 844 962 884 reli-

137 913 270 952 quum
289 899 372 940 viae
392 899 520 949 facile
539 900 743 949 confecit,
769 905 812 942 et
829 900 872 940 in
894 902 963 941 eo—

135 956 237 998 dem
270 956 484 998 Calvariae
519 956 620 998 loco
654 956 841 998 Crucem
879 959 963 998 sta-

135 1013 234 1062 tuit,
274 1013 390 1055 unde
417 1013 560 1054 fuerat
587 1025 613 1053 a
639 1013 786 1054 Persis
815 1026 963 1065 aspor-

134 1071 239 1111 tata.
288 1070 443 1122 Itaque
475 1069 767 1110 Exaltationis
800 1074 964 1110 sanctae

137 1126 288 1168 Crucis
327 1126 595 1176 solemnitas,
640 1139 738 1178 quae
774 1125 858 1167 hac
893 1125 964 1167 die

137 1183 372 1234 quotannis
401 1182 722 1232 celebrabatur,
754 1182 964 1224 illustrior

135 1238 288 1281 haberi
314 1239 451 1292 coepit
479 1239 535 1281 ob
561 1240 651 1292 ejus
677 1239 740 1281 rei
764 1239 963 1281 memori-

136 1308 221 1346 am,
259 1295 380 1348 quod
410 1296 575 1338 ibidem
606 1296 737 1337 fuerit
768 1297 965 1349 reposita

135 1352 190 1394 ab
207 1353 427 1402 Heraclio,
446 1353 521 1394 ubi
539 1353 756 1395 Salvatori
775 1353 964 1405 primum

135 1409 277 1451 fuerat
297 1409 547 1451 constituta.

188 1478 239 1530 Rs.
282 1474 383 1516 Hoc
415 1474 587 1526 signum
621 1475 773 1516 Crucis
807 1476 889 1517 erit
920 1476 964 1516 in

66 1569 73 1574 ,
135 1530 266 1580 coelo,
307 1543 406 1572 cum
438 1531 654 1572 Dominus
687 1531 743 1573 ad
774 1532 963 1583 judican-

135 1586 240 1628 dum
284 1588 467 1628 venerit:
505 1591 528 1616 *
563 1588 689 1628 Tunc
734 1589 964 1630 manifesta

135 1649 262 1686 erunt
310 1643 570 1686 abscondita
619 1644 764 1686 cordis
812 1646 964 1687 nostri.

135 1697 187 1749 V.
215 1700 325 1741 Cum
351 1700 514 1743 sederit
538 1701 675 1743 Filius
703 1702 893 1743 hominis
919 1703 963 1742 in

135 1755 241 1798 sede
276 1757 517 1809 majestatis
553 1770 662 1807 suae,
703 1763 748 1800 et
779 1759 963 1810 co'eperit

134 1812 327 1864 judicare
342 1813 552 1854 saeculum
562 1827 643 1866 per
651 1815 808 1866 ignem.
827 1815 962 1856 Tunc.

137 1869 287 1910 Gloria
306 1869 436 1911 Patri.
464 1869 600 1911 Tunc.

358 1945 406 1983 In
425 1945 495 1984 111.
516 1945 738 1984 Nocturno.

188 2013 288 2054 Ant.
334 2008 582 2051 Adoramus
613 2014 658 2051 te
691 2009 878 2060 Christe,
919 2016 962 2053 et

134 2064 435 2107 benedicimus
454 2065 545 2115 tibi,
568 2067 667 2119 quia
682 2079 762 2119 per
778 2066 963 2109 Crucem

133 2126 255 2163 tuam
273 2121 498 2164 redemisti
515 2123 736 2164 mundum.

410 2191 610 2232 Psalmus
629 2193 694 2232 95.

181 2254 405 2317 ’ῑχειῐιῒέιῒε
428 2253 620 2294 Domino
646 2255 864 2295 canticum
888 2267 962 2296 no-

142 2341 147 2353 ,
162 2310 197 2356 ἐξ,
209 2327 247 2345 ¹
270 2323 386 2351 vum:
399 2311 423 2337 *
436 2312 608 2351 cantate
619 2310 809 2351 Domino
821 2311 962 2351 omnis

145 2366 167 2387 ¹*-
189 2362 243 2387 ³³
269 2370 396 2407 terra.

189 2421 372 2464 Cantate
399 2423 607 2472 Domino,
644 2427 688 2464 et
717 2423 962 2465 lenedicite

136 2478 301 2519 nomini
320 2479 426 2530 ejus:
443 2480 467 2505 *
487 2479 738 2521 annuntiate
758 2479 812 2521 de
833 2479 904 2521 die
919 2480 963 2520 in

138 2533 254 2575 diem
273 2535 463 2577 salutare
483 2537 584 2587 ejus.

189 2589 456 2633 Annuntiate
470 2592 583 2633 inter
599 2592 765 2633 Gentes
780 2592 963 2643 gloriam

138 2646 285 2742 {ajusff
304 2647 347 2688 in
370 2648 572 2690 omnibus
596 2648 774 2701 populis
792 2648 963 2690 mirabi-

154 2715 194 2743 1a
213 2715 314 2754 ejus.

1067 280 1284 329 Quoniam
1315 292 1500 330 magnus
1526 279 1760 329 Dominus,
1802 284 1845 320 et

1014 335 1246 377 laudabilis
1265 336 1406 377 nimis:
1425 336 1448 362 *
1467 335 1673 378 terribilis
1694 341 1762 378 est
1778 349 1844 376 su-

1014 405 1093 445 per
1113 405 1265 434 omnes
1285 393 1404 434 deos

1064 449 1281 499 Quoniam
1297 462 1449 491 omnes
1465 449 1525 491 dii
1536 448 1744 490 Gentium
1759 448 1844 490 dae-

1014 506 1175 547 monia:
1211 506 1235 532 *
1271 506 1487 547 Dominus
1524 510 1670 547 autem
1707 505 1845 546 coelos

1015 563 1128 605 fecit.

1069 618 1307 668 Confessio,
1328 623 1371 660 et
1388 618 1670 671 pulchritudo
1686 618 1729 658 in
1745 631 1844 659 con-

1016 677 1173 728 spectu
1201 676 1308 727 ejus:
1327 675 1351 700 *
1371 675 1658 716 sanctimonia
1687 679 1730 716 et
1757 687 1844 715 ma-

1016 732 1266 783 gnificentia
1285 732 1328 772 in
1348 731 1692 772 sanctificatione
1712 732 1813 783 ejus.

1069 787 1236 829 Afferte
1251 788 1442 829 Domino
1460 787 1616 840 patriae
1628 787 1846 836 Gentium,

1017 844 1169 886 afferte
1195 844 1387 885 Domino
1418 844 1603 894 gloriam
1635 848 1678 885 et
1710 843 1845 885 hono-

1017 914 1124 943 rem:
1143 902 1166 927 *
1186 901 1338 942 afferte
1356 901 1548 942 Domino
1570 901 1753 951 gloriam
1771 903 1845 942 no-

1016 958 1121 998 mini
1141 959 1242 1009 ejus.

1068 1014 1230 1055 Tollite
1241 1013 1418 1062 hostias,
1438 1018 1481 1054 et
1494 1013 1672 1055 introite
1682 1014 1726 1054 in
1737 1014 1847 1055 atria

1018 1071 1123 1122 ejus:
1142 1070 1166 1096 *
1190 1070 1372 1112 adorate
1399 1070 1638 1111 Dominum
1662 1070 1706 1110 in
1734 1071 1847 1112 atrio

1018 1131 1170 1169 sancto
1190 1128 1292 1178 ejus.

1071 1184 1411 1225 Commoveatur
1443 1196 1469 1224 a
1500 1183 1610 1224 facie
1639 1184 1729 1234 ejus
1758 1183 1846 1224 uni-

1018 1242 1145 1281 versa
1175 1245 1312 1281 terra:
1339 1240 1363 1266 *
1391 1239 1523 1281 dicite
1554 1239 1599 1280 in
1632 1239 1846 1281 Gentibus

1019 1297 1120 1349 quia
1138 1296 1355 1337 Dominus
1374 1296 1582 1347 regnavit.

1068 1353 1244 1395 Etenim
1286 1353 1477 1394 correxit
1522 1353 1675 1394 orbem
1716 1357 1846 1394 terrae

1018 1410 1091 1462 qui
1109 1423 1198 1451 non
1213 1409 1576 1451 commovebitur:
1594 1410 1618 1435 *
1638 1409 1847 1461 judicabit

1015 1466 1206 1519 populos
1226 1466 1271 1507 in
1289 1467 1509 1518 aequitate.

1065 1523 1293 1564 Laetentur
1313 1522 1428 1572 coeli,
1449 1528 1492 1564 et
1511 1522 1700 1565 exsultet
1719 1526 1846 1571 terra,

1016 1581 1348 1621 commoveatur
1375 1592 1512 1629 mare,
1545 1584 1589 1621 et
1616 1579 1846 1632 plenitudo

1017 1635 1122 1686 ejus:
1141 1636 1164 1661 *
1184 1635 1438 1687 gaudebunt
1457 1636 1616 1688 campi,
1637 1640 1681 1677 et
1701 1635 1847 1676 omnia

1018 1704 1116 1743 quae
1136 1692 1179 1732 in
1200 1692 1262 1733 eis
1281 1698 1392 1733 sunt.

1068 1748 1194 1789 Tunc
1230 1748 1512 1790 exsultabunt
1549 1749 1695 1790 omnia
1731 1747 1846 1798 ligna

1017 1804 1224 1845 silvarum
1244 1817 1269 1846 a
1288 1805 1399 1846 facie
1418 1805 1520 1855 Dfii,
1546 1805 1647 1857 quia
1670 1805 1802 1846 venit:
1821 1804 1845 1829 *

1018 1861 1225 1913 quoniam
1243 1861 1364 1903 venit
1385 1861 1577 1913 judicare
1595 1866 1768 1903 terram.

1067 1917 1092 1958 J
1094 1916 1292 1959 udicabit
1319 1917 1472 1960 orbem
1495 1923 1626 1960 terrae
1650 1918 1694 1958 in
1714 1917 1844 1970 aequi-

1015 1975 1117 2023 tate,
1136 1974 1160 2000 *
1180 1978 1223 2015 et
1239 1974 1432 2027 populos
1450 1974 1494 2015 in
1512 1975 1696 2016 veritate
1716 1986 1804 2015 sua.

1068 2041 1170 2082 Ant.
1211 2037 1459 2081 Adoramus
1494 2044 1540 2081 te
1576 2039 1764 2089 Christe,
1802 2044 1845 2080 et

1016 2094 1316 2136 benedicimus
1335 2095 1426 2146 tibi,
1448 2096 1549 2148 quia
1564 2108 1644 2148 per
1661 2095 1845 2137 Crucem

1015 2155 1136 2193 tuam
1156 2150 1381 2193 redemisti
1398 2152 1620 2193 mundum.

1073 2220 1171 2261 Ant.
1207 2219 1288 2258 Per
1317 2217 1482 2268 lignum
1509 2218 1624 2258 servi
1648 2217 1752 2258 facti
1777 2229 1844 2257 su-

1015 2286 1128 2323 mus,
1153 2277 1197 2315 et
1219 2286 1298 2325 per
1318 2278 1515 2315 sanctam
1535 2273 1721 2315 Crucem
1738 2272 1842 2315 libe-

1015 2329 1101 2370 rati
1127 2342 1292 2370 sumus:
1320 2329 1488 2370 fructus
1517 2329 1689 2371 arboris
1717 2329 1842 2371 sedu-

1016 2385 1081 2482 xilt
1099 2397 1195 2426 nos:
1214 2385 1349 2426 Fih'us
1368 2385 1452 2427 Dei
1471 2384 1657 2428 redemit
1674 2398 1766 2436 nos,
1786 2386 1843 2427 al-

1015 2441 1056 2483 le
1075 2441 1155 2493 uja.

1286 2517 1486 2559 Psalmus
1514 2520 1580 2559 96.

1017 2583 1281 2690 Dominus
1305 2594 1518 2644 regnavit,
1546 2594 1735 2635 exsultet
1760 2598 1842 2634 ter-

1126 2662 1190 2690 ra:
1208 2650 1231 2675 *
1251 2649 1454 2691 laetentur
1472 2650 1626 2691 insulae
1644 2650 1804 2691 multae.

1068 2706 1232 2755 Nubes,
1248 2711 1291 2747 et
1311 2706 1450 2757 caligo
1470 2707 1514 2747 in
1534 2706 1717 2748 circuitu
1736 2706 1842 2757 eius:
