2040 2944
757 202 927 237 Sabbato
953 202 1002 236 ad
1026 202 1229 246 Vesperas.

1778 196 1836 232 ER

143 291 278 342 opera
303 293 393 331 tua:
415 290 439 315 *
464 294 508 332 et
535 291 675 332 sancti
702 291 765 332 tui
791 291 965 334 benedi·
1017 292 1041 318 *
1060 292 1103 332 in
1121 292 1221 334 filiis
1243 292 1481 343 hominum⁷
1504 293 1547 333 in
1572 292 1728 345 quibus
1750 307 1837 335 non

143 350 245 387 cant
264 345 355 387 tibi.

193 401 390 444 Gloriam
407 403 530 454 regni
546 403 611 444 tui
629 402 788 445 dicent:
798 404 822 430 *
834 409 877 446 et
889 417 965 457 po-

140 459 322 500 tentiam
339 464 460 501 tuam
477 459 724 512 loquentur:

193 515 253 558 Ut
270 520 421 557 notam
443 516 606 557 faciant
623 515 723 558 filiis
742 516 966 558 hominum

140 572 383 624 potentiam
406 577 542 614 tuam:
560 572 584 598 *
604 577 648 614 et
671 573 856 624 gloriam
879 587 964 615 ma-

140 628 402 679 gnificentiae
420 629 542 680 regni
559 629 634 670 tui.

191 685 393 737 Regnum
415 690 539 727 tuum
566 698 749 737 regnum
774 687 966 728 omnium

141 741 416 784 saeculorum:
435 742 458 768 *
482 746 527 784 et
553 741 794 785 dominatio
821 747 896 785 tua
922 744 966 784 in

141 799 259 839 omni
274 799 555 849 generatione
571 803 615 841 et
628 800 965 850 generationem.

190 854 352 897 Fidelis
366 856 581 897 Dominus
596 856 640 896 in
656 856 856 898 omnibus
872 870 964 898 ver-

139 910 207 953 bis
231 912 335 954 suis:
358 912 382 938 *
405 917 450 954 et
482 917 659 954 sanctus
690 913 733 953 in
764 913 964 956 omnibus

139 968 347 1021 operibus
366 969 466 1010 suis.

191 1025 365 1067 Allevat
375 1026 590 1067 Dominus
608 1038 759 1068 omnes
780 1027 853 1079 qui
872 1030 963 1068 cor-

139 1087 282 1123 ruunt:
301 1082 325 1108 *
345 1087 389 1124 et
409 1083 534 1133 erigit
553 1094 705 1124 omnes
725 1082 867 1125 elisos.

192 1138 318 1180 Oculi
339 1139 532 1180 omnium
554 1139 597 1179 in
617 1143 661 1181 te
679 1144 859 1192 sperant
876 1141 963 1181 Do-

138 1195 268 1236 mine:
287 1195 311 1221 *
331 1199 375 1237 et
393 1200 442 1237 tu
461 1195 540 1237 das
561 1208 708 1237 escam
730 1196 902 1238 illorum
921 1197 964 1237 in

138 1253 338 1304 tempore
358 1256 622 1305 opportuno.

189 1308 350 1362 Aperis
370 1313 418 1351 tu
436 1322 613 1350 manum
630 1313 764 1351 tuam:
784 1310 807 1335 *
828 1314 871 1352 et
889 1311 963 1351 im-

138 1364 234 1417 ples
254 1377 383 1407 omne
403 1365 561 1406 animal
579 1365 896 1408 benedictione.

190 1421 216 1462 J
216 1426 340 1463 ustus
358 1422 573 1463 Dominus
596 1422 639 1463 in
664 1422 865 1465 omnibus
883 1424 963 1465 viis

139 1478 242 1520 suis:
261 1478 284 1504 *
304 1483 348 1520 et
371 1482 547 1520 sanctus
570 1479 614 1520 in
637 1479 838 1522 omnibus
863 1483 963 1534 ope-

139 1534 258 1577 ribus
279 1535 379 1577 suis.

183 1591 330 1645 Prope
354 1596 421 1634 est
438 1593 655 1634 Dominus
679 1593 880 1635 omnibus
904 1594 963 1634 in-

138 1648 399 1691 vocantibus
427 1662 540 1691 eum:
567 1649 592 1675 *
617 1649 818 1691 omnibus
845 1651 963 1692 invo—

139 1704 339 1747 cantibus
359 1718 459 1747 eum
476 1705 521 1746 in
539 1706 735 1747 veritate.

189 1761 477 1803 Voluntatem
495 1762 739 1803 timentium
758 1775 805 1804 se
819 1762 964 1805 faciet:

139 1818 163 1843 *
191 1822 235 1859 et
264 1817 620 1871 deprecationem
653 1821 804 1860 eorum
836 1823 963 1861 exau-

141 1873 244 1916 diet:
265 1878 308 1916 et
327 1874 474 1916 salvos
493 1875 624 1917 faciet
644 1887 731 1917 eos·

193 1930 395 1973 Custodit
426 1931 641 1973 Dominus
679 1944 831 1974 omnes
872 1932 963 1974 dili-

139 1989 292 2040 gentes
321 2001 382 2030 se:
405 1988 429 2014 *
454 1993 498 2030 et
526 2001 677 2031 omnes
705 1991 964 2041 peccatores

140 2044 376 2097 disperdet.

190 2101 509 2143 Laudationem
544 2102 721 2143 Domini
759 2102 964 2154 loquetur

140 2170 191 2199 08
227 2171 386 2200 meum:
417 2158 441 2183 *
476 2163 520 2200 et
556 2157 790 2200 benedicat
824 2159 964 2200 omnis

141 2226 243 2255 caro
270 2214 435 2255 nomini
463 2219 616 2256 sancto
645 2215 735 2267 ejus
762 2215 805 2256 in
830 2217 963 2257 saecu-

140 2270 239 2321 lum,
259 2275 302 2312 et
321 2271 366 2311 in
385 2270 594 2312 saeculum
614 2271 774 2313 saeculi.

201 2327 300 2367 Ant.
333 2328 413 2368 Per
446 2327 639 2378 singulos
668 2327 761 2369 dies
788 2327 962 2370 benedi-

142 2395 238 2424 cam
255 2387 300 2425 te
318 2383 518 2424 Domine.

194 2440 291 2481 Ant.
319 2439 546 2481 Laudabo.

403 2496 600 2536 Psalmus
622 2496 706 2534 145.

209 2552 323 2594 auda
342 2553 484 2594 anima
501 2565 599 2594 mea
612 2552 858 2602 Dominum,
876 2552 963 2594 lau-

237 2608 352 2651 dabo
372 2609 609 2650 Dominum
631 2609 675 2649 in
698 2609 786 2650 vita
808 2621 922 2650 mea:
940 2609 963 2634 *

141 2664 326 2716 psallam
343 2666 440 2707 Deo
459 2678 558 2707 meo
579 2664 786 2718 quamdiu
804 2665 938 2706 fuero.

193 2720 340 2763 Nolite
365 2722 587 2765 confidere
614 2722 658 2762 in
681 2721 964 2775 principibus:

1019 353 1084 390 est
1104 348 1231 390 salus.

1068 404 1216 447 Exibit
1229 405 1407 458 spiritus
1418 407 1518 458 ejuS,
1539 411 1582 448 et
1596 408 1838 448 revertetur

1017 461 1061 501 in
1088 466 1250 503 terram
1277 475 1412 503 suam:
1432 463 1518 503 *in
1545 462 1618 504 illa
1645 462 1715 504 die
1742 476 1837 515 per-

1017 517 1141 559 ibunt
1160 531 1313 560 omnes
1332 519 1617 570 cogitationes
1637 521 1798 561 eorum.

1070 575 1250 624 Beatus,
1279 575 1398 626 cujus
1416 575 1536 617 Deus
1559 575 1696 618 Jacob
1721 575 1837 628 adju-

1017 636 1088 673 tor
1107 632 1212 683 ejus,
1237 644 1338 683 spes
1359 632 1448 683 ejus
1471 633 1515 672 in
1531 632 1721 674 Domino
1740 633 1837 674 Deo

1017 688 1202 741 ipsius:*
1217 688 1291 740 qui
1303 687 1406 729 fecit
1425 688 1584 730 coelum
1603 694 1646 730 et
1664 694 1837 739 terram,

1017 758 1147 795 mare,
1167 749 1210 786 et
1230 745 1385 794 omnia,
1406 758 1503 796 quae
1522 746 1565 785 in
1585 746 1645 787 eis
1666 751 1775 787 sunt.

1070 802 1154 852 Qui
1178 800 1371 842 custodit
1391 802 1621 843 veritatem
1642 802 1685 842 in
1705 804 1837 844 saecu-

1017 858 1116 908 lum,
1130 858 1235 899 facit
1248 857 1453 909 judicium
1467 858 1665 910 injuriam
1674 859 1837 911 patien-

1017 914 1149 956 tibus:
1168 914 1192 940 *
1212 913 1288 955 dat
1307 927 1453 956 escam
1473 914 1771 956 esurientibus.

1067 971 1283 1012 Dominus
1321 970 1452 1012 solvit
1488 971 1779 1023 compeditos:
1814 973 1838 998 *

1016 1028 1228 1069 Dominus
1246 1027 1458 1068 illuminat
1477 1040 1630 1069 caecos.

1068 1084 1282 1125 Dominus
1311 1084 1436 1135 erigit
1464 1084 1614 1133 elisos,
1641 1084 1664 1109 *
1692 1084 1837 1125 Domi-

1016 1154 1097 1182 nus
1117 1140 1257 1192 diligit
1280 1141 1428 1192 justos.

1067 1197 1282 1238 Dominus
1308 1196 1501 1238 custodit
1526 1195 1734 1246 advenas,
1762 1210 1837 1249 pu-

1016 1254 1169 1306 pillum
1202 1258 1245 1295 et
1277 1253 1453 1295 viduam
1485 1253 1708 1305 suscipiet:
1739 1253 1762 1279 *
1795 1258 1837 1295 et

1016 1311 1108 1351 vias
1127 1312 1410 1363 peccatorum
1430 1308 1663 1362 disperdet.

1068 1366 1287 1418 Regnabit
1330 1366 1545 1407 Dominus
1590 1365 1633 1406 in
1679 1366 1838 1406 saecula

1015 1424 1136 1465 Deus
1155 1428 1255 1464 tuus
1275 1423 1390 1472 Sion,
1409 1423 1433 1448 *
1452 1423 1495 1463 in
1515 1422 1838 1474 generationem

1017 1485 1061 1522 et
1080 1480 1415 1532 generationem.

1072 1539 1171 1577 Ant.
1218 1535 1428 1578 Laudabo
1456 1536 1599 1577 Deum
1624 1547 1769 1576 meum
1795 1535 1837 1575 in

1016 1594 1106 1635 vita
1123 1607 1231 1635 mea.

1076 1650 1175 1689 Ant.
1198 1650 1292 1691 Deo
1317 1653 1480 1690 nostro.

1280 1710 1477 1750 Psalmus
1497 1711 1581 1749 146.

1020 1760 1244 1865 Laudate
1268 1761 1504 1803 Dominum
1530 1761 1735 1813 quoniam
1762 1761 1836 1803 bo-

1107 1832 1188 1860 nus
1208 1823 1276 1860 est
1293 1817 1502 1871 psalmus:
1520 1818 1544 1843 *
1562 1817 1659 1858 Deo
1684 1822 1836 1859 nostro

1017 1876 1073 1917 sit
1090 1875 1288 1928 jucunda,
1308 1874 1556 1926 decoraque
1574 1873 1778 1915 laudatio.

1068 1931 1310 1973 AEdificans
1337 1930 1578 1972 Jerusalem
1608 1931 1837 1971 Dominus:

1017 1990 1040 2015 *
1052 1988 1346 2041 dispersiones
1356 1987 1529 2028 Israelis
1545 1987 1837 2037 congregabit.

1069 2045 1153 2096 Qui
1180 2049 1307 2086 sanat
1336 2046 1547 2085 contritos
1575 2043 1721 2084 corde:
1746 2043 1769 2068 *
1794 2048 1837 2085 et

1018 2102 1165 2152 alligat
1185 2101 1468 2143 contritiones
1488 2102 1648 2141 eorum.

1069 2158 1153 2208 Qui
1175 2161 1374 2199 mimerat
1397 2155 1719 2210 multitudinem
1739 2155 1835 2196 stel-

1016 2214 1169 2256 larum:
1196 2214 1220 2239 *
1248 2219 1292 2255 et
1328 2212 1528 2255 omnibus
1566 2212 1627 2253 eis
1662 2212 1837 2253 nomina

1017 2275 1157 2312 vocat

1067 2327 1251 2377 Magnus
1269 2325 1484 2367 Dominus
1503 2329 1667 2374 noster,
1687 2330 1731 2367 et
1750 2338 1834 2366 ma-

1015 2395 1101 2434 gna
1117 2383 1255 2424 virtus
1275 2382 1379 2433 ejus:
1397 2381 1421 2407 '⁰¹
1441 2385 1484 2422 et
1503 2381 1727 2433 sapientiae
1747 2382 1836 2434 ejus

1015 2452 1103 2480 non
1123 2443 1190 2481 est
1210 2441 1426 2479 numerus.

1067 2495 1316 2548 Suscipiens
1339 2495 1590 2535 mansuetos
1609 2493 1836 2535 Dominus:

1016 2552 1039 2577 *
1063 2551 1292 2593 humilians
1317 2555 1462 2592 autem
1488 2552 1744 2603 peccatores
1768 2563 1835 2591 us-

1018 2621 1102 2661 que
1122 2608 1177 2649 ad
1195 2612 1366 2649 terram.

1066 2664 1296 2705 Praecinite
1317 2663 1507 2705 Domino
1535 2664 1578 2704 in
1604 2662 1835 2705 confessio-

1016 2734 1085 2763 ne:
1096 2721 1119 2747 *
1130 2720 1302 2774 psallite
1312 2721 1408 2762 Deo
1427 2724 1578 2762 nostro
1598 2720 1640 2760 in
1661 2719 1835 2760 cithara.
