2040 2944
596 170 667 204 Die
694 170 742 204 11.
769 170 866 204 Nov.
915 170 950 204 S.
976 170 1131 205 Martini
1154 171 1283 213 Episc.
1309 174 1345 204 et
1370 169 1479 205 Conf.

182 265 231 316 V.
264 269 382 309 Dum
410 267 685 308 sacramenta
713 263 891 306 offerret
916 263 1016 304 bea-

185 330 256 367 tus
275 324 507 372 Martinus,
531 321 689 373 globus
708 323 862 371 igneus
882 321 1016 372 appa·

185 381 271 422 ruit
290 391 423 432 super
442 382 575 430 caput
596 378 698 430 ejus.
725 377 956 419 Invictum.

492 454 643 494 Lectio
664 468 700 494 v.

180 510 394 615 Decem
419 522 463 559 et
486 522 587 559 octo
608 528 746 558 annos
767 528 867 557 cum
886 515 1015 557 habe-

287 579 365 623 ret,
379 574 631 627 baptizatus
652 577 730 614 est.
754 573 899 622 Quare
919 571 1015 613 reli-

184 636 254 673 cta
280 631 459 672 militari
482 630 590 680 vita,
621 628 679 671 ad
703 628 923 669 Hilarium
948 628 1014 669 Pi-

183 687 451 730 ctaviensem
471 688 731 739 episcopum
752 698 800 726 se
820 684 1015 734 centulit,

184 757 209 786 a
242 756 330 796 quo
368 744 411 784 in
446 742 755 795 acolythorum
786 745 1016 783 numerum

182 800 389 843 redactus
417 805 495 841 est.
538 800 648 840 Post
676 799 817 840 factus
846 800 1013 851 episco-

181 870 265 910 pus
284 856 556 898 Turonensis
576 855 892 897 monasterium
910 854 1014 896 aedi-

182 913 345 964 ficavit‚
378 913 453 955 ubi
487 925 587 954 cum
615 914 840 962 octoginta
867 913 1015 953 mena-

182 969 276 1011 chis
301 969 576 1011 sanctissime
603 966 873 1020 aliquamdiu
896 968 1015 1010 vixit.

183 1026 267 1077 Qui
296 1038 397 1068 cum
423 1027 583 1078 pestea
607 1024 664 1066 ad
685 1023 1015 1066 Candacensem

181 1083 328 1124 vicum
373 1095 465 1123 suae
510 1081 718 1123 dioecesis
754 1081 798 1121 in
836 1093 1016 1131 gravem

182 1139 339 1181 febrim
374 1138 619 1188 incidisset,
656 1136 835 1179 assidua
870 1137 1016 1179 Deum

182 1196 382 1237 oratione
406 1194 689 1248 precabatur,
716 1198 766 1235 ut
792 1206 839 1235 se
867 1207 922 1235 ex
940 1194 1015 1235 illo

181 1252 359 1294 mortali
393 1254 571 1293 carcere
600 1250 820 1292 liberaret.
875 1251 1015 1300 Quem

182 1307 412 1350 audientes
441 1306 663 1359 discipuli,
692 1306 756 1347 sic
783 1306 1015 1357 rogabant:

183 1364 271 1406 Cur
290 1376 373 1406 nos
392 1368 520 1416 pater
540 1362 728 1404 deseris?
752 1362 822 1404 cui
840 1375 921 1404 nos
940 1365 1015 1403 mi-

182 1432 306 1462 seros
340 1419 631 1471 derelinquis?
673 1419 872 1468 Quorum
903 1431 1016 1460 voce

182 1478 430 1518 commotus
444 1476 671 1525 Martinus,
686 1475 748 1516 ita
760 1475 905 1516 Deum
921 1477 1015 1516 ora-

181 1532 271 1575 bat:
297 1533 502 1582 Domine,
528 1532 565 1573 si
584 1531 729 1573 adhuc
748 1531 917 1584 pepulo
937 1536 1015 1573 tuo

182 1602 279 1631 sum
297 1589 584 1639 necessarius,
608 1600 697 1629 non
716 1591 875 1629 recuso
894 1587 1014 1629 labe-

181 1658 285 1688 rem.

236 1714 284 1764 R.
317 1712 485 1754 Beatus
508 1711 723 1753 Martinus
750 1710 920 1753 ebitum
947 1723 1014 1751 su-

181 1781 255 1809 um
278 1768 409 1820 longe
434 1774 534 1810 ante
553 1768 792 1820 praescivit,
817 1767 1015 1819 dixitque

181 1824 402 1875 fratribus,
425 1827 447 1851 *
464 1825 815 1866 Dissolutienem
836 1823 903 1864 sui
922 1825 1015 1864 cer-

181 1881 302 1933 poris
322 1882 566 1930 imminere,
596 1881 699 1933 quia
722 1880 944 1932 judicabat
967 1892 1015 1921 se

181 1937 266 1989 jam
298 1938 471 1980 reselvi.
523 1933 570 1984 δ”.
602 1937 784 1979 Viribus
817 1936 1016 1988 corporis

182 1994 318 2046 coepit
350 1996 533 2047 repente
567 1993 760 2042 destitui,
801 2005 1014 2034 convoca-

179 2051 325 2102 tisque
367 2049 593 2103 discipulis
635 2049 756 2091 dixit.
816 2048 1014 2090 Dissolu-

180 2106 357 2148 tienem.

486 2174 638 2215 Lectio
659 2175 711 2214 vi.

251 2241 307 2282 ed
337 2254 437 2282 cum
466 2253 566 2282 eum
593 2241 636 2281 in
663 2240 738 2280 illa
766 2238 1014 2282 vehementi

272 2296 394 2339 febre
426 2300 631 2349 supinum
662 2298 863 2338 orantem
895 2295 1013 2338 vide-

181 2356 279 2393 rent
316 2352 538 2406 discipuli,
583 2352 842 2406 suppliciter
870 2352 926 2394 ab
960 2365 1013 2394 eo

181 2409 419 2460 petierunt,
469 2415 517 2451 ut
562 2411 779 2451 converso
825 2410 1015 2461 cerpore

180 2467 411 2516 tantisper,
452 2465 558 2506 dum
596 2467 841 2507 remitteret
872 2464 1014 2507 morbi

181 2520 263 2571 vis,
281 2533 449 2573 pronus
469 2521 813 2573 conquiesceret.
846 2521 1014 2572 Quibus

182 2576 408 2626 Martinus,
426 2577 562 2619 Sinite
580 2590 662 2626 me,
681 2578 834 2630 inquit,
853 2577 1014 2619 coelum

180 2633 347 2685 potius,
376 2645 508 2684 quam
534 2638 698 2674 terram
724 2636 939 2686 aspicere,
966 2638 1015 2674 ut

181 2701 262 2731 suo
281 2690 367 2742 jam
379 2689 534 2731 itinere
549 2689 688 2731 iturus
704 2689 762 2732 ad
775 2690 1015 2731 Deminum

1072 263 1253 315 spiritus
1297 263 1522 315 dirigatur.
1575 265 1774 306 Instante
1819 264 1903 315 jam

1071 324 1230 369 morte,
1256 320 1353 362 viso
1372 320 1552 361 humani
1570 321 1743 372 generis
1762 320 1903 366 hoste,

1072 374 1198 426 Quid,
1218 376 1370 428 inquit,
1390 382 1519 427 astas,
1539 378 1722 418 cruenta
1739 375 1903 418 bestia?

1070 432 1177 473 nihil
1195 432 1239 473 in
1258 446 1330 475 me
1348 433 1520 475 funeste
1543 433 1749 485 reperies.
1775 432 1842 474 Ea
1859 432 1904 472 in

1071 501 1193 538 voce,
1215 502 1349 530 unum
1369 494 1412 531 et
1431 491 1658 540 octoginta
1674 501 1813 530 annos
1831 501 1903 529 na-

1070 549 1159 595 tus,
1194 545 1384 587 animam
1408 546 1506 587 Deo
1531 544 1739 587 reddidit:
1773 557 1904 596 quam

1071 602 1343 653 Angelorum
1359 602 1519 644 chorus
1535 601 1720 654 excepit,
1737 603 1904 652 eesque

1072 657 1243 699 divinas
1272 660 1478 700 canentes
1506 656 1661 699 laudes
1688 657 1829 707 multi,
1859 656 1903 697 in

1070 714 1312 767 primisque
1344 719 1522 756 sanctus
1554 714 1788 756 Severinus
1822 713 1903 754 Co-

1070 770 1279 812 loniensis
1299 774 1551 824 episcopus,
1569 769 1814 812 audierunt.

1121 837 1172 888 R.
1190 836 1408 878 Dixerunt
1428 835 1632 888 discipuli
1651 834 1708 876 ad
1723 834 1904 876 beatum

1070 891 1320 934 Martinum:
1353 893 1441 934 Cur
1465 905 1547 934 nos
1572 898 1699 944 pater
1725 890 1904 942 deseris,

1070 953 1146 989 aut
1172 949 1242 990 cui
1265 961 1347 990 nos
1372 948 1600 990 desolatos
1626 946 1859 999 relinquis?
1878 952 1900 974 *

1069 1004 1288 1047 Invadent
1315 1005 1431 1047 enim
1459 1017 1639 1056 gregem
1661 1009 1787 1046 tuum
1811 1004 1905 1057 lupi

1069 1063 1267 1114 rapaces.
1306 1057 1355 1108 W.
1385 1061 1556 1103 Scimus
1586 1060 1764 1113 quidem
1793 1060 1904 1102 desi-

1070 1116 1226 1160 derare
1246 1124 1290 1160 te
1309 1118 1542 1168 Christum,
1562 1117 1643 1159 sed
1661 1117 1784 1159 salva
1803 1122 1905 1159 sunt

1069 1173 1151 1215 tibi
1170 1180 1245 1216 tua
1263 1175 1459 1227 praemia:
1487 1174 1628 1216 nostri
1652 1174 1800 1226 petius
1827 1173 1904 1214 mi-

1069 1233 1233 1281 serere,
1284 1243 1395 1284 quos
1440 1231 1619 1273 deseris.
1679 1229 1904 1272 Invadent.

1071 1286 1222 1329 Gloria
1241 1288 1371 1329 Patri.
1398 1287 1624 1329 Invadent.

1295 1367 1344 1406 In
1362 1367 1434 1407 III.
1453 1368 1678 1407 Nocturno.

1126 1434 1223 1476 Ant.
1278 1436 1494 1477 Deminus
1531 1435 1556 1475 J
1559 1446 1660 1476 esus
1704 1434 1903 1476 Christus

1069 1504 1157 1533 non
1189 1494 1496 1545 purpuratum,
1541 1496 1617 1533 aut
1654 1490 1902 1533 diademate

1068 1549 1330 1590 renitentem
1353 1561 1400 1590 se
1419 1551 1653 1590 venturum
1674 1560 1772 1590 esse
1791 1559 1902 1599 prae-

1069 1604 1189 1646 dixit.

1344 1666 1545 1707 Psalmus
1565 1667 1630 1706 10.

1079 1740 1179 1798 *5735
1192 1749 1219 1775 n
1238 1735 1433 1776 Domino
1453 1733 1647 1776 confido:
1675 1733 1900 1786 quemodo

1077 1792 1117 1848 ij
1140 1784 1178 1843 ¹³³4,
1208 1791 1354 1833 dicitis
1373 1791 1531 1841 animae
1551 1803 1679 1832 meae:
1696 1790 1720 1816 *
1740 1790 1901 1832 Trans-

1080 1856 1096 1865 f
1140 1830 1178 1864 '³
1207 1848 1348 1899 migra
1373 1848 1418 1889 in
1441 1852 1638 1889 montem
1664 1846 1779 1889 sicut
1802 1860 1900 1900 pas-

1069 1902 1163 1945 ser?

1121 1960 1341 2010 Queniam
1360 1973 1464 2002 ecce
1482 1961 1744 2013 peccateres
1762 1959 1900 2000 inten-

1069 2015 1228 2058 derunt
1246 2030 1412 2066 arcum,
1433 2017 1700 2069 paraverunt
1718 2017 1901 2066 sagittas

1068 2085 1170 2114 suas
1194 2073 1239 2113 in
1262 2073 1487 2126 pharetra,
1505 2073 1529 2098 *
1548 2077 1598 2114 ut
1624 2074 1832 2123 sagittent
1856 2071 1899 2112 in

1069 2128 1262 2170 obscuro
1281 2134 1429 2171 rectos
1449 2128 1596 2170 corde.

1120 2185 1341 2235 Queniam
1361 2198 1460 2238 quae
1480 2184 1714 2238 perfecisti,
1733 2183 1900 2225 destru-

1067 2242 1241 2282 xerunt:
1260 2242 1283 2267 *
1307 2242 1446 2293 justus
1470 2246 1618 2283 autem
1643 2239 1750 2292 quid
1773 2238 1899 2281 fecit?

1119 2297 1402 2339 Dominus'in
1420 2297 1588 2350 templo
1603 2300 1757 2337 sancto
1773 2309 1865 2346 suo,
1875 2297 1899 2322 *

1067 2353 1284 2395 Deminus
1302 2354 1347 2394 in
1366 2353 1482 2395 coelo
1504 2352 1633 2394 sedes
1654 2353 1760 2404 eius:

1121 2410 1249 2451 Oculi
1273 2410 1364 2462 ejus
1388 2410 1432 2450 in
1456 2412 1698 2462 pauperem
1722 2409 1899 2460 respici-

1068 2471 1160 2507 unt:
1187 2466 1211 2492 *
1238 2465 1467 2518 palpebrae
1501 2465 1592 2516 ejus
1624 2465 1899 2516 interrogant

1067 2521 1183 2563 filios
1205 2521 1442 2563 heminum.

1119 2578 1335 2619 Dominus
1376 2577 1619 2627 interrogat
1656 2578 1818 2628 justum
1855 2581 1899 2618 et

1067 2634 1265 2686 impium:
1280 2634 1303 2659 *
1324 2633 1398 2685 qui
1417 2637 1565 2674 autem
1585 2632 1726 2683 diligit
1745 2633 1898 2685 iniqui·

1066 2692 1214 2740 tatem,
1233 2688 1328 2731 odit
1347 2689 1537 2730 animam
1556 2701 1690 2730 suam.
