2040 2944
191 187 264 223 220

783 183 985 217 Dominica
1012 182 1053 216 V.
1078 181 1320 216 Novembris.

194 235 1900 256 ——-.-—-——————-————-—-—————--—--

469 280 497 316 S
515 291 540 315 a
555 280 582 315 b
600 279 626 315 b
645 289 670 314 a
686 281 703 313 t
720 288 744 313 o

261 340 347 369 ante
372 331 613 367 Dominicam
640 330 681 363 V.
705 329 949 364 Novembris.

242 387 312 428 Ad
341 384 513 435 Magnis.
560 383 658 423 Ant.
700 381 842 433 Super
869 392 1019 420 muros

193 449 294 485 tuos
322 442 346 467 *
373 439 615 483 Jerusalem
643 437 850 480 constitui
878 437 1019 477 custo-

195 499 287 541 des:
319 503 413 540 tota
447 496 517 538 die
550 501 593 537 et
625 500 755 536 nocte
788 506 877 535 non
906 494 1019 534 tace-

194 556 301 598 bunt
320 553 500 595 laudare
518 565 678 594 nomen
697 550 884 592 Domini.

243 606 293 658 V.
339 611 601 662 Vespertina
638 608 779 650 oratio
813 605 1022 648 ascendat

196 668 251 710 ad
282 673 325 709 te
358 667 558 708 D6mine.
608 666 658 716 R.
689 665 746 705 Et
783 661 1023 705 descendat

195 737 328 778 super
346 736 427 765 nos
446 721 747 764 misericordia
766 725 853 761 tua.

406 808 532 811 wer—ff
549 795 663 822 ozae—0

255 871 530 921 Dominica
552 870 613 919 V.
636 868 962 919 Novembris.

428 948 477 986 In
504 948 534 987 1.
562 947 784 986 Nocturno.

285 1007 444 1059 Incipit
470 1005 679 1046 Michaeas
704 1003 938 1057 Propheta.

351 1068 504 1109 Lectio
522 1068 546 1107 i.
726 1066 828 1117 Cap.
844 1067 872 1105 1.

213 1156 222 1168 ,χ
247 1135 306 1181 5512.-
320 1124 506 1165 erbum
521 1124 709 1171 Domini,
730 1121 849 1174 quod
863 1122 1026 1162 factum

211 1193 253 1238 3
280 1218 283 1221 ,
308 1180 349 1236 3³³³}
371 1186 438 1222 est
463 1180 520 1222 ad
544 1180 775 1222 Michaeam
795 1177 1025 1220 Morasthi-

248 1241 263 1258 ‘'
297 1233 349 1263 39
370 1243 464 1286 ten,
517 1237 561 1277 in
611 1236 767 1278 diebus
821 1236 845 1276 J
849 1235 1027 1284 oathan

199 1255 367 1343 AchaZ,
400 1299 443 1335 et
466 1292 686 1343 Ezechiae,
719 1305 871 1343 regum
898 1291 1027 1333 Juda:

202 1350 322 1403 quod
365 1350 477 1392 vidit
518 1363 651 1402 super
687 1350 943 1399 Samariam,
985 1353 1029 1390 et

199 1407 452 1449 Jerusalem.
490 1406 653 1448 Audite
682 1406 838 1458 populi
866 1418 1028 1454 omnes,

201 1470 244 1506 et
290 1463 488 1506 attendat
532 1469 664 1513 terra,
711 1468 754 1504 et
797 1462 1028 1514 plenitudo

202 1522 306 1573 ejus:
326 1526 369 1563 et
392 1521 447 1562 sit
466 1521 680 1562 Dominus
699 1520 820 1561 Deus
842 1519 967 1561 vobis
986 1519 1030 1559 in

200 1584 370 1627 testem,
386 1577 602 1619 Dominus
621 1577 676 1619 de
690 1577 857 1629 templo
876 1581 1028 1618 sancto

203 1648 295 1676 suo.
340 1635 450 1685 Quia
474 1647 576 1676 ecce
599 1634 813 1676 Dominus
838 1632 1027 1684 egredie-

134 1743 138 1747 ι
201 1697 272 1733 tur
300 1691 356 1733 de
383 1691 483 1733 loco
512 1704 609 1733 suo:
637 1696 681 1732 et
705 1690 958 1740 descendet,
987 1695 1031 1732 et

203 1748 390 1790 calcabit
414 1761 546 1800 super
566 1747 740 1789 excelsa
762 1752 905 1788 terrae.

252 1810 302 1861 R.
331 1805 438 1847 Vidi
455 1805 694 1846 Dominum
713 1803 939 1846 sedentem
963 1817 1030 1845 su-

202 1874 282 1914 per
307 1861 465 1903 solium
490 1861 711 1903 excelsum
736 1865 780 1902 et
800 1860 1032 1902 elevatum:

205 1923 248 1959 et
270 1918 401 1970 plena
426 1923 518 1960 erat
538 1918 678 1959 omnis
697 1923 815 1959 terra
833 1918 1031 1969 majesta-

204 1979 248 2015 te
264 1974 369 2025 ejus:
384 1978 406 2001 *
421 1974 478 2016 Et
494 1987 545 2015 ea
561 1987 660 2026 quae
680 1973 790 2015 sub
780 1986 879 2026 lpso
900 1979 1032 2024 erant,

205 2030 434 2083 replebant
460 2031 684 2083 templum.
723 2027 773 2079 V.
803 2029 1032 2082 Seraphim

206 2087 381 2129 stabant
414 2100 546 2140 super
578 2087 702 2129 illud:
737 2099 815 2128 sex
843 2086 925 2128 alae
948 2087 1033 2137 uni,

207 2150 250 2186 et
270 2144 446 2186 sex-alae
466 2144 603 2186 alteri.
630 2143 688 2185 Et
708 2156 770 2185 ea.

512 2205 663 2246 Lectio
684 2206 722 2244 ii.

286 2267 306 2303 t
337 2264 648 2304 consumentur
678 2267 852 2303 montes
881 2261 1035 2303 subtus

303 2331 416 2360 eum:
446 2324 489 2361 et
516 2318 653 2360 valles
678 2317 932 2360 scindentur
955 2318 1034 2359 sic-

207 2380 256 2417 ut
276 2387 375 2416 cera
394 2388 420 2416 a
438 2375 547 2417 facie
566 2375 688 2426 ignis,
708 2380 752 2416 et
768 2375 880 2416 sicut
896 2387 1035 2427 aquae,

211 2444 309 2484 quae
330 2431 566 2473 decurrunt
580 2432 623 2472 in
638 2444 851 2484 praeceps.
879 2432 931 2472 In
946 2433 1035 2472 see-

209 2487 299 2529 lere
323 2488 461 2530 Jacob
488 2501 615 2529 omne
638 2488 773 2536 istud,
803 2493 845 2529 et
867 2488 911 2528 in
935 2500 1034 2540 pec-

211 2544 320 2586 catis
353 2544 508 2586 domus
538 2544 685 2585 Israel.
727 2543 858 2595 Quod
893 2544 1035 2586 scelus
1091 2537 1161 2570 ¹

210 2601 372 2643 Jacob?
412 2613 556 2642 nonne
593 2600 811 2643 Samaria?
854 2606 898 2642 et
938 2614 1035 2653 quae

212 2657 385 2700 excelsa
413 2657 564 2699 Judae?
597 2670 739 2699 nonne
767 2657 1035 2699 Jerusalem?

211 2719 254 2757 et
290 2726 453 2768 ponam
485 2714 723 2755 Samariam
762 2714 886 2766 quasi
919 2716 1036 2755 acer-

1069 287 1171 314 vum
1196 273 1393 326 lapidum
1417 273 1461 313 in
1486 284 1591 323 agro
1616 285 1715 314 cum
1732 271 1898 324 planta-

1069 335 1140 372 tur
1168 332 1308 371 vinea:
1341 335 1384 372 et
1413 328 1642 371 detraham
1667 329 1712 369 in
1739 327 1900 370 vallem

1069 386 1241 439 lapides
1274 387 1382 437 ejus,
1417 391 1460 428 et
1494 384 1776 427 fundamenta
1807 385 1899 436 ejus

1071 442 1291 485 revelabo.

1125 505 1175 556 R
1201 500 1365 552 Aspice
1384 499 1573 540 D6mine
1597 498 1653 540 de
1677 497 1783 539 sede
1806 511 1900 539 san-

1072 561 1143 598 cta
1161 561 1251 606 tua,
1273 562 1315 598 et
1336 556 1482 607 cogita
1501 554 1556 597 de
1575 555 1717 597 nobis:
1740 554 1901 596 inclina

1073 613 1194 654 Deus
1213 626 1336 654 meus
1356 625 1506 653 aurem
1524 617 1659 661 tuam,
1680 616 1724 653 et
1742 610 1902 652 audiz*

1072 669 1210 722 Aperi
1233 670 1385 711 oculos
1403 674 1516 718 tuos,
1540 673 1583 709 et
1602 667 1703 710 vide
1721 667 1899 710 tribula-

1072 726 1237 768 tionem
1264 731 1472 767 nostram.
1509 722 1559 774 V.
1588 724 1672 775 Qui
1699 724 1815 775 regis
1839 725 1900 765 Is-

1073 782 1181 832 rael,
1218 782 1412 831 intende,
1456 782 1531 833 qui
1566 781 1750 823 deducis
1781 780 1903 823 velut

1075 851 1203 880 ovem
1222 839 1247 879 J
1249 838 1400 891 oseph.
1429 838 1576 890 Aperi.

1376 902 1530 944 Lectio
1550 901 1605 941 iii.

1077 960 1175 1067 Et
1208 961 1353 1001 omnia
1385 959 1605 1013 sculptilia
1637 961 1728 1012 ejus
1760 960 1901 1001 conci-

1179 1016 1351 1066 dentur,
1398 1021 1441 1058 et
1483 1029 1636 1058 omnes
1676 1015 1904 1058 mercedes

1077 1076 1168 1127 ejus
1197 1074 1509 1117 comburentur
1535 1072 1651 1123 igne,
1687 1077 1731 1114 et
1760 1073 1906 1114 omnia

1076 1131 1196 1173 idola
1222 1133 1313 1183 ejus
1339 1143 1504 1184 ponam
1529 1130 1573 1170 in
1595 1128 1906 1182 perditionem:

1079 1189 1180 1240 quia
1227 1188 1282 1230 de
1333 1186 1613 1229 mercedibus
1662 1186 1905 1227 meretricis

1079 1247 1345 1296 congregata
1364 1249 1479 1293 sunt,
1500 1248 1543 1285 et
1562 1255 1702 1295 usque
1722 1242 1780 1284 ad
1797 1255 1907 1284 mer-

1079 1302 1233 1343 cedem
1251 1301 1494 1343 meretricis
1513 1301 1799 1341 revertentur.
1832 1299 1906 1340 Su-

1078 1372 1158 1411 per
1183 1358 1269 1400 hoc
1294 1358 1518 1411 plangam,
1546 1362 1590 1398 et
1612 1355 1808 1397 ululabo:
1837 1368 1907 1397 va-

1080 1415 1182 1457 dam
1214 1415 1444 1468 spoliatuS,
1482 1418 1525 1455 et
1554 1411 1713 1454 nudus:
1751 1412 1909 1453 faciam

1080 1472 1305 1524 planctum
1332 1470 1452 1512 velut
1484 1469 1740 1518 draconum,
1773 1473 1817 1510 et
1847 1468 1908 1510 lu-

1081 1534 1199 1570 ctum
1220 1527 1344 1580 quasi
1365 1526 1668 1568 struthionum.
1702 1525 1816 1575 Quia
1837 1525 1909 1566 de-

1081 1587 1258 1638 sperata
1283 1589 1350 1625 est
1373 1583 1505 1636 plaga
1529 1583 1637 1634 ejus,
1668 1582 1770 1635 quia
1791 1581 1911 1623 venit

1081 1654 1221 1694 usque
1257 1639 1314 1682 ad
1345 1639 1519 1690 Judam,
1559 1639 1704 1689 tetigit
1734 1643 1911 1691 portam

1081 1698 1236 1751 populi
1253 1697 1339 1738 mei
1357 1709 1498 1748 usque
1518 1695 1574 1737 ad
1593 1695 1848 1737 Jerusalem.

1137 1764 1187 1815 R
1219 1759 1382 1811 Aspice
1416 1757 1620 1806 D6mine,
1662 1757 1765 1809 quia
1797 1756 1912 1798 facta

1084 1821 1150 1858 est
1175 1815 1376 1857 desolata
1400 1814 1553 1856 civitas
1580 1788 1711 1867 plena
1737 1812 1911 1863 divitiis,

1084 1872 1240 1914 sedet‘
1230 1885 1274 1912 1n
1298 1871 1475 1913 tristitia
1495 1870 1672 1912 domina
1691 1870 1912 1912 Gentium·

1085 1933 1108 1956 *
1126 1929 1229 1970 Non
1249 1933 1315 1970 est
1335 1928 1409 1980 qui
1427 1927 1678 1970 consoletur
1698 1939 1810 1976 eam,
1828 1926 1912 1967 nisi

1084 1991 1133 2028 tu
1151 1986 1272 2027 Deus
1292 1989 1453 2026 noster.
1485 1981 1539 2031 V.
1561 1983 1745 2025 Plorans
1768 1982 1911 2035 plora-

1085 2043 1147 2084 vit
1165 2043 1209 2083 in
1227 2046 1370 2091 nocte,
1389 2045 1433 2082 et
1451 2040 1644 2082 lacrimae
1660 2041 1752 2091 ejus
1766 2039 1810 2080 in
1825 2051 1912 2080 ma-

1085 2099 1200 2140 xillis
1219 2099 1322 2150 ejus.
1346 2097 1459 2139 Non.
1484 2096 1635 2139 Gloria
1649 2096 1780 2138 Patri.
1801 2095 1914 2138 Non.

1315 2183 1363 2222 In
1391 2183 1441 2222 ΙΙ.
1467 2184 1690 2223 Nocturno.

1087 2249 1154 2288 De
1182 2247 1392 2288 Sermone
1421 2244 1561 2286 sancti
1587 2243 1741 2284 Basilii
1768 2243 1916 2295 Magni

1112 2304 1156 2345 in
1174 2302 1398 2344 Psalmum
1415 2301 1686 2351 trigesimum
1704 2299 1893 2341 tertium.

1391 2366 1542 2410 Lectio
1560 2367 1614 2408 iv.

1198 2444 1276 2471 um
1294 2435 1338 2471 te
1354 2430 1578 2482 appetitus
1593 2427 1802 2468 invaserit
1816 2439 1915 2479 pec-

1130 2458 1199 2526 l
1221 2486 1359 2535 candi,
1378 2485 1509 2527 velim
1523 2484 1691 2534 cogites
1705 2483 1916 2524 horribile

1221 2542 1328 2584 illud
1366 2547 1410 2583 et
1446 2539 1721 2583 intolerabile
1755 2539 1918 2581 Christi

1088 2599 1295 2650 tribunal,
1320 2599 1364 2640 in
1389 2610 1476 2650 quo
1504 2596 1762 2650 praesidebit
1786 2595 1918 2648 judex

1090 2657 1133 2697 in
1162 2656 1251 2698 alto
1280 2660 1324 2697 et
1352 2654 1527 2696 excelso
1551 2650 1739 2694 thronoz‘
1756 2652 1918 2695 astabit

1090 2718 1235 2755 autem
1261 2712 1401 2754 omnis
1427 2713 1644 2761 creatura,
1673 2710 1730 2752 ad
1755 2709 1914 2762 glorio-
