2040 2944
199 220 265 256 148

451 314 479 350 S
505 325 530 350 a
552 315 579 350 b
604 314 630 349 b
657 324 682 349 a
705 318 721 348 t
747 324 772 350 o

262 373 433 411 Ouatuor
456 370 688 411 Temporum
714 365 961 409 Septembris.

201 427 352 468 Lectio
378 426 515 467 sancti
536 426 762 477 Evangelii
786 426 1026 468 secundum

522 483 699 524 Lucam.

303 539 453 579 Lectio
476 538 498 577 i.
742 538 844 587 Cap.
866 536 921 575 13.

245 609 272 635 n
307 595 381 636 illo
419 597 638 648 tempore:
675 595 862 638 Dicebat
897 596 1025 637 Jesus

265 651 405 692 turbis
434 652 546 694 hanc
575 652 916 694 similitudinem:
944 653 1024 693 Ar-

196 707 348 748 borem
376 708 448 749 fici
477 708 668 750 habebat
698 708 877 760 quidam
904 709 1024 761 plan-

195 766 330 804 tatam
356 764 399 804 in
426 767 553 806 vinea
579 778 674 814 sua,
702 770 746 806 et
763 765 883 806 venit
910 778 1024 817 quae-

196 832 296 861 rens
315 820 504 862 fructum
523 821 566 862 in
584 821 668 870 illa,
689 826 732 863 et
747 834 834 862 non
849 821 1024 863 invenit.

196 876 252 917 Et
271 876 449 928 reliqua.

242 953 434 995 Homilia
454 954 592 995 sancti
612 954 814 1005 Gregorii
833 955 979 1007 Papae.

344 1018 512 1052 Homilia
530 1018 580 1051 531.
600 1018 635 1051 in
655 1017 878 1058 Evangelia.

299 1075 468 1115 ominus
498 1088 548 1116 ac
574 1074 850 1127 Redemptor
875 1079 1026 1116 noster

224 1101 289 1171 d)
319 1144 399 1184 per
444 1131 732 1183 Evangelium
782 1144 908 1172 suum
953 1131 1025 1172 ali-

199 1187 375 1240 quando
413 1188 575 1237 verbis,
620 1187 858 1239 aliquando
895 1187 1026 1229 rebus

196 1244 406 1296 loquitur:
443 1244 679 1296 aliquando
718 1243 837 1285 aliud
869 1243 1026 1293 verbis,

197 1305 329 1352 atque
362 1300 481 1342 aliud
512 1300 657 1342 rebus:
690 1299 926 1352 aliquando
955 1313 1026 1341 au-

195 1362 286 1398 tem
305 1357 390 1398 hoc
410 1356 567 1407 verbis,
589 1356 709 1409 quod
729 1356 872 1397 rebus.
904 1357 1026 1397 Duas

198 1413 358 1454 etenim
396 1426 466 1454 res
503 1426 557 1454 ex
592 1413 831 1464 Evangelio
869 1413 1027 1454 fratres

197 1469 397 1511 audistis:
432 1470 665 1511 ficulneam
700 1470 1026 1519 infructuosam,

197 1531 241 1567 et
259 1526 486 1567 mulierem
505 1539 699 1567 curvam:
718 1531 761 1567 et
776 1528 950 1578 utrique
964 1526 1027 1567 rei

197 1587 264 1624 est
295 1584 437 1634 pietas
470 1583 678 1635 impensa.
722 1582 847 1639 *Illud
881 1587 1027 1623 autem

198 1638 308 1680 dixit
330 1651 410 1691 per
433 1638 776 1680 similitudinem:
800 1637 918 1680 istud
938 1639 1027 1689 egit

196 1707 276 1747 per
295 1695 618 1737 exhibitionem.
651 1694 740 1737 Sed
759 1695 845 1736 hoc
867 1695 1026 1746 signifi-

197 1757 268 1792 eat
286 1751 472 1792 ficulnea
490 1751 776 1799 infructuosa,
797 1751 918 1803 quod
936 1754 1025 1792 mu-

196 1807 276 1848 lier
303 1808 522 1849 inclinata:
555 1813 598 1849 et
630 1807 716 1850 hoc
747 1807 934 1849 ficulnea
962 1820 1025 1849 re-

198 1866 382 1913 servata,
404 1864 523 1916 quod
542 1865 697 1906 mulier
717 1866 874 1906 erecta.

254 1927 304 1978 Rg.
325 1923 662 1966 Tribulationes.
682 1926 769 1966 143.

509 1995 660 2036 Lectio
681 1995 719 2035 ii.

203 2038 356 2161 Quid
388 2058 520 2100 arbor
551 2059 637 2109 fici,
676 2059 758 2100 nisi
791 2059 1026 2101 humanam

300 2117 500 2156 naturam
530 2113 752 2165 designat?
790 2115 906 2166 Quid
933 2119 1024 2157 mu-

196 2170 274 2211 lier
302 2171 526 2221 inclinata,
558 2172 641 2212 nisi
674 2171 874 2213 eamdem
902 2175 1024 2213 natu-

196 2239 289 2267 ram
315 2227 602 2278 significando
627 2227 876 2269 denuntiat?
915 2228 1023 2278 Quae

199 2288 242 2324 et
262 2282 372 2324 bene
391 2283 589 2336 plantata
610 2289 676 2326 est
699 2285 811 2326 sicut
830 2284 955 2334 ficuS,
982 2290 1026 2327 et

197 2338 310 2380 bene
342 2342 490 2381 creata
522 2341 635 2382 sicut
668 2341 838 2382 mulier:
872 2341 952 2383 sed
983 2342 1027 2382 in

198 2394 373 2447 culpam
398 2397 578 2449 propria
604 2402 761 2450 sponte
786 2398 927 2451 lapsa,
955 2411 1026 2439 ne-

199 2464 283 2504 que
328 2451 517 2494 fructum
560 2459 707 2495 servat
744 2454 1024 2506 operationis,

196 2520 339 2560 neque
355 2514 517 2550 statum
532 2510 814 2552 rectitudinis.
838 2509 911 2552 Ad
926 2523 1026 2563 pec-

197 2566 343 2606 catum
382 2565 544 2617 quippe
582 2579 636 2607 ex
672 2567 900 2608 voluntate
933 2569 1027 2608 cor-

196 2633 344 2669 ruens,
393 2621 491 2672 quia
533 2621 721 2663 fructum
763 2622 1028 2664 obedientiae

199 2677 312 2718 ferre
349 2677 503 2725 noluit,
549 2682 710 2719 statum
753 2678 1027 2720 rectitudinis

197 2733 355 2774 amisit.
389 2733 497 2782 Quae
518 2732 574 2774 ad
594 2734 676 2774 Dei
700 2734 1027 2776 similitudinem

600 222 769 255 Subbuto
796 221 968 259 Quarum·
992 218 1224 260 Temporum
1252 217 1499 259 septembris.

1079 312 1275 362 condita,
1300 311 1403 354 dum
1424 312 1469 353 in
1494 324 1573 353 sua
1591 310 1802 362 dignitate
1821 323 1910 352 non

1079 369 1288 421 perstitit,
1317 368 1438 421 quod
1456 368 1655 421 plantata
1673 367 1744 409 vel
1761 369 1910 409 creata

1080 425 1231 476 fuerat,
1252 428 1429 468 servare
1449 424 1724 476 contempsit.
1756 423 1908 465 Tertio

1079 482 1281 524 dominus
1296 485 1435 525 vineae
1456 481 1512 523 ad
1531 480 1764 522 ficulneam
1778 480 1908 529 venit,

1079 540 1181 590 quia
1200 543 1401 582 naturam
1420 538 1590 591 generis
1610 537 1788 578 humani
1807 542 1908 578 ante

1078 595 1234 647 legem,
1255 596 1335 638 sub
1354 596 1466 647 lege,
1491 594 1573 636 sub
1594 593 1736 645 gretia
1755 605 1908 646 exspe—

1078 652 1255 702 ctando,
1283 650 1579 700 admonendo,
1603 648 1824 692 visitando
1842 661 1906 690 re-

1079 709 1267 759 quisivit.

1132 772 1182 823 Ru
1208 769 1337 811 Omni
1355 771 1567 822 tempore.
1586 769 1667 809 141.

1371 841 1523 882 Lectio
1545 840 1601 880 iii.

1169 908 1259 950 enit
1282 913 1383 950 ante
1406 908 1566 959 legem,
1601 907 1703 960 quia
1732 920 1812 960 per
1836 920 1909 949 na—

1171 964 1358 1006 turalem
1372 964 1643 1006 intellectum
1659 963 1766 1016 quid
1780 977 1910 1005 unus-

1079 1023 1264 1073 quisque
1289 1021 1494 1074 exemplo
1520 1020 1602 1071 sui,
1632 1020 1820 1073 qualiter
1845 1033 1908 1062 er-

1078 1090 1132 1128 ga
1151 1078 1401 1130 proximum
1426 1079 1557 1129 agere
1583 1076 1825 1128 debuisset,
1849 1076 1910 1117 in-

1078 1135 1231 1175 notuit.
1267 1134 1401 1175 Venit
1425 1134 1469 1174 in
1492 1133 1608 1184 lege,
1638 1133 1740 1186 quia
1757 1134 1909 1186 praeci-

1078 1190 1242 1243 piendo
1271 1190 1432 1232 docuit.
1473 1190 1606 1231 Venit
1637 1195 1741 1242 post
1768 1190 1911 1241 legem

1079 1260 1158 1300 per
1203 1247 1404 1298 gratiam,
1451 1247 1553 1298 quia
1595 1246 1773 1299 pietatis
1818 1258 1910 1288 suae

1078 1304 1360 1356 praesentiam
1407 1302 1657 1345 exhibendo
1696 1304 1910 1345 monstra-

1079 1361 1151 1401 vit.
1210 1360 1299 1402 Sed
1339 1365 1486 1401 tamen
1527 1360 1572 1400 in
1609 1358 1749 1401 tribus
1786 1358 1910 1400 annis

1078 1417 1268 1458 fructum
1295 1429 1343 1457 se
1366 1429 1455 1458 non
1481 1417 1702 1458 invenisse
1721 1417 1910 1468 conque·

1079 1473 1202 1515 ritur:
1229 1473 1332 1525 quia
1356 1472 1650 1525 quorumdam
1671 1474 1911 1525 pravorum

1078 1535 1248 1571 mentes
1270 1542 1351 1571 nec
1374 1529 1586 1581 inspirata
1608 1529 1681 1570 lex
1699 1528 1911 1571 naturAlis

1079 1586 1277 1637 corrigit,
1314 1598 1396 1627 nec
1432 1587 1662 1638 praecepta
1697 1584 1912 1635 erudiunt,

1079 1655 1160 1684 nec
1205 1642 1518 1684 incarnationis
1566 1643 1657 1694 ejus
1701 1641 1912 1683 miracula

1080 1700 1354 1740 convertunt.
1393 1698 1510 1749 Quid
1535 1711 1641 1740 vero
1668 1710 1749 1751 per
1774 1697 1911 1740 culto·
1935 1695 1941 1700 ’

1079 1768 1172 1797 rem
1190 1758 1345 1806 vineae,
1371 1755 1455 1796 nisi
1478 1755 1823 1808 praepositorum
1843 1767 1909 1796 or-

1081 1812 1139 1855 do
1164 1810 1443 1865 exprimitur?
1478 1812 1562 1862 Qui
1585 1811 1691 1853 dum
1713 1815 1911 1864 praesunt

1080 1869 1310 1919 Ecclesiae,
1342 1869 1547 1909 nimirum
1574 1867 1820 1910 Dominicae
1851 1868 1912 1909 vi·

1080 1938 1176 1967 neae
1196 1938 1345 1967 curam
1363 1929 1531 1976 gerunt.

1136 1988 1186 2038 R;.
1209 1987 1382 2027 Memor
1401 1990 1510 2027 esto.
1530 1985 1617 2026 142.

1135 2052 1206 2093 Ad
1228 2052 1388 2092 Bened.
1419 2052 1519 2092 Ant.
1551 2049 1802 2090 Illuminare
1820 2049 1910 2090 Do-

1080 2107 1195 2148 mine
1219 2108 1243 2133 *
1269 2106 1321 2147 iis
1351 2106 1425 2159 qui
1451 2106 1495 2147 in
1521 2105 1716 2147 tenebris
1744 2105 1911 2156 sedent,

1081 2169 1126 2204 et
1157 2162 1298 2214 dirige
1333 2163 1473 2216 pedes
1504 2167 1684 2204 nostros
1718 2162 1763 2203 in
1794 2161 1911 2203 viam

1080 2220 1214 2273 pacis,
1234 2220 1355 2261 Deus
1375 2219 1522 2260 Israel.

1135 2276 1187 2328 V.
1214 2280 1393 2333 Repleti
1418 2292 1568 2321 sumus
1594 2291 1722 2320 mane
1747 2278 1910 2320 miseri-

1081 2336 1232 2378 cordia
1264 2342 1350 2378 tua.
1411 2339 1461 2390 R.
1490 2334 1834 2385 Exsultavimus,
1867 2338 1912 2376 et

1081 2392 1288 2434 delectati
1309 2405 1470 2433 sumus.

1139 2458 1286 2492 Deinde
1313 2458 1492 2492 dicuntur
1509 2457 1664 2496 Preces,
1688 2459 1730 2489 ut
1751 2455 1789 2488 in
1806 2454 1913 2488 Psal-

1084 2506 1191 2540 tcrio.
1213 2506 1266 2540 51.
1426 2510 1434 2518 ⁸

1418 2557 1580 2598 Oratio.

1164 2624 1415 2675 mnipotens
1461 2621 1727 2673 sempiterne
1771 2621 1910 2671 Deus,

1185 2679 1260 2731 qui
1295 2691 1375 2730 per
1407 2677 1720 2719 continentiam
1752 2677 1911 2720 saluta-

1081 2748 1174 2776 rem
1189 2733 1458 2787 corporibus
1482 2732 1671 2775 mederis
1697 2738 1741 2775 et
1759 2733 1910 2775 menti-
