2040 2944
778 189 1003 223 Benedictio
1026 189 1179 224 Mensze.

1745 188 1838 233 [193]

219 286 389 328 ominus
415 291 566 329 noster
591 286 617 327 J
618 298 719 328 esus
748 285 958 336 Christus,

225 343 362 384 Filius
382 343 467 385 Dei
491 343 596 393 vivi,
625 343 699 395 qui
723 342 856 385 beato
879 343 957 384 Pe-

124 404 200 442 tro
216 399 435 453 Apostolo
455 412 535 442 suo
556 398 678 442 dedit
691 401 959 454 potestatem

131 456 296 508 ligandi
323 461 454 509 atque
482 455 698 507 solvendi
728 468 808 509 per
836 468 960 497 suam

130 513 371 566 piissimam
400 511 745 558 misericordiam
776 512 959 565 reclpiat

132 570 465 612 confessionem
494 574 630 620 tuam,
677 574 720 611 et
758 571 959 610 restituat

130 625 211 668 tibi
239 626 398 668 stolam
423 626 625 680 primam,
659 639 790 679 quam
816 626 861 666 in
886 624 958 668 ba-

130 685 337 735 ptismate
368 683 588 737 recepisti:
619 688 664 725 et
696 695 794 734 ego,
827 682 958 724 facul-

131 741 222 781 tate
253 739 359 781 mihi
392 739 448 782 ab
480 739 725 794 apostolica
754 739 858 781 sede
884 739 959 780 tri-

131 795 254 846 buta,
298 796 611 848 indulgentiam
641 796 883 850 plenariam
916 801 960 837 61

131 852 433 895 remissionem
459 853 652 895 omnium
675 855 959 907 peccatorum

130 908 211 951 tibi
237 909 446 952 concedo.
482 911 534 951 In
556 910 730 951 nomine
748 909 892 963 Patris
905 915 960 959 ὥ,

131 970 175 1007 61
192 966 301 1017 Filii,
321 971 365 1008 et
383 967 569 1020 Spiritus
589 967 739 1008 sancti.
765 966 918 1008 Amen.

184 1027 267 1069 Per
300 1030 580 1070 sacrosancta
606 1028 808 1069 humanae
836 1041 959 1081 repa-

129 1083 312 1126 rationis
337 1085 562 1137 mysteria,
589 1087 782 1126 remittat
810 1084 889 1127 tibi
916 1097 959 1126 o-

131 1142 380 1194 mnipotens
403 1141 525 1183 Deus
549 1154 700 1183 omnes
729 1142 960 1194 praesentis

905 1262 1066 1298 *W*

1012 291 1056 327 et
1092 286 1250 329 futurae
1287 287 1389 329 vitae
1425 299 1597 340 poenas,
1646 284 1839 339 paradisi

1011 347 1164 395 portas
1183 344 1367 397 aperiat,
1396 348 1439 386 et
1465 343 1522 386 ad
1546 342 1707 395 gaudia
1730 355 1838 384 sem-

1011 399 1184 452 piterna
1201 400 1425 453 perducat.
1453 401 1605 442 Amen.

1066 455 1305 499 Benedicat
1336 462 1380 499 te
1414 459 1691 510 omnipotens
1718 456 1839 497 Deus

1012 512 1193 557 Paterffl
1205 545 1215 564 ‚
1239 519 1283 556 et
1301 514 1452 565 Filius⁷
1477 519 1520 556 et
1539 514 1725 567 Spiritus
1745 525 1839 554 san-

1013 573 1120 611 ctus.
1149 569 1302 612 Amen.

1063 633 1101 666 Si
1127 642 1219 666 vero
1239 631 1412 665 Infirmus
1437 632 1486 665 sit
1504 633 1600 666 adeo
1620 633 1730 666 morti
1750 643 1835 675 pro-

1009 681 1147 716 ximus.
1171 685 1209 713 111
1226 690 1350 723 neque
1368 681 1625 714 confessionis
1643 682 1834 723 generalis

1011 729 1209 764 faciendae.
1231 739 1353 771 neque
1374 730 1657 772 praemissurum
1680 741 1836 773 precum

1010 777 1292 811 recitandarum
1317 781 1498 820 suppetat
1518 783 1683 821 tempus,
1710 779 1837 812 statim

1011 826 1193 859 sacerdos
1212 826 1519 860 benedictionem
1539 826 1572 860 ei
1589 827 1838 870 impertiatur,

1011 874 1190 907 dicendo:
1214 871 1402 907 Dominus
1419 876 1560 915 noster,
1577 876 1646 908 etc.

1063 923 1109 956 Et
1127 922 1161 955 si
1178 932 1281 956 mors
1299 924 1474 965 proxime
1494 928 1637 965 urgent.
1657 923 1773 957 dicat:

1065 971 1386 1023 indulgentiam
1422 973 1663 1026 plenariam
1700 979 1743 1016 et
1778 988 1841 1016 re-

1014 1028 1266 1071 missionem
1317 1029 1509 1071 omnium
1558 1033 1841 1084 peccatorum

1013 1085 1093 1127 tibi
1118 1085 1332 1136 concedo,
1357 1086 1401 1127 in
1425 1087 1598 1136 1161111116
1621 1088 1763 1129 Patris
1785 1094 1841 1139 ὦ,

1015 1146 1059 1183 61
1077 1142 1186 1193 Filii,
1205 1147 1250 1184 et
1267 1142 1454 1196 Spiritus
1474 1144 1622 1186 sancti.
1650 1145 1802 1186 Amen.

628 1390 764 1439 BEN
767 1390 1037 1440 EDICTIO
1064 1390 1328 1440 MENSAE.

358 1498 471 1534 Ante
495 1498 739 1536 Prandium.

184 1557 376 1595 Sacerdos
398 1558 673 1594 benedicturus
698 1571 880 1598 mensam,
903 1562 957 1595 in-

133 1610 227 1654 cipit
246 1604 512 1649 Benedicite.
533 1618 569 1647 et
591 1613 657 1646 alii
678 1618 855 1657 repetunt
880 1611 960 1650 Be-

134 1661 335 1704 nedicite.

181 1723 350 1767 Deinde
378 1726 495 1768 dicit:
524 1723 573 1774 V.
605 1729 733 1771 Oculi
759 1729 961 1779 omnium,

137 1783 179 1820 et
198 1780 270 1821 alii
288 1789 626 1835 prosequuntur:
645 1786 696 1826 In
714 1790 758 1827 te
774 1790 961 1839 sperant,

134 1838 339 1891 Domine,
370 1845 415 1883 et
438 1846 487 1883 tu
512 1840 592 1884 das
618 1854 765 1884 escam
788 1841 962 1883 illorum

134 1895 180 1936 in
203 1897 403 1957 tempore
428 1901 691 1952 opportuno.
732 1898 892 1952 Aperis
914 1904 962 1940 tu

134 1964 310 1994 manum
326 1958 463 2006 tuam,
489 1959 533 1996 et
550 1955 706 2008 imples
726 1968 854 1997 omne
875 1956 961 1996 ani-

135 2008 223 2049 mal
240 2008 557 2053 benedictione.

188 2064 341 2108 Gloria
358 2066 488 2109 Patri.
514 2068 635 2110 Sicut
654 2074 758 2110 erat.

182 2126 320 2179 Kyrie
348 2127 523 2170 eleison.
577 2130 750 2172 Christe
783 2129 959 2171 eleison.

132 2183 269 2234 Kyrie
289 2183 464 2227 eleison.

188 2244 318 2286 Pater
335 2250 497 2287 noster.
520 2254 701 2290 secreto.

184 2299 235 2351 V.
270 2305 328 2348 Et
355 2319 409 2348 ne
436 2320 517 2348 nos
544 2307 726 2350 inducas
753 2309 797 2350 in
823 2313 959 2350 tenta-

133 2358 310 2403 tionem.
339 2366 389 2416 Ιῆ.
416 2363 504 2405 Sed
526 2363 665 2406 libera
682 2378 764 2406 nos
787 2378 813 2407 a
833 2365 960 2406 malo.

299 2437 439 2472 Postea
465 2438 654 2474 Sacerdos
681 2441 787 2474 dicit:
932 2441 940 2446 ⁴

450 2495 648 2536 Oremus.

1066 1503 1235 1544 Deinde
1262 1503 1422 1543 Lector
1448 1501 1557 1544 Jube
1584 1502 1743 1544 domne
1769 1502 1841 1545 be-

1013 1554 1231 1598 nedicere:

1071 1619 1228 1659 Bened.
1261 1621 1424 1661 Mensae
1452 1619 1644 1661 coelestis
1667 1621 1840 1673 partici-

1014 1685 1094 1726 pes
1113 1673 1244 1716 faciat
1262 1687 1344 1716 nos
1365 1675 1463 1716 Rex
1482 1677 1658 1718 aeternae
1676 1677 1840 1728 gloriae.

1064 1735 1115 1786 Κ.
1133 1731 1287 1772 Α111611.

1251 1804 1359 1841 Post
1381 1803 1612 1841 Prandium

1139 1865 1303 1903 aguntur
1326 1861 1460 1902 grathe
1484 1861 1557 1894 hoc
1581 1860 1712 1895 modo:

1066 1916 1195 1956 Dicto
1226 1929 1249 1955 a
1274 1917 1459 1957 Lectore
1488 1916 1558 1955 Tu
1583 1917 1730 1955 autem
1750 1913 1837 1955 Do·

1013 1969 1128 2011 mine
1146 1968 1352 2011 miserere
1370 1969 1508 2013 nobis
1542 1974 1594 2023 le.
1621 1970 1719 2011 Deo
1744 1972 1839 2021 gra-

1013 2027 1107 2076 tias,
1126 2042 1275 2069 omnes
1298 2036 1488 2079 surgunt.

1064 2094 1281 2134 Sacerdos
1314 2094 1479 2147 incipit:
1514 2090 1562 2142 ἲν.
1592 2092 1837 2135 Confitee'm-

1012 2153 1084 2190 tur
1108 2147 1186 2190 tibi
1209 2147 1396 2189 Domine
1423 2148 1567 2190 omnia
1593 2151 1728 2202 opera
1752 2154 1838 2191 tua.

1014 2208 1064 2259 Rr.
1081 2204 1138 2246 Et
1157 2205 1296 2246 sancti
1313 2205 1377 2246 tui
1395 2204 1656 2247 benedicant
1674 2205 1764 2247 tibi.

1065 2261 1218 2303 Gloria
1234 2260 1366 2302 Patri.
1391 2260 1512 2302 Sicut
1530 2266 1634 2303 erat.

1075 2336 1215 2370 Postea
1240 2336 1429 2370 Sacerdos
1455 2338 1630 2371 absolute
1656 2338 1772 2371 dicat:

1088 2385 1228 2438 gimus
1251 2385 1332 2429 tibi
1354 2385 1533 2437 gratias,
1558 2389 1836 2441 omnipotens

1117 2443 1249 2493 Deus,
1268 2455 1356 2508 ’pro
1379 2443 1592 2485 universis
1612 2443 1835 2487 beneficiis

1009 2499 1111 2541 tuis.
1135 2500 1218 2550 Qui
1236 2499 1347 2541 vivis
1366 2504 1410 2540 et
1428 2512 1585 2551 regnas
1606 2500 1650 2541 in
1674 2501 1834 2543 saecula

214 2548 366 2591 enedic
383 2548 571 2592 Domine
590 2564 686 2602 nos,
710 2556 753 2593 et
771 2551 867 2593 haec
885 2555 961 2593 tua
1011 2555 1282 2597 saeculorum.

224 2603 355 2656 dona,
384 2618 483 2658 quae
503 2605 558 2649 de
577 2612 653 2649 tua
670 2608 871 2660 largitate
891 2620 957 2649 su-

133 2671 229 2701 mus
255 2663 481 2715 sumpturi.
516 2663 602 2705 Per
628 2663 847 2706 Christum
870 2664 956 2705 Do-

132 2716 295 2758 minum
313 2723 521 2760 nostrum.
570 2723 621 2773 Bg.
654 2719 806 2762 Amen.

290 2859 353 2884 Pars
370 2860 539 2885 Autumnnlls.

1063 2614 1113 2652 κ.
1139 2612 1291 2653 Α111611.

1065 2679 1212 2713 Deinde
1246 2680 1459 2713 alternatim
1490 2680 1630 2713 dicitur
1656 2679 1832 2712 l'sahnus

1007 2727 1186 2764 Miserere
1214 2728 1291 2764 mei
1313 2728 1428 2765 Deus.
1451 2729 1506 2765 48.

1575 2851 1606 2883 N
