<?xml version="1.0" encoding="UTF-8"?>
<!DOCTYPE html PUBLIC "-//W3C//DTD XHTML 1.0 Transitional//EN"
    "http://www.w3.org/TR/xhtml1/DTD/xhtml1-transitional.dtd">
<html xmlns="http://www.w3.org/1999/xhtml" xml:lang="en" lang="en">
 <head>
  <title>
</title>
<meta http-equiv="Content-Type" content="text/html;charset=utf-8" />
  <meta name='ocr-system' content='tesseract 3.04.00' />
  <meta name='ocr-capabilities' content='ocr_page ocr_carea ocr_par ocr_line ocrx_word'/>
</head>
<body>
  <div class='ocr_page' id='page_1' title='image "./p4breviariumroma00cathuoft_0310.png"; bbox 0 0 2040 2944; ppageno 0'>
   <div class='ocr_carea' id='block_1_1' title="bbox 581 134 1479 182">
    <p class='ocr_par' dir='ltr' id='par_1_1' title="bbox 581 134 1479 182">
     <span class='ocr_line' id='line_1_1' title="bbox 581 134 1479 182; baseline -0.009 -6"><span class='ocrx_word' id='word_1_1' title='bbox 581 165 585 169; x_wconf 79' lang='lat'><em>-</em></span> <span class='ocrx_word' id='word_1_2' title='bbox 614 143 684 176; x_wconf 84' lang='lat' dir='ltr'>Die</span> <span class='ocrx_word' id='word_1_3' title='bbox 711 141 758 175; x_wconf 67' lang='lat'>14.</span> <span class='ocrx_word' id='word_1_4' title='bbox 785 140 886 182; x_wconf 84' lang='lat' dir='ltr'>Sept.</span> <span class='ocrx_word' id='word_1_5' title='bbox 934 137 975 171; x_wconf 89' lang='lat' dir='ltr'>In</span> <span class='ocrx_word' id='word_1_6' title='bbox 1002 136 1246 170; x_wconf 76' lang='lat' dir='ltr'>Exultatione</span> <span class='ocrx_word' id='word_1_7' title='bbox 1272 134 1307 169; x_wconf 87' lang='lat' dir='ltr'>S.</span> <span class='ocrx_word' id='word_1_8' title='bbox 1333 134 1479 170; x_wconf 84' lang='lat' dir='ltr'>Crucis.</span> 
     </span>
    </p>
   </div>
   <div class='ocr_carea' id='block_1_2' title="bbox 196 232 1028 516">
    <p class='ocr_par' dir='ltr' id='par_1_2' title="bbox 196 232 1028 516">
     <span class='ocr_line' id='line_1_2' title="bbox 199 232 1028 293; baseline -0.012 -10"><span class='ocrx_word' id='word_1_9' title='bbox 199 240 330 293; x_wconf 90' lang='lat' dir='ltr'>digna</span> <span class='ocrx_word' id='word_1_10' title='bbox 375 240 555 292; x_wconf 86' lang='lat' dir='ltr'>portare</span> <span class='ocrx_word' id='word_1_11' title='bbox 603 236 818 278; x_wconf 76' lang='lat' dir='ltr'>‘talentum</span> <span class='ocrx_word' id='word_1_12' title='bbox 863 232 1028 275; x_wconf 82' lang='lat' dir='ltr'>mundi:</span> 
     </span>
     <span class='ocr_line' id='line_1_3' title="bbox 199 288 1027 347; baseline -0.013 -7"><span class='ocrx_word' id='word_1_13' title='bbox 199 297 327 340; x_wconf 82' lang='lat' dir='ltr'><strong>dulce</strong></span> <span class='ocrx_word' id='word_1_14' title='bbox 352 296 531 347; x_wconf 85' lang='lat' dir='ltr'>lignum,</span> <span class='ocrx_word' id='word_1_15' title='bbox 564 293 716 335; x_wconf 82' lang='lat' dir='ltr'>dulces</span> <span class='ocrx_word' id='word_1_16' title='bbox 742 291 909 340; x_wconf 88' lang='lat' dir='ltr'>clavos,</span> <span class='ocrx_word' id='word_1_17' title='bbox 934 288 1027 331; x_wconf 82' lang='lat' dir='ltr'>dul-</span> 
     </span>
     <span class='ocr_line' id='line_1_4' title="bbox 198 347 1027 404; baseline -0.012 -8"><span class='ocrx_word' id='word_1_18' title='bbox 198 354 265 396; x_wconf 87' lang='lat' dir='ltr'>cia</span> <span class='ocrx_word' id='word_1_19' title='bbox 288 354 431 395; x_wconf 89' lang='lat' dir='ltr'>ferens</span> <span class='ocrx_word' id='word_1_20' title='bbox 455 348 668 404; x_wconf 85' lang='lat' dir='ltr'>pondera:</span> <span class='ocrx_word' id='word_1_21' title='bbox 695 348 817 390; x_wconf 88' lang='lat' dir='ltr'>salva</span> <span class='ocrx_word' id='word_1_22' title='bbox 836 347 1027 400; x_wconf 80' lang='lat' dir='ltr'>praesen-</span> 
     </span>
     <span class='ocr_line' id='line_1_5' title="bbox 196 401 1027 453; baseline -0.011 -1"><span class='ocrx_word' id='word_1_23' title='bbox 196 416 286 453; x_wconf 91' lang='lat' dir='ltr'>tem</span> <span class='ocrx_word' id='word_1_24' title='bbox 310 410 532 451; x_wconf 83' lang='lat' dir='ltr'>catervam</span> <span class='ocrx_word' id='word_1_25' title='bbox 557 407 601 448; x_wconf 93' lang='lat' dir='ltr'>in</span> <span class='ocrx_word' id='word_1_26' title='bbox 626 405 713 448; x_wconf 91' lang='lat' dir='ltr'>tuis</span> <span class='ocrx_word' id='word_1_27' title='bbox 733 404 867 446; x_wconf 86' lang='lat' dir='ltr'>hodie</span> <span class='ocrx_word' id='word_1_28' title='bbox 892 401 1027 444; x_wconf 83' lang='lat' dir='ltr'>laudi-</span> 
     </span>
     <span class='ocr_line' id='line_1_6' title="bbox 197 466 620 516; baseline -0.012 -7"><span class='ocrx_word' id='word_1_29' title='bbox 197 466 278 509; x_wconf 88' lang='lat' dir='ltr'>bus</span> <span class='ocrx_word' id='word_1_30' title='bbox 298 466 620 516; x_wconf 66' lang='lat' dir='ltr'><strong>congregatam.</strong></span> 
     </span>
    </p>
   </div>
   <div class='ocr_carea' id='block_1_3' title="bbox 528 536 691 576">
    <p class='ocr_par' dir='ltr' id='par_1_3' title="bbox 528 536 691 576">
     <span class='ocr_line' id='line_1_7' title="bbox 528 536 691 576; baseline -0.012 0"><span class='ocrx_word' id='word_1_31' title='bbox 528 536 691 576; x_wconf 83' lang='lat' dir='ltr'>Oratio.</span> 
     </span>
    </p>
   </div>
   <div class='ocr_carea' id='block_1_4' title="bbox 195 594 1032 1736">
    <p class='ocr_par' dir='ltr' id='par_1_4' title="bbox 195 594 1032 983">
     <span class='ocr_line' id='line_1_8' title="bbox 195 594 1028 704; baseline -0.011 -61"><span class='ocrx_word' id='word_1_32' title='bbox 195 600 379 704; x_wconf 82' lang='lat' dir='ltr'>DeuS‚</span> <span class='ocrx_word' id='word_1_33' title='bbox 407 600 482 652; x_wconf 92' lang='lat' dir='ltr'>qui</span> <span class='ocrx_word' id='word_1_34' title='bbox 505 612 587 641; x_wconf 91' lang='lat' dir='ltr'>nos</span> <span class='ocrx_word' id='word_1_35' title='bbox 612 597 826 640; x_wconf 85' lang='lat' dir='ltr'>hodierna</span> <span class='ocrx_word' id='word_1_36' title='bbox 850 594 921 636; x_wconf 87' lang='lat' dir='ltr'>die</span> <span class='ocrx_word' id='word_1_37' title='bbox 944 595 1028 636; x_wconf 84' lang='lat' dir='ltr'>Ex-</span> 
     </span>
     <span class='ocr_line' id='line_1_9' title="bbox 293 653 1030 699; baseline -0.011 0"><span class='ocrx_word' id='word_1_38' title='bbox 293 656 514 699; x_wconf 86' lang='lat' dir='ltr'>altationis</span> <span class='ocrx_word' id='word_1_39' title='bbox 534 660 697 697; x_wconf 84' lang='lat' dir='ltr'>sanctae</span> <span class='ocrx_word' id='word_1_40' title='bbox 714 653 866 696; x_wconf 84' lang='lat' dir='ltr'>Crucis</span> <span class='ocrx_word' id='word_1_41' title='bbox 887 653 1030 693; x_wconf 89' lang='lat' dir='ltr'>annua</span> 
     </span>
     <span class='ocr_line' id='line_1_10' title="bbox 198 710 1028 763; baseline -0.011 -7"><span class='ocrx_word' id='word_1_42' title='bbox 198 714 475 756; x_wconf 70' lang='lat' dir='ltr'>solemnitate</span> <span class='ocrx_word' id='word_1_43' title='bbox 490 712 703 754; x_wconf 87' lang='lat' dir='ltr'>laetificas:</span> <span class='ocrx_word' id='word_1_44' title='bbox 720 714 896 763; x_wconf 83' lang='lat' dir='ltr'>praesta,</span> <span class='ocrx_word' id='word_1_45' title='bbox 913 710 1028 760; x_wconf 79' lang='lat' dir='ltr'>quae-</span> 
     </span>
     <span class='ocr_line' id='line_1_11' title="bbox 198 765 1030 822; baseline -0.01 -9"><span class='ocrx_word' id='word_1_46' title='bbox 198 784 363 821; x_wconf 88' lang='lat' dir='ltr'>sumus;</span> <span class='ocrx_word' id='word_1_47' title='bbox 383 774 431 811; x_wconf 87' lang='lat' dir='ltr'>ut</span> <span class='ocrx_word' id='word_1_48' title='bbox 446 770 567 822; x_wconf 85' lang='lat' dir='ltr'>cujus</span> <span class='ocrx_word' id='word_1_49' title='bbox 582 767 839 821; x_wconf 82' lang='lat' dir='ltr'>mysterium</span> <span class='ocrx_word' id='word_1_50' title='bbox 852 765 897 806; x_wconf 93' lang='lat' dir='ltr'>in</span> <span class='ocrx_word' id='word_1_51' title='bbox 912 770 1030 806; x_wconf 89' lang='lat' dir='ltr'>terra</span> 
     </span>
     <span class='ocr_line' id='line_1_12' title="bbox 199 821 1030 879; baseline -0.011 -9"><span class='ocrx_word' id='word_1_52' title='bbox 199 827 503 879; x_wconf 84' lang='lat' dir='ltr'>cognovimus,</span> <span class='ocrx_word' id='word_1_53' title='bbox 563 826 654 877; x_wconf 89' lang='lat' dir='ltr'>ejus</span> <span class='ocrx_word' id='word_1_54' title='bbox 712 821 1030 874; x_wconf 83' lang='lat' dir='ltr'>redemptionis</span> 
     </span>
     <span class='ocr_line' id='line_1_13' title="bbox 198 879 1032 938; baseline -0.008 -12"><span class='ocrx_word' id='word_1_55' title='bbox 198 884 380 938; x_wconf 77' lang='lat' dir='ltr'>praemia</span> <span class='ocrx_word' id='word_1_56' title='bbox 412 883 457 923; x_wconf 94' lang='lat' dir='ltr'>in</span> <span class='ocrx_word' id='word_1_57' title='bbox 489 882 604 924; x_wconf 88' lang='lat' dir='ltr'>coelo</span> <span class='ocrx_word' id='word_1_58' title='bbox 636 882 893 923; x_wconf 87' lang='lat' dir='ltr'>mereamur.</span> <span class='ocrx_word' id='word_1_59' title='bbox 947 879 1032 920; x_wconf 91' lang='lat' dir='ltr'>Per</span> 
     </span>
     <span class='ocr_line' id='line_1_14' title="bbox 199 939 670 983; baseline -0.008 0"><span class='ocrx_word' id='word_1_60' title='bbox 199 940 404 983; x_wconf 82' lang='lat' dir='ltr'>eumdem</span> <span class='ocrx_word' id='word_1_61' title='bbox 422 939 670 982; x_wconf 80' lang='lat' dir='ltr'>Dominum.</span> 
     </span>
    </p>

    <p class='ocr_par' dir='ltr' id='par_1_5' title="bbox 249 1006 771 1043">
     <span class='ocr_line' id='line_1_15' title="bbox 249 1006 771 1043; baseline -0.008 0"><span class='ocrx_word' id='word_1_62' title='bbox 249 1010 294 1043; x_wconf 84' lang='lat' dir='ltr'>Et</span> <span class='ocrx_word' id='word_1_63' title='bbox 319 1010 358 1043; x_wconf 77' lang='lat' dir='ltr'>fit</span> <span class='ocrx_word' id='word_1_64' title='bbox 383 1018 577 1043; x_wconf 78' lang='lat' dir='ltr'>commem.</span> <span class='ocrx_word' id='word_1_65' title='bbox 604 1006 771 1041; x_wconf 80' lang='lat' dir='ltr'>Octavae.</span> 
     </span>
    </p>

    <p class='ocr_par' dir='ltr' id='par_1_6' title="bbox 198 1059 1031 1502">
     <span class='ocr_line' id='line_1_16' title="bbox 251 1059 1031 1111; baseline -0.009 -5"><span class='ocrx_word' id='word_1_66' title='bbox 251 1067 284 1105; x_wconf 70' lang='lat' dir='ltr'>A</span> <span class='ocrx_word' id='word_1_67' title='bbox 292 1072 347 1106; x_wconf 86' lang='lat' dir='ltr'>nt.</span> <span class='ocrx_word' id='word_1_68' title='bbox 381 1062 597 1105; x_wconf 84' lang='lat' dir='ltr'>Nativitas</span> <span class='ocrx_word' id='word_1_69' title='bbox 615 1066 705 1111; x_wconf 86' lang='lat' dir='ltr'>tua,</span> <span class='ocrx_word' id='word_1_70' title='bbox 725 1060 810 1101; x_wconf 93' lang='lat' dir='ltr'>Dei</span> <span class='ocrx_word' id='word_1_71' title='bbox 830 1059 1031 1101; x_wconf 80' lang='lat' dir='ltr'>Genitrix</span> 
     </span>
     <span class='ocr_line' id='line_1_17' title="bbox 198 1116 1028 1171; baseline -0.007 -9"><span class='ocrx_word' id='word_1_72' title='bbox 198 1120 354 1171; x_wconf 88' lang='lat' dir='ltr'>Virgo,</span> <span class='ocrx_word' id='word_1_73' title='bbox 394 1118 603 1171; x_wconf 77' lang='lat' dir='ltr'>gaadium</span> <span class='ocrx_word' id='word_1_74' title='bbox 635 1116 909 1158; x_wconf 65' lang='lat' dir='ltr'>annuntiavit</span> <span class='ocrx_word' id='word_1_75' title='bbox 938 1116 1028 1156; x_wconf 92' lang='lat' dir='ltr'>uni-</span> 
     </span>
     <span class='ocr_line' id='line_1_18' title="bbox 199 1173 1031 1219; baseline -0.005 0"><span class='ocrx_word' id='word_1_76' title='bbox 199 1180 327 1219; x_wconf 81' lang='lat' dir='ltr'>verso</span> <span class='ocrx_word' id='word_1_77' title='bbox 346 1176 526 1217; x_wconf 89' lang='lat' dir='ltr'>mundo:</span> <span class='ocrx_word' id='word_1_78' title='bbox 547 1188 601 1216; x_wconf 84' lang='lat' dir='ltr'>ex</span> <span class='ocrx_word' id='word_1_79' title='bbox 619 1180 664 1215; x_wconf 89' lang='lat' dir='ltr'>te</span> <span class='ocrx_word' id='word_1_80' title='bbox 685 1173 800 1215; x_wconf 92' lang='lat' dir='ltr'>enim</span> <span class='ocrx_word' id='word_1_81' title='bbox 819 1178 943 1214; x_wconf 89' lang='lat' dir='ltr'>ortus</span> <span class='ocrx_word' id='word_1_82' title='bbox 963 1178 1031 1215; x_wconf 89' lang='lat' dir='ltr'>est</span> 
     </span>
     <span class='ocr_line' id='line_1_19' title="bbox 199 1231 1030 1286; baseline -0.007 -10"><span class='ocrx_word' id='word_1_83' title='bbox 199 1233 267 1276; x_wconf 93' lang='lat' dir='ltr'>sol</span> <span class='ocrx_word' id='word_1_84' title='bbox 284 1233 476 1286; x_wconf 84' lang='lat' dir='ltr'>justitiae‚</span> <span class='ocrx_word' id='word_1_85' title='bbox 503 1231 703 1273; x_wconf 91' lang='lat' dir='ltr'>Christus</span> <span class='ocrx_word' id='word_1_86' title='bbox 723 1231 845 1271; x_wconf 93' lang='lat' dir='ltr'>Deus</span> <span class='ocrx_word' id='word_1_87' title='bbox 865 1234 1030 1271; x_wconf 89' lang='lat' dir='ltr'>noster:</span> 
     </span>
     <span class='ocr_line' id='line_1_20' title="bbox 201 1286 1031 1342; baseline -0.006 -10"><span class='ocrx_word' id='word_1_88' title='bbox 201 1291 276 1342; x_wconf 92' lang='lat' dir='ltr'>qui</span> <span class='ocrx_word' id='word_1_89' title='bbox 302 1289 478 1331; x_wconf 88' lang='lat' dir='ltr'>solvens</span> <span class='ocrx_word' id='word_1_90' title='bbox 504 1287 877 1337; x_wconf 84' lang='lat' dir='ltr'>maledictionem,</span> <span class='ocrx_word' id='word_1_91' title='bbox 907 1286 1031 1328; x_wconf 83' lang='lat' dir='ltr'>dedit</span> 
     </span>
     <span class='ocr_line' id='line_1_21' title="bbox 199 1343 1029 1395; baseline -0.006 -6"><span class='ocrx_word' id='word_1_92' title='bbox 199 1345 563 1395; x_wconf 85' lang='lat' dir='ltr'>benedictionem,</span> <span class='ocrx_word' id='word_1_93' title='bbox 577 1350 620 1386; x_wconf 92' lang='lat' dir='ltr'>et</span> <span class='ocrx_word' id='word_1_94' title='bbox 632 1343 905 1386; x_wconf 86' lang='lat' dir='ltr'>confundens</span> <span class='ocrx_word' id='word_1_95' title='bbox 915 1355 1029 1385; x_wconf 92' lang='lat' dir='ltr'>mor-</span> 
     </span>
     <span class='ocr_line' id='line_1_22' title="bbox 199 1400 1029 1453; baseline -0.006 -8"><span class='ocrx_word' id='word_1_96' title='bbox 199 1408 306 1453; x_wconf 86' lang='lat' dir='ltr'>tem,</span> <span class='ocrx_word' id='word_1_97' title='bbox 339 1403 520 1445; x_wconf 87' lang='lat' dir='ltr'>donavit</span> <span class='ocrx_word' id='word_1_98' title='bbox 552 1401 679 1443; x_wconf 91' lang='lat' dir='ltr'>nobis</span> <span class='ocrx_word' id='word_1_99' title='bbox 706 1401 842 1443; x_wconf 90' lang='lat' dir='ltr'>vitam</span> <span class='ocrx_word' id='word_1_100' title='bbox 873 1400 1029 1453; x_wconf 90' lang='lat' dir='ltr'>sempi-</span> 
     </span>
     <span class='ocr_line' id='line_1_23' title="bbox 200 1462 380 1502; baseline -0.011 0"><span class='ocrx_word' id='word_1_101' title='bbox 200 1462 380 1502; x_wconf 76' lang='lat' dir='ltr'>ternam.</span> 
     </span>
    </p>

    <p class='ocr_par' dir='ltr' id='par_1_7' title="bbox 200 1511 1031 1684">
     <span class='ocr_line' id='line_1_24' title="bbox 251 1511 1031 1563; baseline -0.001 -7"><span class='ocrx_word' id='word_1_102' title='bbox 251 1511 302 1563; x_wconf 66' lang='lat' dir='ltr'>V.</span> <span class='ocrx_word' id='word_1_103' title='bbox 338 1516 559 1558; x_wconf 82' lang='lat' dir='ltr'>Nativitas</span> <span class='ocrx_word' id='word_1_104' title='bbox 598 1520 665 1557; x_wconf 90' lang='lat' dir='ltr'>est</span> <span class='ocrx_word' id='word_1_105' title='bbox 699 1515 832 1557; x_wconf 71' lang='lat' dir='ltr'>hedie</span> <span class='ocrx_word' id='word_1_106' title='bbox 866 1518 1031 1556; x_wconf 87' lang='lat' dir='ltr'>sanctae</span> 
     </span>
     <span class='ocr_line' id='line_1_25' title="bbox 200 1572 1030 1625; baseline -0.005 -10"><span class='ocrx_word' id='word_1_107' title='bbox 200 1574 350 1615; x_wconf 84' lang='lat' dir='ltr'>Mariae</span> <span class='ocrx_word' id='word_1_108' title='bbox 375 1573 580 1624; x_wconf 88' lang='lat' dir='ltr'>Virginis.</span> <span class='ocrx_word' id='word_1_109' title='bbox 614 1573 664 1625; x_wconf 69' lang='lat' dir='ltr'>R.</span> <span class='ocrx_word' id='word_1_110' title='bbox 698 1572 828 1624; x_wconf 88' lang='lat' dir='ltr'>Cujus</span> <span class='ocrx_word' id='word_1_111' title='bbox 855 1572 945 1613; x_wconf 88' lang='lat' dir='ltr'>vita</span> <span class='ocrx_word' id='word_1_112' title='bbox 970 1573 1030 1611; x_wconf 92' lang='lat' dir='ltr'>1&#39;n-</span> 
     </span>
     <span class='ocr_line' id='line_1_26' title="bbox 204 1628 966 1684; baseline -0.004 -12"><span class='ocrx_word' id='word_1_113' title='bbox 204 1631 319 1684; x_wconf 90' lang='lat' dir='ltr'>clyta</span> <span class='ocrx_word' id='word_1_114' title='bbox 340 1635 518 1672; x_wconf 90' lang='lat' dir='ltr'>cunctas</span> <span class='ocrx_word' id='word_1_115' title='bbox 537 1630 726 1671; x_wconf 84' lang='lat' dir='ltr'>illustrat</span> <span class='ocrx_word' id='word_1_116' title='bbox 745 1628 966 1671; x_wconf 79' lang='lat' dir='ltr'>eeclesias.</span> 
     </span>
    </p>

    <p class='ocr_par' dir='ltr' id='par_1_8' title="bbox 535 1695 699 1736">
     <span class='ocr_line' id='line_1_27' title="bbox 535 1695 699 1736; baseline -0.006 0"><span class='ocrx_word' id='word_1_117' title='bbox 535 1695 699 1736; x_wconf 83' lang='lat' dir='ltr'>Oratio.</span> 
     </span>
    </p>
   </div>
   <div class='ocr_carea' id='block_1_5' title="bbox 281 1756 1033 1866">
    <p class='ocr_par' dir='ltr' id='par_1_9' title="bbox 281 1756 1033 1866">
     <span class='ocr_line' id='line_1_28' title="bbox 281 1756 1033 1808; baseline -0.001 -10"><span class='ocrx_word' id='word_1_118' title='bbox 281 1756 436 1798; x_wconf 89' lang='lat' dir='ltr'>amulis</span> <span class='ocrx_word' id='word_1_119' title='bbox 451 1756 549 1806; x_wconf 85' lang='lat' dir='ltr'>tuis,</span> <span class='ocrx_word' id='word_1_120' title='bbox 567 1758 820 1808; x_wconf 70' lang='lat' dir='ltr'>quaesumus</span> <span class='ocrx_word' id='word_1_121' title='bbox 830 1756 1033 1806; x_wconf 82' lang='lat' dir='ltr'>D6mine,</span> 
     </span>
     <span class='ocr_line' id='line_1_29' title="bbox 298 1813 1032 1866; baseline -0.001 -11"><span class='ocrx_word' id='word_1_122' title='bbox 298 1813 492 1855; x_wconf 81' lang='lat' dir='ltr'>eoelestis</span> <span class='ocrx_word' id='word_1_123' title='bbox 515 1813 670 1864; x_wconf 81' lang='lat' dir='ltr'>gratiae</span> <span class='ocrx_word' id='word_1_124' title='bbox 694 1827 852 1854; x_wconf 92' lang='lat' dir='ltr'>munus</span> <span class='ocrx_word' id='word_1_125' title='bbox 875 1813 1032 1866; x_wconf 91' lang='lat' dir='ltr'>imper-</span> 
     </span>
    </p>
   </div>
   <div class='ocr_carea' id='block_1_6' title="bbox 202 1869 1034 2139">
    <p class='ocr_par' dir='ltr' id='par_1_10' title="bbox 202 1869 1034 2139">
     <span class='ocr_line' id='line_1_30' title="bbox 203 1869 1032 1922; baseline -0.001 -11"><span class='ocrx_word' id='word_1_126' title='bbox 203 1872 300 1911; x_wconf 88' lang='lat' dir='ltr'>tire:</span> <span class='ocrx_word' id='word_1_127' title='bbox 319 1875 368 1911; x_wconf 91' lang='lat' dir='ltr'>ut</span> <span class='ocrx_word' id='word_1_128' title='bbox 389 1869 547 1922; x_wconf 86' lang='lat' dir='ltr'>quibus</span> <span class='ocrx_word' id='word_1_129' title='bbox 566 1869 710 1911; x_wconf 82' lang='lat' dir='ltr'>beatae</span> <span class='ocrx_word' id='word_1_130' title='bbox 725 1870 922 1922; x_wconf 87' lang='lat' dir='ltr'>Virginis</span> <span class='ocrx_word' id='word_1_131' title='bbox 936 1883 1032 1922; x_wconf 87' lang='lat' dir='ltr'>par-</span> 
     </span>
     <span class='ocr_line' id='line_1_31' title="bbox 202 1926 1033 1976; baseline 0 -8"><span class='ocrx_word' id='word_1_132' title='bbox 202 1932 274 1968; x_wconf 93' lang='lat' dir='ltr'>tus</span> <span class='ocrx_word' id='word_1_133' title='bbox 294 1927 462 1973; x_wconf 75' lang='lat' dir='ltr'>exstitit</span> <span class='ocrx_word' id='word_1_134' title='bbox 481 1926 634 1968; x_wconf 85' lang='lat' dir='ltr'>salutis</span> <span class='ocrx_word' id='word_1_135' title='bbox 655 1926 895 1976; x_wconf 82' lang='lat' dir='ltr'>exordium,</span> <span class='ocrx_word' id='word_1_136' title='bbox 913 1926 1033 1968; x_wconf 90' lang='lat' dir='ltr'>Nati-</span> 
     </span>
     <span class='ocr_line' id='line_1_32' title="bbox 204 1983 1033 2037; baseline 0.001 -13"><span class='ocrx_word' id='word_1_137' title='bbox 204 1983 353 2025; x_wconf 91' lang='lat' dir='ltr'>vitatis</span> <span class='ocrx_word' id='word_1_138' title='bbox 383 1984 474 2036; x_wconf 87' lang='lat' dir='ltr'>ejus</span> <span class='ocrx_word' id='word_1_139' title='bbox 500 1986 649 2025; x_wconf 85' lang='lat' dir='ltr'>votiva</span> <span class='ocrx_word' id='word_1_140' title='bbox 677 1983 931 2026; x_wconf 85' lang='lat' dir='ltr'>solemnitas</span> <span class='ocrx_word' id='word_1_141' title='bbox 959 1997 1033 2037; x_wconf 91' lang='lat' dir='ltr'>pa-</span> 
     </span>
     <span class='ocr_line' id='line_1_33' title="bbox 205 2040 1034 2083; baseline 0.001 -1"><span class='ocrx_word' id='word_1_142' title='bbox 205 2040 266 2082; x_wconf 85' lang='lat' dir='ltr'>cis</span> <span class='ocrx_word' id='word_1_143' title='bbox 291 2040 457 2082; x_wconf 89' lang='lat' dir='ltr'>tribuat</span> <span class='ocrx_word' id='word_1_144' title='bbox 481 2040 807 2082; x_wconf 83' lang='lat' dir='ltr'>incrementum.</span> <span class='ocrx_word' id='word_1_145' title='bbox 842 2041 926 2083; x_wconf 92' lang='lat' dir='ltr'>Per</span> <span class='ocrx_word' id='word_1_146' title='bbox 946 2041 1034 2083; x_wconf 85' lang='lat' dir='ltr'>Do-</span> 
     </span>
     <span class='ocr_line' id='line_1_34' title="bbox 205 2096 595 2139; baseline 0.003 -2"><span class='ocrx_word' id='word_1_147' title='bbox 205 2096 369 2138; x_wconf 91' lang='lat' dir='ltr'>minum</span> <span class='ocrx_word' id='word_1_148' title='bbox 388 2102 595 2139; x_wconf 90' lang='lat' dir='ltr'>nostrum.</span> 
     </span>
    </p>
   </div>
   <div class='ocr_carea' id='block_1_7' title="bbox 262 2183 1035 2303">
    <p class='ocr_par' dir='ltr' id='par_1_11' title="bbox 262 2183 1035 2303">
     <span class='ocr_line' id='line_1_35' title="bbox 366 2183 872 2224; baseline 0 0"><span class='ocrx_word' id='word_1_149' title='bbox 366 2183 453 2224; x_wconf 83' lang='lat' dir='ltr'>Ad</span> <span class='ocrx_word' id='word_1_150' title='bbox 484 2183 872 2224; x_wconf 68' lang='lat' dir='ltr'>matutinum.</span> 
     </span>
     <span class='ocr_line' id='line_1_36' title="bbox 262 2248 1035 2303; baseline 0.004 -14"><span class='ocrx_word' id='word_1_151' title='bbox 262 2250 382 2290; x_wconf 81' lang='lat' dir='ltr'>Invit.</span> <span class='ocrx_word' id='word_1_152' title='bbox 411 2248 633 2292; x_wconf 87' lang='lat' dir='ltr'>Christum</span> <span class='ocrx_word' id='word_1_153' title='bbox 656 2251 826 2302; x_wconf 84' lang='lat' dir='ltr'>Regem</span> <span class='ocrx_word' id='word_1_154' title='bbox 851 2262 934 2303; x_wconf 92' lang='lat' dir='ltr'>pro</span> <span class='ocrx_word' id='word_1_155' title='bbox 960 2263 1035 2292; x_wconf 94' lang='lat' dir='ltr'>no-</span> 
     </span>
    </p>
   </div>
   <div class='ocr_carea' id='block_1_8' title="bbox 1181 227 1816 385">
    <p class='ocr_par' dir='ltr' id='par_1_12' title="bbox 1181 227 1816 385">
     <span class='ocr_line' id='line_1_37' title="bbox 1181 227 1778 282; baseline -0.005 -11"><span class='ocrx_word' id='word_1_156' title='bbox 1181 230 1265 271; x_wconf 92' lang='lat' dir='ltr'>Dic</span> <span class='ocrx_word' id='word_1_157' title='bbox 1282 228 1554 282; x_wconf 81' lang='lat' dir='ltr'>triumphum</span> <span class='ocrx_word' id='word_1_158' title='bbox 1571 227 1778 271; x_wconf 81' lang='lat' dir='ltr'>nobilem:</span> 
     </span>
     <span class='ocr_line' id='line_1_38' title="bbox 1183 284 1816 338; baseline -0.003 -10"><span class='ocrx_word' id='word_1_159' title='bbox 1183 285 1381 337; x_wconf 86' lang='lat' dir='ltr'>Qualiter</span> <span class='ocrx_word' id='word_1_160' title='bbox 1400 285 1677 338; x_wconf 80' lang='lat' dir='ltr'>Redemptor</span> <span class='ocrx_word' id='word_1_161' title='bbox 1696 284 1816 327; x_wconf 93' lang='lat' dir='ltr'>orbis</span> 
     </span>
     <span class='ocr_line' id='line_1_39' title="bbox 1183 342 1626 385; baseline -0.002 -1"><span class='ocrx_word' id='word_1_162' title='bbox 1183 343 1441 385; x_wconf 87' lang='lat' dir='ltr'>Immolatus</span> <span class='ocrx_word' id='word_1_163' title='bbox 1460 342 1626 384; x_wconf 88' lang='lat' dir='ltr'>vicerit.</span> 
     </span>
    </p>
   </div>
   <div class='ocr_carea' id='block_1_9' title="bbox 1130 411 1808 749">
    <p class='ocr_par' dir='ltr' id='par_1_13' title="bbox 1130 411 1808 749">
     <span class='ocr_line' id='line_1_40' title="bbox 1130 411 1705 466; baseline -0.003 -11"><span class='ocrx_word' id='word_1_164' title='bbox 1130 416 1199 455; x_wconf 90' lang='lat' dir='ltr'>De</span> <span class='ocrx_word' id='word_1_165' title='bbox 1217 413 1417 455; x_wconf 83' lang='lat' dir='ltr'>Parentis</span> <span class='ocrx_word' id='word_1_166' title='bbox 1438 411 1705 466; x_wconf 66' lang='lat' dir='ltr'>protoplasti</span> 
     </span>
     <span class='ocr_line' id='line_1_41' title="bbox 1182 467 1808 519; baseline -0.003 -7"><span class='ocrx_word' id='word_1_167' title='bbox 1182 469 1356 512; x_wconf 88' lang='lat' dir='ltr'>Fraude</span> <span class='ocrx_word' id='word_1_168' title='bbox 1373 470 1536 511; x_wconf 87' lang='lat' dir='ltr'>Factor</span> <span class='ocrx_word' id='word_1_169' title='bbox 1556 467 1808 519; x_wconf 84' lang='lat' dir='ltr'>condolens,</span> 
     </span>
     <span class='ocr_line' id='line_1_42' title="bbox 1184 525 1719 580; baseline -0.004 -12"><span class='ocrx_word' id='word_1_170' title='bbox 1184 526 1371 578; x_wconf 90' lang='lat' dir='ltr'>Quando</span> <span class='ocrx_word' id='word_1_171' title='bbox 1390 525 1513 580; x_wconf 90' lang='lat' dir='ltr'>pomi</span> <span class='ocrx_word' id='word_1_172' title='bbox 1530 525 1719 567; x_wconf 83' lang='lat' dir='ltr'>noxialis</span> 
     </span>
     <span class='ocr_line' id='line_1_43' title="bbox 1183 581 1698 626; baseline -0.004 -1"><span class='ocrx_word' id='word_1_173' title='bbox 1183 584 1235 625; x_wconf 92' lang='lat' dir='ltr'>In</span> <span class='ocrx_word' id='word_1_174' title='bbox 1253 596 1406 626; x_wconf 92' lang='lat' dir='ltr'>necem</span> <span class='ocrx_word' id='word_1_175' title='bbox 1424 595 1577 625; x_wconf 91' lang='lat' dir='ltr'>morsu</span> <span class='ocrx_word' id='word_1_176' title='bbox 1594 581 1698 624; x_wconf 86' lang='lat' dir='ltr'>ruit:</span> 
     </span>
     <span class='ocr_line' id='line_1_44' title="bbox 1186 639 1796 694; baseline -0.003 -11"><span class='ocrx_word' id='word_1_177' title='bbox 1186 641 1290 694; x_wconf 94' lang='lat' dir='ltr'>Ipse</span> <span class='ocrx_word' id='word_1_178' title='bbox 1310 641 1476 692; x_wconf 89' lang='lat' dir='ltr'>lignum</span> <span class='ocrx_word' id='word_1_179' title='bbox 1493 645 1598 682; x_wconf 89' lang='lat' dir='ltr'>tune</span> <span class='ocrx_word' id='word_1_180' title='bbox 1615 639 1796 690; x_wconf 89' lang='lat' dir='ltr'>notavit,</span> 
     </span>
     <span class='ocr_line' id='line_1_45' title="bbox 1184 696 1771 749; baseline -0.003 -10"><span class='ocrx_word' id='word_1_181' title='bbox 1184 698 1356 740; x_wconf 92' lang='lat' dir='ltr'>Damna</span> <span class='ocrx_word' id='word_1_182' title='bbox 1374 697 1481 749; x_wconf 90' lang='lat' dir='ltr'>ligni</span> <span class='ocrx_word' id='word_1_183' title='bbox 1499 702 1548 739; x_wconf 94' lang='lat' dir='ltr'>ut</span> <span class='ocrx_word' id='word_1_184' title='bbox 1567 696 1771 739; x_wconf 86' lang='lat' dir='ltr'>solveret.</span> 
     </span>
    </p>
   </div>
   <div class='ocr_carea' id='block_1_10' title="bbox 1133 766 1759 1093">
    <p class='ocr_par' dir='ltr' id='par_1_14' title="bbox 1133 766 1759 1093">
     <span class='ocr_line' id='line_1_46' title="bbox 1133 766 1720 821; baseline -0.003 -12"><span class='ocrx_word' id='word_1_185' title='bbox 1133 769 1232 810; x_wconf 92' lang='lat' dir='ltr'>Hoc</span> <span class='ocrx_word' id='word_1_186' title='bbox 1251 780 1363 821; x_wconf 91' lang='lat' dir='ltr'>opus</span> <span class='ocrx_word' id='word_1_187' title='bbox 1382 772 1547 809; x_wconf 81' lang='lat' dir='ltr'>nostrae</span> <span class='ocrx_word' id='word_1_188' title='bbox 1567 766 1720 808; x_wconf 82' lang='lat' dir='ltr'>salutis</span> 
     </span>
     <span class='ocr_line' id='line_1_47' title="bbox 1187 824 1671 877; baseline -0.004 -11"><span class='ocrx_word' id='word_1_189' title='bbox 1187 824 1310 867; x_wconf 91' lang='lat' dir='ltr'>Ordo</span> <span class='ocrx_word' id='word_1_190' title='bbox 1331 824 1671 877; x_wconf 82' lang='lat' dir='ltr'>depoposcerat3</span> 
     </span>
     <span class='ocr_line' id='line_1_48' title="bbox 1184 879 1726 934; baseline -0.006 -11"><span class='ocrx_word' id='word_1_191' title='bbox 1184 881 1465 923; x_wconf 75' lang='lat' dir='ltr'>Multiformis</span> <span class='ocrx_word' id='word_1_192' title='bbox 1483 879 1726 934; x_wconf 84' lang='lat' dir='ltr'>proditoris</span> 
     </span>
     <span class='ocr_line' id='line_1_49' title="bbox 1184 937 1700 987; baseline -0.006 -7"><span class='ocrx_word' id='word_1_193' title='bbox 1184 938 1270 980; x_wconf 91' lang='lat' dir='ltr'>Ars</span> <span class='ocrx_word' id='word_1_194' title='bbox 1289 943 1338 979; x_wconf 92' lang='lat' dir='ltr'>ut</span> <span class='ocrx_word' id='word_1_195' title='bbox 1357 943 1498 979; x_wconf 92' lang='lat' dir='ltr'>artem</span> <span class='ocrx_word' id='word_1_196' title='bbox 1515 937 1700 987; x_wconf 83' lang='lat' dir='ltr'>falleret,</span> 
     </span>
     <span class='ocr_line' id='line_1_50' title="bbox 1179 991 1759 1043; baseline -0.003 -7"><span class='ocrx_word' id='word_1_197' title='bbox 1179 995 1235 1036; x_wconf 89' lang='lat' dir='ltr'>Et</span> <span class='ocrx_word' id='word_1_198' title='bbox 1253 994 1472 1036; x_wconf 77' lang='lat' dir='ltr'>medelam</span> <span class='ocrx_word' id='word_1_199' title='bbox 1490 993 1625 1035; x_wconf 87' lang='lat' dir='ltr'>ferret</span> <span class='ocrx_word' id='word_1_200' title='bbox 1646 991 1759 1043; x_wconf 89' lang='lat' dir='ltr'>inde,</span> 
     </span>
     <span class='ocr_line' id='line_1_51' title="bbox 1185 1049 1682 1093; baseline -0.004 0"><span class='ocrx_word' id='word_1_201' title='bbox 1185 1051 1340 1093; x_wconf 88' lang='lat' dir='ltr'>Hostis</span> <span class='ocrx_word' id='word_1_202' title='bbox 1358 1049 1476 1092; x_wconf 89' lang='lat' dir='ltr'>unde</span> <span class='ocrx_word' id='word_1_203' title='bbox 1493 1049 1682 1092; x_wconf 78' lang='lat' dir='ltr'>laeserat.</span> 
     </span>
    </p>
   </div>
   <div class='ocr_carea' id='block_1_11' title="bbox 1134 1118 1793 1457">
    <p class='ocr_par' dir='ltr' id='par_1_15' title="bbox 1134 1118 1793 1457">
     <span class='ocr_line' id='line_1_52' title="bbox 1134 1118 1750 1171; baseline -0.003 -9"><span class='ocrx_word' id='word_1_204' title='bbox 1134 1119 1321 1171; x_wconf 89' lang='lat' dir='ltr'>Quando</span> <span class='ocrx_word' id='word_1_205' title='bbox 1341 1119 1462 1162; x_wconf 90' lang='lat' dir='ltr'>venit</span> <span class='ocrx_word' id='word_1_206' title='bbox 1481 1132 1586 1171; x_wconf 92' lang='lat' dir='ltr'>ergo</span> <span class='ocrx_word' id='word_1_207' title='bbox 1606 1118 1721 1161; x_wconf 85' lang='lat' dir='ltr'>sacri</span> <span class='ocrx_word' id='word_1_208' title='bbox 1744 1142 1750 1148; x_wconf 92' lang='lat'><strong>·</strong></span> 
     </span>
     <span class='ocr_line' id='line_1_53' title="bbox 1185 1176 1665 1230; baseline -0.002 -12"><span class='ocrx_word' id='word_1_209' title='bbox 1185 1176 1420 1219; x_wconf 79' lang='lat' dir='ltr'>Plenitudo</span> <span class='ocrx_word' id='word_1_210' title='bbox 1439 1176 1665 1230; x_wconf 81' lang='lat' dir='ltr'>temporis,</span> 
     </span>
     <span class='ocr_line' id='line_1_54' title="bbox 1187 1231 1793 1276; baseline -0.007 0"><span class='ocrx_word' id='word_1_211' title='bbox 1187 1234 1349 1276; x_wconf 90' lang='lat' dir='ltr'>Missus</span> <span class='ocrx_word' id='word_1_212' title='bbox 1370 1239 1437 1276; x_wconf 87' lang='lat' dir='ltr'>est</span> <span class='ocrx_word' id='word_1_213' title='bbox 1456 1233 1511 1276; x_wconf 89' lang='lat' dir='ltr'>ab</span> <span class='ocrx_word' id='word_1_214' title='bbox 1532 1246 1632 1275; x_wconf 89' lang='lat' dir='ltr'>arce</span> <span class='ocrx_word' id='word_1_215' title='bbox 1650 1231 1793 1274; x_wconf 89' lang='lat' dir='ltr'>Patris</span> 
     </span>
     <span class='ocr_line' id='line_1_55' title="bbox 1186 1289 1734 1340; baseline -0.002 -8"><span class='ocrx_word' id='word_1_216' title='bbox 1186 1290 1340 1340; x_wconf 91' lang='lat' dir='ltr'>Natus,</span> <span class='ocrx_word' id='word_1_217' title='bbox 1361 1290 1481 1333; x_wconf 91' lang='lat' dir='ltr'>orbis</span> <span class='ocrx_word' id='word_1_218' title='bbox 1503 1289 1734 1339; x_wconf 79' lang='lat' dir='ltr'>C6nditor3</span> 
     </span>
     <span class='ocr_line' id='line_1_56' title="bbox 1186 1345 1731 1400; baseline -0.006 -10"><span class='ocrx_word' id='word_1_219' title='bbox 1186 1347 1335 1400; x_wconf 90' lang='lat' dir='ltr'>Atque</span> <span class='ocrx_word' id='word_1_220' title='bbox 1356 1352 1510 1389; x_wconf 85' lang='lat' dir='ltr'>ventre</span> <span class='ocrx_word' id='word_1_221' title='bbox 1529 1345 1731 1399; x_wconf 89' lang='lat' dir='ltr'>virginali</span> 
     </span>
     <span class='ocr_line' id='line_1_57' title="bbox 1188 1402 1735 1457; baseline -0.005 -10"><span class='ocrx_word' id='word_1_222' title='bbox 1188 1405 1329 1447; x_wconf 91' lang='lat' dir='ltr'>Carne</span> <span class='ocrx_word' id='word_1_223' title='bbox 1349 1406 1535 1446; x_wconf 84' lang='lat' dir='ltr'>amictus</span> <span class='ocrx_word' id='word_1_224' title='bbox 1555 1402 1735 1457; x_wconf 86' lang='lat' dir='ltr'>prodiit.</span> 
     </span>
    </p>
   </div>
   <div class='ocr_carea' id='block_1_12' title="bbox 1138 1474 1839 2156">
    <p class='ocr_par' dir='ltr' id='par_1_16' title="bbox 1139 1474 1783 1697">
     <span class='ocr_line' id='line_1_58' title="bbox 1139 1474 1704 1526; baseline 0 -11"><span class='ocrx_word' id='word_1_225' title='bbox 1139 1474 1271 1526; x_wconf 87' lang='lat' dir='ltr'>Vagit</span> <span class='ocrx_word' id='word_1_226' title='bbox 1287 1474 1430 1515; x_wconf 90' lang='lat' dir='ltr'>infans</span> <span class='ocrx_word' id='word_1_227' title='bbox 1448 1474 1562 1516; x_wconf 91' lang='lat' dir='ltr'>inter</span> <span class='ocrx_word' id='word_1_228' title='bbox 1581 1478 1704 1515; x_wconf 87' lang='lat' dir='ltr'>arcta</span> 
     </span>
     <span class='ocr_line' id='line_1_59' title="bbox 1190 1531 1658 1584; baseline -0.004 -10"><span class='ocrx_word' id='word_1_229' title='bbox 1190 1531 1404 1574; x_wconf 86' lang='lat' dir='ltr'>Conditus</span> <span class='ocrx_word' id='word_1_230' title='bbox 1424 1531 1658 1584; x_wconf 82' lang='lat' dir='ltr'>praesepia:</span> 
     </span>
     <span class='ocr_line' id='line_1_60' title="bbox 1187 1587 1783 1642; baseline -0.003 -12"><span class='ocrx_word' id='word_1_231' title='bbox 1187 1588 1389 1631; x_wconf 91' lang='lat' dir='ltr'>Membra</span> <span class='ocrx_word' id='word_1_232' title='bbox 1407 1588 1564 1642; x_wconf 88' lang='lat' dir='ltr'>pannis</span> <span class='ocrx_word' id='word_1_233' title='bbox 1583 1587 1783 1630; x_wconf 80' lang='lat' dir='ltr'>involuta</span> 
     </span>
     <span class='ocr_line' id='line_1_61' title="bbox 1187 1644 1676 1697; baseline -0.006 -9"><span class='ocrx_word' id='word_1_234' title='bbox 1187 1646 1328 1697; x_wconf 89' lang='lat' dir='ltr'>Virgo</span> <span class='ocrx_word' id='word_1_235' title='bbox 1348 1645 1491 1687; x_wconf 90' lang='lat' dir='ltr'>Mater</span> <span class='ocrx_word' id='word_1_236' title='bbox 1510 1644 1676 1696; x_wconf 88' lang='lat' dir='ltr'>alligat:</span> 
     </span>
    </p>

    <p class='ocr_par' dir='ltr' id='par_1_17' title="bbox 1188 1701 1770 1755">
     <span class='ocr_line' id='line_1_62' title="bbox 1188 1701 1770 1755; baseline 0 -12"><span class='ocrx_word' id='word_1_237' title='bbox 1188 1702 1246 1745; x_wconf 89' lang='lat' dir='ltr'>Et</span> <span class='ocrx_word' id='word_1_238' title='bbox 1263 1703 1349 1744; x_wconf 91' lang='lat' dir='ltr'>Dei</span> <span class='ocrx_word' id='word_1_239' title='bbox 1367 1715 1523 1744; x_wconf 88' lang='lat' dir='ltr'>manus</span> <span class='ocrx_word' id='word_1_240' title='bbox 1542 1701 1770 1755; x_wconf 81' lang='lat' dir='ltr'>pedesque</span> 
     </span>
    </p>

    <p class='ocr_par' dir='ltr' id='par_1_18' title="bbox 1138 1759 1668 1884">
     <span class='ocr_line' id='line_1_63' title="bbox 1188 1759 1668 1811; baseline -0.004 -9"><span class='ocrx_word' id='word_1_241' title='bbox 1188 1760 1349 1802; x_wconf 89' lang='lat' dir='ltr'>Stricta</span> <span class='ocrx_word' id='word_1_242' title='bbox 1368 1759 1503 1811; x_wconf 88' lang='lat' dir='ltr'>cingit</span> <span class='ocrx_word' id='word_1_243' title='bbox 1521 1759 1668 1801; x_wconf 89' lang='lat' dir='ltr'>fascia.</span> 
     </span>
     <span class='ocr_line' id='line_1_64' title="bbox 1138 1829 1655 1884; baseline -0.004 -11"><span class='ocrx_word' id='word_1_244' title='bbox 1138 1831 1416 1884; x_wconf 65' lang='lat' dir='ltr'>sempiterna</span> <span class='ocrx_word' id='word_1_245' title='bbox 1433 1830 1491 1872; x_wconf 90' lang='lat' dir='ltr'>sit</span> <span class='ocrx_word' id='word_1_246' title='bbox 1508 1829 1655 1872; x_wconf 89' lang='lat' dir='ltr'>beatae</span> 
     </span>
    </p>

    <p class='ocr_par' dir='ltr' id='par_1_19' title="bbox 1189 1887 1566 1938">
     <span class='ocr_line' id='line_1_65' title="bbox 1189 1887 1566 1938; baseline -0.003 -9"><span class='ocrx_word' id='word_1_247' title='bbox 1189 1887 1396 1929; x_wconf 89' lang='lat' dir='ltr'>Trinitati</span> <span class='ocrx_word' id='word_1_248' title='bbox 1415 1887 1566 1938; x_wconf 85' lang='lat' dir='ltr'>gloria,</span> 
     </span>
    </p>

    <p class='ocr_par' dir='ltr' id='par_1_20' title="bbox 1190 1943 1725 1997">
     <span class='ocr_line' id='line_1_66' title="bbox 1190 1943 1725 1997; baseline 0 -12"><span class='ocrx_word' id='word_1_249' title='bbox 1190 1945 1339 1997; x_wconf 91' lang='lat' dir='ltr'>AEqua</span> <span class='ocrx_word' id='word_1_250' title='bbox 1357 1944 1488 1993; x_wconf 85' lang='lat' dir='ltr'>Patri,</span> <span class='ocrx_word' id='word_1_251' title='bbox 1507 1943 1725 1995; x_wconf 80' lang='lat' dir='ltr'>Filioque3</span> 
     </span>
    </p>

    <p class='ocr_par' dir='ltr' id='par_1_21' title="bbox 1190 1999 1689 2042">
     <span class='ocr_line' id='line_1_67' title="bbox 1190 1999 1689 2042; baseline -0.006 0"><span class='ocrx_word' id='word_1_252' title='bbox 1190 2001 1276 2042; x_wconf 92' lang='lat' dir='ltr'>Par</span> <span class='ocrx_word' id='word_1_253' title='bbox 1296 1999 1432 2042; x_wconf 85' lang='lat' dir='ltr'>decus</span> <span class='ocrx_word' id='word_1_254' title='bbox 1451 1999 1689 2042; x_wconf 86' lang='lat' dir='ltr'>Paraclito:</span> 
     </span>
    </p>

    <p class='ocr_par' dir='ltr' id='par_1_22' title="bbox 1190 2057 1743 2109">
     <span class='ocr_line' id='line_1_68' title="bbox 1190 2057 1743 2109; baseline -0.004 -10"><span class='ocrx_word' id='word_1_255' title='bbox 1190 2057 1330 2100; x_wconf 83' lang='lat' dir='ltr'>Unius</span> <span class='ocrx_word' id='word_1_256' title='bbox 1349 2057 1561 2109; x_wconf 86' lang='lat' dir='ltr'>Trinique</span> <span class='ocrx_word' id='word_1_257' title='bbox 1581 2069 1743 2098; x_wconf 87' lang='lat' dir='ltr'>nomen</span> 
     </span>
    </p>

    <p class='ocr_par' dir='ltr' id='par_1_23' title="bbox 1190 2113 1839 2156">
     <span class='ocr_line' id='line_1_69' title="bbox 1190 2113 1839 2156; baseline -0.003 0"><span class='ocrx_word' id='word_1_258' title='bbox 1190 2114 1364 2156; x_wconf 91' lang='lat' dir='ltr'>Laudet</span> <span class='ocrx_word' id='word_1_259' title='bbox 1382 2113 1656 2156; x_wconf 81' lang='lat' dir='ltr'>universitas.</span> <span class='ocrx_word' id='word_1_260' title='bbox 1685 2114 1839 2155; x_wconf 88' lang='lat' dir='ltr'>Amen.</span> 
     </span>
    </p>
   </div>
   <div class='ocr_carea' id='block_1_13' title="bbox 1140 2191 1921 2310">
    <p class='ocr_par' dir='ltr' id='par_1_24' title="bbox 1140 2191 1921 2310">
     <span class='ocr_line' id='line_1_70' title="bbox 1320 2191 1679 2233; baseline -0.011 0"><span class='ocrx_word' id='word_1_261' title='bbox 1320 2193 1370 2233; x_wconf 88' lang='lat' dir='ltr'>In</span> <span class='ocrx_word' id='word_1_262' title='bbox 1396 2192 1426 2231; x_wconf 94' lang='grc' dir='ltr'>Ι.</span> <span class='ocrx_word' id='word_1_263' title='bbox 1455 2191 1679 2231; x_wconf 73' lang='lat' dir='ltr'>Nocturno.</span> 
     </span>
     <span class='ocr_line' id='line_1_71' title="bbox 1140 2257 1921 2310; baseline -0.001 -11"><span class='ocrx_word' id='word_1_264' title='bbox 1140 2259 1240 2299; x_wconf 90' lang='lat' dir='ltr'>Ant.</span> <span class='ocrx_word' id='word_1_265' title='bbox 1295 2257 1451 2300; x_wconf 83' lang='lat' dir='ltr'>Nobile</span> <span class='ocrx_word' id='word_1_266' title='bbox 1487 2257 1652 2310; x_wconf 92' lang='lat' dir='ltr'>lignum</span> <span class='ocrx_word' id='word_1_267' title='bbox 1689 2257 1921 2307; x_wconf 85' lang='lat' dir='ltr'>exaltatur,</span> 
     </span>
    </p>
   </div>
   <div class='ocr_carea' id='block_1_14' title="bbox 207 2304 1920 2364">
    <p class='ocr_par' dir='ltr' id='par_1_25' title="bbox 207 2304 1920 2364">
     <span class='ocr_line' id='line_1_72' title="bbox 207 2304 1920 2364; baseline -0.004 -3"><span class='ocrx_word' id='word_1_268' title='bbox 207 2304 275 2346; x_wconf 70' lang='lat' dir='ltr'>bis</span> <span class='ocrx_word' id='word_1_269' title='bbox 302 2304 346 2344; x_wconf 70' lang='lat' dir='ltr'>in</span> <span class='ocrx_word' id='word_1_270' title='bbox 374 2305 514 2348; x_wconf 70' lang='lat' dir='ltr'>cruce</span> <span class='ocrx_word' id='word_1_271' title='bbox 543 2307 797 2358; x_wconf 57' lang='lat' dir='ltr'>exaltatum,</span> <span class='ocrx_word' id='word_1_272' title='bbox 821 2307 843 2330; x_wconf 88' lang='lat'>*</span> <span class='ocrx_word' id='word_1_273' title='bbox 877 2308 1037 2349; x_wconf 70' lang='lat' dir='ltr'><strong>Venite</strong></span> <span class='ocrx_word' id='word_1_274' title='bbox 1091 2315 1254 2358; x_wconf 91' lang='lat' dir='ltr'>Christi</span> <span class='ocrx_word' id='word_1_275' title='bbox 1276 2314 1389 2356; x_wconf 91' lang='lat' dir='ltr'>fides</span> <span class='ocrx_word' id='word_1_276' title='bbox 1411 2313 1578 2364; x_wconf 79' lang='lat' dir='ltr'>rutilat,</span> <span class='ocrx_word' id='word_1_277' title='bbox 1603 2313 1708 2356; x_wconf 91' lang='lat' dir='ltr'>dum</span> <span class='ocrx_word' id='word_1_278' title='bbox 1728 2313 1846 2355; x_wconf 83' lang='lat' dir='ltr'>Crux</span> <span class='ocrx_word' id='word_1_279' title='bbox 1865 2311 1920 2354; x_wconf 94' lang='lat' dir='ltr'>ab</span> 
     </span>
    </p>
   </div>
   <div class='ocr_carea' id='block_1_15' title="bbox 210 2360 879 2469">
    <p class='ocr_par' dir='ltr' id='par_1_26' title="bbox 210 2360 879 2469">
     <span class='ocr_line' id='line_1_73' title="bbox 210 2360 455 2404; baseline 0 -1"><span class='ocrx_word' id='word_1_280' title='bbox 210 2360 455 2404; x_wconf 78' lang='lat' dir='ltr'>adoremus.</span> 
     </span>
     <span class='ocr_line' id='line_1_74' title="bbox 261 2418 879 2469; baseline 0.006 -13"><span class='ocrx_word' id='word_1_281' title='bbox 261 2418 328 2457; x_wconf 87' lang='lat' dir='ltr'>Ps.</span> <span class='ocrx_word' id='word_1_282' title='bbox 364 2419 526 2469; x_wconf 85' lang='lat' dir='ltr'>Venite,</span> <span class='ocrx_word' id='word_1_283' title='bbox 545 2420 823 2462; x_wconf 81' lang='lat' dir='ltr'>exsultemus.</span> <span class='ocrx_word' id='word_1_284' title='bbox 841 2421 879 2461; x_wconf 91' lang='lat'>2.</span> 
     </span>
    </p>
   </div>
   <div class='ocr_carea' id='block_1_16' title="bbox 315 2614 916 2725">
    <p class='ocr_par' dir='ltr' id='par_1_27' title="bbox 315 2614 916 2725">
     <span class='ocr_line' id='line_1_75' title="bbox 366 2614 860 2666; baseline 0.002 -11"><span class='ocrx_word' id='word_1_285' title='bbox 366 2614 582 2656; x_wconf 83' lang='lat' dir='ltr'>Lauream</span> <span class='ocrx_word' id='word_1_286' title='bbox 602 2616 860 2666; x_wconf 78' lang='lat' dir='ltr'>certaminis,</span> 
     </span>
     <span class='ocr_line' id='line_1_76' title="bbox 315 2671 916 2725; baseline 0.003 -13"><span class='ocrx_word' id='word_1_287' title='bbox 315 2671 372 2713; x_wconf 92' lang='lat' dir='ltr'>Et</span> <span class='ocrx_word' id='word_1_288' title='bbox 391 2684 524 2724; x_wconf 86' lang='lat' dir='ltr'>super</span> <span class='ocrx_word' id='word_1_289' title='bbox 544 2672 694 2713; x_wconf 89' lang='lat' dir='ltr'>Crucis</span> <span class='ocrx_word' id='word_1_290' title='bbox 713 2672 916 2725; x_wconf 79' lang='lat' dir='ltr'>trophaeo</span> 
     </span>
    </p>
   </div>
   <div class='ocr_carea' id='block_1_17' title="bbox 1091 2372 1558 2416">
    <p class='ocr_par' dir='ltr' id='par_1_28' title="bbox 1091 2372 1558 2416">
     <span class='ocr_line' id='line_1_77' title="bbox 1091 2372 1558 2416; baseline -0.011 0"><span class='ocrx_word' id='word_1_291' title='bbox 1091 2372 1293 2416; x_wconf 70' lang='lat' dir='ltr'>Omnibus</span> <span class='ocrx_word' id='word_1_292' title='bbox 1312 2372 1558 2413; x_wconf 87' lang='lat' dir='ltr'>veneratur.</span> 
     </span>
    </p>
   </div>
   <div class='ocr_carea' id='block_1_18' title="bbox 1378 2434 1629 2477">
    <p class='ocr_par' dir='ltr' id='par_1_29' title="bbox 1378 2434 1629 2477">
     <span class='ocr_line' id='line_1_78' title="bbox 1378 2434 1629 2477; baseline -0.02 0"><span class='ocrx_word' id='word_1_293' title='bbox 1378 2434 1579 2477; x_wconf 90' lang='lat' dir='ltr'>Psalmus</span> <span class='ocrx_word' id='word_1_294' title='bbox 1599 2434 1629 2473; x_wconf 90' lang='lat'>1.</span> 
     </span>
    </p>
   </div>
   <div class='ocr_carea' id='block_1_19' title="bbox 1093 2501 1923 2725">
    <p class='ocr_par' dir='ltr' id='par_1_30' title="bbox 1093 2501 1923 2725">
     <span class='ocr_line' id='line_1_79' title="bbox 1097 2501 1922 2557; baseline -0.006 -11"><span class='ocrx_word' id='word_1_295' title='bbox 1097 2508 1108 2557; x_wconf 70' lang='grc' dir='ltr'>ξ</span> <span class='ocrx_word' id='word_1_296' title='bbox 1127 2507 1167 2553; x_wconf 55' lang='lat' dir='ltr'>*isa-l:</span> <span class='ocrx_word' id='word_1_297' title='bbox 1192 2505 1330 2545; x_wconf 90' lang='lat' dir='ltr'>eatus</span> <span class='ocrx_word' id='word_1_298' title='bbox 1344 2502 1420 2553; x_wconf 88' lang='lat' dir='ltr'>vir,</span> <span class='ocrx_word' id='word_1_299' title='bbox 1440 2502 1515 2555; x_wconf 86' lang='lat' dir='ltr'>qui</span> <span class='ocrx_word' id='word_1_300' title='bbox 1532 2513 1621 2542; x_wconf 90' lang='lat' dir='ltr'>non</span> <span class='ocrx_word' id='word_1_301' title='bbox 1638 2501 1745 2543; x_wconf 89' lang='lat' dir='ltr'>abiit</span> <span class='ocrx_word' id='word_1_302' title='bbox 1763 2501 1808 2542; x_wconf 87' lang='lat' dir='ltr'>in</span> <span class='ocrx_word' id='word_1_303' title='bbox 1822 2512 1922 2542; x_wconf 87' lang='lat' dir='ltr'>eon-</span> 
     </span>
     <span class='ocr_line' id='line_1_80' title="bbox 1103 2556 1922 2613; baseline -0.005 -11"><span class='ocrx_word' id='word_1_304' title='bbox 1103 2567 1108 2593; x_wconf 49' lang='grc' dir='ltr'>ἓ</span> <span class='ocrx_word' id='word_1_305' title='bbox 1127 2556 1197 2613; x_wconf 59' lang='grc' dir='ltr'>“-.;;»·ῑί</span> <span class='ocrx_word' id='word_1_306' title='bbox 1221 2559 1318 2601; x_wconf 84' lang='lat' dir='ltr'>silio</span> <span class='ocrx_word' id='word_1_307' title='bbox 1338 2558 1584 2612; x_wconf 81' lang='lat' dir='ltr'>impiorum,</span> <span class='ocrx_word' id='word_1_308' title='bbox 1608 2562 1653 2599; x_wconf 86' lang='lat' dir='ltr'>et</span> <span class='ocrx_word' id='word_1_309' title='bbox 1671 2558 1716 2598; x_wconf 91' lang='lat' dir='ltr'>in</span> <span class='ocrx_word' id='word_1_310' title='bbox 1734 2557 1805 2599; x_wconf 91' lang='lat' dir='ltr'>via</span> <span class='ocrx_word' id='word_1_311' title='bbox 1822 2569 1922 2610; x_wconf 90' lang='lat' dir='ltr'>pec-</span> 
     </span>
     <span class='ocr_line' id='line_1_81' title="bbox 1221 2612 1923 2671; baseline -0.006 -12.714"><span class='ocrx_word' id='word_1_312' title='bbox 1221 2617 1422 2671; x_wconf 80' lang='lat' dir='ltr'>catorum</span> <span class='ocrx_word' id='word_1_313' title='bbox 1452 2627 1542 2656; x_wconf 93' lang='lat' dir='ltr'>non</span> <span class='ocrx_word' id='word_1_314' title='bbox 1574 2614 1712 2664; x_wconf 89' lang='lat' dir='ltr'>stetit,</span> <span class='ocrx_word' id='word_1_315' title='bbox 1743 2614 1767 2640; x_wconf 87' lang='lat'>*</span> <span class='ocrx_word' id='word_1_316' title='bbox 1798 2618 1842 2655; x_wconf 94' lang='lat' dir='ltr'>et</span> <span class='ocrx_word' id='word_1_317' title='bbox 1878 2612 1923 2653; x_wconf 91' lang='lat' dir='ltr'>in</span> 
     </span>
     <span class='ocr_line' id='line_1_82' title="bbox 1093 2669 1839 2725; baseline -0.005 -10"><span class='ocrx_word' id='word_1_318' title='bbox 1093 2672 1301 2715; x_wconf 90' lang='lat' dir='ltr'>cathedra</span> <span class='ocrx_word' id='word_1_319' title='bbox 1319 2671 1585 2725; x_wconf 80' lang='lat' dir='ltr'>pestilentiae</span> <span class='ocrx_word' id='word_1_320' title='bbox 1603 2684 1692 2713; x_wconf 94' lang='lat' dir='ltr'>non</span> <span class='ocrx_word' id='word_1_321' title='bbox 1711 2669 1839 2712; x_wconf 87' lang='lat' dir='ltr'>sedit:</span> 
     </span>
    </p>
   </div>
   <div class='ocr_carea' id='block_1_20' title="bbox 129 77 1984 2776">
    <p class='ocr_par' dir='ltr' id='par_1_31' title="bbox 129 77 1984 2776">
     <span class='ocr_line' id='line_1_83' title="bbox 129 77 1984 2776; baseline 0 0"><span class='ocrx_word' id='word_1_322' title='bbox 129 77 1984 2776; x_wconf 95' lang='lat' dir='ltr'> </span> 
     </span>
    </p>
   </div>
  </div>
 </body>
</html>
