2040 2944
493 192 602 226 Dom.
627 192 692 226 III.
717 192 822 235 Sept:
866 192 1021 235 Septem
1043 192 1230 226 Dolorum
1255 193 1296 227 B.
1322 193 1367 226 M.
1395 194 1435 226 V.

249 291 402 332 Sermo
433 290 572 332 sancti
600 289 817 332 Bemardi

429 346 629 388 Abbatis.

103 446 113 457 ⁴
164 411 223 445 Ex
247 411 430 447 Sermone
457 414 503 449 de
530 415 734 450 duodecim
760 415 893 449 stellis.

415 471 567 513 Lectio
587 472 640 513 iv.

136 545 231 596 »Μ
250 533 481 586 artyrium
498 533 691 585 Virginis
711 539 801 575 tam
820 534 864 575 in
883 535 943 576 Si-

116 594 123 639 ἐ
141 597 149 607 ’
187 606 219 646 f..
252 594 266 641 ξε
289 591 458 632 meonis
478 590 724 644 prophetia,
751 603 882 643 quam
900 591 944 632 in

156 644 172 654 ‘⁴
288 647 386 700 ipsa
430 647 675 689 Dominicae
724 648 944 700 passionis

113 702 295 744 historia
313 704 656 746 commendatur.
680 704 857 746 Positus
877 710 944 746 est

113 759 184 800 hic
222 760 298 811 (ait
331 766 507 802 sanctus
545 773 679 802 senex
716 760 771 802 de
802 764 943 814 paero

113 816 138 856 J
141 817 232 868 esu)
256 817 299 857 in
319 817 492 868 signum
515 818 584 860 cui
603 816 944 869 contradicetur;

114 877 158 914 et
175 877 296 915 tuam
310 873 450 926 ipsius
466 874 656 915 animam
676 873 747 925 (ad
760 874 944 916 Mariam

113 934 260 971 autem
271 929 752 984 dicebat)>pertransibit
761 930 944 982 gladius.

112 987 230 1028 Vere
246 992 378 1037 tuam,
398 1001 424 1029 o
439 987 570 1030 beata
584 988 736 1038 Mater,
756 988 945 1030 animam

113 1044 412 1096 pertransivit:
431 1044 635 1097 alioquin,
656 1044 828 1086 nonnisi
848 1058 945 1086 eam

113 1101 428 1153 pertransiens,
458 1115 633 1144 carnem
655 1101 754 1142 Filii
779 1102 843 1144 tui
871 1115 943 1155 pe-

114 1159 318 1199 netraret.
359 1158 415 1200 Et
447 1158 624 1211 quidem
651 1161 945 1211 posteaquam

115 1215 259 1256 emisit
301 1216 503 1267 spiritum
544 1221 646 1257 tuus
685 1215 759 1257 ille
798 1216 822 1256 J
826 1229 944 1266 esus,

113 1271 252 1323 ipsius
289 1271 419 1324 plane
457 1285 546 1314 non
578 1273 721 1323 attigit
755 1273 944 1314 animam

114 1327 302 1369 crudelis
317 1328 479 1379 lancea,
500 1342 598 1381 quae
617 1330 755 1382 ipsius
773 1330 945 1382 aperuit

113 1385 238 1435 latus,
255 1385 334 1427 sed
348 1391 469 1428 tuam
482 1387 635 1440 utique
652 1388 839 1430 animam
854 1400 945 1440 per-

112 1443 326 1484 transivit.
379 1444 524 1496 Ipsius
560 1444 763 1486 nimirum
800 1445 944 1486 anima

112 1499 197 1551 jam
215 1499 276 1541 ibi
293 1512 382 1541 non
402 1505 513 1550 erat,
539 1501 619 1543 sed
636 1506 712 1543 tua
731 1501 862 1554 plane
882 1502 942 1542 in-

113 1555 168 1598 de
189 1557 401 1609 nequibat
421 1557 560 1599 avelli.

163 1628 216 1680 R.
249 1626 399 1667 Jesum
431 1625 698 1678 bajulantem
732 1627 816 1669 sibi
850 1641 942 1670 cru-

114 1694 210 1724 cem
225 1684 249 1710 *
262 1682 539 1735 Sequebatur
556 1684 685 1726 turba
700 1684 943 1734 mulierum,

116 1751 214 1790 quae
237 1738 504 1792 plangebant
525 1745 568 1782 et
591 1740 944 1782 lamentabantur

115 1807 225 1836 eum.
281 1788 333 1842 V.
372 1795 495 1837 Filiae
531 1796 774 1838 Jerusalem
810 1810 944 1850 super

115 1863 196 1892 vos
221 1851 340 1905 ipsas
365 1853 484 1902 flete,
512 1857 556 1894 et
581 1866 712 1905 super
738 1853 854 1895 filios
874 1867 943 1895 ve-

115 1912 242 1949 stros.
270 1909 555 1962 Sequebatur.

371 1982 374 1983 ’
420 1976 574 2018 Lectio
595 1991 632 2017 v.

114 2035 297 2142 Tuam
322 2057 425 2096 ergo
452 2045 733 2098 pertransivit
756 2045 944 2086 animam

205 2103 272 2144 vis
298 2101 481 2151 doloris,
510 2106 558 2143 ut
575 2101 811 2155 plusquam
829 2101 942 2142 Mar-

114 2165 257 2212 tyrem
281 2171 370 2200 non
394 2158 614 2200 immerito
639 2158 943 2211 praedicemus,

115 2217 160 2257 in
182 2229 268 2269 qua
290 2216 495 2257 nimirum
518 2218 746 2268 corporeae
766 2229 943 2259 sensum

115 2273 332 2326 passionis
361 2272 600 2314 excesserit
625 2273 942 2325 compassionis

117 2329 308 2371 affectus.
365 2329 436 2370 An
470 2341 559 2370 non
593 2328 674 2370 tibi
707 2329 943 2382 plusquam

116 2385 286 2436 gladius
306 2385 386 2426 fuit
406 2398 551 2427 sermo
571 2385 655 2435 ille,
675 2387 829 2427 revera
845 2399 942 2439 per-

116 2441 333 2483 transiens
366 2442 572 2491 animam,
614 2446 658 2483 et
690 2443 942 2494 pertingens

116 2509 256 2549 usque
275 2497 332 2539 ad
351 2497 611 2539 divisionem
627 2499 783 2539 animae
799 2502 843 2539 et
858 2500 942 2550 spi-

117 2553 239 2595 ritus:
271 2554 446 2605 Mulier,
475 2567 578 2596 ecce
604 2554 719 2596 filius
743 2552 868 2596 tuus?
904 2554 942 2595 O

118 2610 519 2652 commutationem!
543 2611 568 2651 J
571 2613 734 2652 oannes
757 2610 838 2652 tibi
859 2622 942 2663 pro

117 2665 142 2705 J
145 2677 223 2706 esu
240 2665 438 2716 traditur,
462 2679 614 2708 servus
637 2679 720 2720 pro
740 2667 943 2716 Domino,

118 2720 359 2774 discipulus
377 2735 460 2776 pro
480 2723 703 2774 Magistro,
726 2723 843 2764 filius
863 2723 943 2764 Ze-

271 2860 336 2885 Pars
351 2860 522 2887 Autumnalis.

1753 195 1825 231 301

995 290 1140 332 bedaei
1165 305 1246 344 pro
1270 292 1382 334 Filio
1401 293 1501 343 Dei,
1527 293 1661 336 homo
1686 307 1825 347 purus

994 360 1079 400 pro
1103 348 1200 389 Deo
1225 361 1343 390 vero.
1386 349 1622 399 Quomodo
1647 363 1736 392 non
1761 355 1826 392 tu-

996 415 1067 444 am
1086 403 1496 447 affectuosissimam
1520 406 1710 448 animam
1728 419 1825 460 per-

995 463 1203 502 transiret
1229 460 1326 503 haec
1353 461 1538 512 auditio,
1576 462 1753 516 quando
1783 468 1828 505 et

995 522 1161 567 nostra,
1180 517 1284 559 licet
1304 520 1453 569 saxea,
1471 518 1574 560 licet
1592 519 1734 562 ferrea
1752 522 1826 573 pe-

997 578 1130 624 ctora,
1151 574 1246 615 sola
1264 575 1513 617 recordatio
1533 575 1716 618 scindit?

1051 654 1102 705 R.
1115 653 1359 705 Postquam
1376 655 1589 696 venerunt
1607 655 1651 696 in
1669 655 1827 707 locum,

998 709 1071 761 qui
1091 709 1250 751 dicitur
1270 709 1495 761 Calvariae,
1521 710 1582 752 ibi
1603 712 1828 754 crucifixe-

996 771 1096 808 runt
1126 778 1242 807 eum:
1274 772 1297 795 *
1330 766 1486 808 Stabat
1525 773 1672 811 autem
1708 769 1828 821 juxta

997 835 1173 864 crucem
1191 823 1216 863 J
1219 835 1296 864 esu
1319 823 1462 865 Mater
1486 825 1590 876 eius.
1629 821 1678 873 V.
1703 825 1829 868 Tunc

995 878 1173 920 beatam
1197 879 1313 921 illius
1339 880 1528 922 animam
1552 881 1720 923 doloris
1739 882 1828 933 gla-

997 934 1094 977 dius
1114 937 1408 989 pertransivit.
1436 937 1603 980 Stabat.

1301 1048 1452 1089 Lectio
1473 1049 1525 1088 vi.

997 1115 1150 1221 Non
1167 1119 1394 1170 miremini,
1412 1119 1580 1170 fratres,
1601 1121 1721 1173 quod
1740 1121 1828 1162 Ma-

1106 1178 1172 1217 ria
1191 1176 1358 1228 Martyr
1381 1176 1425 1216 in
1445 1177 1589 1218 anima
1613 1177 1747 1219 fuisse
1768 1178 1828 1219 di-

997 1234 1134 1273 catur.
1169 1233 1352 1274 Miretur
1378 1234 1453 1285 qui
1476 1247 1565 1275 non
1584 1235 1830 1276 meminerit

997 1301 1044 1329 se
1064 1288 1285 1330 audivisse
1303 1289 1489 1331 Paulum
1507 1290 1619 1332 inter
1639 1291 1829 1332 maxima

998 1345 1205 1387 Gentium
1261 1347 1441 1388 crimina
1493 1350 1829 1397 memorantem,

997 1402 1118 1454 quod
1138 1403 1232 1444 sine
1247 1402 1481 1445 affectione
1495 1403 1690 1446 fuissent.
1714 1404 1827 1445 Lon-

996 1473 1049 1511 ge
1063 1459 1109 1501 id
1124 1460 1205 1502 fuit
1220 1473 1245 1502 a
1258 1461 1411 1502 Mariae
1426 1460 1680 1511 visceribus,
1699 1461 1829 1513 longe

997 1516 1053 1557 sit
1077 1530 1103 1557 a
1127 1517 1312 1558 servulis
1339 1518 1440 1568 ejus.
1480 1516 1568 1559 Sed
1592 1517 1706 1559 forte
1731 1518 1829 1569 quis

997 1571 1128 1614 dicat:
1159 1573 1386 1625 Numquid
1413 1586 1501 1614 non
1528 1586 1627 1615 eum
1653 1576 1828 1626 praesci-

997 1635 1090 1671 erat
1116 1629 1401 1672 moriturum?
1434 1631 1491 1671 Et
1517 1630 1828 1672 indubitanter.

995 1686 1222 1738 Numquid
1253 1700 1342 1728 non
1375 1686 1586 1739 sperabat
1618 1689 1827 1728 continuo

996 1741 1366 1785 resurrecturum?
1385 1744 1442 1784 Et
1458 1742 1658 1784 fideliter.
1687 1743 1829 1796 Super

996 1799 1093 1840 haec
1126 1799 1266 1842 doluit
1299 1798 1578 1841 crucifixum?
1616 1800 1673 1841 Et
1700 1799 1827 1841 vehe-

996 1857 1177 1898 menter.
1204 1856 1415 1908 Alioquin
1437 1856 1638 1909 quisnam
1658 1861 1722 1906 tu,
1748 1856 1827 1897 fra-

995 1918 1074 1962 ter,
1095 1917 1170 1954 aut
1189 1912 1305 1955 unde
1323 1912 1405 1955 tibi
1422 1913 1519 1954 haec
1539 1913 1762 1965 sapientia,
1781 1918 1830 1954 ut

996 1970 1167 2011 mireris
1203 1970 1304 2023 plus
1339 1970 1524 2011 Mariam
1559 1970 1827 2023 compatien-

996 2030 1102 2075 tem,
1137 2038 1268 2078 quam
1294 2026 1447 2068 Mariae
1475 2026 1634 2068 Filium
1662 2026 1827 2079 patien-

996 2082 1108 2123 tem?
1135 2082 1216 2124 Ille
1242 2083 1373 2125 etiam
1399 2083 1513 2124 mori
1538 2085 1727 2135 corpore
1751 2084 1828 2134 po-

996 2139 1095 2189 tuit;
1129 2138 1214 2180 ista
1237 2139 1451 2181 commori
1478 2139 1613 2180 corde
1638 2151 1727 2180 non
1750 2140 1827 2190 po-

995 2193 1100 2236 tuit?
1129 2195 1253 2237 Fecit
1271 2195 1380 2237 illud
1400 2195 1569 2244 caritas,
1590 2207 1676 2247 qua
1694 2196 1826 2246 majo-

996 2264 1089 2292 rem
1111 2264 1240 2293 nemo
1264 2252 1432 2294 habuit:
1460 2252 1564 2293 fecit
1587 2256 1631 2292 et
1654 2251 1741 2293 hoc
1760 2253 1826 2292 ca-

995 2307 1117 2358 ritas,
1145 2308 1215 2349 cui
1239 2313 1343 2361 post
1367 2308 1487 2350 illam
1510 2307 1663 2348 similis
1689 2307 1828 2349 altera

996 2377 1084 2405 non
1102 2364 1194 2405 fuit.

1050 2441 1100 2493 R.
1128 2441 1154 2482 J
1156 2441 1296 2493 oseph
1321 2441 1375 2483 ab
1402 2441 1674 2483 Arimathaea
1698 2441 1720 2465 *
1748 2442 1825 2483 Pe-

995 2498 1065 2539 tiit
1079 2509 1240 2550 corpus
1255 2497 1280 2538 J
1282 2510 1370 2547 esu,
1388 2497 1518 2550 quod,
1539 2497 1595 2540 de
1609 2510 1738 2539 cruce
1754 2497 1825 2539 de-

995 2554 1208 2606 positum,
1242 2553 1265 2576 *
1298 2553 1387 2595 Suo
1421 2554 1655 2606 complexu
1686 2554 1827 2595 Mater

997 2610 1183 2663 excepit.
1212 2602 1263 2654 Ys-
1286 2610 1454 2651 Dolens
1473 2610 1707 2652 Sunamitis
1731 2609 1827 2650 sinu

997 2671 1041 2708 et
1060 2666 1245 2717 genibus
1271 2666 1361 2707 suis
1382 2666 1586 2708 sustinuit
1604 2668 1826 2707 mortuum

996 2722 1146 2764 filium.
1172 2722 1314 2764 Petiit.
1343 2722 1495 2764 Gloria
1512 2722 1644 2764 Patri.
1671 2722 1773 2763 Suo.

1553 2847 1619 2882 20*
