2040 2944
554 165 622 198 l)ic
646 166 676 198 2.
703 164 892 198 Octobris.
940 165 996 198 Ss.
1022 163 1260 204 Angelorum
1286 162 1510 196 Custodum.

231 264 297 303 Ps.
321 262 530 304 Dominus
550 262 760 312 regnavit.
780 263 840 302 15.

227 322 262 360 2.
293 317 538 360 Laudemus
562 318 811 368 Dominum,
830 320 854 345 *
875 331 1004 370 quem

174 375 352 417 laudant
368 374 538 425 Angeli‚
560 387 691 427 quem
707 374 942 416 Cherubim
962 380 1005 416 et

173 431 420 484 Seraphim,
444 430 649 482 Sanctus,
674 431 877 481 Sanctus,
902 432 1004 474 San-

125 535 128 538 ,
174 494 270 530 ctus
289 488 576 540 proclamant.

230 548 265 585 3.
291 544 444 595 Angeli
459 547 613 586 eorum
626 546 649 569 *
665 557 840 597 semper
854 542 1006 585 vident

173 600 331 642 faciem
349 601 494 642 Patris
514 601 610 651 mei,
632 602 706 653 qui
722 606 790 643 est
808 602 851 642 in
871 600 1006 643 coelis.

229 660 266 697 4.
297 657 562 699 Benedictus
581 658 717 707 Deus,
741 659 764 685 *
792 658 867 710 qui
889 657 1006 698 misit

175 714 393 766 Angelum
431 728 578 764 suum,
619 720 663 756 et
702 715 814 756 eruit
851 727 1007 756 servos

175 784 290 822 suOS,
311 772 386 823 qui
405 770 686 814 crediderunt
705 772 748 812 in
769 784 879 812 eum.

229 829 266 868 5.
294 828 494 870 Laudate
518 829 662 870 Deum
687 830 711 855 *
738 840 890 869 omnes
918 827 1005 868 An-

175 884 261 936 geli
286 885 392 937 ejus,
420 883 598 927 laudate
622 898 722 927 eum
747 897 900 927 omnes
923 884 1005 926 vir-

176 944 294 983 tutes
313 942 415 994 ejus.
752 974 761 979 .

230 996 491 1048 Capitulum.
676 995 815 1036 Exod.
832 997 896 1035 23.
915 995 954 1036 d.

175 1048 333 1155 Ecce
346 1066 427 1105 ego
438 1055 610 1096 mittam
621 1054 840 1106 Angelum
850 1066 1008 1102 meum,

275 1110 349 1163 qui
374 1110 601 1164 praecedat
626 1116 690 1161 te,
719 1116 763 1153 et
787 1109 1009 1152 custodiat

176 1167 221 1207 in
235 1167 316 1217 via,
333 1172 376 1209 et
387 1167 640 1210 introducat
654 1167 866 1217 inlocum,
878 1180 1010 1220 quem

177 1224 340 1276 paravi.
378 1224 579 1266 Observa
602 1237 717 1274 eum,
743 1230 787 1267 et
813 1223 915 1266 audi
935 1236 1009 1265 vo-

179 1293 275 1322 cem
295 1281 395 1332 ejus'
487 1313 697 1355 vanus.

331 1374 454 1414 terne
475 1373 642 1415 Rector
661 1372 864 1423 siderum,

352 1430 447 1481 Qui,
468 1429 684 1483 quidquid
703 1435 770 1472 est
789 1429 987 1482 potentia

259 1486 418 1538 Magna
438 1487 608 1537 creasti,
628 1500 710 1529 nec
729 1486 845 1538 regis

260 1543 429 1585 Minore
451 1544 748 1597 providentia:

216 1604 380 1646 Adesto
400 1605 743 1658 supplicantium

259 1661 361 1702 Tibi
380 1664 557 1703 reorum
575 1662 720 1707 co'etui,

259 1717 480 1771 Lucisque
501 1718 582 1760 sub
603 1717 913 1772 crepusculum

261 1774 426 1816 Lucem
445 1788 606 1817 novam
626 1774 683 1817 da
701 1774 933 1816 mentibus.

214 1836 421 1888 'suusque
440 1837 567 1879 nobis
587 1836 785 1888 Angelus

262 1892 440 1935 Electus
460 1893 517 1935 ad
536 1893 794 1939 custodiam,

263 1948 350 1991 Hic
368 1948 499 2000 adsit;
519 1963 545 1991 a
564 1949 769 2001 contagio

263 2005 323 2047 Ut
343 2006 572 2047 criminum
591 2019 672 2048 nos
692 2007 908 2058 protegat.

217 2064 354 2108 Nobis
374 2066 579 2109 draconis
601 2067 747 2108 aemuli

264 2123 495 2165 Versutias
517 2123 792 2172 exterminet3

265 2178 334 2221 Ne
354 2185 449 2222 rete
468 2180 774 2222 fraudulentiae

266 2236 448 2278 Incauta
466 2242 614 2279 nectat
632 2238 827 2289 pectora.

216 2295 381 2338 Metum
399 2297 583 2350 repellat
602 2297 795 2339 hostium

266 2352 442 2394 Nostris
461 2353 615 2406 procul
636 2353 691 2396 de
710 2353 889 2396 finibus:

267 2409 428 2450 Pacem
446 2413 656 2462 procuret
675 2409 847 2459 civium,

267 2464 497 2517 Fugetque
516 2466 824 2518 pestilentiam,

223 2526 316 2567 Deo
334 2526 454 2567 Patri
473 2526 529 2568 sit
548 2526 697 2577 gloria,

269 2581 364 2632 Qui,
384 2594 496 2634 quos
515 2582 700 2624 redemit
720 2583 866 2633 Filius,

269 2638 327 2680 Et
345 2643 521 2680 sanctus
541 2639 663 2680 unxit
683 2639 882 2692 Spiritus,

269 2695 355 2736 Per
375 2694 571 2745 Angelos
591 2695 823 2737 custodiat.
851 2696 1004 2737 Amen.

1115 257 1164 308 V.
1177 263 1229 303 In
1245 264 1488 315 conspectu
1501 263 1770 314 Angelorum
1783 264 1890 316 psal-

1058 319 1145 360 lam
1170 319 1249 360 tibi
1275 319 1396 360 Deus
1421 332 1557 361 meus.
1596 319 1646 370 R».
1672 320 1888 362 Adorabo

1059 375 1116 417 ad
1134 375 1348 428 templum
1363 381 1562 417 sanctum
1575 382 1710 427 tuum,
1730 382 1774 419 et
1788 390 1887 419 con-

1059 432 1220 474 fitebor
1239 433 1404 474 nomini
1422 438 1512 474 tuo.

1116 489 1185 530 Ad
1228 489 1386 530 Bened.
1430 492 1529 530 Ant.
1567 491 1786 532 Reversus
1823 497 1890 533 est

1061 544 1256 596 Angelus
1284 548 1308 573 *
1337 546 1411 598 qui
1445 547 1710 600 loquebatur
1737 547 1782 588 in
1808 561 1890 595 me,

1061 606 1104 643 et
1130 602 1357 644 suscitavit
1383 616 1469 653 me3
1500 604 1625 656 quasi
1647 603 1789 645 virum
1816 604 1890 656 qui

1060 659 1297 700 suscitatur
1317 672 1342 700 a
1360 672 1516 702 somno
1537 673 1628 702 suo.

1399 720 1565 760 Oratio.

1064 775 1244 880 Deus,
1273 776 1347 828 qui
1375 777 1585 819 ineffabili
1612 776 1893 830 providentia

1173 839 1351 875 sanctos
1383 834 1578 886 Angelos
1605 840 1706 877 tuos
1735 833 1791 876 ad
1818 847 1892 876 no-

1061 895 1198 932 stram
1218 891 1466 933 custodiam
1483 893 1660 933 mittere
1680 891 1894 943 dignaris:

1061 947 1219 998 largire
1239 947 1513 1000 supplicibus
1535 948 1641 998 tuis3
1669 953 1714 990 et
1741 949 1894 990 eorum

1062 1016 1238 1056 semper
1260 1005 1537 1057 protectione
1557 1003 1748 1055 defendi,
1771 1010 1816 1047 et
1839 1018 1894 1047 ae-

1061 1062 1186 1102 terna
1204 1062 1418 1103 societate
1433 1060 1636 1113 gaudere.
1662 1062 1748 1103 Per
1767 1063 1895 1103 Dfim.

1334 1127 1402 1163 Ad
1426 1126 1630 1164 Tertiam.

1117 1179 1216 1219 Ant.
1244 1178 1495 1221 Laudemus
1514 1180 1765 1222 Dominum.

1117 1240 1256 1293 Capit.
1286 1242 1401 1282 Ecce
1421 1254 1515 1292 ego.
1542 1246 1591 1281 ut
1611 1252 1754 1291 supra.

1117 1303 1167 1354 Rv.
1196 1301 1258 1342 br.
1304 1301 1435 1343 Stetit
1473 1300 1670 1353 Angelus
1704 1301 1726 1325 *
1766 1302 1899 1345 Juxta

1065 1371 1186 1399 aram
1217 1357 1384 1411 templi.
1436 1358 1578 1400 Stetit.
1625 1351 1676 1404 V.
1716 1358 1898 1401 Habens

1065 1414 1337 1456 thuribulum
1365 1418 1547 1457 aureum
1580 1416 1624 1457 in
1651 1429 1783 1458 manu
1810 1429 1899 1458 sua.

1065 1472 1208 1513 Juxta.
1247 1471 1401 1513 Gloria
1418 1472 1552 1513 Patri.
1588 1473 1730 1515 Stetit.

1120 1522 1169 1573 V.
1187 1527 1401 1570 Ascendit
1426 1528 1570 1570 fumus
1590 1531 1837 1572 aromatum
1855 1529 1899 1570 in

1068 1586 1311 1638 conspectu
1321 1584 1419 1626 Dfii.
1442 1587 1492 1639 R'·
1507 1586 1575 1627 De
1590 1599 1722 1628 manu
1731 1585 1901 1638 Angeli.

1347 1650 1416 1686 Ad
1439 1650 1627 1688 Sextam.

1121 1703 1219 1743 Ant.
1250 1703 1409 1755 Angeli
1428 1705 1592 1746 eorum.

1122 1767 1383 1821 Capitulum.
1570 1764 1712 1806 Exod.
1727 1765 1791 1805 23.
1808 1763 1847 1804 d.

1068 1824 1217 1932 Nec
1236 1831 1606 1873 contemnendum
1624 1836 1773 1884 putes:
1801 1831 1901 1883 quia

1184 1900 1273 1928 non
1293 1887 1484 1930 dimittet
1503 1900 1603 1929 cum
1625 1887 1902 1940 peccaveris:

1070 1949 1114 1986 et
1133 1949 1200 1986 est
1218 1957 1379 1986 nomen
1398 1957 1544 1986 meum
1561 1944 1606 1986 in
1624 1944 1712 1986 illo.

1121 2008 1171 2058 R.
1187 2006 1249 2048 br.
1270 2005 1484 2048 Ascendit
1498 2006 1642 2047 fumus
1657 2007 1902 2048 aromatum

1069 2065 1091 2087 *
1113 2062 1165 2103 In
1185 2064 1429 2115 conspectu
1447 2062 1636 2104 Domini.
1677 2061 1902 2104 Ascendit.

1070 2114 1119 2167 V.
1152 2119 1221 2160 De
1257 2132 1389 2160 manu
1422 2119 1591 2171 Angeli.
1635 2119 1699 2160 In.
1747 2117 1902 2160 Gloria

1070 2176 1202 2218 Patri.
1231 2175 1455 2218 Ascendit.

1121 2229 1172 2280 V.
1189 2233 1240 2273 In
1257 2234 1499 2285 conspectu
1510 2231 1782 2284 Angelorum
1795 2232 1903 2284 psal·

1070 2290 1158 2330 lam
1183 2289 1263 2331 tibi
1289 2290 1412 2332 Deus
1435 2302 1572 2331 meus.
1603 2289 1655 2341 R.
1686 2288 1901 2331 Adorabo

1072 2345 1130 2387 ad
1142 2346 1357 2398 templum
1371 2351 1571 2388 sanctum
1585 2350 1720 2396 tuum,
1742 2350 1785 2387 et
1800 2358 1900 2387 con-

1072 2402 1233 2445 fitebor
1251 2403 1416 2444 nomini
1434 2407 1524 2444 tuo.

1354 2468 1421 2504 Ad
1443 2468 1628 2504 Nonam.

1127 2520 1226 2560 Ant.
1253 2518 1451 2562 Laudate
1470 2519 1625 2560 Deum.

1175 2579 1435 2633 Capitulum.
1543 2580 1679 2622 Exod.
1690 2581 1753 2620 23.
1765 2593 1799 2622 e.

1151 2640 1240 2682 uod
1270 2641 1306 2681 si
1331 2639 1521 2682 audieris
1540 2653 1697 2683 vocem
1722 2642 1831 2694 ejus,
1859 2646 1903 2683 et

1175 2696 1331 2738 feceris
1352 2697 1497 2738 omnia
1517 2709 1616 2748 quae
1637 2697 1806 2750 loquor,
1825 2698 1900 2739 ini-
