2040 2944
196 181 240 217 6*
543 178 614 212 Die
638 178 667 211 3.
692 177 794 220 Sept.
841 178 876 212 S.
901 178 1103 213 Elisabeth
1128 179 1220 223 Reg.
1246 179 1457 223 Portugall.
1482 179 1569 214 Vid.

197 277 328 319 bonae
339 275 576 317 voluntatis
587 279 675 315 tuae
692 272 914 315 coronasti
928 285 1026 314 eam

197 333 394 375 Domine.
410 332 467 373 Et
477 331 714 372 voluntate.
731 329 885 371 Gloria
894 329 1026 371 Patri.

198 391 254 432 Et
272 389 509 431 voluntate.

428 488 476 527 In
495 489 545 527 II.
566 488 789 528 Nocturno.

249 561 347 600 Ant.
364 560 551 612 Propter
561 559 803 608 veritatem,
814 559 837 585 *
849 562 893 599 et
905 570 1022 599 man-

195 615 486 666 suetudinem,
520 621 563 658 et
595 615 803 668 justitiam
833 613 1024 656 deducet

194 678 239 714 te
258 672 513 714 mirabiliter
534 672 715 714 dextera
733 677 819 714 tua.

246 740 344 780 Ant.
393 741 555 780 Arcum
582 740 780 779 conteret
804 738 827 763 *
855 742 898 779 et
923 749 1022 778 con-

194 795 352 860 fringet
384 807 521 844 arma,
556 799 599 836 et
634 799 758 836 scuta
792 793 1024 835 comburet

194 866 208 893 1
238 865 293 893 m.

209 865 344 960 gAnt.
393 917 563 960 Justitia
589 917 613 942 *
646 920 690 957 et
721 915 1024 958 misericordia

193 975 324 1028 plena
344 979 410 1016 est
430 974 612 1015 dextera
630 978 716 1015 tua.

246 1035 295 1086 V.
321 1040 458 1091 Virga
491 1044 583 1089 tua,
617 1043 660 1080 et
693 1037 878 1079 baculus
910 1042 1023 1078 tuus.

194 1096 243 1147 R.
270 1098 374 1151 Ipsa
401 1109 471 1138 me
500 1095 730 1138 consolata
758 1099 869 1136 sunt.

493 1172 645 1214 Lectio
665 1174 717 1213 iv.

200 1259 208 1295 Ἰ.
271 1244 497 1291 lisabeth
514 1243 748 1294 Aragoniae
763 1243 938 1293 regibus
955 1256 1020 1285 or-

200 1335 208 1353 ,
230 1300 297 1353 [12:³²
325 1307 426 1351 tam,
456 1300 617 1342 Christi
645 1312 759 1341 anno
787 1299 1020 1342 millesimo

204 1361 298 1382 'v
327 1358 627 1400 ducentesimo
695 1357 1020 1409 septuagesimo

192 1417 350 1470 primo,
377 1416 420 1456 in
448 1414 714 1468 praesagium
740 1413 898 1454 futurae
927 1426 1020 1454 san-

193 1473 414 1515 ctimoniae
433 1473 649 1525 parentes,
664 1475 828 1524 praeter
842 1482 1020 1520 morem,

192 1530 345 1572 relicto
373 1529 526 1571 matris
555 1528 753 1580 aviaeque
782 1527 967 1576 nomine,
995 1540 1021 1568 a

191 1600 348 1638 magna
376 1587 466 1637 ejus
494 1587 740 1633 matertera,
767 1583 1021 1634 Thuringiae

193 1643 380 1693 domina,
400 1647 549 1684 sancta
564 1640 800 1690 Elisabeth,
820 1640 863 1680 in
882 1639 1020 1692 bapti-

193 1714 287 1742 smo
307 1700 575 1741 nominatam
594 1698 785 1739 voluere.
813 1696 898 1738 Ubi
918 1703 1021 1738 nata

193 1763 269 1807 est,
298 1756 445 1798 statim
475 1755 633 1808 patuit,
667 1767 797 1806 quam
825 1753 928 1794 felix
956 1766 1019 1795 re-

191 1826 294 1863 gum
311 1815 634 1864 regnorumque
654 1815 771 1851 esset
786 1810 931 1850 futura
945 1823 1019 1862 pa-

192 1870 350 1911 catrix:
382 1867 578 1910 natalitia
607 1867 722 1908 enim
750 1867 840 1917 ejus
868 1866 1020 1908 laetitia

190 1925 460 1978 perniciosas
493 1925 562 1965 avi
595 1925 822 1976 patrisque
855 1922 1019 1964 dissen-

192 1982 338 2023 siones
378 1982 426 2022 irs
467 1979 749 2022 concordiam
792 1980 1019 2021 convertit.

191 2039 321 2080 Pater
341 2051 447 2079 vero
473 2036 708 2079 crescentis
732 2037 890 2088 postea
916 2035 1018 2077 filiae

191 2094 429 2136 admiratus
440 2093 643 2142 indolem,
655 2092 902 2133 affirmabat
912 2092 1018 2142 fore,

191 2156 238 2191 ut
263 2164 349 2192 una
377 2149 603 2191 Elisabeth
631 2149 821 2201 reliquas
852 2148 1017 2200 Arago-

190 2207 359 2248 niorum
377 2220 528 2257 regum
545 2206 754 2257 sanguine
773 2207 944 2246 creatas
960 2205 1017 2246 fe-

191 2263 330 2304 minas
349 2264 508 2305 virtute
527 2263 656 2313 longe
677 2264 915 2313 superaret.
947 2262 1018 2303 Sic

191 2318 415 2361 coelestem
453 2320 589 2371 ipsius
626 2318 760 2359 vitam
795 2318 838 2358 in
872 2323 1016 2360 conte-

190 2374 378 2416 mnendo
395 2375 593 2427 corporis
609 2376 778 2423 ornatu,
794 2375 836 2414 in
852 2374 1015 2424 fugien-

191 2430 258 2471 dis
294 2431 615 2483 voluptatibus,
652 2431 695 2471 in
732 2430 898 2482 jejuniis
936 2430 1016 2471 fre—

191 2486 463 2538 quentandis,
487 2488 529 2527 in
551 2487 707 2528 divinis
727 2486 932 2539 precibus
952 2500 1016 2528 as-

191 2542 314 2585 sidue
333 2543 579 2592 recitandis,
599 2543 640 2583 in
661 2544 855 2584 caritatis
876 2544 1016 2595 operi-

189 2600 271 2641 bus
299 2599 567 2648 exercendis,
595 2602 841 2649 veneratus,
870 2613 1015 2640 rerum

189 2659 366 2697 suarum
385 2657 594 2706 regnique
614 2654 866 2696 felicitatem
888 2658 1015 2697 unius

188 2713 292 2753 filiae
325 2711 492 2753 meritis
526 2709 743 2753 referebat
777 2713 1015 2763 acceptam.

1078 274 1279 316 Tandem
1304 275 1468 327 ubique
1492 280 1609 325 nota,
1638 281 1682 318 et
1709 289 1735 318 a
1759 276 1908 318 multis

1078 331 1349 384 principibus
1365 334 1586 384 exoptata,
1600 332 1814 385 Dionysio
1825 332 1907 374 Lu-

1079 388 1247 429 sitam‘ae
1262 388 1355 440 regi
1370 387 1618 430 christianis
1633 389 1908 431 caeremoniis

1078 444 1160 486 rite
1185 450 1251 486 est
1274 445 1318 486 in
1336 445 1662 487 matrimonium
1680 445 1907 487 collocata.

1134 514 1182 566 R'·
1206 508 1325 551 Audj
1350 509 1450 560 filia,
1477 514 1522 551 et
1544 509 1656 560 vide,
1680 514 1724 552 et
1748 509 1908 552 inclina

1077 577 1227 606 aurem
1252 571 1383 616 tuam,
1411 571 1455 608 et
1481 566 1742 608 obliviscere
1767 568 1906 620 popu-

1076 621 1166 662 lum
1189 627 1323 673 tuum,
1348 628 1391 665 et
1415 622 1595 665 domum
1618 623 1757 676 patris
1779 622 1858 664 tui:
1885 629 1908 653 *

1076 678 1133 720 Et
1147 682 1431 733 concupiscet
1441 681 1539 722 Rex
1549 678 1757 722 decorem
1770 684 1906 722 tuum.

1081 733 1127 784 V.
1151 735 1308 788 Specie
1327 742 1403 778 tua
1422 741 1466 779 et
1484 735 1812 790 pulchritudine
1830 741 1906 778 tua

1075 791 1263 843 intende,
1291 796 1507 847 prospere
1535 792 1741 846 precede,
1771 797 1815 835 et
1842 805 1906 835 re-

1075 861 1170 899 gna.
1206 850 1263 891 Et
1282 853 1578 904 concupiscet.

1386 931 1536 972 Lectio
1557 945 1594 971 v.

1078 994 1279 1101 Juncta
1315 1003 1533 1056 conjugio,
1569 1016 1658 1045 non
1693 1003 1907 1046 minorem

1177 1060 1430 1102 excolendis
1476 1060 1728 1111 virtutibuS‚
1774 1073 1906 1112 quam

1074 1116 1224 1159 liberis
1261 1116 1503 1159 educandis
1541 1119 1723 1170 operam
1760 1116 1905 1168 dabat,

1074 1174 1170 1215 viro
1205 1174 1380 1227 placere
1417 1173 1614 1224 studens,
1650 1173 1738 1219 sed,
1766 1174 1906 1225 magis

1074 1231 1183 1272 Deo.
1237 1230 1429 1273 Mediam
1464 1231 1555 1273 fere
1599 1231 1699 1272 anni
1733 1235 1906 1284 partem

1075 1287 1170 1329 solo
1196 1301 1309 1340 pane
1333 1287 1556 1329 tolerabat
1581 1292 1625 1329 et
1648 1300 1778 1340 aqua:
1805 1300 1904 1340 quae

1073 1345 1116 1385 in
1142 1345 1336 1397 quodam
1359 1345 1497 1397 ipsius
1519 1344 1676 1386 morbo
1697 1344 1904 1386 divinitus

1074 1415 1202 1443 versa
1227 1407 1294 1443 est
1317 1402 1361 1442 in
1386 1402 1551 1452 vinum,
1576 1414 1676 1442 cum
1697 1401 1744 1443 id
1769 1414 1795 1443 a
1816 1403 1902 1443 me-

1075 1457 1185 1500 dicis
1204 1459 1515 1511 praescriptum
1532 1457 1686 1499 bibere
1707 1459 1903 1499 recusas-

1074 1520 1152 1557 set.
1172 1515 1385 1568 Pauperis
1400 1514 1572 1556 feminae
1586 1514 1710 1556 ulcus
1725 1513 1902 1556 horren-

1075 1571 1179 1613 dum
1207 1571 1480 1622 exosculata,
1514 1570 1752 1624 derepente
1781 1573 1903 1612 sana-

1074 1629 1147 1679 vit.
1199 1629 1415 1671 Pecunias
1453 1627 1725 1681 pauperibus
1762 1627 1903 1670 distri-

1074 1684 1291 1735 buendaS‚
1332 1690 1380 1727 ut
1415 1697 1566 1736 regem
1601 1684 1807 1735 laterent,
1843 1685 1903 1726 hi-

1073 1741 1210 1784 berno
1234 1744 1434 1795 tempore
1459 1742 1503 1782 in
1525 1754 1651 1783 rosas
1676 1742 1903 1784 convertit.

1073 1799 1302 1850 Virginem
1326 1812 1490 1840 caecam
1513 1811 1539 1840 a
1559 1798 1786 1840 nativitate
1810 1798 1902 1840 illu-

1073 1855 1273 1897 minavit:
1305 1855 1467 1897 multos
1496 1855 1606 1896 alios
1635 1854 1731 1897 solo
1760 1855 1902 1897 crucis

1073 1912 1196 1963 signo
1221 1925 1247 1953 a
1270 1912 1540 1963 gravissimis
1563 1911 1730 1953 morbis
1748 1911 1902 1954 libera-

1072 1969 1151 2010 vit:
1169 1969 1359 2022 plurima
1377 1969 1423 2011 id
1441 1981 1579 2020 genus
1597 1968 1807 2009 miracula
1826 1981 1900 2021 pa-

1071 2027 1214 2067 travit.
1234 2024 1511 2075 Monasteria,
1528 2025 1722 2076 collegia,
1737 2030 1781 2066 et
1793 2029 1899 2066 tem-

1071 2081 1146 2134 pla
1164 2095 1252 2124 non
1270 2081 1405 2123 modo
1426 2081 1652 2130 exstruxit,
1672 2079 1751 2122 sed
1769 2081 1900 2122 etiam

1071 2138 1301 2190 magnifice
1330 2137 1512 2180 dotavit.
1552 2138 1604 2178 In
1633 2150 1786 2188 regum
1815 2136 1898 2179 dis-

1072 2194 1234 2237 cordiis
1272 2193 1592 2247 componendis
1629 2193 1899 2236 admirabilis

1071 2252 1166 2294 fuit:
1197 2252 1240 2292 in
1273 2251 1457 2304 privatis
1483 2250 1761 2304 publicisque
1785 2262 1899 2291 mor·

1070 2308 1224 2350 talium
1260 2307 1542 2350 sublevandis
1578 2305 1898 2348 calamitatibus

1069 2363 1298 2406 indefessa.

1125 2429 1174 2481 R.
1200 2429 1378 2470 Manum
1397 2441 1521 2469 suam
1542 2427 1661 2468 misit
1679 2426 1736 2469 ad
1755 2426 1898 2468 fortia:

1072 2482 1095 2505 *
1122 2486 1300 2526 Manum
1329 2498 1453 2526 suam
1481 2483 1653 2536 aperuit
1679 2484 1819 2536 inopi,
1854 2488 1898 2524 et

1068 2542 1239 2595 palmas
1254 2555 1355 2583 suas
1367 2540 1563 2582 extendit
1577 2539 1633 2581 ad
1644 2543 1897 2592 pauperem.

1071 2593 1121 2646 V.
1137 2598 1373 2651 Dispersit,
1393 2597 1516 2639 dedit
1535 2596 1818 2648 pauperibus,
1837 2596 1896 2648 ju-

1068 2656 1186 2696 stitia
1215 2657 1306 2707 ejus
1335 2658 1482 2695 manet
1508 2653 1552 2693 in
1582 2653 1791 2694 saeculum
1818 2654 1895 2693 sae-

1068 2711 1164 2752 culi.
1191 2712 1370 2752 Manum
1387 2722 1521 2751 suam.
