2040 2944
173 167 265 212 [154]

175 277 273 306 eum
306 264 497 306 salutare
528 265 679 316 ipsius:
707 265 731 290 *
758 269 807 305 ut
833 263 998 305 inhabi-

174 326 238 363 tet
256 321 393 372 gloria
413 321 456 361 in
475 326 593 362 terra
611 325 772 362 nostra.

225 377 547 426 Misericordia,
582 382 625 419 et
656 377 819 418 veritas
852 377 998 419 obvia-

174 437 328 476 verunt
348 433 444 476 sibi:
463 436 487 460 *
506 434 683 485 justitia,
708 439 751 476 et
769 447 857 487 pax
876 447 999 475 oscu-

174 491 275 533 latae
295 496 406 532 sunt.

225 548 402 589 Veritas
435 547 490 589 de
524 553 641 589 terra
670 553 766 590 orta
796 553 878 590 est:
905 549 929 574 *
957 552 1001 589 et

174 604 335 657 justitia
355 603 411 645 de
430 603 545 646 coelo
564 605 802 658 prospexit.

225 661 399 702 Etenim
422 661 637 702 DOminus
662 661 783 703 dabit
809 650 1000 712 benigni-

175 718 368 760 tatem:*
389 723 432 760 et
455 723 573 759 terra
596 724 749 760 nostra
773 717 896 759 dabit
917 717 1001 758 fru-

175 780 292 816 ctum
312 788 448 816 suum.

226 831 250 872 J
252 832 400 873 ustitia
433 836 532 873 ante
565 844 664 873 eum
695 831 951 873 ambulabit:
979 832 1002 857 *

175 894 218 930 et
237 894 373 941 ponet
392 889 436 928 in
456 889 526 929 via
544 902 721 940 gressus
741 901 857 930 suos.

228 945 381 986 Gloria
405 945 536 987 Patri.

437 1020 630 1060 l’salmus
662 1022 739 1059 116.

171 1077 391 1182 Eudate
406 1080 641 1121 Dominum
658 1093 809 1122 omnes
823 1081 1004 1122 Gentes:

270 1138 293 1162 *
312 1137 488 1178 laudate
508 1150 607 1178 eum
627 1141 778 1178 omnes
797 1137 965 1190 populi:

229 1194 445 1243 Quoniam
480 1193 738 1235 confirmata
771 1200 838 1235 est
873 1206 1005 1246 super

176 1262 257 1291 nos
280 1249 581 1291 misericordia
601 1250 706 1302 ejus:
730 1250 754 1275 *
779 1255 822 1291 et
842 1251 1004 1291 veritas

176 1306 354 1347 Domini
372 1311 518 1347 manet
536 1307 579 1347 in
599 1308 821 1347 aetemum.

230 1363 382 1404 Gloria
399 1363 530 1404 Patri.

226 1427 326 1466 Ant.
357 1427 594 1476 Assumpta
613 1428 680 1465 est
698 1423 837 1464 Maria
855 1423 899 1464 in
918 1435 1003 1464 coe-
1064 1420 1167 1436 ’

177 1480 285 1521 lum:
327 1479 519 1531 gaudent
554 1480 731 1531 Angeli:
773 1479 1004 1521 laudantes

177 1536 443 1578 benedicunt
461 1537 708 1578 Dominum.

267 1608 524 1659 Capitulum.
686 1611 803 1648 (lant.
824 1611 861 1647 (ὃ.
882 1621 915 1648 c.

180 1653 332 1778 Quae
362 1675 429 1712 est
457 1671 560 1721 ista,
597 1684 696 1724 quae
723 1670 1006 1724 progreditur

283 1728 406 1780 quasi
430 1730 588 1770 aurora
611 1731 890 1779 consurgens,
912 1727 1004 1780 pul-

178 1783 282 1825 chra
301 1789 349 1825 ut
368 1784 480 1834 luna,
505 1785 645 1826 electa
662 1791 711 1826 ut
734 1787 812 1833 sol,
836 1784 1004 1826 terribi-

178 1841 230 1881 lis
249 1846 295 1882 ut
314 1843 561 1882 castrorum
580 1842 696 1883 acies
717 1839 940 1883 ordinata?

233 1900 279 1951 lx‘g.
307 1898 404 1939 Deo
424 1898 598 1949 gratias.

230 1952 279 2001 V.
307 1955 500 2005 Dignare
523 1968 593 1997 me
618 1954 798 1996 laudare
823 1959 882 2004 te,
908 1954 1005 1996 Vir-

179 2024 235 2061 go
262 2014 444 2052 sacrata.
491 2014 538 2063 R:-
575 2012 644 2053 Da
669 2011 773 2052 mihi
798 2012 1006 2053 virtutem

180 2073 332 2108 contra
351 2067 503 2109 hostes
523 2074 633 2110 tuos.

238 2125 366 2176 Kyrie
398 2124 573 2166 eleison.
627 2125 801 2167 Christe
829 2124 1007 2166 eleison.

190 2181 316 2233 Kyrie
336 2181 511 2223 eleison.

234 2234 280 2283 Y.
319 2238 533 2279 Dominus
569 2238 807 2281 vobiscum.
859 2243 908 2293 Rg.
950 2239 1007 2280 Et

182 2305 279 2334 cum
299 2295 455 2346 spiritu
473 2299 562 2337 tuo.

514 2359 677 2398 Oratio.

270 2422 357 2459 eus,
380 2411 454 2462 qui
472 2411 727 2462 virginalem
746 2411 889 2453 aulam
907 2411 1007 2453 bea-

294 2471 352 2507 tae
381 2466 531 2508 Mariae
572 2468 615 2508 in
654 2481 739 2520 qua
775 2468 1007 2518 habitares,

183 2521 342 2572 eligere
358 2521 561 2573 dignatus
577 2537 639 2565 es:
659 2525 725 2574 da,
742 2527 1007 2576 quaesumus;

182 2583 230 2620 ut
250 2591 328 2619 sua
348 2591 428 2620 nos
449 2579 701 2622 defensione
720 2583 926 2630 munitos,
951 2582 1007 2632 ju-

183 2635 351 2676 cundos
375 2635 509 2677 facias
536 2649 626 2677 suae
653 2638 866 2679 interesse
892 2650 1007 2679 com·

181 2692 500 2734 memorationi:
519 2693 603 2742 Qui
622 2693 732 2735 vivis
751 2700 794 2736 et
812 2706 980 2745 regnas.

669 174 844 209 Officium
870 183 1033 215 parvum
1057 172 1098 206 B.
1124 172 1256 205 Maria:
1281 171 1385 213 Virg.

1324 263 1392 302 Ad
1415 264 1616 302 Tertiam.

1112 324 1201 362 Ave
1218 320 1368 361 Maria.

1106 379 1155 429 Y.
1181 382 1302 423 Deus
1322 381 1365 421 in
1383 379 1658 432 adjutorium.

1360 445 1569 495 Hymnus.

1188 500 1373 548 emento,
1392 510 1537 539 rerum
1558 496 1781 547 Conditor,

1206 555 1360 597 Nostri
1381 554 1501 606 quod
1522 554 1626 596 olim
1646 553 1845 606 corporis

1130 613 1311 654 Sacrata
1332 611 1387 652 ab
1407 611 1507 652 alvo
1527 610 1721 662 Virginis

1130 668 1366 711 Nascendo
1385 669 1571 710 formam
1591 667 1839 720 sumpseris.

1081 737 1218 777 Maria
1235 734 1377 775 Mater
1396 734 1561 785 gratiae,

1131 791 1285 832 Dulcis
1303 791 1467 831 Parens
1488 790 1742 844 clementiae,

1133 848 1202 889 Tu
1221 860 1302 889 nos
1322 847 1376 889 ab
1397 847 1524 888 hoste
1543 849 1739 900 protege,

1133 905 1190 946 Et
1208 904 1363 946 mortis
1381 904 1491 946 hora
1510 904 1694 956 suscipe.

1081 974 1196 1020 Jesu,
1214 969 1295 1012 tibi
1314 969 1370 1011 sit
1388 969 1539 1020 gloria,

1134 1027 1217 1078 Qui
1236 1031 1364 1067 natus
1384 1039 1431 1068 es
1452 1025 1507 1067 de
1525 1025 1718 1077 Virgine,

1135 1084 1244 1125 Cum
1262 1083 1402 1131 Patre,
1423 1088 1466 1124 et
1486 1082 1601 1124 almo
1622 1083 1786 1135 Spiritu

1133 1141 1183 1181 In
1204 1140 1471 1193 sempiterna
1490 1139 1662 1180 saecula.
1690 1139 1843 1181 Amen.

1111 1205 1211 1243 Ant.
1240 1202 1375 1242 Maria
1394 1199 1544 1250 Virgo.

1322 1262 1519 1301 psalmus
1542 1262 1619 1301 119

1064 1331 1131 1370 χες,
1146 1331 1193 1374 τῖς,
1210 1318 1239 1360 d
1263 1318 1501 1359 Dominum
1529 1330 1628 1358 cum
1654 1316 1886 1359 tribularer

1068 1371 1079 1410 Ι.
1100 1404 1189 1421 0
1227 1374 1424 1416 clamavi.
1448 1374 1472 1399 *
1497 1379 1540 1415 et
1563 1371 1786 1415 exaudivit
1803 1385 1885 1414 me.

1278 1431 1466 1472 Domine
1512 1430 1650 1472 libera
1696 1429 1886 1471 animam

1057 1501 1199 1530 meam
1218 1501 1244 1529 a
1262 1487 1419 1529 labiis
1407 1487 1577 1540 iniquis,
1595 1487 1680 1528 *et
1697 1499 1723 1527 a
1738 1486 1886 1538 lingua

1058 1544 1222 1586 dolosa.

1110 1601 1226 1653 Quid
1250 1601 1377 1643 detur
1395 1601 1493 1650 tibi,
1521 1604 1596 1642 aut
1620 1599 1725 1651 quid
1749 1612 1885 1652 appo-

1057 1661 1186 1700 natur
1210 1658 1339 1700 tibi*
1364 1657 1420 1699 ad
1444 1657 1635 1709 linguam
1664 1655 1885 1698 dolosam?

1109 1720 1288 1771 Sagittae
1321 1718 1515 1772 potentis
1548 1720 1706 1767 acutae,
1733 1717 1757 1743 '⁸¹
1786 1729 1885 1758 cum

1058 1776 1322 1819 carbonibus
1342 1774 1630 1818 desolatoriis.

1109 1834 1210 1875 Heu
1235 1832 1360 1882 mihi,
1390 1832 1491 1885 quia
1517 1830 1735 1873 incolatus
1761 1843 1885 1872 meus

1058 1890 1344 1944 prolongatus
1365 1894 1444 1931 est:
1471 1887 1666 1930 habitavi
1691 1900 1791 1929 cum
1812 1887 1885 1928 ha—

1058 1946 1299 1989 bitantibus
1320 1945 1520 1988 Cedarz*
1538 1944 1722 1986 multum
1744 1943 1887 1986 incola

1058 2004 1138 2045 fuit
1158 2003 1300 2044 anirna
1318 2015 1427 2044 mea.

1112 2060 1222 2102 Cum
1257 2059 1340 2108 his,
1388 2059 1461 2111 qui
1497 2057 1684 2100 oderunt
1719 2069 1886 2109 pacem,

1061 2129 1179 2158 eram
1220 2115 1447 2169 pacificus:
1478 2115 1502 2141 *
1535 2127 1633 2156 cum
1673 2112 1886 2166 loquebar

1059 2173 1154 2221 illis,
1173 2170 1488 2225 impugnabant
1505 2183 1575 2212 me
1594 2170 1740 2222 gratis.

1112 2233 1264 2275 Gloria
1283 2233 1415 2274 Patri.

1319 2292 1517 2332 Psalmus
1540 2293 1627 2331 120.

1062 2342 1247 2447 Levavi
1272 2349 1425 2391 oculos
1444 2361 1567 2391 meos
1589 2348 1634 2388 in
1656 2352 1839 2397 montes,
1863 2348 1887 2374 *

1154 2406 1270 2448 unde
1289 2407 1434 2447 veniet
1452 2404 1659 2447 auxilium
1677 2403 1793 2444 mihi.

1113 2468 1335 2509 Auxilium
1351 2480 1497 2509 meum
1516 2479 1541 2507 a
1555 2466 1756 2515 Domino,
1773 2467 1796 2492 *
1813 2465 1886 2517 qui

1060 2525 1163 2567 fecit
1181 2525 1342 2566 coelum
1361 2529 1405 2565 et
1424 2529 1597 2565 terram.

1111 2582 1214 2623 Non
1250 2581 1326 2622 det
1360 2580 1404 2620 in
1441 2579 1779 2620 commotionem
1813 2590 1885 2630 pe-

1060 2637 1161 2679 dem
1187 2643 1327 2679 tuum:
1355 2637 1378 2662 *
1405 2648 1548 2688 neque
1577 2634 1785 2677 dormitet
1813 2634 1887 2687 qui

1060 2693 1253 2735 custodit
1271 2698 1325 2734 te.
