2040 2944
624 205 727 239 Infra
753 206 1047 241 Hebdomadam
1073 208 1108 242 ii.
1135 211 1380 252 Septembris,

154 302 198 339 et
215 297 439 340 festinavit
455 299 500 340 in
519 299 623 342 dolo
645 314 726 354 pes
744 314 882 343 meus:
907 315 979 355 ap-

78 394 81 397 .
152 354 317 407 pendat
334 367 404 396 me
421 355 465 396 in
485 358 648 398 statera
666 358 788 408 justa,
809 362 852 399 et
871 359 981 400 sciat

152 410 620 463 Deussimplicitatem
639 425 792 454 meam.

205 468 256 520 R.
282 467 389 518 Quis
407 468 514 509 mihi
532 468 706 510 tribuat.
726 470 811 510 132.

462 525 613 566 Lectio
634 526 672 566 ii.

156 576 234 684 Si
276 580 510 624 declinavit
549 594 724 633 gressus
752 596 886 630 ‚meus
925 583 980 626 de

238 637 322 686 via,
358 643 401 679 et
431 639 469 679 si
501 641 699 680 secutum
732 644 799 681 est
827 640 979 682 oculos

152 706 274 735 meos
311 707 388 735 cor
420 707 583 744 meum,
627 701 670 736 et
706 697 742 737 si
778 696 978 738 manibus

152 750 262 791 meis
295 749 482 792 adhaesit
514 752 699 793 macula:
741 765 898 803 seram,
936 758 979 795 et

154 806 263 847 alius
291 806 509 848 comedat:
547 813 591 849 et
621 810 855 860 progenies
882 823 979 851 mea

153 861 410 904 eradicetur.
463 864 512 905 Si·
541 863 774 916 deceptum
804 871 871 907 est
902 879 978 907 cor

152 931 299 959 meum
344 932 476 973 super
519 921 718 971 muliere,
765 927 808 963 et
849 923 886 962 si
921 921 978 963 ad

154 975 313 1016 ostium
341 976 469 1017 amici
496 977 581 1018 mei
609 976 838 1019 insidiatus
867 992 978 1019 sum:

152 1036 347 1073 scortum
374 1031 551 1074 alterius
578 1033 634 1075 sit
658 1046 770 1075 uxor
791 1047 906 1084 mea,
935 1039 979 1076 et

152 1100 284 1139 super
308 1088 427 1129 illam
451 1089 732 1131 incurventur
758 1090 841 1131 alii.
878 1091 978 1132 Hoc

152 1143 266 1184 enim
291 1144 412 1186 nefas
439 1150 521 1195 est,
549 1150 593 1187 et
615 1146 820 1198 iniquitas
843 1147 976 1188 maxi-

150 1213 232 1241 ma.
273 1201 392 1251 Ignis
426 1206 493 1243 est
519 1215 659 1254 usque
688 1202 745 1244 ad
771 1203 976 1255 perditio-

150 1269 250 1298 nem
269 1256 502 1308 devorans‚
522 1264 565 1300 et
587 1259 732 1300 omnia
751 1259 977 1301 eradicans

149 1313 375 1364 genimina.
422 1315 473 1365 R.
506 1315 691 1357 Utinam.
712 1316 797 1357 133.

449 1370 601 1412 Lectio
624 1372 679 1411 iii.

152 1421 238 1529 Si
286 1428 532 1480 contempsi
577 1428 723 1470 subire
772 1429 978 1482 judicium

235 1496 334 1525 cum
352 1497 481 1526 servo
501 1498 612 1535 11100,
630 1491 674 1527 01
694 1486 851 1528 31101113
869 1500 977 1537 11103,

150 1553 250 1581 011111
290 1540 588 1594 disceptarent
629 1542 862 1584 adversum
897 1557 978 1585 me.

150 1597 266 1647 Quid
291 1598 407 1639 enim
432 1598 589 1639 faciam
613 1612 712 1640 cum
741 1601 978 1642 surrexerit

150 1653 207 1694 ad
226 1653 504 1705 judicandum
517 1654 660 1697 Deus?
682 1661 725 1698 et
744 1669 841 1698 cum
863 1670 977 1708 quae-

123 1757 129 1765 ,
150 1710 285 1760 810111,
308 1711 415 1763 quid
434 1711 714 1765 respondebo
735 1712 818 1754 illi?
843 1714 976 1755 Num-

151 1766 258 1818 quid
282 1779 370 1808 non
395 1767 441 1808 in
466 1771 591 1810 utero
617 1769 720 1810 10011
742 1783 812 1811 1110
838 1771 911 1822 qui
935 1776 979 1812 et

149 1823 271 1864 illum
291 1826 500 1876 operatus
519 1830 602 1866 est:
622 1831 666 1868 01
684 1826 890 1868 formavit
907 1840 978 1868 me

149 1879 194 1920 in
225 1881 355 1921 vulva
385 1880 519 1922 unus?
573 1882 618 1923 Si
649 1883 821 1934 negavi,
858 1883 978 1936 quod

149 1935 373 1986 volebant,
415 1938 699 1991 pauperibus,
744 1945 787 1981 et
824 1939 977 1982 oculos

150 1991 295 2034 viduae
323 1997 582 2046 exspectare
608 1995 707 2037 feci:
741 1996 778 2037 si
805 1996 978 2038 comedi

149 2048 393 2090 buccellam
437 2063 581 2092 meam
624 2051 759 2102 solus,
806 2057 849 2094 01
888 2065 977 2094 11011

152 2105 344 2147 comedit
369 2107 562 2159 pupillus
591 2121 645 2150 ex
673 2121 740 2150 ea:
777 2108 894 2160 (quia
922 2108 976 2150 ab

150 2162 330 2204 infantia
363 2176 461 2205 11103
490 2165 627 2206 crevit
654 2178 826 2207 mecum
851 2165 976 2206 mise-

150 2219 280 2261 ratio:
327 2224 370 2261 01
416 2219 471 2262 de
515 2223 641 2262 utero
678 2222 830 2263 matris
866 2234 977 2263 meae

152 2277 328 2327 egressa
348 2282 414 2318 est
433 2279 629 2328 mecum.)

202 2337 253 2388 R.
280 2334 423 2383 Quare
444 2333 706 2375 detraxistis.
726 2335 805 2376 131.

349 2438 383 2473 F
398 2449 421 2474 0
435 2403 699 2485 τῖρῂῃ
712 2442 729 2474 1
742 2449 778 2475 a.

410 2499 475 2537 De
494 2495 607 2537 libro
626 2496 651 2536 J
654 2495 722 2537 ob.

253 2557 406 2599 Lectio
427 2559 450 2598 i.
686 2557 788 2609 Cap.
807 2558 871 2596 38.

247 2616 496 2668 espondens
512 2621 657 2658 autem
667 2617 880 2658 Dominus
891 2616 916 2657 J
919 2616 975 2658 ob

265 2671 321 2712 de
337 2672 521 2722 turbine,
541 2672 664 2715 dixit:
682 2673 788 2723 Quis
809 2678 875 2714 est
894 2672 976 2713 iste

152 2727 379 2769 involvens
424 2729 660 2771 sententias
702 2728 976 2770 sermenibus

1791 213 1854 249 139

1030 301 1266 354 imperitis?
1302 304 1496 356 Accinge
1523 306 1634 348 sicut
1658 308 1724 349 vir
1749 308 1854 350 lum-

1030 357 1113 399 bos
1144 363 1258 400 tuos:
1297 361 1580 413 interrogabo
1613 369 1674 413 te,
1715 369 1758 406 01
1790 377 1853 406 10-

1030 415 1201 467 sponde
1236 416 1351 457 mihi.
1414 417 1498 459 Ubi
1540 431 1635 460 eras
1678 421 1853 472 quando

1029 470 1249 522 ponebam
1287 472 1566 516 fundamenta
1602 476 1754 517 terrae?
1795 480 1854 518 in-

1030 525 1127 568 dica
1155 527 1259 569 mihi
1287 529 1324 569 si
1351 528 1486 571 habes
1514 532 1854 584 intelligentiam.

1031 583 1137 632 Quis
1161 585 1310 636 posuit
1334 590 1558 628 mensuras
1583 589 1690 640 ejus,
1719 590 1755 630 si
1780 603 1854 631 no-

1031 638 1110 680 sti?
1143 641 1213 681 vel
1246 641 1342 693 quis
1378 643 1562 685 tetendit
1595 657 1726 697 super
1758 659 1852 687 eam

1030 695 1211 737 lineam?
1269 697 1409 750 Super
1451 712 1537 751 quo
1575 700 1703 742 bases
1739 702 1854 744 illius

1031 752 1233 795 solidatae
1251 753 1373 796 sunt?
1396 760 1471 797 aut
1490 757 1585 807 quis
1605 756 1778 800 demisit
1795 759 1853 800 la-

1031 808 1181 861 pidem
1217 810 1469 861 angularem
1506 814 1613 864 ejus‚
1651 826 1748 855 cum
1785 828 1854 857 me

1031 864 1260 908 laudarent
1279 867 1406 907 simul
1425 874 1541 909 astra
1560 872 1784 920 matutina,
1811 877 1855 912 et

1030 921 1260 973 jubilarent
1278 935 1429 965 omnes
1449 924 1525 965 filii
1543 924 1648 966 Dei?

1084 984 1135 1035 Ra.
1160 983 1205 1024 Si
1224 983 1351 1025 bona.
1370 986 1462 1025 130.

1338 1053 1488 1094 Lectio
1511 1055 1549 1094 ii.

1114 1119 1180 1160 uis
1203 1119 1418 1161 conclusit
1434 1120 1556 1162 ostiis
1572 1135 1702 1171 mare,
1724 1135 1854 1174 quan-

1133 1174 1190 1217 do
1215 1176 1473 1228 erumpebat
1499 1178 1622 1229 quasi
1646 1177 1701 1219 de
1724 1179 1854 1221 vulva

1030 1231 1292 1285 procedens:
1325 1245 1423 1274 cum
1454 1235 1664 1285 ponerem
1695 1235 1855 1276 nubem

1031 1289 1339 1330 vestimentum
1359 1290 1462 1341 ejus,
1488 1295 1530 1331 et
1550 1291 1730 1341 caligine
1748 1291 1854 1334 illud

1033 1345 1157 1396 quasi
1172 1345 1328 1398 pannis
1342 1345 1535 1387 infantiae
1551 1347 1853 1389 obvelverem?

1033 1401 1312 1443 Circumdedi
1331 1401 1439 1443 illud
1458 1403 1651 1444 terminis
1671 1404 1790 1453 meis,
1813 1409 1855 1446 et

1030 1458 1159 1510 posui
1177 1463 1359 1509 vectem,
1379 1464 1422 1500 et
1443 1460 1568 1510 ostia3
1589 1465 1632 1502 01
1652 1460 1757 1501 dixi:
1775 1461 1853 1502 Us-

1032 1526 1116 1566 que
1143 1514 1230 1555 huc
1256 1515 1419 1565 1701ιί08,
1453 1521 1496 1557 01
1523 1528 1610 1557 11011
1638 1516 1854 1569 procedes

1031 1571 1235 1623 amplius,
1265 1576 1307 1613 01
1331 1571 1401 1613 hic
1427 1572 1671 1623 confringes
1690 1576 1855 1614 tumen-

1029 1632 1096 1668 tes
1134 1628 1292 1669 fluctus
1328 1633 1439 1669 tuos.
1492 1629 1716 1681 Numquid
1752 1635 1855 1681 post

1031 1689 1176 1725 ortum
1209 1689 1332 1726 tuum
1363 1685 1615 1737 praecepisti
1648 1685 1855 1734 diluculo,

1031 1746 1074 1782 et
1093 1741 1325 1782 ostendisti
1348 1743 1517 1782 aurorae
1541 1741 1687 1782 locum
1707 1740 1853 1782 suum?

1030 1797 1087 1839 Et
1131 1797 1309 1839 tenuisti
1358 1798 1611 1839 concutiens
1662 1800 1855 1839 extrema

1029 1858 1176 1903 terrae,
1204 1859 1247 1895 et
1267 1854 1503 1895 'excussisti
1525 1855 1683 1907 impios
1708 1867 1762 1895 ex
1781 1852 1853 1895 ea?

1081 1915 1133 1966 R».
1159 1915 1418 1967 Antequam.
1438 1915 1516 1955 131.

1196 1980 1199 1985 ’
1331 1984 1481 2025 Lectio
1501 1985 1555 2024 iii.

1028 2045 1339 2151 Restituetur
1358 2059 1405 2095 ut
1419 2054 1558 2095 lutum
1574 2053 1854 2104 signaculum,

1148 2115 1191 2152 et
1223 2109 1356 2151 stabit
1387 2110 1499 2151 sicut
1531 2110 1853 2151 vestimentum:

1030 2167 1249 2208 auferetur
1289 2165 1343 2207 ab
1382 2166 1526 2218 impiis
1562 2166 1637 2206 lux
1671 2179 1764 2215 sua,
1810 2171 1853 2208 et

1028 2223 1256 2266 brachium
1292 2222 1513 2264 excelsum
1549 2222 1852 2273 confringetur.

1029 2278 1254 2331 Numquid
1294 2278 1513 2329 ingressus
1551 2290 1598 2319 es
1634 2278 1853 2331 profunda

1029 2335 1176 2384 maris,
1205 2339 1248 2376 01
1272 2334 1316 2374 111
1340 2333 1588 2375 novissimis
1613 2333 1760 2386 abyssi
1780 2334 1851 2376 de·

1030 2388 1284 2432 ambulasti?
1312 2389 1537 2441 Numquid
1562 2391 1727 2442 apertae
1752 2395 1851 2431 sunt

1029 2446 1109 2488 tibi
1141 2451 1283 2498 portae
1313 2446 1484 2495 mortis,
1518 2450 1561 2487 et
1593 2446 1706 2487 ostia
1734 2450 1850 2487 tene-

1029 2503 1162 2544 bresa
1188 2500 1357 2543 vidisti?
1399 2501 1625 2553 Numquid
1654 2501 1848 2542 conside-

1029 2559 1136 2600 rasti
1183 2556 1458 2599 latitudinem
1507 2555 1658 2599 terrae?
1709 2556 1849 2598 indica

1028 2615 1143 2664 mihi,
1163 2615 1198 2655 si
1217 2614 1332 2655 nosti
1352 2614 1505 2663 omnia,
1524 2614 1568 2654 in
1588 2626 1672 2666 qua
1688 2613 1758 2653 via
1775 2612 1848 2652 lux

1028 2671 1212 2720 habitet,
1239 2675 1282 2712 et
1304 2669 1582 2712 tenebrarum
1607 2669 1701 2721 quis
1725 2668 1847 2709 locus

1029 2729 1097 2770 sit:
1116 2732 1164 2768 ut
1183 2727 1318 2768 ducas
1337 2725 1677 2778 unumquodque
1694 2723 1750 2765 ad
1764 2725 1847 2764 ter-
