2028 2964
894 191 1185 232 Kalendarium.

1218 278 1243 309 ’Ἶ

1086 278 1188 312 Cyclus

1091 314 1150 347 Epa
1219 316 1243 342 U

1153 317 1187 340 ct.
1608 294 1718 321 Mensis.

1150 340 1224 358 ——b

368 384 438 411 xviii
453 383 487 410 14
509 381 537 409 S.
551 382 690 417 Josaphat
703 382 796 417 Episc.
810 386 839 410 et
851 383 933 410 Mart.
948 382 1023 415 dupl.

368 418 427 446 xvii
454 418 486 445 15
509 416 537 444 S.
551 416 702 444 Gertrudis
715 417 875 451 Virg.dupl.

454 454 486 515 {g
509 485 537 513 S.
557 485 687 520 Gregorii
707 486 910 520 Thaumaturgi
929 487 981 521 Ep.
1003 489 1032 513 et

545 520 626 548 Conf.
637 522 746 548 semidu
768 523 784 547 l.

190 467 218 486 Vl

191 502 210 520 V

454 558 488 584 18
509 555 658 583 Dedicatio
679 556 747 583 Basi
760 556 866 583 'carum
887 555 930 583 Ss.
953 555 1032 582 Petri

545 594 573 617 et
587 591 669 618 Pauli
682 590 782 625 Apost.
794 595 831 620 du
854 594 869 619 1.

401 626 418 632 ’“
454 627 486 653 19
509 625 537 653 S.
553 625 699 652 Elisabeth
707 602 864 659 Viduae,ci³u
886 629 911 661 l.‚
926 636 1024 654 comm.

546 660 573 688 S.
587 660 720 687 Pontiani
733 661 820 694 Papae
834 663 862 687 et
906 663 958 686 art.

453 696 487 722 20
510 694 537 722 S.
552 695 653 722 Felicis
666 695 702 722 de
716 695 814 722 Valois
829 695 910 722 Conf.
919 697 994 730 dupl.

454 730 487 756 21
507 734 691 759 Praesentatio
707 733 737 758 B.
749 732 783 758 M.
796 732 827 758 V.
849 729 925 763 dupl.
940 729 1003 763 maj.

454 765 488 791 22
511 764 538 792 S.
553 764 673 791 Caeeiliae
687 764 762 798 Virg.
778 767 806 791 et
819 765 901 790 Mart.
911 767 986 799 dupl.

454 800 488 826 23
511 799 539 827 S.
547 799 698 826 Clementis
706 799 727 825 I.
737 800 806 833 Pap.
817 802 846 826 et
855 799 1025 833 Mart-dupl.‚

539 844 638 862 comm.
659 833 686 861 S.
700 833 853 861 Felicitatis
867 834 949 860 Mart.

455 869 494 896 24·
511 869 539 897 S.
554 868 672 896 Joannis
688 876 705 895 a
720 868 810 895 Cruee
824 868 1025 903 Confiduplex.

539 913 639 932 comm.
660 903 687 930 S.
703 903 878 937 Chrysogoni
892 903 974 930 Mart.

192 942 269 968 xxvii
357 954 359 975 b
403 939 409 945 “
455 939 489 965 25
512 938 540 966 S.
554 938 715 966 Catharinae
728 938 803 971 Virg.
818 941 846 964 et
860 938 942 964 Mart.
950 938 1026 972 dupl.

170 977 212 1004 25.
223 976 290 1002 xxvi
319 977 343 1003 A
357 978 359 982 '
393 974 399 980 “
455 974 489 1000 26
512 973 539 1001 S.
554 973 633 1000 Petri
646 973 833 1000 Alexandrini
848 973 898 1006 Ep.
914 975 942 999 et
951 972 1032 999 Mart.

167 1023 227 1039 xxv.
243 1014 303 1038 xxiv
325 1009 344 1035 b
455 1008 489 1035 27

193 1046 261 1072 xxiii
328 1050 344 1070 c
373 1043 379 1050 ‘

194 1081 252 1107 xxii
326 1078 345 1104 d

326 1156 342 1175 e

357 1148 435 1177 frid.

190 564 218 589 iv

190 631 219 657 iii

191 701 211 740 ii

192 743 200 760 1

167 787 171 792 ,
191 770 210 787 0

192 804 260 830 xxix

193 873 280 900 xxviii

325 947 343 973 σο
329 869 342 896 -a
316 566 343 827 οαοσῐ>σο
319 345 342 515 mano·

512 1076 623 1110 vigilia,
637 1083 663 1105 et
682 1086 826 1104 commem.
847 1076 875 1104 S.
890 1075 1034 1104 Saturnini

235 1149 239 1154 .
546 1111 688 1146 Martyris.

195 1157 241 1175 xxi

357 1246 359 1270 ε
650 1226 883 1265 December.

194 1296 232 1328 xgr
330 1286 344 1312 f
357 1274 431 1326 ‘Kal
865 1280 867 1283 ’

194 1330 243 1349 xlx
325 1328 343 1354 g
357 1342 359 1348 .
372 1327 401 1346 lv

195 1356 264 1384 xviii
321 1357 347 1383 A
357 1356 359 1362 '
371 1355 402 1381 iii

195 1391 252 1418 xvii
326 1390 345 1417 b
361 1390 437 1417 Prid.

513 1318 540 1346 S.
554 1319 682 1346 Bibianae
696 1319 772 1352 Virg.
787 1322 815 1345 et
829 1319 910 1346 Mart.
920 1320 1016 1345 semid.

513 1352 540 1380 S.
554 1353 695 1380 Francisci
708 1354 825 1380 Xaverii
840 1353 920 1380 Conf.
930 1355 966 1380 du
989 1355 1005 1380 l.

513 1387 539 1415 S.
555 1388 633 1415 Petri
647 1388 813 1422 Chrysologi
831 1389 932 1422 Episc.,
975 1388 1033 1414 onf.

547 1426 575 1450 et
589 1424 662 1450 Eccl.
681 1423 762 1449 Doct.
779 1424 863 1457 ἀωρὶ..
883 1431 1029 1450 commem.

547 1457 575 1485 S.
589 1459 726 1485 Barbarae
739 1457 815 1491 Virg.
830 1461 858 1484 et
872 1458 954 1484 Mart.

366 1495 436 1521 Non.
512 1492 539 1520 S.
556 1492 659 1520 Sabbae
673 1492 795 1519 Abbatis
806 1500 951 1519 commem.

374 1528 423 1555 viii
511 1527 539 1554 S.
554 1528 663 1556 Nicolai
677 1527 769 1561 Episc.
784 1530 812 1553 et
825 1526 907 1553 Conf.
919 1528 956 1553 du
978 1527 994 1552 l.

371 1563 411 1590 vii
511 1561 540 1589 S.
549 1561 694 1589 Ambrosii
706 1561 808 1596 Episc.‚
821 1561 903 1588 Conf.
918 1564 946 1587 et
959 1536 1033 1587 Elccl.

547 1597 629 1624 Doct.
638 1599 723 1632 dupl,
743 1596 853 1630 vigilia.

371 1632 401 1659 vi
510 1633 692 1659 Immaculata
721 1632 872 1666 Conceptio
900 1633 1028 1658 13.M.V.

546 1665 624 1700 dupl.
638 1666 662 1692 1.
675 1665 758 1692 class.

196 1495 244 1522 xvi

197 1563 245 1591 x'iv

329 1501 344 1520 c

195 1538 233 1556 xv
326 1528 359 1555 dr

326 1571 342 1590 e

329 1632 343 1659 f

198 1633 246 1659 xiii

508 1147 534 1173 S.
550 1147 672 1173 Andreae
687 1147 785 1181 Apost.
808 1145 885 1179 dupl.
899 1146 923 1172 2.
938 1145 1019 1172 class.
1063 1146 1105 1172 25.
1126 1152 1180 1169 xxv

1217 361 1259 416 Ἥ

1401 381 1446 407 De
1459 380 1575 414 Octava,
1589 380 1770 413 scmiduplex.

1402 416 1445 442 De
1460 415 1575 449 Octava,
1597 423 1695 440 comm.
1712 413 1740 441 S.
1758 414 1920 441 Melchiadis

1436 451 1522 484 Papae
1537 453 1564 476 et
1578 449 1718 483 Martyris.

1402 484 1429 511 S.
1445 484 1561 511 Damasi
1576 484 1597 511 Ι.
1612 484 1699 518 Papae
1718 487 1746 510 et
1761 484 1804 511 Cf.
1824 485 1920 510 scmid.

1437 527 1581 546 commem.
1596 518 1717 546 Octavae.

1402 553 1446 580 De
1461 553 1575 581 Octava.

1403 588 1430 615 S.
1444 588 1539 614 Luciae
1558 588 1634 621 virg.
1657 591 1685 615 et
1705 588 1786 615 Mart.
1811 588 1921 620 duplex.

1438 632 1580 650 commem.
1596 622 1717 649 Octavae.

1391 657 1447 689 'De
1462 656 1576 684 Octava.

1391 691 1509 751 *Oegavali
1524 692 1636 718 Immac.
1652 692 1784 726 Concept.
1799 691 1831 717 B.
1841 691 1878 717 M.
1887 691 1921 718 V.

1460 735 1496 759 up
1508 734 1549 752 ex.

1392 760 1565 821 .S.dEusebii
1584 761 1675 795 Episc.
1695 765 1722 788 et
1742 761 1823 786 Mart.
1844 760 1923 786 semi-

1460 804 1496 828 up
1509 804 1550 821 ex.

1089 383 1125 409 xii

1091 418 1118 443 xi

1091 496 1107 512 X

1091 557 1119 582 ix

1092 591 1139 616 viii

1094 660 1130 685 vii

1092 695 1118 719 vi

1094 773 1108 788 V

1092 834 1119 858 iv

1093 868 1121 893 iii

1093 903 1109 927 ii

1094 938 1101 962 i

1093 972 1110 987 ἃ

1094 1006 1160 1031 xxix

1093 1040 1179 1066 xxviii

1094 1075 1169 1101 xxvii

1095 1109 1160 1135 xxvi

1572 932 1680 967 vigilia.

1406 970 1432 995 S.
1451 970 1567 995 Thomas
1582 969 1680 1002 Apost.
1694 968 1770 1002 dupl.
1785 968 1808 995 2.
1824 968 1904 995 class.

1577 1071 1685 1105 vigilia.

1406 1109 1543 1134 Nam-itas
1561 1106 1835 1140 1>.N.J.‹:111·.dupl.
1851 1106 1874 1132 1.
1889 1106 1922 1132 el.

1405 1144 1430 1167 S.
1447 1144 1580 1176 Stephani
1601 1144 1766 1167 l'rotvnnart.
1780 1140 1884 1174 duplex
1898 1141 1922 1167 2.

1439 1175 1519 1201 class.
1534 1186 1677 1203 eonnncin.
1693 1174 1816 1201 Oetavae.

1405 1212 1431 1236 S.
1452 1213 1570 1237 Joannis
1593 1212 1720 1245 Apostoli
1745 1214 1773 1236 et
1794 1210 1922 1240 [fix-angel.

1440 1245 1515 1278 dupl.
1530 1245 1553 1270 2.
1569 1244 1600 1270 cl.
1618 1254 1715 1272 comm.
1725 1244 1904 1271 Octavarum.

1407 1281 1447 1306 ἃς,
1467 1282 1656 1307 Innocentium
1674 1282 1750 1305 Mart.
1767 1279 1843 1313 dupl.
1855 1280 1878 1305 2.
1889 1280 1922 1306 el.

1441 1324 1587 1341 commem.
1599 1314 1777 1341 Octavarum.

1350 1354 1356 1365 ⁶
1404 1348 1431 1376 S.
1447 1349 1564 1375 Thomae
1588 1348 1798 1376 Cantuariensis
1821 1349 1872 1382 Ep.
1896 1352 1923 1375 et

1439 1383 1519 1410 Mart.
1535 1385 1631 1410 semul.
1640 1383 1920 1410 eon1m.0ctavarum.

1352 1433 1356 1435 -
1405 1417 1449 1444 De
1459 1417 1607 1444 Dominica
1620 1418 1695 1445 infra
1705 1418 1764 1444 Oct.
1775 1418 1866 1446 Nativ.
1883 1419 1926 1444 vel

1440 1453 1475 1479 de
1486 1452 1600 1486 Octava,
1616 1452 1837 1479 cmmnaliarum
1848 1453 1925 1480 Octa-

1439 1495 1547 1514 varum.

1404 1521 1432 1549 S.
1446 1521 1575 1549 Silvestri
1590 1523 1610 1549 I.
1626 1520 1713 1557 Pap‘ae
1731 1525 1759 1548 et
1778 1522 1820 1548 Cf.
1844 1522 1927 1554 dupl..

1444 1566 1588 1585 commem.
1600 1557 1779 1584 Oetavarum.

1094 1216 1159 1239 xxiv

1094 1283 1160 1308 xxiii

1095 1352 1151 1377 xxii

1219 1431 1236 1457 σο
1224 1353 1236 1378 κ,
1220 1291 1235 1309 <u
1220 1213 1237 1239 a.
1217 834 1241 1170 00³>m—aeonoff>
1218 771 1235 797 σο
1218 667 1235 719 »20
1218 562 1236 615 ao
1218 485 1236 511 σ·
1216 420 1239 444 >

1095 1422 1141 1447 xxi

1220 1524 1245 1549 ζ)

1078 1526 1119 1552 19.
1139 1533 1174 1550 xx
1251 1524 1337 1549 21¹rid.
1348 1525 1381 1551 31

1457 1605 1516 1627 llaec
1536 1605 1627 1634 lexletn
1646 1605 1682 1628 19.
1704 1606 1773 1629 niara
1792 1611 1926 1634 numquam

1409 1640 1445 1658 cst
1462 1636 1485 1657 in
1505 1643 1558 1661 nm,
1575 1635 1621 1657 nm
1639 1636 1739 1665 qnando
1755 1635 1841 1657 eodem
1860 1642 1924 1656 unns)

1408 1667 1534 1689 concurrit
1546 1673 1602 1688 cuni
1616 1666 1701 1687 Aureo
1714 1672 1817 1687 numero
1825 1664 1877 1688 xix.

733 1742 1369 1781 ——fflzffisaerffffl

784 1841 944 1891 DUAE
977 1839 1314 1890 TABELLAE

584 1925 646 1956 EX
670 1924 888 1956 RUBRICIS
913 1923 1232 1956 GENERALIBUS
1256 1922 1526 1954 EXCERPTAE.

193 1974 221 2002 in
235 1983 356 2008 quarum
370 1975 462 2009 prima
476 1976 569 2002 statim
584 1975 673 2001 videri
688 1975 790 2008 poterit
804 1975 838 2000 de
854 1982 909 2008 quo
924 1974 1121 2000 celebrandum
1136 1975 1187 2000 erit
1202 1973 1342 2005 Officium,
1356 1973 1379 1998 si
1395 1972 1474 2006 plura
1489 1972 1586 1998 eodem
1603 1971 1646 1996 die
1658 1971 1738 1996 Festa
1753 1974 1907 1995 occurrunt.

297 2014 329 2040 In
348 2014 471 2040 secunda
490 2022 565 2047 vero,
585 2014 727 2048 quomodo
747 2014 879 2040 Officium
898 2014 1058 2047 praecedens
1077 2016 1224 2039 concurrat
1244 2013 1272 2038 in
1291 2012 1422 2045 Vesperis
1440 2020 1503 2037 cum
1524 2011 1623 2037 Officio
1642 2009 1784 2041 sequentis
1803 2008 1865 2033 diei.

588 2055 630 2080 Ex
649 2057 768 2086 utraque
787 2053 902 2079 Tabella
921 2053 973 2079 hoe
992 2053 1090 2079 ordine
1109 2052 1263 2085 reperietur
1281 2051 1357 2083 quod
1376 2051 1517 2084 quaeritur.

199 2109 344 2170 Primum
366 2111 528 2138 inveniatur
549 2117 685 2137 numerus
707 2108 817 2143 positus
840 2108 869 2135 in
887 2107 1027 2142 quadran-

250 2151 316 2186 gulo
339 2150 402 2183 illo,
426 2150 455 2177 in
478 2157 535 2184 quo
553 2149 651 2182 Festa,
675 2148 710 2175 de
734 2148 838 2182 quibus
857 2151 899 2174 est
916 2150 1027 2174 contro-

191 2190 294 2224 versia,
312 2190 366 2216 sibi
380 2189 500 2216 invicem
514 2190 678 2216 occurrunt:
697 2187 799 2214 deinde
811 2187 920 2220 legatur
931 2186 1027 2219 regula

190 2230 269 2264 juxta
283 2229 389 2256 dictum
402 2236 552 2255 numerum
565 2226 715 2260 descripta,
729 2229 756 2252 et
771 2233 806 2252 ex
818 2233 852 2252 ea
865 2225 939 2262 clare
951 2225 1027 2251 vide-

190 2269 269 2296 bitur
282 2268 352 2303 quid
365 2268 402 2294 sit
415 2267 562 2301 agendum.

180 2310 189 2312 ’“
246 2307 374 2341 Exempli
393 2306 494 2341 gratia:
513 2304 744 2339 Quadrangulus,
762 2303 791 2330 in
809 2310 867 2337 quo
885 2302 939 2329 sibi
958 2302 1028 2330 invi-

191 2354 253 2373 cem
276 2348 429 2373 oceurrunt
453 2345 566 2379 Duplex
589 2344 688 2379 primae
713 2342 810 2369 classis
832 2345 861 2369 et
878 2341 1028 2369 Dominica

191 2385 291 2419 primae
305 2385 410 2418 classis,
428 2384 483 2411 erit
499 2384 547 2418 qui
562 2386 605 2410 est
618 2383 647 2409 in
661 2381 762 2416 angulo
775 2381 915 2415 superiori
927 2381 1027 2414 primae

193 2423 326 2457 Tabellae,
344 2423 374 2450 in
392 2431 450 2458 quo
463 2423 589 2456 signatus
603 2425 646 2448 est
659 2428 794 2459 numerus
814 2421 846 2453 1.,
863 2420 930 2454 quia
949 2419 973 2446 si
991 2419 1028 2446 ad

192 2470 257 2489 eum
271 2465 330 2489 tam
343 2462 457 2496 Duplex
470 2469 555 2496 quam
569 2459 718 2488 Dominica
732 2458 869 2493 praedicta
881 2466 916 2484 ex
929 2465 1028 2484 eorum

192 2501 262 2528 locis
271 2504 348 2528 recto
358 2501 470 2528 tramite
481 2503 637 2535 pergerent,
651 2499 679 2525 in
693 2506 727 2525 eo
741 2498 794 2524 sibi
804 2497 923 2524 invicem
933 2504 1028 2524 occur-

193 2544 296 2567 rerent.
327 2540 436 2574 Regula
453 2543 548 2567 autem
567 2539 643 2573 juxta
662 2538 768 2564 dietum
781 2543 931 2562 numerum
943 2543 1028 2570 appo-

194 2579 249 2606 sita
267 2580 308 2606 sic
323 2579 422 2606 habet:

248 2618 272 2644 1.
297 2617 457 2643 Translatio
477 2617 511 2643 de
526 2617 625 2649 primo,
645 2613 775 2640 Officium
792 2611 825 2636 dc
840 2612 970 2638 secundo.
994 2611 1029 2638 Id

194 2659 245 2690 est,
263 2656 377 2691 Duplex
398 2656 498 2690 primae
521 2655 619 2682 classis
641 2653 808 2688 praedictum
833 2650 1030 2683 transferatur,
1065 2670 1067 2673 ⁴

194 2698 224 2722 et
242 2695 375 2722 Officium
400 2695 450 2721 fiat
473 2695 508 2721 de
533 2694 682 2722 Dominica
706 2692 805 2726 primae
828 2690 939 2717 elassis:
963 2689 1030 2723 quia

194 2741 260 2760 cum
277 2733 306 2760 in
323 2734 368 2760 his
385 2733 489 2768 regulis
507 2733 610 2760 dieitur
622 2733 666 2759 De
678 2731 771 2766 primo
785 2737 835 2757 seu
851 2727 1031 2763 praecedenti,

1079 2107 1241 2141 intelligitur
1258 2107 1293 2135 de
1311 2107 1395 2134 Festo
1417 2107 1446 2134 in
1464 2107 1702 2141 superiori'parte
1721 2106 1844 2133 Tabellae
1862 2115 1908 2140 ap-

1079 2147 1185 2181 posito⁷
1204 2150 1235 2173 ut
1253 2147 1365 2181 Duplex
1384 2146 1563 2180 praedictum3
1587 2154 1651 2172 eum
1668 2146 1706 2172 de
1723 2145 1846 2172 seeundo
1864 2145 1908 2171 vel

1079 2186 1220 2220 sequenti,
1245 2186 1280 2212 de
1297 2186 1381 2212 Festo
1404 2185 1433 2211 in
1458 2185 1584 2212 inferiori
1608 2188 1689 2219 parte
1713 2185 1766 2211 sub
1784 2184 1908 2210 numeris

1079 2224 1216 2259 apposito,
1234 2228 1266 2251 ut
1284 2224 1431 2251 Dominiea
1449 2224 1592 2258 praedicta.

1131 2264 1165 2290 In
1179 2264 1320 2298 aliquibus
1333 2266 1427 2290 autem
1441 2263 1642 2297 quadrangulis
1654 2262 1748 2289 nullus
1762 2261 1907 2296 appositus

1079 2306 1122 2330 est
1140 2310 1288 2336 numerus,
1306 2303 1351 2329 vel
1369 2302 1436 2336 quia
1453 2302 1546 2328 nullus
1564 2309 1710 2334 occursus,
1732 2308 1823 2334 neque
1845 2308 1908 2327 con-

1080 2349 1180 2368 cursus
1199 2349 1260 2368 esse
1275 2344 1380 2375 potest,
1403 2341 1447 2367 vel
1466 2340 1531 2375 quia
1550 2341 1579 2367 in
1597 2340 1719 2375 propriis
1738 2339 1806 2366 locis
1823 2339 1908 2366 adno-

1081 2383 1158 2407 tatur
1175 2381 1203 2407 in
1222 2379 1367 2407 Breviario
1386 2379 1455 2414 quid
1473 2379 1510 2406 sit
1528 2379 1673 2413 agendum.

1134 2419 1211 2446 Scire
1229 2422 1322 2446 tamen
1341 2422 1451 2452 oportet
1470 2426 1534 2452 quae
1552 2418 1608 2444 sint
1622 2417 1752 2452 Duplicia
1766 2417 1864 2450 primae
1881 2418 1909 2442 et

1082 2458 1212 2484 secundae
1226 2457 1331 2491 elassis,
1345 2460 1372 2484 et
1385 2457 1491 2491 majora
1505 2464 1555 2491 per
1568 2464 1681 2490 annum,
1695 2460 1723 2483 et
1736 2463 1800 2490 quae
1813 2454 1909 2482 Domi·
1944 2487 1947 2491 ι

1080 2497 1159 2530 nieae,
1178 2500 1206 2523 et
1223 2496 1312 2522 Feriae
1328 2496 1448 2530 majores
1466 2496 1603 2522 dicantur.

1254 2554 1420 2598 Duplieia
1441 2553 1566 2597 primae
1591 2552 1741 2592 elassis,

1084 2607 1111 2632 in
1136 2607 1238 2640 quibus
1261 2605 1335 2631 nulla
1360 2605 1390 2630 fit
1410 2603 1644 2631 Commemoratio
1669 2606 1907 2634 quorumcumque

1085 2646 1230 2671 Fastorum
1241 2644 1454 2671 occurrentium,
1468 2643 1521 2668 nisi
1538 2646 1618 2675 prout
1633 2648 1716 2673 supra
1731 2640 1758 2664 in
1772 2637 1907 2664 Rubn‘eis.

1082 2687 1221 2715 Nativitas
1239 2687 1362 2714 Domini.

1081 2726 1239 2761 Epiphania
1257 2725 1381 2752 Domini.
