2040 2944
641 205 851 239 Commune
878 206 1131 247 plurimorum
1158 206 1377 250 Martyrum.

1802 202 1872 246 [37]

201 302 303 342 Ant.
337 302 581 353 Tamquam
605 315 761 343 aurum
784 302 808 328 *
834 302 878 342 in
902 302 986 343 for-

153 360 262 399 nace
281 358 488 410 probavit
509 358 674 400 electos
692 358 924 399 Dominus:
943 362 987 400 et

155 414 280 467 quasi
320 415 581 456 holocausta
622 415 792 467 accepit
828 428 906 456 eos
943 415 987 455 in

154 472 379 512 aeternum.

437 550 636 590 Psalmus
655 551 691 590 2.

153 600 346 724 Quare
374 619 644 660 fremuerunt
671 619 858 668 Gentes,
885 618 908 643 *
944 623 988 659 et

257 675 411 728 populi
429 674 627 716 meditati
647 679 748 716 sunt
766 673 934 715 inania?

208 732 455 772 Astiterunt
478 743 605 781 reges
628 735 775 781 terrae,
804 736 848 772 et
871 733 987 783 prin-

155 788 277 841 cipes
305 789 604 829 convenerunt
631 787 675 827 in
703 801 837 828 unum
862 788 886 813 *
915 787 987 829 ad-

154 846 308 886 versus
323 844 571 894 Dominum,
590 848 634 885 et
649 843 861 885 adversus
877 843 989 885 Chri-

155 905 271 942 stum
290 901 392 952 ejus.

207 957 521 1009 Dirumpamus
553 957 726 998 vincula
763 959 931 999 eorum:
964 958 987 983 *

156 1018 199 1055 et
223 1013 504 1065 projiciamus
534 1026 559 1053 a
587 1013 715 1054 nobis
747 1014 895 1065 jugum
926 1014 987 1066 ip-

155 1071 315 1111 sorum.

208 1126 293 1176 Qui
323 1125 493 1167 habitat
525 1126 569 1166 in
602 1126 746 1176 coelis,
789 1125 989 1168 irridebit

157 1195 248 1224 eos:
262 1182 286 1208 *
302 1187 346 1223 et
359 1182 575 1223 Dominus
595 1182 882 1224 subsannabit
900 1195 988 1224 eos.

208 1239 334 1279 Tunc
352 1238 558 1291 loquetur
578 1238 635 1280 ad
654 1252 730 1280 eos
750 1239 794 1279 in
813 1239 878 1280 ira
899 1252 988 1289 sua,

155 1295 179 1320 *
204 1299 248 1336 et
266 1295 310 1335 in
329 1295 477 1336 furore
497 1308 577 1336 suo
598 1295 881 1337 conturbabit
900 1308 988 1337 eos.

208 1351 304 1401 Ego
329 1355 475 1392 autem
495 1352 760 1393 constitutus
779 1353 989 1399 suvaex

157 1407 212 1448 ab
232 1420 286 1448 eo
307 1420 439 1460 super
453 1408 558 1449 Sion
575 1412 771 1450 montem
790 1413 989 1449 sanctum

157 1464 259 1515 ejus,
278 1463 302 1489 *
329 1463 576 1516 praedicans
595 1466 869 1517 praeceptum
888 1465 990 1516 ejus.

207 1520 423 1561 Dominus
456 1520 565 1562 dixit
597 1520 654 1562 ad
685 1534 771 1562 me:
800 1522 823 1547 *
853 1521 989 1562 Filius

156 1588 280 1617 meus
301 1589 348 1617 es
369 1581 427 1626 tu,
457 1589 540 1627 ego
559 1576 691 1618 hodie
711 1578 842 1628 genui
860 1582 915 1619 te.

208 1632 390 1673 Postula
405 1645 526 1683 ame,
542 1638 586 1674 et
601 1632 717 1674 dabo
732 1633 812 1675 tibi
824 1633 990 1675 Gentes

157 1687 463 1730 haereditatem
482 1693 613 1739 tuam,
634 1690 657 1715 *
678 1695 722 1731 et
748 1690 990 1742 possessio-

157 1757 258 1785 nem
276 1749 398 1785 tuam
416 1745 628 1786 terminos
647 1750 792 1787 terrae.

210 1801 356 1852 Reges
383 1813 460 1842 eos
487 1801 531 1842 in
559 1802 683 1853 virga
709 1802 867 1851 ferrea,
894 1802 919 1828 *
947 1807 991 1843 et

157 1861 381 1909 tamquam
400 1870 478 1898 vas
498 1857 620 1908 figuli
639 1858 887 1909 confringes
903 1871 991 1899 eos.

209 1914 266 1954 Et
289 1926 404 1955 nunc
427 1926 555 1964 reges
579 1914 823 1965 intelligite:
846 1915 870 1940 *
897 1927 990 1956 eru-

159 1969 310 2010 dimini
332 1970 406 2021 qui
424 1969 625 2021 iudicatis
644 1975 818 2012 terram.

210 2026 379 2068 Servite
406 2027 598 2067 Domino
626 2027 671 2067 in
698 2027 872 2068 timore:
897 2027 921 2052 *
948 2032 992 2068 et

159 2082 375 2124 exsultate
395 2083 435 2124 ei
454 2095 554 2124 cum
572 2085 776 2124 tremore.

210 2138 543 2191 Apprehendite
581 2138 875 2191 disciplinam,
920 2151 990 2180 ne-

160 2194 336 2247 quando
373 2195 587 2236 irascatur
624 2195 860 2245 Dominus,
887 2195 911 2221 *
948 2200 992 2236 et

157 2251 350 2303 pereatis
379 2251 434 2293 de
460 2251 530 2292 via
556 2251 679 2302 justa.

211 2307 321 2348 Cum
349 2307 564 2349 exarserit
588 2307 631 2347 in
655 2307 780 2349 brevi
803 2307 869 2348 ira
890 2308 991 2358 ejus,

159 2364 183 2391 *
200 2363 322 2405 beati
341 2376 504 2413 omnes,
526 2363 599 2415 qui
619 2363 846 2405 confidunt
864 2364 908 2404 in
926 2376 991 2405 eo.

210 2428 309 2470 Ant.
327 2430 569 2483 Tamquam
585 2445 739 2473 aurum
754 2431 799 2472 in
812 2431 991 2474 fornace

159 2487 367 2540 probavit
383 2488 548 2529 electos
563 2488 792 2529 Dominus:
809 2492 853 2529 et
869 2489 992 2540 quasi

160 2543 417 2585 holocausta
432 2545 603 2597 accepit
617 2557 694 2586 eos
709 2545 753 2585 in
769 2546 991 2586 aeternum.

211 2606 311 2647 Ant.
340 2607 387 2649 Si
411 2621 559 2650 coram
585 2609 834 2651 hominibus
858 2609 882 2635 *
905 2614 991 2651 tor-

160 2666 307 2706 menta
330 2665 449 2717 passi
478 2670 595 2716 sunt,
623 2679 725 2718 spes
752 2665 992 2707 electorum

162 2725 229 2762 est
254 2720 513 2762 immortalis
541 2722 585 2762 in
612 2724 836 2763 aeternum.

320 2862 384 2887 Pars
401 2862 571 2887 Autumnalis.

1324 303 1524 343 Psalmus
1544 305 1580 343 3.

1037 359 1273 464 Domine
1312 362 1418 414 quid
1459 362 1737 414 multiplicati
1773 365 1874 402 sunt

1145 418 1219 469 qui
1244 418 1455 460 tribulant
1482 417 1577 459 me?
1607 419 1630 444 *
1658 417 1783 459 multi
1812 417 1872 458 in-

1039 477 1225 524 surgunt
1252 474 1487 516 adversum
1515 487 1596 516 me.

1091 530 1217 572 Multi
1239 531 1389 572 dicunt
1409 532 1565 572 animae
1582 544 1708 572 meae:
1726 531 1749 556 *
1772 530 1873 571 Non

1039 590 1107 628 est
1126 587 1243 628 salus
1262 588 1346 640 ipsi
1365 588 1409 628 in
1428 588 1526 629 Deo
1547 589 1648 640 ejus.

1091 644 1161 685 Tu
1211 649 1357 685 autem
1402 645 1592 685 Domine
1643 645 1875 696 susceptor

1039 713 1163 741 meus
1184 713 1242 750 es,
1265 701 1289 726 *
1317 700 1457 752 gloria
1475 714 1584 750 mea,
1613 707 1657 743 et
1677 701 1874 743 exaltans

1040 762 1174 809 caput
1194 770 1352 798 meum.

1091 814 1217 855 Voce
1235 827 1334 855 mea
1350 813 1407 855 ad
1421 814 1661 855 Dominum
1676 814 1875 855 clamavi:

1040 871 1063 896 *
1080 875 1123 911 et
1142 870 1367 912 exaudivit
1385 883 1455 912 me
1476 870 1531 912 de
1552 875 1702 912 monte
1721 875 1874 912 sancto

1040 939 1132 967 suo.

1092 983 1188 1034 Ego
1214 982 1417 1034 dormivi,
1447 988 1490 1024 et
1509 986 1745 1036 soporatus
1766 996 1876 1024 sum:

1039 1040 1063 1065 *
1085 1044 1129 1080 et
1149 1040 1390 1090 exsurrexi,
1421 1040 1522 1092 quia
1545 1040 1761 1081 Dominus
1786 1053 1875 1081 sus-

1040 1096 1157 1148 cepit
1175 1109 1256 1137 me.

1092 1152 1194 1193 Non
1237 1152 1402 1194 timebo
1441 1152 1575 1193 millia
1611 1153 1765 1205 populi
1797 1153 1875 1194 cir-

1041 1208 1288 1250 cumdantis
1312 1222 1399 1250 me:
1422 1210 1446 1236 *
1471 1212 1657 1260 exsurge
1676 1209 1876 1259 Domine,

1042 1265 1212 1306 salvum
1230 1278 1301 1306 me
1321 1265 1400 1315 fac,
1428 1265 1550 1306 Deus
1570 1278 1706 1307 meus.

1094 1322 1312 1372 Quoniam
1347 1327 1395 1363 tu
1428 1322 1686 1374 percussisti
1723 1335 1876 1364 omnes

1042 1377 1328 1419 adversantes
1347 1378 1453 1419 mihi
1468 1379 1561 1419 sine
1582 1391 1729 1420 causa:
1744 1380 1767 1404 *
1783 1378 1878 1420 denÎ‡

1041 1440 1108 1476 tes
1132 1437 1418 1487 peccatorum
1439 1435 1695 1476 contrivisti.

1094 1491 1273 1532 Domini
1299 1496 1367 1533 est
1391 1491 1523 1533 salus:
1543 1493 1566 1518 *
1587 1497 1630 1533 et
1650 1505 1782 1544 super
1802 1494 1877 1545 po-

1042 1547 1193 1600 pulum
1211 1553 1336 1589 tuum
1359 1548 1607 1590 benedictio
1626 1553 1712 1590 tua.

1094 1603 1193 1645 Ant.
1240 1607 1290 1664 Si
1320 1621 1470 1649 coram
1503 1609 1754 1650 hominibus
1790 1614 1877 1650 tor-

1042 1666 1189 1706 menta
1213 1665 1334 1716 passi
1359 1669 1474 1714 sunt,
1508 1678 1611 1717 spes
1636 1665 1877 1706 electorum

1044 1726 1112 1762 est
1130 1721 1390 1762 immortalis
1409 1721 1453 1761 in
1471 1723 1695 1762 aeternum.

1092 1774 1142 1825 V.
1175 1781 1406 1822 Laetamini
1432 1782 1475 1821 in
1500 1782 1709 1831 Domino,
1738 1787 1782 1824 et
1807 1795 1877 1823 ex-

1045 1837 1206 1879 sultate
1234 1838 1344 1889 justi.
1382 1838 1432 1878 R.
1474 1838 1531 1879 Et
1558 1838 1806 1889 gloriamini
1835 1851 1878 1879 o-

1043 1906 1167 1935 mnes
1187 1894 1297 1935 recti
1315 1893 1461 1936 corde.

1097 1955 1228 1996 Pater
1248 1959 1409 1996 noster.

1092 2015 1338 2056 Absolutio.
1366 2015 1543 2058 Exa1'1di
1561 2016 1760 2058 Domine.

1094 2072 1145 2122 V.
1174 2075 1287 2117 Jube
1307 2075 1478 2117 domne.

1094 2128 1256 2169 Bened.
1280 2127 1599 2169 Benedictione
1619 2129 1845 2180 perpetua.

1044 2201 1113 2243 De
1141 2200 1343 2254 Epistola
1366 2200 1486 2242 beati
1518 2201 1643 2242 Pauli
1671 2201 1879 2254 Apostoli

1298 2256 1356 2299 ad
1380 2258 1620 2299 Romanos.

1146 2322 1298 2364 Lectio
1320 2325 1343 2364 i.
1563 2325 1666 2376 Cap.
1682 2326 1719 2365 8.
1736 2338 1769 2365 c.

1049 2401 1060 2420 á¿šÎµ
1155 2391 1326 2440 ratres:
1350 2387 1588 2429 Debitores
1614 2401 1764 2430 sumus
1788 2402 1877 2430 non

1054 2451 1058 2491 Î¶
1080 2440 1156 2508 5452?ss
1190 2443 1324 2492 carni,
1358 2448 1407 2485 ut
1432 2444 1675 2486 secuudum
1701 2458 1878 2486 carnem

1055 2518 1058 2519 â·
1080 2494 1156 2529 9-1
1189 2499 1399 2540 vivamus.
1435 2499 1480 2541 Si
1501 2501 1616 2542 enim
1634 2501 1877 2542 secundum

1045 2567 1221 2596 carnem
1238 2555 1445 2605 vixeritis,
1463 2557 1725 2598 moriemini:
1751 2558 1787 2598 si
1805 2570 1876 2598 au-

1043 2615 1134 2652 tem
1157 2611 1316 2663 spiritu
1339 2611 1455 2653 facta
1479 2614 1622 2654 carnis
1642 2613 1876 2654 mortifica-

1045 2667 1214 2716 veritis,
1248 2668 1414 2709 vivetis.
1459 2669 1734 2721 Quimimque
1763 2668 1877 2708 enim

1045 2723 1202 2775 spiritu
1213 2723 1298 2765 Dei
1312 2727 1511 2775 aguntur,
1529 2725 1559 2766 ii
1574 2730 1674 2766 sunt
1691 2724 1768 2764 filii
1782 2724 1877 2765 Dei.

1617 2853 1668 2887 C*
