2040 2944
771 212 971 247 Dominicu
996 210 1044 243 ud
1070 207 1306 242 Matutinum.

243 313 444 356 Exaltz'are
464 308 647 351 Domine
671 307 714 346 in
738 305 898 345 virtute
921 307 1009 343 tua:

190 373 213 397 *
229 368 497 412 cantabimus
517 370 559 406 et
578 362 811 416 psallemus
827 360 1010 400 virtutes

191 434 298 469 tuas.

250 484 328 522 l‘cr
346 483 524 520 Annum.
549 477 642 515 Ant.
677 473 856 514 Domine
871 472 913 511 in
930 470 1009 510 vir-

192 541 284 594 tute
303 542 376 578 tua
395 533 612 576 laetabitur
631 543 718 572 rex.

251 592 295 637 δ’.
324 591 525 632 ΕΧᾶΙῒέιΓθ
552 587 741 628 Domine
773 586 817 625 in
851 584 1010 624 virtute

192 655 275 691 tua.
324 649 368 698 len
395 644 676 688 Cantebimus
706 647 749 683 et
776 639 1011 693 psallemus

191 706 371 746 virtutes
389 708 498 745 tuas.

249 761 369 802 I‘ater
387 764 546 800 noster.
571 760 751 796 secreto.

248 811 294 861 Υ.
311 817 366 857 Et
387 829 440 856 ne
460 827 540 855 nos
555 812 736 854 inducas
751 811 794 850 in
809 807 1009 850 tentatio-

193 887 301 915 nem.
332 874 377 924 R'·
397 871 483 913 Sed
502 870 638 911 libera
657 880 737 908 nos
757 879 781 907 a
801 865 926 906 malo.

485 928 723 970 Absolutio.

196 988 285 1092 A
307 992 487 1034 vinculis
524 990 805 1043 peccatorum
845 986 1012 1026 nostro-

320 1062 414 1090 rum
430 1046 628 1089 absolvat
642 1057 722 1085 nos
738 1044 1014 1094 omnipotens

195 1111 238 1148 et
259 1105 506 1146 misericors
529 1101 756 1143 Dominus.
790 1098 835 1148 lxffv.
862 1098 1014 1138 Amen.

248 1156 295 1207 Ns.
322 1162 346 1202 J
350 1160 432 1202 ube
453 1159 611 1200 domne
630 1155 899 1198 benedicere.

253 1216 406 1256 Hencd.
440 1214 697 1265 1⁴]vangelica
714 1211 845 1252 lectio
866 1211 922 1251 sit
941 1221 1014 1249 no·

195 1274 261 1316 bis
279 1273 394 1315 salus
414 1277 458 1313 et
475 1270 702 1324 protectio.
735 1268 783 1318 Rg.
807 1267 958 1307 Amen.

393 1331 475 1369 I’ro
496 1329 579 1369 viii.
600 1328 815 1368 Lectione.

251 1386 405 1427 Bened.
451 1386 652 1426 Divinum
689 1384 894 1425 auxilium
929 1384 1015 1422 mei-

197 1449 298 1487 neat
322 1455 493 1495 semper
518 1441 755 1483 nobiscum.
791 1440 835 1490 Ix‘g.
864 1439 1017 1480 Amen.

411 1504 493 1542 Pro
516 1504 567 1542 ix.
587 1501 803 1541 Lectione.

252 1558 407 1599 Bencd.
460 1557 530 1599 Ad
566 1558 821 1599 societatem
860 1555 1018 1596 civium

200 1617 485 1669 supernorum
500 1613 713 1666 perducat
727 1625 807 1654 nos
822 1613 919 1653 Rex
931 1612 1017 1652 An-

199 1673 405 1723 gelorum.
432 1672 478 1723 Rg.
502 1671 652 1711 Amen.

249 1730 332 1771 ch.
366 1728 540 1771 Hymnus
578 1735 727 1767 semper
759 1724 899 1757 dieitur
927 1725 1016 1765 post

198 1778 261 1810 ult.
279 1776 378 1810 Lcct.
402 1776 437 1808 in
462 1774 637 1807 omnibus
659 1772 873 1806 Dominicis
896 1775 931 1804 ct
950 1770 1016 1803 Fe-

199 1825 267 1858 stis
285 1829 444 1858 tuntum:
470 1823 504 1855 in
532 1822 652 1855 scri-uli
671 1820 806 1853 Ofticio
828 1830 903 1852 non
925 1818 1016 1851 dici-

199 1877 267 1905 tur.
290 1871 357 1905 scd
382 1871 461 1910 cius
479 1870 563 1903 loco
582 1869 737 1911 ponitur
759 1868 809 1900 iii.
828 1867 1015 1909 Respons.

200 1928 398 1978 Hymnus
413 1929 473 1966 ὃς.
488 1925 705 1966 Ambrosii
722 1930 763 1964 ct
776 1922 1017 1971 Augustini.

202 1989 303 2094 Te
330 1994 472 2035 Deum
495 1992 736 2034 laudamus:
759 1993 782 2018 *
805 1997 849 2033 te
874 1992 1021 2033 Domi-

307 2063 409 2090 num
429 2049 696 2091 confitemur.

254 2106 319 2147 Te
357 2107 566 2147 aeternum
603 2105 778 2146 Patrem
816 2105 839 2129 *
881 2104 1023 2145 omnis

204 2166 320 2202 terra
339 2164 579 2203 veneratur.

256 2217 354 2259 Tibi
385 2230 534 2259 omnes
559 2216 731 2267 Angeli‚
755 2217 778 2242 *
803 2216 883 2258 tibi
911 2216 1023 2266 coeli,

206 2278 250 2315 et
269 2274 479 2315 universae
499 2275 755 2326 potestates:

257 2329 355 2371 Tibi
371 2329 603 2370 Cherubim
617 2334 661 2370 et
675 2328 912 2381 Seraphim,
926 2329 949 2354 *
965 2329 1024 2369 in-

207 2385 406 2427 cessabili
425 2398 534 2426 voce
551 2385 838 2438 proclamant:

258 2442 457 2490 Sanctus,
481 2442 504 2466 ¹⁸¹
528 2442 726 2490 Sanetus,
751 2442 774 2466 *
798 2441 982 2483 Sanetus
1002 2442 1025 2467 *

206 2496 419 2538 Dominus
438 2497 558 2538 Deus
575 2496 777 2538 Sabaoth.

258 2552 378 2593 Pleni
402 2558 500 2593 sunt
523 2552 622 2594 coeli
647 2558 690 2594 et
712 2558 829 2594 terra
852 2554 875 2579 *
899 2554 1026 2605 maje-

207 2608 331 2650 statis
349 2607 499 2658 gloriae
518 2614 616 2649 tuae.

259 2663 324 2704 Te
373 2663 588 2713 gloriosus
637 2665 660 2690 *
711 2665 1027 2717 Apostolorum

209 2718 378 2767 chorus,

1113 299 1178 339 Te
1192 296 1515 349 Prophetarum
1529 294 1553 319 *
1568 291 1800 334 laudabilis
1817 293 1892 331 nu-

1062 367 1218 402 merus,

1113 410 1178 451 Te
1202 410 1446 461 Martyrum
1471 405 1733 448 candidatus
1756 404 1780 430 *
1805 403 1892 444 lau-

1063 467 1139 509 dat
1158 466 1386 508 exercitus.

1114 523 1178 564 Te
1198 536 1278 576 per
1297 521 1451 563 orbem
1470 520 1688 561 terrorum
1702 517 1726 543 *
1742 520 1896 557 sancta

1063 580 1298 622 confitetur
1316 577 1531 625 Ecclesia,

1116 637 1291 677 Patrem
1309 635 1333 660 *
1347 635 1573 674 immensae
1592 629 1844 683 majesteitis‚

1115 691 1429 734 Venerandum
1461 695 1586 731 tuum
1618 699 1773 729 verum
1798 686 1823 711 *
1851 690 1896 727 et

1063 750 1239 791 unicum
1259 748 1428 797 Filium,

1114 807 1323 848 Sanctum
1361 815 1537 856 quoque
1573 802 1596 827 *
1629 799 1897 842 Paraclitum

1063 862 1283 916 Spiritum.

1115 919 1185 960 Tu
1203 919 1302 959 Rex
1319 917 1474 968 gloriae
1494 916 1517 942 *
1539 915 1723 957 Christe.

1115 976 1185 1016 Tu
1194 975 1339 1016 Patris
1351 975 1374 999 *
1386 972 1679 1026 sempiternus
1691 984 1738 1013 es
1748 970 1897 1011 Filius.

1115 1032 1185 1073 Tu
1217 1031 1274 1072 ad
1306 1029 1583 1072 liberandum
1611 1029 1898 1080 suscepturus

1063 1089 1300 1130 hominem:
1318 1088 1342 1113 *
1362 1099 1449 1128 non
1474 1085 1684 1127 horruisti
1702 1083 1899 1134 Virginis

1065 1149 1250 1187 uterum.

1118 1202 1188 1243 Tu
1207 1201 1382 1243 devicto
1403 1199 1559 1241 mortis
1575 1198 1745 1240 aculeo:
1759 1198 1783 1223 *
1799 1209 1898 1250 ape-

1066 1259 1191 1300 ruisti
1215 1256 1496 1300 credentibus
1520 1267 1655 1306 regna
1674 1254 1902 1296 coelorum.

1120 1315 1189 1356 Tu
1213 1314 1270 1356 ad
1295 1313 1523 1355 dexteram
1542 1312 1626 1353 Dei
1650 1311 1796 1361 sedes,
1815 1311 1839 1336 ¹⁸¹
1858 1310 1904 1351 in

1069 1372 1209 1423 gloria
1226 1371 1382 1412 Patris.

1120 1429 1145 1469 J
1147 1428 1264 1470 udex
1284 1426 1478 1469 crederis
1495 1427 1519 1452 *
1539 1438 1636 1468 esse
1655 1427 1878 1467 venturus.

1122 1485 1187 1527 Te
1208 1497 1314 1536 ergo
1335 1485 1605 1536 quaesumus,
1624 1482 1711 1524 tuis
1730 1480 1905 1522 famulis

1070 1542 1271 1584 subveni:
1289 1542 1313 1567 *
1334 1553 1446 1593 quos
1469 1539 1667 1592 pretioso
1692 1537 1905 1589 sanguine

1070 1598 1306 1640 redemisti.

1123 1655 1308 1696 AEterna
1335 1654 1404 1695 fac
1433 1666 1533 1695 cum
1561 1651 1725 1694 sanctis
1752 1651 1854 1693 tuis:
1881 1651 1905 1677 ¹⁸¹
1959 1670 1963 1673 ·

1071 1712 1116 1752 in
1134 1711 1275 1762 gloria
1293 1710 1522 1752 numerari.

1123 1767 1302 1809 Salvum
1331 1767 1400 1808 fac
1428 1765 1645 1819 populum
1668 1770 1794 1807 tuum
1816 1764 1905 1805 Do-

1073 1825 1204 1874 mine,
1224 1825 1247 1850 *
1268 1829 1311 1865 et
1329 1823 1516 1865 benedic
1537 1821 1787 1864 haereditati
1805 1826 1906 1863 tuae.

1124 1881 1181 1922 Et
1199 1893 1302 1931 rege
1323 1893 1411 1930 eos,
1428 1880 1453 1906 *
1473 1884 1517 1921 et
1537 1878 1699 1921 extolle
1718 1877 1818 1920 illos
1836 1890 1904 1919 us-

1076 1950 1160 1989 que
1178 1937 1223 1977 in
1243 1938 1468 1978 aeternum.

1125 1994 1210 2035 Per
1251 1993 1447 2044 singulos
1490 1992 1585 2035 dies
1626 1992 1650 2018 *
1686 1990 1906 2033 benedici-

1074 2063 1171 2091 mus
1199 2055 1254 2091 te.

1126 2107 1183 2148 Et
1201 2105 1433 2147 laudamus
1452 2118 1614 2147 nomen
1628 2110 1753 2147 tuum
1768 2104 1813 2145 in
1828 2105 1907 2145 sae-

1076 2163 1234 2212 culum,
1253 2163 1277 2188 *
1297 2167 1341 2203 et
1359 2162 1403 2202 in
1423 2161 1635 2204 saeculum
1655 2160 1817 2203 saeculi.

1127 2219 1320 2270 Dignare
1343 2219 1534 2261 Domine
1563 2218 1634 2260 die
1657 2218 1743 2260 isto
1766 2218 1791 2244 *
1813 2217 1909 2259 sine

1076 2277 1261 2328 peccato
1281 2287 1364 2316 nos
1384 2275 1619 2317 custodire.

1128 2331 1338 2373 Miserere
1357 2332 1497 2373 nostri
1515 2331 1721 2373 Domine:
1738 2331 1763 2356 *
1782 2329 1908 2371 mise-

1077 2389 1174 2430 rere
1193 2388 1343 2429 nostri.

1129 2444 1227 2485 Fiat
1261 2444 1566 2485 misericordia
1606 2449 1683 2486 tua
1717 2442 1910 2484 Domine

1078 2513 1211 2553 super
1238 2513 1336 2549 nos,
1359 2500 1383 2525 *
1409 2499 1784 2553 quemadmodum
1813 2512 1908 2552 spe-

1078 2557 1269 2598 ravimus
1288 2557 1332 2597 in
1351 2562 1406 2598 te.

1131 2614 1181 2653 In
1217 2618 1261 2654 te
1297 2613 1489 2655 Domine
1533 2613 1726 2667 speravi:
1761 2612 1785 2639 *
1820 2624 1910 2653 non

1080 2668 1322 2711 confundar
1342 2669 1386 2709 in
1406 2671 1632 2712 aeternum.

1337 2743 1649 2762 -Φ-ΦΘι-Φσ-
