2040 2944
670 198 742 231 Die
766 198 818 230 23.
844 197 924 231 Oct.
972 197 1028 231 Ss.
1054 197 1335 239 Redemptoris.

145 295 283 337 ralem
300 295 441 337 nostri
459 295 632 346 generis
652 294 920 345 dignitatem,
940 293 977 334 si

144 353 189 394 in
207 352 335 394 nobis
356 351 482 404 quasi
505 351 549 391 in
571 349 763 403 quodam
783 350 977 403 speculo,

147 409 307 452 divinae
323 408 607 459 benignitatis
626 407 767 449 forma
786 407 977 460 resplen-

147 465 259 508 deat.
300 465 373 507 Ad
403 477 534 517 quam
564 463 762 516 quotidie
789 476 871 505 nos
899 463 978 505 uti-

148 535 234 575 que
253 523 429 574 reparat
447 520 589 572 gratia
604 520 855 569 Salvatoris,
876 519 980 560 dum

148 579 269 632 quod
294 577 454 619 cecidit
477 577 520 617 in
544 575 690 618 Adam
714 576 874 628 primo,
901 578 978 617 eri-

147 636 264 687 gitur
282 635 327 676 in
345 634 554 676 secundo.
590 633 734 674 Causa
753 637 898 674 autem
916 644 979 673 re-

147 691 389 745 parationis
408 694 574 731 nostrae
594 702 683 731 non
704 694 782 739 est,
800 689 885 729 nisi
904 688 980 728 mi-

149 747 391 790 sericordia
409 747 505 797 Dei,
526 758 658 798 quem
675 758 765 787 non
785 745 981 796 diligere-

149 818 261 854 mus,
288 804 372 845 nisi
395 803 519 856 prius
541 815 623 844 nos
648 802 744 854 ipse
770 801 982 852 diligeret,

151 866 194 903 et
209 860 415 903 tenebras
433 859 694 910 ignorantiae
710 863 875 900 nostrae
891 870 983 900 suae

150 917 347 960 veritatis
366 917 464 958 luce
485 915 735 957 discuteret.
791 934 793 938 .

207 979 259 1032 R.
276 978 319 1019 A
342 976 511 1019 dextris
537 980 604 1018 est
629 975 735 1016 mihi
757 975 983 1025 Dominus,

151 1048 207 1077 ne
231 1035 529 1077 commovear:
552 1035 575 1059 *
600 1033 791 1085 Propter
813 1031 900 1072 hoc
923 1031 984 1073 di-

152 1092 339 1133 latatum
364 1094 432 1132 est
456 1102 532 1131 cor
551 1101 708 1138 meum,
733 1093 777 1129 et
797 1087 985 1129 exsulta-

152 1149 216 1190 vit
240 1147 390 1198 lingua
414 1158 525 1187 mea.
559 1142 610 1193 V.
639 1145 855 1186 Dominus
880 1157 985 1197 pars

153 1203 426 1246 haereditatis
456 1214 586 1251 meae,
623 1207 667 1243 et
703 1201 852 1243 calicis
889 1201 985 1242 mei.

152 1262 354 1314 Propter.

467 1312 619 1353 Lectio
640 1326 677 1352 v.

243 1367 436 1420 iligendo
467 1370 618 1420 itaque
649 1379 731 1408 nos
758 1367 897 1418 DeuS,
932 1366 989 1408 ad

274 1425 509 1476 imaginem
538 1437 662 1466 suam
689 1436 772 1465 nos
799 1425 988 1476 reparat:

156 1488 200 1525 et
221 1487 270 1524 ut
292 1482 337 1523 in
355 1481 483 1523 nobis
502 1481 688 1522 formam
707 1493 799 1522 suae
818 1480 988 1522 bonita-

154 1539 213 1581 tis
231 1538 435 1588 inveniat,
460 1537 536 1579 dat
559 1537 677 1578 unde
695 1537 781 1589 ipsi
801 1550 988 1589 quoque,

158 1594 279 1648 quod
305 1596 530 1647 operatur,
560 1595 809 1646 operemur,
838 1595 988 1635 accen-

158 1651 267 1694 dens
299 1651 467 1693 scilicet
496 1650 707 1692 mentium
738 1652 990 1691 nostrarum

156 1708 370 1758 lucernas,
394 1713 438 1749 et
462 1707 563 1758 igne
582 1719 664 1748 nos
684 1719 776 1747 suae
796 1706 990 1747 caritatis

157 1765 450 1815 inflammans,
478 1769 526 1805 ut
549 1776 638 1805 non
667 1763 809 1804 solum
835 1762 991 1814 ipsum,
1050 1785 1156 1823 ,Χ

159 1820 239 1862 sed
264 1821 396 1862 etiam
422 1819 638 1873 quidquid
663 1819 815 1870 diligit,
841 1819 990 1870 diliga-
1055 1823 1057 1859 ζ
1086 1823 1157 1874 {345²

158 1890 266 1918 mus.
298 1877 413 1918 Nam
437 1877 474 1918 si
497 1877 610 1918 inter
627 1875 828 1917 homines
849 1888 900 1917 ea
920 1875 990 1916 de·
1051 1872 1063 1891 '¹
1085 1890 1090 1891 ⁷

158 1946 279 1974 mum
298 1933 425 1974 firma
444 1933 636 1974 amicitia
656 1938 734 1982 est,
755 1945 886 1984 quam
900 1943 991 1972 mo-

160 2003 258 2030 rum
273 1989 513 2031 similitudo
528 1989 716 2039 sociarit,
732 2001 831 2030 cum
844 1993 992 2029 tamen

160 2045 359 2098 parilitas
391 2046 668 2087 voluntatum
701 2057 822 2098 saepe
853 2045 897 2085 in
929 2046 992 2085 re-

161 2101 329 2155 probos
360 2101 515 2144 tendat
545 2102 746 2144 affectus:
783 2105 994 2153 quantum

162 2157 289 2200 nobis
318 2156 578 2211 optandum,
606 2163 739 2211 atque
768 2156 994 2198 nitendum

164 2220 248 2265 est,
280 2219 330 2255 ut
361 2214 406 2255 in
432 2214 553 2256 nullo
582 2214 636 2256 ab
666 2215 736 2264 iis,
769 2226 868 2265 quae
897 2213 994 2253 Deo

164 2275 266 2312 sunt
280 2270 456 2323 placita,
472 2270 796 2323 discrepemus?
821 2270 889 2310 De
907 2281 994 2320 quo

165 2326 271 2368 dicit
289 2326 528 2379 Propheta:
553 2327 770 2377 Quoniam
791 2326 856 2366 ira
874 2326 917 2365 in
935 2324 995 2364 in-

166 2382 418 2434 dignatione
447 2383 556 2435 ejus,
584 2387 628 2424 et
655 2383 747 2424 vita
776 2382 819 2422 in
846 2380 996 2422 volun-

165 2440 256 2480 tate
277 2439 378 2490 ejus,
400 2439 502 2490 quia
520 2451 609 2480 non
629 2438 754 2479 aliter
771 2437 900 2478 nobis
917 2435 997 2477 erit

167 2493 356 2545 dignitas
404 2494 565 2537 divinae
609 2494 870 2546 majestatis,
914 2492 998 2533 nisi

166 2546 352 2588 imitatio
381 2547 511 2589 fuerit
537 2547 786 2588 voluntatis.

223 2602 276 2654 Rz.
287 2602 423 2655 Apud
441 2603 679 2643 Dominum
698 2599 998 2642 misericordia

1758 197 1856 241 [305]

1335 294 1486 334 Lectio
1506 294 1559 333 vi.

1124 354 1267 396 icente
1290 356 1439 405 itaque
1460 353 1668 394 Domino:
1692 353 1860 404 Diliges

1141 410 1378 451 Dominum
1393 410 1536 463 Deum
1555 414 1677 450 tuum
1695 422 1749 451 ex
1763 414 1859 451 toto

1031 466 1166 508 corde
1185 471 1274 516 tuo,
1294 471 1338 507 et
1358 479 1412 507 ex
1429 470 1524 507 tota
1541 470 1687 507 mente
1706 471 1798 516 tua3
1818 470 1862 507 et

1033 522 1189 574 diliges
1213 522 1462 575 proximum
1479 526 1603 563 tuum
1622 522 1735 564 sicut
1752 524 1861 575 teip-

1033 592 1139 628 sum,
1160 579 1370 630 suscipiat
1389 577 1531 618 fidelis
1552 578 1696 619 anima
1715 581 1862 620 aucto-

1032 635 1092 676 ris
1117 636 1184 676 sui
1209 640 1341 686 atque
1365 634 1550 675 rectoris
1574 634 1862 676 immarcesci-

1034 691 1166 734 bilem
1177 692 1417 740 caritatem‚
1432 693 1662 742 totamque
1673 704 1720 733 se
1732 692 1864 733 etiam

1036 750 1127 801 ejus
1164 748 1366 799 subjiciat
1396 747 1628 797 voluntati,
1664 748 1708 788 in
1744 749 1864 800 cujus

1036 804 1243 857 operibus
1270 809 1402 856 atque
1422 802 1591 854 judiciis
1611 803 1718 844 nihil
1736 809 1865 845 vacat

1036 874 1062 902 a
1085 861 1271 903 veritate
1294 859 1484 912 justitiae,
1510 859 1616 900 nihil
1640 873 1664 901 a
1689 861 1864 901 misera-

1035 918 1155 959 tione
1171 917 1426 959 elementiae.
1449 916 1665 966 Quoniam
1681 918 1763 958 etsi
1779 930 1865 958 ma-

1037 975 1132 1025 gnis
1157 974 1254 1026 quis
1279 972 1517 1022 laboribuS,
1544 978 1588 1014 et
1605 973 1753 1015 multis
1771 973 1866 1015 fati—

1037 1033 1163 1082 getur
1199 1028 1510 1079 incommodis,
1551 1028 1668 1071 bona
1705 1035 1771 1071 est
1806 1029 1868 1070 illi

1041 1100 1173 1128 causa
1203 1085 1437 1134 tolerandi,
1477 1085 1551 1136 qui
1587 1099 1634 1127 se
1671 1086 1868 1128 adversis

1040 1144 1111 1185 vel
1131 1143 1290 1193 corrigi
1308 1141 1518 1192 intelligit,
1538 1142 1608 1183 vel
1626 1143 1817 1195 probari.

1094 1206 1145 1257 R.
1162 1203 1463 1244 Rememorati
1487 1206 1601 1252 s‘unt,
1628 1204 1729 1255 quia
1747 1204 1869 1246 Deus

1040 1260 1214 1311 adjutor
1243 1264 1309 1301 est
1336 1261 1503 1300 eorum:
1528 1260 1551 1285 *
1572 1260 1628 1301 Et
1652 1261 1773 1301 Deus
1799 1274 1869 1302 ex·
1903 1267 1905 1269 '

1042 1317 1184 1358 celsus
1199 1315 1476 1367 Redemptor
1492 1317 1643 1357 eorum
1657 1322 1733 1358 est.
1751 1313 1802 1365 V.
1813 1317 1870 1358 Et

1042 1374 1164 1426 pavit
1189 1385 1266 1414 eos
1291 1372 1335 1412 in
1359 1371 1608 1414 innocentia
1628 1373 1774 1414 cordis
1794 1374 1870 1414 sui.

1042 1430 1109 1471 Et.
1140 1429 1291 1471 Gloria
1309 1427 1439 1469 Patri.
1466 1427 1534 1469 Et.

1262 1507 1311 1546 In
1339 1506 1410 1546 III.
1438 1505 1661 1544 Nocturno.

1047 1596 1057 1606 .
1098 1569 1197 1611 Ant.
1229 1569 1324 1618 Ego
1358 1570 1506 1607 autem
1533 1565 1590 1606 ad
1617 1565 1760 1606 Deum
1789 1566 1870 1606 cla-

1043 1625 1171 1674 mavi,
1200 1628 1244 1664 et
1268 1622 1483 1663 Dominus
1511 1620 1699 1662 salvavit
1726 1634 1806 1662 me.

1310 1691 1509 1733 Psalmus
1538 1691 1609 1730 60.

1138 1752 1295 1794 xaudi
1342 1751 1463 1791 Deus
1516 1748 1872 1801 deprecationem

1189 1821 1351 1850 meam:
1396 1808 1419 1833 *
1464 1805 1640 1848 intende
1687 1806 1873 1848 orationi

1156 1867 1157 1874 ³
1190 1877 1312 1906 meae.

1098 1928 1139 1967 A
1165 1926 1324 1967 finibus
1356 1930 1486 1966 terrae
1515 1923 1571 1965 ad
1597 1928 1641 1964 te
1674 1922 1872 1964 clamavi:

1046 1985 1070 2011 *
1104 1982 1208 2024 dum
1241 1982 1489 2023 anxiaretur
1523 1993 1599 2021 cor
1632 1991 1792 2028 meum,
1828 1978 1871 2018 in

1046 2044 1171 2092 petra
1200 2037 1401 2079 exaltasti
1428 2049 1509 2077 me.

1098 2093 1331 2135 Deduxisti
1345 2106 1425 2142 me,
1444 2093 1544 2144 quia
1558 2091 1697 2132 factus
1710 2102 1756 2131 es
1772 2102 1874 2142 spes

1046 2164 1160 2192 mea:
1188 2152 1212 2177 *
1243 2150 1373 2190 turris
1405 2146 1670 2190 fortitudinis
1704 2158 1730 2186 a
1761 2145 1872 2186 facie

1047 2206 1218 2247 inimici.

1100 2260 1361 2303 Inhabitabo
1397 2260 1441 2300 in
1476 2257 1760 2300 tabernaculo
1797 2261 1874 2298 tuo

1048 2319 1092 2359 in
1108 2317 1284 2359 saecula:
1304 2318 1327 2344 *
1344 2318 1551 2369 protegar
1567 2315 1611 2354 in
1627 2313 1873 2355 velamento

1050 2374 1217 2416 alarum
1243 2375 1427 2414 tuarum.

1103 2429 1318 2479 Quoniam
1350 2433 1399 2469 tu
1431 2427 1552 2468 Deus
1589 2438 1712 2466 meus
1749 2436 1874 2465 exau-

1051 2486 1153 2527 disti
1163 2485 1405 2527 orationem
1414 2496 1573 2524 meam:
1586 2483 1610 2509 *
1622 2480 1781 2522 dedisti
1790 2479 1874 2519 hae-

1052 2541 1282 2583 reditatem
1298 2539 1549 2581 timentibus
1569 2550 1727 2579 nomen
1743 2540 1874 2576 tuum.

1103 2598 1208 2638 Dies
1243 2608 1375 2648 super
1409 2595 1502 2636 dies
1539 2594 1653 2644 regis
1687 2590 1875 2642 adjicies:

171 2658 264 2699 *Et
283 2659 465 2711 copiosa
484 2658 604 2711 apud
624 2671 723 2699 eum
741 2655 998 2708 redemptio.
1052 2656 1076 2681 *
1103 2665 1239 2694 annos
1268 2653 1358 2703 ejus
1378 2664 1517 2703 usque
1545 2651 1588 2690 in
1616 2648 1729 2689 diem
1749 2657 1874 2696 gene-

172 2708 224 2760 ΥΤ.
242 2714 444 2756 Humiles
463 2714 620 2766 spiritu
639 2713 838 2755 salvabit.
865 2712 933 2752 Et.

323 2852 387 2877 Pars
403 2852 574 2876 Autumnnlis.

1052 2709 1230 2751 rationis
1258 2712 1301 2749 et
1328 2705 1630 2758 generationis.

1618 2830 1649 2861 U
