2040 2944
672 190 712 223 B.
739 189 871 223 Mariae
896 190 939 223 V.
966 190 1013 223 de
1038 190 1324 225 Consolatione.

146 283 332 333 Amana,
365 283 420 325 de
448 285 612 327 vertice
640 285 766 327 Sanir
794 292 838 328 et
865 288 974 329 Her-

145 352 259 390 mon,
274 338 330 382 de
346 340 562 383 cubilibus
577 342 765 393 leonum,
786 343 841 385 de
855 346 975 385 mon-

145 395 263 438 tibus
302 395 554 450 pardorum.
608 399 863 441 Vulnerasti
900 413 976 442 cor

146 465 292 494 meum
317 466 444 495 soror
461 467 560 496 mea
580 467 755 508 sponsa,
778 456 976 498 vulnera-

146 509 202 551 sti
222 522 300 551 cor
313 522 460 551 meum
478 511 522 554 in
537 524 623 552 uno
638 511 868 554 oculorum
881 515 975 555 tuo-

145 579 252 616 rum,
268 570 312 607 et
325 566 369 607 in
382 579 470 608 uno
487 567 605 609 crine
622 568 724 609 colli
737 569 812 611 tui.
836 570 977 620 Quam

144 621 341 675 pulchrae
369 628 470 665 sunt
497 637 700 666 mammae
727 629 815 667 tuae
849 638 976 667 soror

144 691 242 720 mea
258 679 439 732 sponsa!
456 680 711 732 pulchriora
726 687 826 723 sunt
839 682 977 724 ubera

144 740 220 777 tua
234 736 348 786 vino,
364 741 408 778 et
424 736 536 779 odor
552 741 876 789 unguentorum
889 741 977 781 tuo-

145 804 242 833 rum
262 805 394 845 super
414 793 561 834 omnia
579 795 787 836 aromata.

200 857 251 909 R.
277 853 650 904 Congratulamini
677 855 783 896 mihi
812 869 976 906 omnes,

146 910 220 962 qui
248 909 429 961 diligitis
456 911 714 962 Dominum,
749 913 850 965 quia
878 926 976 954 cum

146 979 287 1008 essem
306 967 501 1020 parvula,
522 968 668 1021 placui
686 969 933 1011 Altissim0:
954 968 976 993 *

144 1023 201 1064 Et
220 1022 276 1065 de
294 1027 403 1066 meis
423 1024 666 1067 visceribus
685 1027 815 1077 genui
833 1026 977 1068 Deum

145 1084 189 1121 et
206 1079 440 1122 hominem.
471 1076 720 1129 V.Beatam
738 1095 809 1124 me
829 1082 977 1124 dicent

145 1148 298 1178 omnes
317 1138 635 1189 generationes,
655 1139 757 1191 quia
773 1139 976 1181 ancillam

143 1191 354 1235 humilem
372 1195 567 1248 respexit
585 1195 717 1236 Deus.
745 1195 812 1237 Et.

445 1262 598 1304 Lectio
619 1263 676 1302 iii.
759 1298 767 1304 .

146 1319 335 1425 Favus
351 1324 567 1367 distillans
581 1325 699 1368 labia
712 1332 787 1368 tua
802 1340 976 1381 sponsa,

246 1380 334 1422 mel
361 1386 404 1423 et
431 1381 501 1424 lac
527 1382 608 1424 sub
635 1382 783 1434 lingua
810 1389 901 1425 tua:
934 1390 977 1426 et

145 1434 257 1477 odor
279 1437 642 1480 vestimentorum
664 1442 841 1481 tuorum
864 1440 976 1482 sicut

145 1491 258 1534 odor
276 1493 426 1536 thuris.
458 1495 630 1537 Hortus
653 1496 888 1538 conclusus
908 1510 975 1539 so-

143 1555 218 1590 ror
235 1562 335 1593 mea
353 1564 528 1604 sponsa,
554 1552 710 1595 hortus
730 1553 975 1603 conclusus,

143 1604 242 1647 fons
262 1607 471 1659 signatus.
503 1609 774 1651 Emissiones
793 1615 882 1652 tuae
901 1624 975 1663 pa-

144 1661 316 1706 radisus
343 1665 561 1707 malorum
588 1667 848 1719 punicorum
877 1679 975 1708 cum

143 1722 379 1770 pomorum
422 1722 648 1765 fructibus.
705 1723 838 1776 Cypri
876 1736 975 1765 cum

143 1774 294 1828 nardo,
317 1777 481 1820 nardus
505 1785 549 1821 et
573 1792 742 1829 crocus,
765 1779 912 1821 fistula
932 1785 975 1821 et

145 1831 469 1877 cinnamomum
493 1848 592 1878 cum
612 1837 827 1878 universis
847 1836 974 1888 lignis

144 1886 311 1940 Libani,
334 1891 512 1944 myrrha
537 1897 580 1934 et
601 1892 699 1934 aloe
719 1906 819 1935 cum
838 1893 973 1934 omni-

143 1943 227 1986 bus
244 1947 398 1998 primis
416 1950 661 2000 unguentis.
688 1950 806 1991 Fons
826 1949 973 1991 horto-

144 2013 255 2042 rum:
286 2006 447 2056 puteus
479 2008 693 2058 aquarum
722 2006 973 2055 viventium,

146 2069 245 2109 quae
290 2059 429 2103 fluunt
478 2063 646 2120 impetu
691 2062 746 2104 de
791 2061 973 2103 Libano.

145 2113 282 2165 Surge
293 2115 467 2168 Aquilo,
482 2123 526 2160 et
535 2119 636 2160 veni
646 2118 820 2168 Auster,
834 2118 973 2171 perfla

144 2169 321 2213 hortum
346 2186 508 2224 meum,
541 2180 585 2217 et
612 2175 750 2216 fluant
777 2177 973 2216 aromata

143 2227 270 2269 illius.
308 2231 359 2284 R».
379 2230 518 2272 Beata
538 2244 585 2273 es
603 2232 754 2283 Virgo.
775 2231 878 2284 [138]

372 2307 421 2347 In
447 2308 499 2347 II.
526 2308 750 2349 Nocturno.

179 2366 331 2419 Sermo
352 2369 491 2410 sancti
510 2369 724 2411 Bernardi
743 2369 941 2411 Abbatis.

147 2429 280 2465 Sermo
298 2431 336 2465 in
349 2432 554 2468 Dominica
567 2434 667 2469 infra
682 2434 761 2469 Oct.
775 2435 974 2477 Assumpt.

312 2479 353 2514 B.
371 2481 418 2516 M.
432 2482 476 2517 V.
493 2493 610 2526 super
626 2484 695 2526 sig.
713 2493 810 2525 mag.

448 2543 600 2585 Lectio
620 2544 674 2584 iv.

149 2607 184 2655 ’,ᾗ
343 2600 482 2642 Maria
497 2601 590 2643 sole
605 2601 862 2654 perhibetur
877 2603 972 2642 ami-

148 2658 185 2710 'gi
214 2655 250 2704 1-‘3
274 2661 356 2706 cta,
381 2669 479 2709 quae
503 2657 891 2710 profundissimam
910 2656 970 2699 di-

148 2721 151 2729 *
208 2720 215 2725 ”
273 2714 386 2753 vinae
420 2714 663 2765 sapientiae,
695 2714 810 2755 ultra
841 2726 972 2765 quam

299 2855 363 2878 Pars
379 2855 548 2879 Autumnalis.

1766 194 1859 238 [257]

1031 285 1152 328 credi
1178 287 1333 337 valeat,
1361 289 1611 341 penetravit
1636 289 1860 342 abyssum,

1029 348 1087 392 ut,
1115 349 1326 395 quantum
1345 345 1438 386 sine
1457 345 1680 397 personali
1699 346 1859 388 unione

1030 404 1245 442 creaturae
1269 401 1465 443 conditio
1490 402 1665 454 patitur,
1688 402 1776 443 luci
1790 403 1859 443 illi

1028 456 1321 499 inaccessibili
1344 458 1546 499 videatur
1570 459 1739 500 imersa.
1776 459 1859 509 Illo

1029 513 1231 555 nimirum
1250 514 1350 565 igne
1367 514 1605 567 Prophetae
1623 515 1740 557 labia
1759 529 1859 568 pur-

1028 572 1203 621 gantur,
1229 570 1304 612 illo
1330 571 1430 621 igne
1454 571 1685 624 Seraphim
1709 585 1859 614 accen-

1030 625 1201 668 duntur.
1242 627 1393 678 Longe
1425 640 1531 669 vero
1565 628 1691 669 aliter
1722 629 1860 670 Maria

1028 683 1196 733 meruit,
1216 696 1304 725 non
1319 684 1439 725 velut
1460 685 1711 726 summatim
1726 686 1859 737 tangi,

1030 739 1109 781 sed
1133 740 1297 793 operiri
1317 741 1457 792 magis
1482 741 1686 793 undique,
1713 746 1756 782 et
1781 742 1859 783 cir-

1030 796 1254 837 cumfundi
1291 802 1335 838 et
1370 802 1595 849 tamquam
1630 798 1728 850 ipso
1760 798 1859 850 igne

1030 851 1245 894 concludi.
1279 853 1626 895 Candidissimus
1646 867 1761 904 sane,
1781 853 1860 896 sed

1030 915 1074 951 et
1092 909 1382 951 calidissimus
1402 910 1528 962 hujus
1547 910 1741 952 mulieris
1758 913 1860 951 ami-

1030 971 1143 1007 ctus:
1171 967 1291 1018 cujus
1317 967 1462 1008 omnia
1480 972 1570 1008 tam
1595 967 1860 1009 excellenter

1029 1021 1238 1064 irradiata
1262 1027 1514 1072 noscuntur,
1538 1028 1587 1065 ut
1609 1023 1716 1064 nihil
1733 1023 1777 1064 in
1797 1036 1859 1074 ea,

1029 1091 1118 1120 non
1139 1079 1237 1121 dico
1262 1079 1556 1129 tenebrosum,
1584 1080 1663 1122 sed
1685 1093 1740 1122 ne
1760 1080 1860 1122 sub-

1030 1135 1268 1177 obscurum
1294 1136 1461 1186 saltem,
1489 1136 1559 1178 vel
1587 1137 1729 1178 minus
1754 1137 1858 1178 luci-

1030 1192 1149 1243 dum,
1176 1193 1255 1234 sed
1280 1206 1334 1234 ne
1358 1193 1557 1246 tepidum
1584 1192 1762 1246 quidem
1786 1194 1857 1235 ali-

1031 1249 1153 1301 quid,
1188 1255 1262 1291 aut
1293 1263 1382 1292 non
1413 1250 1780 1292 ferventissimum
1811 1250 1856 1290 li-

1030 1311 1127 1347 ceat
1155 1307 1380 1359 suspicari.

1083 1367 1134 1418 R.
1160 1363 1281 1405 Sicut
1305 1363 1462 1404 cedrus
1484 1363 1675 1405 exaltata
1695 1377 1791 1404 sum
1816 1364 1859 1404 in

1029 1419 1209 1467 Libano,
1222 1425 1266 1462 et
1282 1420 1394 1461 sicut
1409 1422 1643 1473 cypressus
1654 1420 1698 1460 in
1708 1426 1857 1462 monte

1029 1476 1147 1518 Sion:
1173 1477 1298 1529 quasi
1321 1477 1498 1529 myrrha
1523 1476 1672 1526 electa,
1697 1479 1719 1503 *
1744 1477 1858 1519 Dedi

1029 1533 1292 1575 suavitatem
1311 1533 1472 1575 odoris.
1498 1526 1549 1579 V.
1565 1533 1622 1574 Et
1641 1534 1753 1576 sicut
1773 1535 1856 1576 cin-

1028 1592 1279 1631 namomum
1308 1595 1352 1631 et
1381 1590 1626 1632 balsamum
1655 1593 1856 1632 aromati-

1029 1659 1143 1687 zans.
1170 1645 1296 1688 Dedi.

1338 1699 1489 1742 Lectio
1510 1714 1547 1740 v.

1030 1750 1247 1856 Malier
1272 1761 1432 1800 amicta
1455 1759 1560 1800 sole.
1596 1759 1730 1800 Plane
1753 1762 1855 1800 ami-

1162 1820 1233 1856 cta
1268 1814 1431 1856 lumine
1468 1820 1692 1868 tamquam
1728 1816 1855 1857 vesti-

1026 1873 1187 1913 mento.
1223 1871 1325 1913 Non
1353 1872 1541 1924 percipit
1566 1872 1680 1913 forte
1708 1874 1855 1913 carna-

1026 1927 1095 1969 lis:
1126 1928 1328 1968 nimirum
1352 1928 1579 1981 spirituale
1605 1933 1688 1978 est,
1716 1928 1853 1970 stulti-

1026 1984 1087 2025 tia
1108 1984 1171 2025 illi
1197 1983 1380 2025 videtur.
1416 1984 1518 2026 Non
1542 1985 1606 2026 sic
1623 1984 1856 2025 videbatur

1026 2040 1263 2093 Apostolo,
1298 2041 1372 2092 qui
1399 2040 1589 2082 dicebat:
1619 2040 1854 2082 Induimini

1025 2096 1263 2138 Dominum
1282 2096 1307 2137 J
1309 2109 1432 2138 esum
1452 2097 1686 2138 Christum.
1715 2097 1855 2146 Quam

1026 2152 1248 2193 familiaris
1261 2153 1300 2194 ei
1310 2153 1425 2194 facta
1436 2165 1482 2194 es
1493 2152 1698 2193 Domina!
1714 2153 1855 2203 Quam

1026 2208 1244 2260 proxima,
1280 2208 1368 2250 imo
1408 2221 1538 2261 quam
1574 2209 1726 2250 intima
1755 2208 1852 2250 fieri

1025 2264 1237 2306 meruisti:
1279 2270 1487 2316 quantam
1523 2264 1728 2306 invenisti
1758 2266 1853 2315 gra-

1025 2321 1129 2361 tiam
1148 2320 1267 2373 apud
1287 2320 1401 2362 eum!
1433 2321 1485 2361 In
1503 2325 1548 2362 te
1567 2325 1725 2369 manet,
1745 2325 1788 2362 et
1806 2325 1854 2361 tu

1024 2377 1067 2416 in
1088 2389 1152 2425 eo,
1179 2382 1223 2418 et
1242 2377 1377 2418 vestis
1401 2389 1510 2426 eum,
1535 2381 1578 2418 et
1600 2377 1773 2418 vestiris
1797 2376 1851 2417 ab

1026 2446 1089 2474 eo.
1125 2433 1274 2475 Vestis
1303 2445 1403 2474 eum
1429 2433 1672 2475 substantia
1700 2433 1851 2482 carnis

1025 2494 1068 2530 et
1085 2489 1215 2530 vestit
1233 2489 1306 2530 ille
1323 2494 1367 2531 te
1387 2489 1527 2540 gloria
1546 2502 1636 2531 suae
1655 2490 1851 2540 majesta-

1024 2545 1091 2586 tis.
1127 2545 1278 2586 Vestis
1304 2545 1444 2586 solem
1472 2545 1606 2594 nube,
1634 2545 1727 2587 sole
1755 2545 1851 2596 ipsa

1024 2601 1208 2642 vestiris.
1239 2601 1417 2642 Novum
1441 2602 1554 2643 enim
1577 2602 1680 2643 fecit
1702 2599 1849 2641 Domi-

1024 2670 1105 2701 nus
1137 2669 1270 2709 super
1297 2662 1479 2708 terram,
1510 2662 1559 2698 ut
1589 2656 1744 2698 mulier
1772 2655 1848 2695 cir-

1025 2714 1252 2756 cumdaret
1278 2715 1431 2755 virum.

1588 2843 1621 2877 R
