2040 2944
582 165 653 199 Die
677 166 731 200 21.
755 166 859 209 Sept.
906 166 941 201 S.
966 167 1140 202 Matthaei
1165 169 1302 212 Apost.
1328 175 1363 204 et
1388 171 1533 213 Evang.

197 261 491 314 apostolicum
509 262 705 315 martyrii
723 262 863 313 gloria
882 275 1026 304 cumu-

196 317 312 359 lavit.
333 317 464 369 Cujus
481 331 644 371 corpus
656 318 884 360 Salernum
897 324 1028 361 trans-

116 404 118 406 -
196 373 347 423 latum,
376 386 428 415 ac
455 374 743 426 postmodum
769 374 813 415 in
842 375 1027 416 ecclesia

197 430 287 481 ejus
302 430 477 472 nomine
494 429 709 479 dedicata,
730 431 947 482 Gregorio
963 434 1026 472 se-

195 486 333 537 ptimo
355 486 535 528 Summo
554 486 770 528 Pontifice
791 487 1026 537 conditum,

194 540 359 583 ibidem
383 555 544 594 magno
565 542 791 584 hominum
810 546 1027 585 concursu

196 610 246 638 ac
264 598 428 650 pietate
449 598 616 640 colitur.

248 653 301 705 Rz.
316 654 445 695 Beati
463 654 580 704 estis,
601 667 702 696 cum
720 655 1028 698 maledixerint

197 709 324 750 vobis
338 709 549 759 homines,
569 715 613 752 et
627 711 850 763 persecati
863 725 944 753 vos
966 713 1026 754 fu-

197 766 324 815 erint,
349 770 393 808 et
412 767 603 809 dixerint
622 780 751 809 omne
769 768 934 809 malum
953 769 1026 810 ad-

196 823 371 863 versum
400 835 498 873 vos,
531 823 809 873 mentientes,
841 829 1026 878 propter

195 890 281 919 me:
300 880 323 904 *
339 878 541 921 Gaudete
561 884 606 921 et
625 879 853 931 exsultate,
875 882 1025 932 quoni-

197 946 268 975 am
295 947 464 977 merces
492 941 639 978 vestra
669 937 852 988 copiosa
884 942 951 979 est
982 938 1026 978 in
1596 983 1598 985 ,

1115 991 1170 1041 ‘x‘
1190 991 1193 1016 ἐ
1217 984 1473 1026 recundiam
1498 990 1542 1026 et
1567 985 1783 1027 honorem
1808 987 1915 1029 Mat·
1965 1031 1967 1034 Α

1089 1032 1185 1064 *³3²
1215 1039 1336 1090 tha'ei,
1362 1041 1597 1083 noluerunt
1622 1055 1721 1083 eum
1741 1044 1916 1085 n6mine

196 990 331 1031 coelis.
370 986 419 1037 V.
443 991 553 1033 Cum
582 1004 663 1033 vos
690 991 863 1034 oderint
890 993 1026 1035 homi-

196 1058 290 1096 nes,
324 1052 368 1089 et
396 1060 495 1088 cum
523 1049 824 1100 separaverint
852 1062 949 1100 vos,
983 1055 1027 1092 et

196 1102 576 1154 exprobraverint,
626 1109 669 1146 et
706 1105 911 1155 ejecerint
951 1119 1026 1147 no-

194 1170 295 1198 men
310 1163 506 1200 vestrum
515 1163 740 1212 tamquam
755 1161 918 1202 malum
933 1175 1027 1215 pro-

194 1218 294 1275 pter
313 1214 470 1255 Filium
487 1214 688 1257 hominis.
718 1216 930 1259 Gaudete.

223 1279 289 1320 De
312 1279 603 1331 Expositione
633 1282 772 1322 sancti
797 1282 1001 1334 Gregorii

316 1336 451 1388 Papae
474 1349 608 1390 super
626 1337 905 1380 Ezechielem

471 1393 751 1446 Prophetam.

432 1450 574 1485 Homil.
599 1452 628 1485 3.
653 1451 735 1486 Lib.
763 1453 790 1486 l.

500 1498 651 1540 Lectio
672 1500 724 1540 vi.

198 1546 394 1654 Sancta
437 1555 627 1605 quatuor
663 1555 885 1605 animalia,
929 1569 1027 1608 quae

284 1608 532 1661 prophetiae
560 1611 717 1662 spiritu
745 1611 890 1653 futura
917 1625 1027 1664 prae-

196 1663 409 1714 videntur,
431 1665 580 1708 subtili
597 1667 848 1709 narratione
867 1667 1026 1709 descri-

196 1720 377 1771 buntur,
407 1734 507 1762 cum
535 1721 712 1764 dicitur:
740 1724 941 1774 Quatuor
968 1725 1027 1765 fa-

198 1777 288 1818 cies
321 1777 413 1827 uni,
457 1782 500 1820 et
532 1780 722 1830 quatuor
754 1792 911 1832 pennae
942 1782 1028 1822 uni.

198 1833 315 1884 Quid
346 1846 426 1886 per
459 1834 634 1884 faciem,
666 1835 751 1876 nisi
781 1837 952 1887 notitia;
986 1842 1029 1879 et

199 1889 305 1942 quid
332 1903 413 1943 per
437 1903 623 1943 pennas,
648 1891 732 1932 nisi
756 1892 931 1935 volatus
957 1907 1026 1935 ex-

196 1944 420 1998 primitur?
439 1947 525 1988 Per
544 1947 703 1989 faciem
719 1948 884 2001 quippe
899 1962 1027 1991 unus-

198 2004 384 2054 quisque
416 2003 716 2054 cognoscitur:
747 2017 828 2057 per
860 2018 1029 2057 pennas

196 2070 303 2100 vero
326 2059 371 2099 in
394 2059 531 2100 altum
555 2060 702 2101 avium
721 2062 911 2113 corpora
930 2062 1028 2104 sub-

196 2114 407 2157 levantur.
450 2116 605 2158 Facies
633 2118 783 2169 itaque
811 2117 868 2159 ad
895 2118 1029 2160 fidem

195 2171 403 2223 pertinet,
437 2184 583 2224 penna
611 2172 667 2214 ad
695 2174 1028 2226 contemplatio-

196 2240 308 2268 nem.
343 2228 429 2270 Per
452 2228 586 2270 fidem
608 2242 798 2281 namque
817 2229 873 2271 ab
894 2232 1029 2272 omni-

196 2284 368 2335 potenti
407 2285 507 2326 Deo
549 2285 872 2336 cognoscimur,
918 2287 1030 2328 sicut

197 2339 292 2390 ipse
313 2338 368 2381 de
388 2340 479 2382 suis
499 2340 656 2382 ovibus
677 2339 797 2382 dicit:
816 2342 912 2392 Ego
934 2355 1030 2384 sum

197 2400 351 2447 pastor
382 2395 544 2446 bonus,
587 2401 631 2438 et
664 2399 889 2448 cognosco
923 2411 1029 2440 oves

197 2463 329 2501 meas,
349 2456 393 2493 et
412 2455 688 2504 cognoscunt
706 2466 778 2495 me
795 2466 919 2495 meae.
946 2455 1030 2505 Qui

198 2520 349 2548 rursus
368 2508 442 2550 ait:
461 2509 556 2560 Ego
575 2510 668 2551 scio
686 2522 798 2562 quos
814 2510 1030 2561 elegerim.

197 2563 282 2604 Per
320 2565 739 2618 contemplationem
779 2579 902 2615 vero,
945 2579 1031 2618 qua

198 2632 332 2671 super
350 2623 647 2673 nosmetipsos
667 2622 879 2671 tollimur,
906 2623 1031 2674 quasi

197 2675 241 2714 in
261 2677 363 2716 aera
383 2675 590 2718 levamur.
620 2677 671 2727 Rz.
695 2678 774 2719 Isti
794 2683 906 2719 sunt.
927 2678 1009 2730 [10]

1299 266 1349 305 In
1376 267 1447 306 ΙΙΙ.
1477 267 1701 307 Nocturno.

1064 326 1234 368 xLectio
1260 328 1399 368 sancti
1422 327 1650 378 Evangelii
1673 330 1916 371 secundum

1365 384 1633 426 Matthaeum.

1160 442 1311 483 Lectio
1332 443 1399 483 vii.
1625 444 1729 495 Cap.
1744 444 1782 483 9.
1798 443 1837 484 b.

1128 517 1156 543 n
1183 503 1259 545 illo
1287 506 1504 557 tempore:
1536 506 1662 547 Vidit
1686 507 1710 547 J
1714 519 1814 548 esus
1840 507 1915 549 ho-

1163 561 1325 602 minem
1371 561 1600 603 sedentem
1643 563 1687 603 in
1734 564 1915 614 telonio,

1080 616 1338 658 Matthaeum
1366 618 1553 659 nomine.
1587 618 1644 660 Et
1663 619 1723 660 ait
1742 619 1820 660 illi:
1844 621 1915 661 Se-

1082 684 1217 724 quere
1236 686 1318 714 me.
1346 674 1403 715 Et
1424 673 1603 726 reliqua.

1174 750 1368 792 Homilia
1396 753 1536 792 sancti
1564 752 1824 804 Hieronymi

1366 807 1631 860 Presbyteri.

1154 874 1235 908 Lib.
1264 875 1290 908 l.
1316 874 1460 908 Comm.
1487 875 1525 907 in
1549 875 1681 909 Matth.
1707 885 1789 918 cap.
1815 876 1845 909 9.

1184 928 1309 968 eteri
1323 928 1633 979 Evangelistae,
1652 935 1838 982 propter
1854 944 1918 972 ve-

1081 1095 1308 1147 appellare
1344 1097 1545 1147 vulgato,
1584 1097 1663 1138 sed
1701 1098 1916 1148 dixerunt,

1080 1151 1203 1192 Levi:
1223 1151 1390 1204 daplici
1407 1153 1575 1205 quippe
1590 1154 1810 1195 vocabulo
1826 1155 1917 1196 fuit.

1080 1208 1184 1259 Ipse
1212 1213 1359 1249 autem
1387 1209 1624 1251 Matthaeus
1660 1211 1917 1260 (secundum

1080 1262 1188 1305 illud
1209 1263 1331 1315 quod
1350 1264 1510 1307 dicitur
1531 1279 1556 1306 a
1575 1266 1826 1308 Salomone:
1845 1268 1870 1307 J
1872 1281 1916 1308 u-

1081 1324 1176 1360 stus
1203 1323 1436 1363 accusator
1461 1327 1528 1363 est
1548 1322 1615 1363 sui
1633 1322 1677 1362 in
1696 1322 1915 1376 principio

1081 1377 1310 1418 sermonis:
1344 1382 1388 1419 et
1421 1378 1464 1418 in
1494 1378 1581 1419 alio
1608 1378 1725 1420 loco:
1757 1379 1841 1420 Dic
1869 1385 1917 1421 tu
1965 1383 1967 1385 ’

1080 1435 1266 1484 peccata
1298 1438 1391 1484 tua,
1429 1439 1477 1476 ut
1513 1435 1777 1486 justificeris)
1809 1436 1917 1477 Mat-

1080 1489 1246 1531 thaeum
1270 1503 1318 1532 se
1342 1495 1387 1532 et
1406 1491 1690 1543 publicanum
1710 1492 1918 1542 nominat,

1081 1550 1130 1587 ut
1153 1545 1360 1588 ostendat
1383 1547 1631 1598 legentibus
1654 1548 1822 1589 nullum
1846 1549 1916 1590 de-

1080 1601 1186 1643 bere
1206 1603 1396 1644 salutem
1416 1604 1670 1656 desperare,
1699 1605 1736 1645 si
1754 1604 1811 1646 ad
1830 1618 1916 1646 me-

1082 1657 1192 1699 liora
1221 1661 1461 1701 conversus
1490 1660 1562 1709 sit,
1601 1673 1701 1701 cum
1734 1661 1828 1713 ipse
1862 1661 1918 1702 de

1081 1713 1318 1766 publicano
1364 1716 1407 1756 in
1445 1717 1714 1769 Apostolum
1762 1718 1817 1759 sit
1854 1730 1916 1758 re-

1081 1772 1213 1822 pente
1233 1774 1438 1814 mutatus.

1136 1829 1187 1878 Rv.
1210 1828 1291 1869 Isti
1315 1834 1417 1871 sunt
1443 1829 1518 1881 qui
1538 1830 1738 1871 viventes
1762 1830 1806 1870 in
1826 1842 1916 1871 car—

1081 1896 1153 1932 ne,
1190 1883 1501 1936 plantaverunt
1538 1885 1784 1926 Ecclesiam
1821 1888 1916 1926 san-

1081 1939 1211 1989 guine
1229 1953 1326 1982 suo:
1346 1942 1367 1964 *
1391 1941 1585 1983 Calicem
1600 1942 1779 1982 Domini
1798 1942 1916 1983 bibe-

1081 2000 1197 2045 runt,
1218 2001 1261 2037 et
1280 1998 1409 2038 amici
1429 1998 1514 2039 Dei
1533 1998 1637 2039 facti
1655 2003 1767 2039 sunt.
1799 1994 1848 2044 V.
1866 1998 1915 2038 In

1082 2063 1258 2093 omnem
1274 2057 1437 2095 terram
1452 2054 1588 2095 exivit
1603 2067 1738 2095 sonus
1750 2056 1914 2104 eorum,

1082 2113 1126 2149 et
1159 2109 1202 2148 in
1231 2109 1341 2151 fines
1370 2110 1491 2152 orbis
1519 2115 1650 2152 terrae
1679 2110 1815 2152 verba
1846 2113 1915 2151 eo-

1082 2176 1189 2205 rum.
1219 2165 1424 2207 Calicem.

1370 2228 1524 2269 Lectio
1545 2228 1630 2268 viii.

1085 2281 1276 2386 Eguit
1307 2286 1351 2326 in
1384 2285 1470 2327 hoc
1500 2285 1601 2327 loco
1633 2286 1917 2339 Porphyrius,

1195 2347 1239 2383 et
1258 2342 1459 2383 Julianus
1478 2342 1724 2393 Augustus,
1752 2343 1823 2385 vel
1842 2344 1917 2384 im—

1082 2398 1285 2450 peritiam
1312 2397 1515 2439 historici
1541 2399 1812 2449 mentientis,
1847 2400 1918 2440 vel

1083 2453 1313 2495 stultitiam
1333 2456 1498 2504 eorum,
1518 2455 1592 2506 qui
1611 2456 1760 2497 statim
1779 2456 1918 2496 secati

1084 2510 1169 2551 sint
1187 2509 1479 2560 Salvatorem,
1501 2511 1626 2563 quasi
1646 2511 1917 2552 irrationabi-

1082 2565 1182 2607 liter
1195 2565 1435 2617 quemlibet
1446 2569 1680 2609 vocantem
1696 2567 1917 2608 hominem

1084 2623 1170 2663 sint
1188 2623 1342 2663 secuti:
1361 2635 1461 2663 cum
1475 2627 1610 2665 tantae
1626 2624 1812 2664 virtutes
1826 2625 1917 2664 tan-

1083 2683 1216 2730 taque
1227 2679 1350 2729 signa
1361 2680 1680 2731 praecesserint,
1691 2691 1790 2730 quae
1799 2678 1916 2729 Apo-
