2040 2944
594 162 703 195 Dom.
731 161 792 195 ΙΙΙ,
818 162 920 204 Sept.
967 161 1121 205 Septem
1149 161 1334 194 Dolorum
1361 160 1401 194 Β.
1425 160 1471 194 Μ.
1496 160 1541 194 V.

470 263 549 305 Ad
574 263 774 305 Laudes

418 332 466 359 et
504 335 601 368 per
638 325 832 359 Horas.

264 382 361 422 Ant.
383 383 410 420 1.
432 382 531 429 Quo
552 375 659 419 abiit
678 375 867 418 dilectus
885 381 997 426 tuus,
1016 377 1040 403 *

209 447 235 475 o
259 434 554 487 pulcherrima
577 432 831 474 mulierum?
861 445 948 486 quo
969 431 1040 473 de-

209 490 386 532 clinavit
402 490 588 532 dilectus
602 494 715 540 tuus,
733 495 776 532 et
792 491 1040 542 quaeremus

209 559 308 588 eum
326 547 495 589 tecum?

261 610 327 649 Ps.
353 608 566 650 Deminus
585 607 795 659 regnavit.
813 608 873 648 15.

260 672 295 711 2.
328 667 536 710 Recedite
556 681 581 710 a
600 681 682 718 me,
701 670 725 695 *
745 670 892 710 amare
914 666 1040 717 flebo,

207 725 344 767 nolite
372 724 642 775 incumbere,
672 730 721 767 ut
750 724 1041 766 consolemini

207 794 289 823 me.

261 843 295 881 3.
339 841 436 881 Non
465 843 533 880 est
561 838 601 880 ei
629 838 817 891 specieS‚
845 839 869 865 *
895 850 1040 890 neque

209 895 355 945 decor,
375 900 418 937 et
437 894 626 936 vidimus
647 907 757 946 eum,
778 900 822 937 et
841 908 930 936 non
947 899 1041 936 erat

209 954 426 1004 aspectus.

262 1011 298 1049 4.
341 1010 377 1048 A
413 1008 563 1061 planta
596 1007 724 1061 pedis
754 1010 777 1035 *
810 1021 951 1061 usque
984 1009 1042 1052 ad

209 1065 420 1106 verticem
440 1065 611 1117 eapitis,
637 1078 726 1107 non
750 1071 817 1108 est
836 1066 881 1107 in
900 1078 954 1108 eo
975 1068 1040 1107 sa-

209 1121 334 1163 nitas.

261 1181 296 1218 5.
335 1178 499 1220 Fulcite
522 1191 592 1220 me
616 1179 814 1230 floribus,
835 1181 859 1207 *
879 1180 1042 1232 stipate

210 1246 281 1276 me
301 1234 439 1285 malis,
460 1235 561 1288 quia
581 1238 731 1278 amere
750 1237 951 1288 langueo.

263 1306 522 1357 Capitulum.
591 1316 593 1318 ·
721 1305 931 1345 'l*hren.2.
949 1305 987 1345 d.

286 1368 330 1409 ui
357 1367 625 1423 comparabo
653 1370 718 1413 te?
747 1371 818 1413 vel
845 1371 915 1413 cui
939 1371 1042 1412 assi-

303 1426 467 1468 milabo
491 1432 536 1469 te
561 1427 651 1469 filia
674 1427 944 1470 Jerusalem?
974 1428 1043 1470 cui

213 1482 458 1534 exaequabo
478 1488 533 1534 te,
554 1489 597 1525 et
616 1485 879 1526 consolabor
897 1489 942 1526 te
960 1485 1042 1526 vir-

211 1550 268 1589 go
288 1538 378 1580 filia
398 1539 526 1582 Sion?
551 1554 711 1592 magna
730 1546 797 1584 est
817 1541 937 1583 velut
954 1554 1042 1582 ma-

212 1606 259 1635 re
279 1597 484 1639 contritio
504 1602 589 1639 tua.

520 1677 730 1727 Hymnus.

359 1750 519 1779 ummae
538 1738 660 1780 Deus
680 1738 934 1790 clementiae,

377 1795 558 1847 Septem
578 1795 758 1838 doleres
778 1797 973 1848 Virginis

342 1851 591 1903 Plagasque
610 1852 635 1893 J
638 1865 716 1894 esu
734 1853 833 1894 Filii

343 1908 433 1950 Fac
451 1909 534 1951 rite
554 1922 636 1950 nos
656 1910 897 1953 revolvere.

297 1981 434 2023 Nobis
456 1982 642 2024 salutem
662 1983 889 2025 censerant

342 2039 547 2091 Deiparae
566 2044 634 2082 tot
652 2040 858 2090 lacrimae,

343 2095 512 2146 Quibus
530 2095 679 2138 lavare
700 2097 866 2139 sufficis

344 2152 504 2193 Totius
524 2152 644 2194 orbis
663 2154 856 2196 crimina.

293 2226 358 2268 Sit
378 2227 570 2279 quinque
588 2227 612 2268 J
616 2240 694 2269 esu
712 2228 942 2271 vulnerum

345 2282 509 2325 Amara
528 2284 855 2337 contemplatio,

346 2339 440 2381 Sint
460 2346 503 2382 et
524 2341 702 2383 doleres
723 2343 917 2394 Virginis

345 2395 529 2438 AEterna
549 2399 717 2439 cunctis
737 2399 909 2450 gaudia.

293 2470 314 2509 J
318 2482 406 2519 esu,
426 2470 506 2511 tibi
525 2471 581 2511 sit
599 2471 750 2522 gloria,

345 2525 430 2576 Qui
448 2539 606 2578 passus
628 2540 675 2568 es
693 2541 776 2581 pro
797 2530 993 2580 servulis,

345 2581 456 2623 Cum
474 2582 604 2624 Patre
625 2589 668 2625 et
686 2584 801 2626 almo
820 2586 997 2639 Spiritu,

343 2638 395 2679 In
414 2639 681 2692 sempiterna
700 2642 872 2684 saecula.

527 2697 681 2738 Amen.

1149 253 1198 305 W.
1216 256 1356 298 Maria
1373 255 1513 307 Virgo
1531 269 1612 309 per
1630 257 1839 299 virtutem
1857 262 1926 300 tot

1093 313 1308 356 dolerum.
1355 317 1405 367 R.
1435 314 1525 355 Fac
1552 326 1634 356 nos
1661 313 1854 365 gaudere
1881 315 1926 356 in

1093 382 1231 421 regno
1251 371 1478 412 coelorum.

1147 430 1218 471 Ad
1248 430 1410 472 Bened.
1453 431 1552 471 Ant.
1590 429 1748 470 Venite
1776 441 1925 470 ascen-

1093 483 1249 526 damus
1275 483 1332 526 ad
1356 489 1552 525 montem
1576 484 1769 535 Demini,
1797 490 1843 527 et
1866 486 1926 527 vi-

1094 540 1196 583 dete
1215 541 1253 582 si
1272 546 1341 583 est
1360 540 1500 591 dolor,
1519 541 1634 583 sicut
1648 541 1776 583 dolor
1789 555 1926 584 meus.

1429 603 1593 644 Oratio.

1185 666 1280 704 eus,
1307 655 1352 695 in
1377 655 1499 707 cujus
1523 655 1748 708 passione,
1776 659 1926 698 secun-

1190 710 1294 752 dum
1304 712 1521 753 Simeenis
1531 712 1824 765 prophetiam,
1835 712 1926 756 du]-

1094 768 1317 810 cissimam
1341 769 1530 810 animam
1553 769 1762 820 gloriosae
1786 770 1927 822 Virgi-

1092 824 1160 866 nis
1180 829 1224 866 et
1237 825 1391 867 Matris
1406 826 1558 867 Mariae
1574 826 1741 868 doleris
1755 826 1927 878 gladius

1093 882 1392 934 pertransivit:
1413 883 1608 925 concede
1627 884 1862 936 propitius;
1879 890 1928 927 ut

1095 939 1170 991 qui
1189 938 1368 981 dolores
1387 941 1479 992 ejus
1500 940 1752 983 venerando
1775 941 1926 983 recoli·
1958 953 1960 955 ·

1093 1009 1207 1046 mus,
1236 996 1459 1048 passienis
1485 1003 1576 1039 tuae
1604 997 1810 1040 effectum
1837 998 1926 1040 feli-

1095 1065 1192 1094 cem
1211 1055 1550 1105 consequamur:
1570 1054 1655 1105 Qui
1673 1055 1799 1097 vivis.

1155 1120 1197 1153 Et
1222 1120 1262 1154 fit
1287 1129 1483 1153 commem.
1509 1118 1661 1153 Domin.
1687 1129 1831 1154 occurr.

1364 1180 1433 1217 Ad
1456 1180 1660 1218 Primam.

1149 1238 1197 1277 ln
1218 1238 1269 1289 R.
1289 1236 1351 1277 br.
1387 1231 1436 1282 V.
1465 1233 1549 1283 Qui
1573 1247 1732 1286 passus
1758 1249 1805 1278 es
1826 1249 1927 1289 pro-

1094 1294 1194 1342 pter
1213 1293 1412 1331 nostram
1432 1290 1629 1332 salutem.

1368 1359 1436 1396 Ad
1459 1359 1663 1398 Tertiam.

1149 1420 1249 1459 Ant.
1286 1416 1496 1459 Recedite
1516 1430 1541 1458 a
1559 1431 1641 1460 me.

1150 1481 1289 1532 Capit.
1317 1478 1398 1522 Cui
1417 1478 1699 1532 comparabo.
1718 1486 1764 1522 ut
1784 1495 1926 1534 supra.

1148 1542 1197 1594 R.
1218 1542 1279 1583 br.
1302 1539 1340 1581 O
1360 1552 1442 1581 vos
1461 1553 1624 1591 omnes,
1640 1543 1662 1567 *
1687 1541 1772 1592 Qui
1790 1546 1928 1584 trans-

1095 1596 1167 1638 itis
1187 1609 1268 1648 per
1286 1596 1413 1638 viam.
1443 1596 1481 1638 O
1501 1610 1593 1639 vos.
1618 1593 1669 1645 V.
1697 1598 1929 1642 Attendite

1097 1658 1142 1695 et
1161 1652 1323 1704 videte,
1350 1653 1388 1695 si
1407 1659 1474 1696 est
1497 1652 1640 1705 dolor,
1666 1655 1780 1698 sicut
1799 1655 1929 1698 dolor

1096 1723 1233 1752 meus.
1262 1711 1356 1761 Qui.
1385 1710 1538 1753 Glaria
1555 1711 1686 1754 Patri.
1715 1712 1752 1754 O
1772 1726 1864 1755 vos.

1149 1763 1200 1815 V.
1219 1767 1487 1810 Defecerunt
1501 1781 1594 1821 prae
1607 1768 1798 1811 lacrimis
1815 1770 1931 1812 eculi

1096 1825 1194 1867 mei.
1250 1826 1300 1877 Rt·
1338 1824 1611 1867 Conturbata
1647 1831 1748 1868 sunt
1782 1827 1929 1869 emnia

1098 1884 1269 1923 viscera
1287 1894 1397 1923 mea.

1373 1951 1441 1988 Ad
1467 1951 1654 1990 Sextam.

1148 2012 1249 2051 Ant.
1283 2011 1383 2052 Non
1402 2014 1470 2051 est
1490 2010 1530 2052 ei
1549 2010 1731 2063 species.

1149 2072 1410 2125 Capitulum.
1669 2072 1830 2115 Thren.
1846 2075 1875 2114 1.

1181 2131 1329 2172 lorans
1352 2131 1547 2184 ploravit
1570 2132 1614 2172 in
1631 2138 1780 2184 nocte,
1807 2138 1851 2175 et
1870 2134 1928 2175 la-

1205 2188 1354 2231 crimae
1391 2189 1482 2240 ejus
1518 2189 1564 2230 in
1597 2190 1786 2231 maxillis
1824 2191 1930 2243 ejus:

1098 2258 1187 2287 non
1213 2250 1280 2287 est
1305 2246 1379 2298 qui
1405 2245 1656 2288 consoletur
1683 2259 1779 2288 eam
1805 2260 1860 2289 ex
1884 2250 1928 2297 or

1099 2302 1272 2344 mnibus
1292 2303 1404 2344 caris
1425 2304 1528 2355 ejus.

1149 2360 1198 2411 R.
1227 2359 1290 2400 br.
1331 2359 1598 2401 Defecerant
1621 2360 1644 2385 *
1675 2360 1774 2402 Prae
1807 2360 1930 2403 lacri-

1099 2416 1181 2457 mis
1197 2416 1312 2458 oculi
1327 2417 1424 2458 mei.
1450 2415 1730 2458 Defecerunt.
1751 2412 1801 2465 V.
1820 2418 1929 2460 Con—

1098 2472 1277 2515 turbata
1308 2477 1410 2514 sunt
1443 2473 1589 2514 omnia
1617 2475 1788 2515 viscera
1819 2487 1929 2516 mea.

1099 2529 1208 2570 Prae.
1238 2530 1390 2571 Glaria
1408 2529 1540 2571 Patri.
1567 2530 1848 2572 Defecerant.

1147 2582 1197 2634 V.
1234 2586 1489 2628 Fasciculus
1521 2587 1713 2639 myrrhae
1743 2587 1930 2629 dilectus

1098 2655 1222 2684 meus
1253 2642 1370 2684 mihi.
1431 2644 1482 2695 Rz.
1512 2644 1632 2685 Inter
1664 2644 1801 2686 libera
1831 2657 1930 2686 mea

1099 2699 1453 2743 commorabitur.
