2040 2944
568 188 743 222 Officium
771 190 942 224 votivum
969 191 1014 225 dc
1040 192 1227 226 Passioni*
1255 194 1295 227 l).
1320 194 1363 227 N.
1386 194 1418 227 .1.
1442 194 1480 227 (ἶ.

163 281 246 323 Uni
263 282 468 334 trinoque
488 283 691 333 Domino,

208 337 274 379 Sit
293 338 560 390 sempiterna
578 338 733 389 gleria:

211 393 296 443 Qui
315 394 451 435 vitam
470 394 564 436 sine
583 396 771 437 termino

209 449 353 491 Nobis
372 450 509 491 donet
527 450 571 491 in
589 452 744 503 patria.
771 452 926 493 Amen.

214 501 265 552 W.
305 506 460 547 Pesuit
508 506 620 548 fines
672 511 773 549 tuos
824 522 989 561 pacem.

163 562 213 612 R.
236 562 294 603 Et
322 560 454 614 adipe
482 562 688 604 frumenti
716 564 848 606 satiat
875 570 930 607 te.

213 619 284 659 Ad
303 619 463 660 Bened.
478 621 577 659 Ant.
599 620 692 670 Ego
708 632 806 660 sum
824 622 848 647 *
863 622 991 673 panis

158 675 304 724 vivus,
342 674 417 726 qui
450 672 505 716 de
540 675 655 716 coelo
689 675 918 718 descendi:
954 679 991 719 si

160 731 258 783 quis
293 730 627 772 manducaverit
664 744 718 773 ex
750 732 835 774 hoc
866 746 990 785 pane,

159 788 278 829 vivet
294 788 339 828 in
358 788 583 828 aeternum.

419 859 422 861 ·
494 845 658 884 Oratio.

248 912 337 950 eus,
362 900 437 952 qui
456 899 585 941 nobis
606 899 687 941 sub
706 901 990 942 Sacramento

270 955 460 997 mirabili
480 956 699 1008 passienis
720 962 809 999 tuae
828 959 990 999 meme-

159 1014 270 1054 riam
290 1012 520 1064 reliquisti:
545 1012 702 1063 tribue,
727 1016 991 1065 quaesumus,

159 1070 220 1111 ita
250 1082 332 1111 nos
365 1069 566 1121 cerporis
599 1074 644 1110 et
676 1070 897 1121 sanguinis
929 1070 992 1111 tui

160 1138 285 1167 sacra
316 1125 524 1177 mysteria
559 1126 778 1177 venerari3
814 1131 863 1168 ut
895 1126 990 1168 red-

161 1182 396 1234 emptienis
430 1186 519 1223 tuae
555 1181 747 1223 fructum
782 1182 828 1222 in
863 1182 991 1224 nobis

158 1239 317 1290 jugiter
336 1237 589 1279 sentiamus:
618 1238 703 1288 Qui
722 1239 844 1279 vivis.

426 1301 494 1338 Ad
517 1302 721 1339 Primam.

213 1354 262 1393 In
283 1354 333 1406 R.
354 1354 415 1395 br.
436 1348 486 1400 V.
507 1353 591 1404 Qui
610 1358 739 1395 natus
760 1366 807 1396 es
827 1354 883 1396 de
902 1354 990 1396 Ma-

159 1411 224 1451 ria
242 1409 437 1461 Virgine.

428 1469 496 1506 Ad
519 1470 722 1507 Tertiam.

213 1521 314 1563 Ant.
342 1521 613 1573 Angelerum
633 1535 745 1564 esca.

212 1577 351 1629 Capit.
378 1578 571 1620 Fratres:
590 1579 686 1630 Ego
709 1579 836 1620 enim.
855 1579 964 1631 [228]

212 1634 263 1686 R.
291 1634 353 1674 br.
383 1634 547 1676 Panem
574 1635 677 1676 coeli
708 1634 729 1657 *
754 1634 889 1676 Dedit
917 1635 991 1676 eis.

158 1691 334 1732 Panem.
394 1684 445 1736 V.
491 1691 657 1733 Panem
719 1691 991 1742 Angelerum

157 1746 440 1789 manducavit
464 1747 609 1789 homo.
648 1747 796 1789 Dedit.
841 1746 991 1789 Gleria

158 1803 291 1845 Patri.
325 1803 502 1845 Panem.

212 1855 263 1907 V.
301 1860 475 1903 cibavit
509 1860 610 1901 illos
647 1872 703 1902 ex
738 1859 870 1912 adipe
905 1859 989 1900 fru-

158 1916 304 1958 menti.
342 1918 392 1969 Rz.
415 1917 474 1958 Et
493 1916 548 1958 de
566 1920 705 1968 petra,
726 1916 856 1958 melle
875 1920 989 1958 satu-

157 1968 271 2010 ravit
290 1980 378 2010 eos.

438 2019 505 2055 Ad
528 2019 715 2056 Sextam.

214 2068 312 2108 Ant.
346 2069 523 2122 Pinguis
542 2076 609 2112 est
627 2071 764 2124 panis.

243 2126 501 2177 Capitulum.
660 2128 688 2165 1.
706 2126 803 2166 Cor.
819 2127 869 2165 11.
887 2126 909 2164 f.

244 2185 580 2239 uotiescumque
610 2188 726 2229 enim
756 2186 990 2228 manduca-

269 2241 373 2283 bitis
398 2255 558 2294 panem
581 2242 712 2293 hunc,
740 2248 784 2285 et
808 2243 991 2284 calicem

159 2297 334 2339 bibetis:
359 2303 548 2340 mortem
566 2299 745 2340 Demini
764 2299 989 2340 annuntia-

159 2353 264 2395 bitis
284 2353 426 2395 donec
443 2355 601 2396 veniat.

212 2406 263 2456 R·
291 2406 353 2446 br·
386 2410 560 2452 Cibavit
585 2410 685 2452 illos
714 2408 736 2430 *
764 2411 832 2452 Ex
859 2410 991 2462 adipe

159 2464 374 2507 frumenti.
408 2466 591 2508 Cibavit.
619 2457 678 2508 V·
700 2467 758 2508 Et
777 2466 832 2508 de
853 2471 990 2518 petra,

160 2520 291 2562 melle
324 2523 536 2564 saturavit
570 2535 658 2564 eos.
709 2523 787 2563 Ex.

158 2575 291 2617 Patri.
329 2577 512 2620 Cibavit.

214 2623 265 2675 V·
315 2632 491 2675 Educas
542 2646 703 2686 panem
753 2633 808 2674 de
861 2637 990 2673 terra.

161 2685 212 2735 R.
241 2687 299 2728 Et
316 2688 465 2730 vinum
483 2689 678 2732 laetificet
697 2702 774 2730 cor
792 2688 990 2730 heminis.

316 2825 380 2849 Pars
397 2825 565 2851 Autumnalis.

842 2522 991 2563 Gleria
1009 2563 1012 2568 ,

1780 192 1874 238 [229]

1321 288 1388 323 Ad
1411 288 1594 324 Nonam.

1101 337 1199 376 Ant.
1234 338 1434 381 Vincenti
1462 340 1589 381 dabo.

1136 397 1393 447 Capitulum.
1556 400 1578 435 1.
1598 400 1693 435 (huz
1716 400 1761 435 11.
1780 398 1802 435 f.

1130 455 1363 508 uicumque
1375 457 1707 500 manducaverit
1716 471 1876 511 panem

1155 510 1281 561 hunc,
1305 512 1375 553 vel
1397 512 1561 554 biberit
1584 514 1766 555 calicem
1786 515 1875 555 1)ό-

1043 566 1149 607 mini
1168 567 1360 619 indigne:
1382 581 1482 610 reus
1503 570 1584 611 erit
1601 570 1811 623 Cerporis
1832 576 1876 613 et

1043 623 1274 674 Sanguinis
1294 625 1484 665 Demini.

1100 682 1150 732 Ην.
1166 681 1229 721 br.
1245 683 1421 725 Educas
1438 698 1596 737 panem
1619 684 1641 705 *
1659 686 1727 727 De
1746 691 1875 728 terra.

1044 739 1230 781 Educas.
1271 734 1319 784 Y.
1342 741 1400 781 Et
1418 741 1567 782 vinum
1585 741 1780 783 laetificet
1799 756 1876 784 cor

1045 795 1244 836 heminis.
1263 796 1342 838 De.
1373 797 1523 838 (}l('›ria
1536 796 1668 838 Patri.
1688 798 1875 840 Educas.

1101 847 1151 897 V.
1197 852 1353 893 P6suit
1401 853 1511 894 fines
1557 858 1658 894 tuos
1708 867 1875 906 pacem.

1049 908 1101 959 Rs.
1120 908 1178 950 Et
1197 908 1328 960 adipe
1347 909 1552 951 frumenti
1572 909 1704 951 satiat
1722 915 1777 952 te.
1794 929 1797 930 ⁷

1250 989 1311 1030 In
1332 989 1394 1030 11.
1413 990 1666 1040 vesperis.

1102 1050 1238 1083 Omnia
1263 1054 1303 1084 ut
1328 1051 1366 1083 in
1391 1050 1417 1083 1.
1444 1051 1638 1093 vesperis.
1660 1051 1750 1095 [217]

1100 1096 1151 1147 V.
1182 1102 1348 1143 Panem
1385 1102 1441 1144 de
1478 1103 1592 1144 coelo
1628 1105 1875 1156 praestitisti

1045 1157 1119 1198 eis.
1170 1158 1219 1209 Ιζι.
1257 1158 1397 1199 Omne
1430 1158 1799 1201 delectamentum
1830 1161 1874 1201 in

1044 1226 1091 1255 se
1111 1213 1358 1255 habentem.

1100 1270 1171 1309 Ad
1193 1270 1365 1318 Magnis.
1389 1272 1487 1310 Ant.
1518 1272 1555 1309 ()
1575 1283 1748 1312 sacrum
1772 1283 1871 1313 con-

1044 1325 1219 1375 vivium,
1237 1327 1262 1352 *
1280 1326 1325 1366 in
1345 1338 1433 1378 quo
1454 1325 1654 1368 Christus
1674 1327 1874 1378 sumitur3

1043 1381 1252 1423 recelitur
1283 1382 1496 1423 memeria
1523 1383 1742 1435 passienis
1770 1384 1875 1435 ejus:

1043 1450 1167 1478 mens
1203 1438 1410 1490 impletur
1445 1439 1606 1489 gratia:
1643 1443 1687 1480 et
1718 1438 1875 1480 futurae

1043 1494 1197 1544 gleriae
1217 1494 1345 1536 nobis
1364 1494 1523 1547 pignus
1543 1494 1682 1536 datur.

1225 1590 1347 1631 Pro
1385 1590 1581 1631 Feria
1618 1590 1693 1631 VI.

1275 1650 1452 1683 Officium
1478 1650 1651 1683 votivum

1121 1704 1182 1744 de
1206 1704 1443 1746 Passione
1468 1704 1523 1745 D.
1543 1704 1597 1745 N.
1617 1703 1658 1744 J.
1681 1703 1795 1744 Chr.

1330 1762 1590 1804 Semiduplcx.

1258 1836 1319 1876 In
1342 1835 1378 1876 1.
1404 1834 1655 1885 vesperis.

1098 1903 1198 1940 Ant.
1228 1901 1419 1943 Calicem
1439 1900 1652 1942 salutaris.

1315 1959 1512 1999 Psalmus
1534 1959 1612 1997 115.

1047 2017 1316 2072 fredidi,
1344 2021 1530 2069 propter
1556 2015 1677 2068 quod
1699 2015 1873 2057 locutus

1048 2106 1049 2113 ,
1075 2075 1103 2124 ἐξ,
1178 2086 1288 2114 sum:
1308 2073 1332 2098 *
1352 2085 1435 2123 ego
1455 2077 1602 2114 autem
1620 2071 1873 2112 humiliatus

1088 2133 1120 2153 '³-
1137 2124 1147 2150 ¹³‘
1173 2141 1270 2170 sum
1288 2128 1427 2169 nimis.

1095 2185 1190 2235 Ego
1207 2184 1298 2225 dixi
1311 2184 1356 2224 in
1367 2185 1550 2225 excessu
1560 2195 1674 2225 meo:
1685 2184 1709 2210 *
1720 2182 1873 2224 Omnis

1043 2240 1176 2281 homo
1197 2239 1397 2281 mendaX.

1096 2295 1212 2346 Quid
1238 2295 1477 2336 retribuam
1504 2294 1711 2344 Demino‚
1738 2294 1762 2320 *
1789 2307 1872 2346 pro

1044 2351 1257 2400 6mnibus,
1277 2363 1375 2402 quae
1395 2350 1597 2391 retribuit
1615 2348 1744 2390 mihi?

1095 2407 1288 2449 Calicem
1303 2406 1517 2449 salutaris
1537 2406 1765 2458 accipiam:
1784 2406 1808 2432 *
1828 2410 1872 2447 et

1043 2476 1203 2505 nomen
1221 2462 1400 2503 Demini
1418 2461 1649 2503 invocabo.

1095 2520 1214 2560 Vota
1241 2530 1339 2559 mea
1366 2517 1558 2558 Demino
1589 2516 1772 2559 reddam
1800 2528 1870 2557 co-

1043 2589 1137 2617 ram
1165 2573 1284 2616 omni
1310 2573 1478 2625 pepulo
1508 2574 1613 2625 ejus:
1633 2573 1658 2598 *
1676 2572 1870 2625 pretiosa

1042 2632 1085 2672 in
1105 2630 1347 2682 conspectu
1365 2629 1542 2669 Demini
1560 2641 1679 2669 mors
1700 2627 1868 2668 sancte-

1041 2700 1139 2728 rum
1158 2687 1263 2737 ejus:

1612 2809 1662 2842 P*
