2040 2944
686 195 728 228 In
752 194 876 228 feriali
902 193 1038 227 Officio
1064 195 1112 227 ad
1138 195 1312 229 Primum.
1800 205 1844 240 25

190 290 254 324 Ad
271 290 448 324 Absolut.
467 290 589 333 Capit.
609 290 644 323 in
666 290 772 324 Dom.
792 295 827 324 et
842 290 963 324 Feriis

139 348 208 381 per
224 339 389 381 Annum,
416 340 463 372 ab
490 338 568 372 Oet.
592 338 743 372 Pentcc.
769 349 889 382 usque
916 338 964 372 ad

139 386 358 420 Adventum
386 387 593 421 exclusive.

173 447 324 487 Lectio
346 447 501 488 brevis.
606 448 659 487 ΙΙ.
676 447 827 488 Thess.
843 448 878 486 3.
895 446 932 486 b.

229 510 399 551 eminus
419 515 565 552 autem
585 510 743 562 dirigat
766 512 902 554 corda
921 517 964 554 et

251 568 439 619 cerpora
452 572 605 609 nostra
614 567 658 608 in
673 568 855 610 caritate
870 569 964 619 Dei,

138 626 183 664 et
201 623 412 675 patientia
426 623 596 665 Christi.
630 626 693 666 Tu
712 630 858 667 autem
876 626 964 667 De-

138 679 253 721 mine
271 680 479 722 miserere
498 680 635 722 nobis.

190 737 240 790 R.
267 736 365 778 Deo
385 737 560 787 gratias.

189 808 296 847 Post
315 807 433 848 Lect.
453 806 632 847 brevem
653 806 809 847 dicitur

190 863 239 915 V.
277 866 556 919 Adjutorium
589 871 788 908 nostrum
819 867 863 907 in
890 869 964 908 no-

137 923 252 965 mine
271 923 459 965 Demini.
495 924 545 976 Rv.
572 924 655 974 Qui
679 923 782 965 fecit
805 923 965 965 coelum

140 984 183 1022 et
201 985 374 1022 terram.

189 1037 238 1088 V.
267 1040 533 1083 Benedicite.
561 1042 610 1093 R.
635 1042 767 1083 Deus.

188 1105 349 1147 Bened.
382 1106 594 1147 Dominus
618 1119 699 1147 nos
724 1105 964 1155 benedicat,

139 1158 183 1203 et
210 1162 266 1203 ab
295 1163 413 1204 omni
439 1162 554 1204 malo
584 1162 804 1212 defendat,
838 1167 881 1204 et
909 1162 965 1204 ad

138 1219 272 1274 vitam
298 1218 513 1272 perducat
540 1221 762 1261 aeternam:
791 1224 834 1260 et
861 1218 964 1260 fide-

137 1274 243 1316 lium
258 1276 413 1317 animae
427 1289 507 1329 per
522 1275 868 1317 misericordiam
882 1276 965 1317 Dei

137 1332 414 1384 requiescant
432 1333 475 1374 in
493 1346 614 1386 pace.
640 1336 689 1387 R.
712 1332 865 1374 Amen.

403 1421 470 1423 ζ
506 1410 595 1438 aeae

325 1492 387 1533 In
413 1493 582 1534 feriali
609 1493 778 1534 Officio

381 1560 405 1587 a
418 1547 445 1588 d
473 1548 507 1588 P
518 1549 615 1589 rim
628 1562 651 1589 a
663 1563 715 1589 m.

191 1615 319 1657 Pater
333 1621 493 1658 noster.
528 1617 618 1658 Ave
632 1616 781 1657 Maria.
807 1615 964 1659 Credo.

134 1669 185 1722 V·
204 1676 326 1718 Deus
345 1677 389 1718 in
408 1677 680 1729 adjuterium.
699 1678 758 1717 15.

440 1758 651 1809 Hymnus.

235 1833 305 1861 am
323 1820 433 1862 lucis
453 1826 552 1862 orto
573 1821 715 1863 sidere

259 1877 403 1918 Deum
421 1879 651 1930 precemur
671 1877 901 1930 supplices,

217 1932 276 1975 Ut
293 1933 338 1974 in
358 1933 524 1975 diurnis
544 1933 714 1976 actibus

217 1989 312 2032 Nos
332 1995 478 2032 servet
497 2004 522 2031 a
540 1990 810 2032 nocentibus.

160 2063 378 2115 Linguam
397 2064 634 2106 refraenans
652 2066 878 2117 temperet,

215 2120 283 2162 Ne
301 2120 390 2162 litis
408 2120 565 2162 horror
583 2123 769 2162 insonet:

216 2177 373 2219 Visum
391 2177 581 2219 fovendo
602 2179 817 2228 contegat,

215 2233 284 2276 Ne
303 2234 520 2275 vanitates
539 2233 721 2275 hauriat.

161 2305 259 2348 Sint
276 2320 387 2360 pura
406 2306 552 2348 cordis
570 2306 731 2356 intima,

216 2363 417 2405 Absistat
437 2368 480 2405 et
499 2362 718 2404 vecordia:

217 2420 368 2471 Carnis
387 2424 501 2462 terat
521 2418 770 2472 superbiam

215 2477 353 2518 Potus
373 2476 544 2529 cibique
564 2475 765 2528 parcitas.

164 2550 223 2591 Ut
243 2563 342 2592 cum
362 2549 455 2592 dies
475 2548 747 2598 abscesserit,

214 2606 490 2659 Noctemque
511 2618 607 2647 sors
627 2603 859 2652 reduxerit,

215 2662 367 2704 Mundi
385 2675 464 2715 per
484 2661 791 2703 abstinentiam

214 2718 306 2771 Ipsi
325 2721 531 2760 canamus
549 2717 744 2769 gleriam.

291 2858 355 2884 Pars
371 2858 540 2884 Autumnalis.

1046 297 1141 338 Deo
1160 297 1279 339 Patri
1300 299 1356 340 sit
1374 299 1524 350 gloria,

1094 353 1284 406 Eiusque
1306 355 1387 397 soli
1406 356 1527 406 Filio,

1095 409 1203 451 Cum
1222 410 1385 463 Spiritu
1406 413 1635 464 Paraclito,

1093 466 1231 516 Nunc,
1252 472 1315 564 eg
1313 481 1391 520 per
1412 481 1539 511 omne
1558 470 1777 512 saeculum.

1317 538 1427 566 men.

1073 587 1155 626 Per
1176 588 1359 627 Annum.
1392 591 1487 629 Ant.
1516 591 1641 632 Beati
1662 592 1735 644 qui
1755 594 1841 633 ilm-

1016 643 1179 686 bulant.

1291 717 1489 757 Psalmus
1510 719 1572 757 533.

1150 788 1226 817 eus
1246 775 1289 816 in
1308 775 1482 816 nemine
1497 780 1573 817 tuo
1589 775 1757 817 salvum
1770 789 1840 818 me

1030 842 1031 855 ³
1056 855 1117 882 si
1166 832 1247 873 fac:
1265 833 1289 858 *
1309 836 1352 873 et
1378 832 1422 872 in
1449 832 1608 874 virtute
1635 837 1710 874 tua
1737 832 1840 884 judi-

1027 895 1031 903 '
1051 891 1141 917 —1
1166 902 1218 930 ca
1235 902 1316 930 me.
1348 937 1354 943 ι

1068 950 1189 991 Deus
1209 949 1366 991 exaudi
1386 950 1629 991 orationem
1647 963 1803 991 meam:
1818 950 1841 975 *

1017 1005 1194 1047 anribus
1214 1006 1391 1058 percipe
1410 1005 1545 1047 verba
1564 1006 1652 1047 oris
1671 1006 1765 1047 mei.

1070 1067 1285 1117 Queniam
1296 1066 1422 1108 alieni
1432 1067 1760 1108 insurrexerunt
1770 1066 1841 1108 ad-

1016 1125 1192 1164 versum
1219 1136 1304 1173 me,
1338 1127 1381 1164 et
1412 1123 1548 1164 fortes
1578 1123 1842 1176 quaesierunt

1017 1180 1205 1220 animam
1219 1193 1375 1221 meam:
1395 1180 1418 1205 *
1438 1185 1481 1221 et
1499 1192 1587 1221 non
1602 1182 1841 1232 proposue-

1017 1241 1118 1278 runt
1132 1237 1275 1278 Deum
1291 1241 1390 1277 ante
1407 1238 1690 1289 conspectum
1706 1250 1841 1277 suum.

1068 1297 1183 1339 Ecce
1212 1298 1325 1339 enirn
1353 1298 1474 1338 Deus
1503 1297 1678 1349 adjuvat
1706 1310 1790 1339 me:
1817 1297 1841 1323 *

1017 1358 1061 1395 et
1088 1354 1302 1395 Dominus
1331 1355 1560 1406 susceptor
1590 1359 1657 1395 est
1686 1354 1840 1394 animae
1886 1381 1888 1412 J

1016 1423 1137 1452 meae.

1069 1471 1233 1513 Averte
1260 1471 1374 1512 mala
1402 1470 1584 1512 inimicis
1612 1470 1735 1511 meis:
1754 1470 1777 1495 *
1798 1474 1841 1511 et
1885 1478 1887 1485 ⁴

1016 1528 1060 1568 in
1078 1528 1263 1569 veritate
1282 1533 1357 1569 tua
1378 1526 1582 1580 disperde
1600 1526 1708 1567 illos.

1068 1588 1328 1630 Voluntarie
1356 1587 1611 1629 sacrificabo
1639 1586 1733 1636 tibi,
1753 1587 1776 1612 *
1797 1591 1841 1627 et
1886 1587 1888 1590 ’

1017 1644 1261 1686 confitebor
1306 1645 1469 1685 nemini
1513 1649 1590 1685 tuo
1634 1643 1840 1684 Domine:

1018 1701 1223 1753 queniam
1242 1701 1406 1742 bonum
1426 1705 1507 1742 est:

1069 1762 1285 1812 Quoniam
1322 1774 1376 1802 ex
1413 1761 1530 1802 omni
1560 1760 1840 1802 tribulatione

1017 1818 1213 1870 eripuisti
1244 1830 1329 1859 me:
1356 1818 1379 1843 *
1413 1822 1456 1859 et
1485 1830 1615 1870 super
1642 1817 1839 1857 inimicos

1016 1887 1139 1916 meos
1160 1874 1361 1927 despexit
1381 1873 1532 1915 oculus
1552 1886 1686 1914 meus,
1730 1912 1733 1918 ‚

1068 1942 1162 1977 Post
1185 1943 1245 1977 Ps.
1276 1944 1382 1977 Deus
1407 1942 1447 1977 in
1467 1942 1621 1978 nomine
1645 1946 1722 1977 tuo.
1752 1943 1838 1975 loco

1016 1990 1076 2024 Ps.
1098 1990 1352 2026 Confitemini.
1377 1992 1516 2026 dieitur
1539 2001 1637 2025 unus
1658 2001 1705 2024 ex
1726 1991 1838 2023 iussa-

1017 2039 1171 2082 scriptis
1197 2040 1372 2077 Psalmis,
1398 2040 1606 2074 secundum
1628 2039 1758 2072 Furias
1785 2038 1838 2071 di-

1017 2087 1177 2121 stinctis.
1213 2087 1383 2122 Sabbato
1409 2093 1533 2122 autem
1559 2087 1736 2120 dicuntur
1760 2091 1838 2119 tan-

1016 2138 1094 2168 tum
1119 2139 1195 2169 tres
1220 2134 1375 2179 Psalmi,
1401 2136 1498 2170 sicut
1524 2136 1561 2169 in
1585 2134 1719 2168 Festis

1221 2240 1369 2298 Eeria
1396 2239 1631 2275 Secunda.

1286 2296 1484 2337 Psalmus
1504 2296 1567 2336 23.

1103 2369 1238 2410 omini·
1267 2373 1334 2410 est
1365 2373 1497 2418 terra,
1530 2373 1574 2409 et
1609 2367 1835 2420 plenitudo

1119 2426 1223 2477 ejus:
1246 2425 1270 2450 *
1293 2423 1412 2466 orbis
1431 2426 1661 2474 terrarum,
1685 2428 1729 2465 et
1747 2423 1835 2464 uni-

1014 2482 1129 2522 versi
1149 2482 1222 2533 qui
1240 2480 1438 2522 habitant
1455 2481 1499 2521 in
1518 2493 1582 2522 eo.

1066 2542 1175 2593 Quia
1202 2541 1297 2594 ipse
1325 2554 1456 2594 super
1479 2541 1616 2581 maria
1638 2539 1834 2582 fundavit

1014 2611 1128 2640 eum:
1146 2599 1169 2623 *
1190 2603 1233 2639 et
1261 2610 1392 2650 super
1415 2597 1594 2638 flumina
1617 2596 1833 2649 praepara-

1014 2655 1075 2696 vit
1095 2667 1203 2695 eum.

1065 2715 1171 2766 Quis
1204 2713 1411 2755 ascendet
1447 2713 1490 2753 in
1521 2716 1714 2753 montem
1745 2710 1831 2750 Do-

1607 2841 1628 2872 3
