2040 2944
192 225 239 259 82
778 220 886 253 Fcria
913 219 1044 261 quinta
1072 218 1118 250 ad
1144 216 1306 249 Laudes

245 320 434 372 Respice
473 318 514 358 in
549 327 701 357 servos
734 319 851 362 tuos,
893 318 936 354 et
972 313 1016 352 in

194 379 327 428 opera
348 381 436 416 tua:
454 376 477 400 *
498 378 540 414 et
563 371 702 421 dirige
721 370 835 410 filios
853 371 1016 410 eorum.

245 433 300 473 Et
325 431 381 472 sit
401 428 611 482 splendor
630 426 808 467 Domini
831 426 915 466 Dei
942 438 1015 465 no-

194 489 271 529 stri
300 499 429 539 super
458 498 548 533 nos,
577 488 620 524 et
649 485 785 535 opera
808 484 1014 522 manuum

193 546 437 585 nostrarum
466 541 603 591 dirige
634 552 766 591 super
795 551 892 579 nos:
920 540 943 564 *
974 542 1016 578 et

193 613 304 652 opus
332 601 538 639 manuum
565 597 816 636 nostrarum
846 593 996 644 dirige.

244 657 342 695 Ant.
388 653 588 701 Domine,
620 651 834 702 refugium
875 650 1015 691 factus

193 725 239 753 es
267 710 406 751 nobis.

246 770 342 807 Ant.
380 769 427 806 ln
462 764 685 806 matutinis
718 765 740 789 *
768 761 1016 803 meditabor

192 824 232 863 in
263 828 317 864 te.

246 880 310 919 Ps.
349 880 468 919 Deus
495 877 615 917 Deus
643 888 777 916 meuS.
806 875 863 914 15.

243 938 342 977 Ant.
380 935 628 976 Cantemus.

270 992 494 1033 Canticum
517 992 690 1043 Moysis.
750 996 870 1029 Exod.
892 996 937 1028 15.

264 1049 463 1088 antemus
474 1045 682 1086 Domino:
696 1043 887 1094 gloriose
901 1044 1015 1084 enirn

279 1102 584 1153 magnificatus
612 1106 696 1149 est,
723 1102 746 1126 *
775 1112 936 1151 equum
972 1105 1015 1140 et

190 1161 468 1200 ascensorem
498 1157 654 1209 dejecit
683 1157 726 1196 in
755 1169 884 1197 mare.

241 1213 472 1256 Fortitudo
492 1226 600 1262 mea,
621 1218 664 1254 et
686 1213 782 1253 laus
799 1225 896 1253 mea
910 1212 1014 1261 Diis,

190 1274 212 1297 *
233 1277 276 1312 et
302 1271 443 1311 factus
473 1275 540 1310 est
567 1269 673 1309 mihi
700 1269 744 1309 in
773 1268 975 1309 salutem:

242 1328 333 1368 Iste
360 1327 481 1367 Deus
509 1338 649 1374 meus,
683 1329 727 1366 et
758 1324 1014 1375 glorificabo

191 1396 304 1424 eum:
333 1384 355 1409 *
384 1382 504 1423 Deus
536 1381 675 1434 patris
702 1381 798 1431 mei,
828 1386 871 1422 et
900 1381 1014 1421 exal—

190 1439 295 1480 tabo
324 1452 434 1479 eum.

241 1495 456 1535 Dominus
501 1494 625 1545 quasi
671 1494 735 1533 vir
782 1495 1015 1545 pugnator,

192 1552 482 1603 Omnipotens
510 1563 669 1591 nomen
699 1549 1014 1601 ejus.*Currus

190 1607 429 1647 Pharaonis
459 1612 502 1647 et
530 1606 769 1647 exercitum
797 1607 887 1657 ejus
914 1618 1014 1657 pro-

190 1663 288 1715 jecit
317 1663 359 1703 in
388 1675 518 1703 mare.

240 1719 380 1760 Electi
414 1719 634 1770 principes
671 1719 762 1770 ejus
798 1717 1015 1758 submersi

191 1779 291 1815 sunt
318 1775 361 1815 in
389 1775 497 1815 Mari
526 1774 674 1815 rubro:
691 1776 714 1800 *
736 1773 882 1826 abyssi
911 1786 1013 1826 ope-

190 1833 371 1871 ruerunt
397 1843 483 1879 eos,
508 1830 831 1871 descenderunt
851 1830 894 1870 in
913 1842 1013 1882 pro-

190 1886 372 1927 fundum
401 1887 526 1938 quasi
552 1886 675 1938 lapis.

242 1942 436 1983 Dextera
447 1948 522 1983 tua
531 1942 719 1983 Domine
735 1941 1014 1991 magnificata

191 2003 258 2039 est
277 1998 321 2038 in
340 1998 610 2039 fortitudine:
635 1997 816 2039 dextera
832 2003 908 2038 tua
926 1998 1014 2038 Do-

190 2055 306 2095 mine
333 2055 551 2106 percussit
578 2054 808 2094 inimicum.
836 2055 860 2080 *
888 2055 944 2095 Et
972 2055 1014 2094 in

190 2110 469 2151 multitudine
487 2110 639 2162 gloriae
658 2115 747 2151 tuae
770 2109 1014 2162 deposuisti

191 2166 466 2207 adversarios
494 2172 612 2207 tuos:

242 2222 398 2263 Misisti
413 2223 521 2263 iram
531 2227 663 2272 tuam,
675 2235 774 2273 quae
786 2221 1015 2263 devoravit

191 2290 268 2318 eos
291 2278 403 2319 sicut
426 2279 644 2330 stipulam.
664 2281 687 2305 *
706 2279 762 2319 Et
786 2278 830 2318 in
857 2279 1014 2330 spiritu

190 2333 348 2374 furoris
367 2334 430 2375 tui
449 2337 727 2385 congregatae
748 2339 849 2375 sunt
870 2347 1014 2386 aquae:

241 2389 370 2430 Stetit
391 2390 507 2431 unda
527 2391 678 2440 fluens,
694 2393 717 2417 *
733 2393 1013 2441 congregatae

190 2450 292 2486 sunt
319 2444 466 2497 abyssi
494 2446 537 2486 in
565 2446 709 2488 medio
738 2447 857 2487 mari.

188 2556 469 2609 prehendam,
490 2560 513 2584 *
538 2558 729 2599 dividam
755 2558 908 2611 spolia,
936 2559 1011 2600 im-

188 2612 381 2665 plebitur
409 2614 550 2654 anima
578 2627 692 2655 mea:

241 2669 497 2718 Evaginabo
517 2670 711 2721 gladium
732 2683 889 2719 meum,
908 2673 931 2697 *
952 2672 1011 2712 in-

188 2725 374 2768 terficiet
404 2738 480 2768 eos
508 2739 660 2768 manus
688 2739 796 2770 mea.

1120 310 1263 351 Flavit
1292 309 1472 362 spiritus
1502 313 1624 358 tuus,
1653 313 1697 350 et
1725 308 1902 361 operuit

1070 380 1147 409 eos
1175 379 1311 407 mare:
1339 367 1363 392 *
1392 364 1609 406 submersi
1638 370 1740 406 sunt
1775 365 1901 416 quasi

1068 422 1299 476 plumbum
1327 422 1372 462 in
1400 422 1526 473 aquis
1554 420 1901 462 vehementibus.

1121 479 1229 529 Quis
1258 478 1411 519 similis
1435 477 1500 518 tui
1528 477 1573 517 in
1602 476 1790 518 fortibus
1811 477 1900 518 Do-

1068 533 1208 577 mine?
1237 536 1261 562 *
1291 535 1389 587 quis
1418 533 1571 574 similis
1598 533 1679 583 tui,
1708 533 1901 584 magnifi-

1069 605 1147 633 cus
1175 592 1218 632 in
1247 586 1501 639 sanctitate,
1529 589 1739 632 terribilis
1767 595 1902 642 atque

1069 647 1314 696 laudabilis,
1342 647 1508 688 faciens
1535 644 1779 687 mirabilia?

1121 703 1370 745 Extendisti
1396 716 1575 744 manum
1602 708 1734 752 tuam,
1763 707 1806 744 et
1828 701 1900 743 de-

1068 761 1241 802 voravit
1273 773 1350 801 eos
1377 765 1506 801 terra.
1533 761 1556 786 *
1577 759 1680 799 Dux
1709 758 1829 800 fuisti
1857 759 1901 799 in

1017 867 1022 872 .
1067 816 1371 858 misericordia
1419 821 1495 857 tua
1548 815 1717 867 populo
1770 827 1902 867 quem

1068 873 1309 915 redemisti:

1120 930 1177 970 Et
1209 929 1397 982 portasti
1432 941 1533 970 eum
1566 928 1610 968 in
1644 927 1901 969 fortitudine

1067 991 1161 1035 tua,
1197 987 1221 1012 *
1255 985 1312 1026 ad
1355 984 1655 1026 habitaculum
1699 988 1901 1025 sanctum

1068 1047 1205 1083 tuum.
1453 1075 1457 1078 .

1120 1097 1429 1139 Ascenderunt
1440 1096 1606 1150 populi,
1617 1101 1662 1138 et
1673 1097 1772 1137 irati
1783 1100 1901 1137 sunt:

1068 1157 1091 1181 *
1120 1155 1298 1196 doleres
1326 1154 1611 1196 obtinuerunt
1628 1152 1901 1194 habitatores

1068 1209 1345 1251 Philisthiim.

1120 1266 1246 1307 Tunc
1275 1266 1527 1308 conturbati
1551 1271 1654 1307 sunt
1677 1265 1900 1318 principes

1068 1323 1224 1371 Edom,
1242 1323 1449 1364 robustos
1463 1322 1596 1364 Moab
1613 1321 1803 1364 obtinuit
1817 1326 1901 1363 tre-

1067 1392 1181 1420 mor:
1214 1381 1237 1406 *
1266 1379 1554 1429 obriguerunt
1590 1391 1743 1420 omnes
1779 1377 1900 1419 habi-

1067 1437 1236 1477 tatores
1265 1435 1483 1476 Chanaan.

1120 1492 1264 1533 Irruat
1286 1504 1420 1544 super
1446 1504 1524 1533 eos
1551 1490 1742 1532 formido
1764 1494 1808 1531 et
1826 1502 1900 1542 pa—

1068 1561 1160 1598 vor,
1177 1550 1200 1575 *
1224 1548 1268 1588 in
1295 1547 1597 1598 magnitudine
1623 1546 1794 1588 brachii
1819 1546 1901 1587 tui:

1120 1604 1248 1646 Fiant
1266 1603 1514 1645 immobiles
1535 1603 1661 1656 quasi
1681 1602 1805 1655 lapis,
1824 1601 1901 1644 do-

1068 1673 1149 1701 nec
1167 1663 1447 1713 pertranseat
1470 1659 1664 1713 populus
1687 1664 1791 1701 tuus
1813 1658 1901 1700 Do-

1067 1717 1195 1766 mine,
1212 1718 1235 1743 *
1252 1716 1396 1758 donec
1413 1718 1691 1769 pertranseat
1707 1714 1902 1768 populus

1067 1778 1169 1814 tuus
1197 1773 1291 1822 iste,
1321 1785 1453 1824 quem
1480 1771 1730 1825 possedisti.

1119 1828 1381 1870 Introduces
1410 1841 1502 1878 eos,
1535 1833 1580 1869 et
1606 1827 1830 1880 plantabis
1856 1827 1901 1868 in

1068 1890 1218 1926 monte
1229 1884 1501 1926 haereditatis
1509 1886 1640 1934 tuae,*
1650 1884 1900 1925 firmissimo

1067 1941 1320 1982 habitaculo
1348 1947 1425 1982 tuo
1461 1940 1583 1993 quod
1611 1942 1823 1994 operatus
1850 1952 1900 1982 es

1068 1998 1274 2038 Domine:

1120 2054 1426 2095 Sanctuarium
1433 2058 1559 2095 tuum
1567 2054 1767 2103 Domine,
1778 2052 1900 2106 quod

1068 2110 1354 2151 firmaverunt
1380 2123 1536 2151 manus
1570 2115 1671 2151 tuae.
1699 2112 1723 2137 *
1749 2109 1899 2151 Domi-

1067 2179 1150 2206 nus
1175 2165 1377 2216 regnabit
1402 2167 1446 2207 in
1467 2168 1682 2208 aeternum
1704 2171 1748 2207 et
1773 2165 1900 2207 ultra.
1974 2222 1982 2230 ,

1119 2223 1350 2273 Ingressus
1362 2228 1430 2264 est
1441 2223 1558 2264 enim
1573 2235 1710 2275 eques
1724 2221 1898 2263 Pharao

1068 2291 1168 2320 cum
1188 2278 1388 2319 curribus
1418 2284 1462 2320 et
1491 2278 1715 2331 equitibus
1735 2279 1827 2330 ejus
1854 2277 1899 2318 in

1067 2347 1202 2376 mare:
1222 2336 1245 2361 *
1268 2340 1312 2376 et
1340 2334 1516 2376 reduxit
1542 2347 1677 2388 super
1705 2346 1782 2376 eos
1810 2334 1898 2375 Do-

1066 2391 1211 2432 minus
1240 2405 1378 2444 aquas
1404 2392 1555 2432 maris:

1119 2448 1216 2488 Filii
1237 2453 1385 2489 autem
1405 2447 1543 2488 Israel
1562 2446 1898 2488 ambulaverunt

1066 2516 1146 2556 per
1174 2504 1339 2545 siccum
1367 2506 1390 2531 *
1419 2505 1463 2545 in
1489 2503 1637 2545 medio
1655 2503 1771 2555 ejus.

1121 2561 1220 2600 Ant.
1233 2562 1474 2601 Cantemus
1485 2559 1678 2600 Domino
1693 2558 1898 2610 gloriose.

1120 2617 1220 2658 Ant.
1270 2619 1315 2656 ln
1350 2616 1514 2658 sanctis
1548 2616 1640 2667 ejus
1667 2616 1691 2642 *
1719 2613 1898 2655 laudate

1066 2672 1219 2713 Deum.

1124 2729 1186 2769 l's.
1216 2728 1413 2771 Laudate
1440 2727 1689 2770 Dominum.
1717 2727 1777 2768 16.
