2040 2944
400 172 473 206 Die
496 171 526 205 3.
550 171 647 205 Nov.
695 171 825 205 Tertia
851 171 913 205 die
938 170 1035 204 infra
1062 170 1140 205 Oct.
1167 172 1344 205 Omnium
1369 171 1606 206 Sanctorum.

377 267 426 306 In
452 267 503 306 Π.
532 266 753 306 Nocturno.

180 337 247 377 De
279 333 488 374 Serm6ne
516 333 792 374 Venerabilis
820 333 955 375 Bedae

438 388 700 442 Presbyteri.

275 457 335 491 Ex
351 457 533 491 Sermone
552 457 605 492 18.
627 457 674 491 de
692 456 854 491 Sanctis.

452 517 603 558 Lectio
624 517 677 557 iv.

163 618 166 622 ,
186 575 375 634 &gsiulla
395 575 478 616 erit
497 579 601 616 tunc
615 586 802 626 usquam
817 574 981 616 discer-

163 685 165 688 Υ
186 640 261 697 χ
273 628 280 682 1}
305 631 388 681 dia,
405 631 483 673 sed
495 636 650 672 cuncta
661 632 865 681 consona,
882 644 981 672 cun-

179 684 280 711 ΗΜ
303 693 374 730 cta
393 687 705 737 convenientia,
725 688 827 739 quia
847 688 981 729 omni-

153 757 228 785 um
264 744 345 786 erit
380 744 640 786 Sanctorum
679 757 766 786 una
802 746 981 786 concor-

155 800 236 851 dia,
259 813 348 853 pax
367 806 524 843 cuncta
542 805 586 842 et
603 800 756 842 laetitia
776 801 981 842 continet.

153 857 408 910 Tranquilla
438 862 539 899 sunt
572 858 716 899 emnia
748 863 791 899 et
820 858 981 910 quieta:

153 914 262 966 jugis
287 914 512 967 splendor,
539 927 628 956 non
654 915 738 956 iste
767 915 841 967 qui
866 927 981 956 nunc

154 975 232 1021 est,
258 970 338 1012 sed
361 975 484 1013 tanto
506 970 675 1021 clarior,
702 976 865 1024 quanto
891 971 980 1012 feli-

153 1027 260 1069 cior:
294 1028 395 1080 quia
427 1027 595 1078 civitas,
628 1032 676 1069 ut
702 1027 874 1079 legitur,
907 1027 981 1069 illa

153 1096 242 1125 non
270 1083 416 1135 egebit
446 1084 608 1125 lumine
633 1084 756 1135 solis,
790 1083 869 1126 sed
892 1085 979 1126 Do-

152 1141 294 1181 minus
309 1142 589 1194 omnipotens
604 1140 862 1183 illuminabit
874 1154 980 1192 eam,

154 1202 197 1238 et
215 1196 392 1238 lucerna
411 1198 502 1249 ejus
524 1203 591 1239 est
605 1198 768 1248 Agnus.
795 1197 863 1239 Ibi
877 1199 979 1239 San-

154 1253 212 1295 cti
243 1253 470 1306 fulgebunt
501 1259 549 1295 ut
581 1254 722 1296 stellae
755 1255 798 1295 in
825 1257 979 1308 perpe-

151 1315 250 1352 tuas
270 1311 549 1361 aeternitates,
574 1315 618 1352 et
640 1311 752 1353 sicut
771 1311 980 1364 splendor

152 1367 425 1417 firmamenti,
445 1368 519 1420 qui
539 1367 744 1410 erudiunt
762 1369 937 1410 multos.

200 1431 253 1483 Rz.
278 1429 532 1471 Praecursor
556 1429 736 1470 Demini
762 1430 896 1479 venit,
925 1429 979 1471 de

154 1497 240 1538 quo
263 1485 359 1538 ipse
381 1488 584 1527 testatur:
608 1490 631 1515 *
659 1486 817 1527 Nullus
842 1487 980 1538 major

151 1543 263 1584 inter
290 1546 418 1584 natos
446 1543 676 1584 mulierum
700 1544 724 1584 J
727 1545 867 1584 oanne
895 1543 977 1584 Ba-

151 1601 295 1651 ptista.
323 1594 373 1647 V.
388 1599 473 1640 Hic
489 1604 555 1641 est
572 1599 800 1652 propheta,
819 1604 862 1641 et
880 1600 979 1651 plus

154 1668 284 1708 quam
310 1656 542 1709 propheta⁷
574 1655 630 1698 de
654 1669 749 1708 equo
777 1656 979 1698 Salvator

154 1711 223 1753 ait.
250 1711 419 1753 Nullus.

459 1779 610 1821 Lectio
630 1794 667 1821 v.

238 1855 479 1906 uapropter
501 1865 591 1895 nox
612 1853 674 1896 ibi
696 1854 824 1905 nulla,
847 1855 978 1896 nullae

271 1910 483 1960 tenebrae,
524 1913 764 1952 concursus
799 1911 978 1953 nubium

151 1979 210 2007 nu
227 1965 314 2017 lus,
358 1979 439 2008 nec
481 1966 654 2017 frigoris
699 1973 774 2010 aut
807 1968 978 2010 ardoris

152 2023 367 2075 asperitas
399 2023 502 2064 ulla:
535 2023 615 2065 sed
646 2024 746 2065 talis
776 2024 979 2077 quaedam

153 2080 236 2122 erit
259 2093 406 2122 rerum
429 2080 676 2133 temperies,
701 2081 874 2133 qualem
898 2095 980 2124 nec

153 2136 307 2178 oculus
326 2136 446 2186 vidit,
465 2149 546 2178 nec
565 2138 679 2178 auris
699 2138 875 2189 audivit,
898 2151 979 2180 nec

151 2193 196 2234 in
225 2206 301 2235 cor
328 2193 516 2235 heminis
544 2194 751 2245 ascendit,
780 2195 862 2236 nisi
885 2195 978 2237 illo-

153 2263 249 2291 rum
275 2251 348 2303 qui
367 2263 419 2292 ea
435 2250 600 2303 perfrui
620 2251 739 2302 digni
756 2251 977 2293 inveniun-

153 2310 238 2356 tur,
272 2319 458 2359 quorum
484 2307 660 2348 nemina
687 2307 853 2361 scripta
880 2314 979 2350 sunt

151 2362 196 2403 in
214 2362 326 2405 libro
343 2363 457 2415 vitae,
478 2363 552 2415 qui
569 2369 612 2405 et
627 2363 826 2405 laverunt
843 2365 979 2406 stolas

154 2431 255 2460 suas
273 2419 317 2459 in
331 2420 540 2470 sanguine
556 2420 681 2471 Agni‚
702 2425 744 2462 et
763 2425 863 2462 sunt
879 2425 979 2462 ante

154 2474 304 2516 sedem
327 2475 427 2526 Dei,
456 2477 739 2528 serviuntque
766 2477 805 2518 ei
832 2477 903 2518 die
928 2490 979 2518 ac

153 2537 294 2572 nocte.
337 2531 440 2573 Non
468 2537 536 2573 est
565 2534 766 2574 senectus
794 2532 871 2582 ibi,
899 2545 979 2574 nec

115 2613 117 2615 -
155 2587 392 2628 senectutis
410 2588 594 2638 miseria,
614 2587 718 2630 dum
736 2601 888 2630 omnes
909 2601 977 2630 oc-

155 2646 334 2684 currunt
342 2643 387 2684 in
397 2645 538 2686 virum
549 2645 804 2697 perfectum,
817 2646 860 2685 in
871 2658 980 2686 men·

155 2702 301 2740 suram
321 2699 463 2741 aetatis
480 2700 764 2753 plenitudinis
785 2701 956 2742 Christi.

1085 272 1136 323 R.
1151 268 1232 309 Isti
1247 274 1346 310 sunt
1362 269 1436 321 qui
1451 269 1648 310 viventes
1663 269 1707 309 in
1722 281 1862 318 carne,

1033 324 1341 377 plantaverunt
1373 326 1618 367 Ecclesiam
1653 325 1863 376 sanguine

1034 393 1128 422 suo:
1144 384 1167 409 *
1189 380 1379 423 Calicem
1394 382 1571 423 Domini
1587 381 1799 431 biberunt,
1821 387 1864 422 et

1034 438 1161 478 amici
1179 438 1262 479 Dei
1284 438 1388 479 facti
1408 444 1518 480 sunt.
1543 435 1595 487 V.
1619 439 1670 479 In
1690 451 1865 480 omnem

1033 498 1196 535 terram
1224 494 1358 536 exivit
1386 508 1518 536 sonus
1547 497 1715 545 eorum,
1749 499 1793 536 et
1820 495 1864 535 in

1033 549 1143 591 fines
1186 550 1305 592 orbis
1341 556 1471 592 terrae
1518 551 1655 593 verba
1700 553 1863 592 eorum.

1036 606 1238 648 Calicem.

1333 660 1486 702 Lectio
1507 660 1559 701 vi.

1032 713 1248 820 Verum
1259 729 1392 769 super
1406 717 1502 759 haec
1517 718 1661 760 emnia
1677 724 1754 769 est,
1771 732 1864 761 con-

1155 774 1314 815 sociari
1344 774 1617 826 Angelorum
1650 781 1694 817 et
1726 776 1863 818 Arch-

1035 830 1290 880 angelerum
1304 832 1506 873 co‘etibus:
1525 831 1716 873 Thronis
1732 833 1864 874 etiam

1035 891 1079 928 et
1106 887 1506 939 Dominationibus‚
1539 890 1863 942 Principatibus

1034 948 1078 984 et
1095 944 1410 997 Potestatibus,
1434 947 1714 998 omniumque
1736 947 1862 988 coele-

1034 1000 1165 1041 stium
1192 1005 1481 1054 supernarum
1508 1003 1735 1044 Virtutum
1764 1015 1862 1059 conj

1032 1056 1244 1099 tuberniis
1262 1059 1438 1111 perfrui,
1459 1064 1503 1101 et
1516 1059 1676 1101 intueri
1692 1060 1863 1110 agmina

1032 1113 1293 1156 Sanctorum
1336 1115 1609 1168 splendidius
1647 1114 1863 1157 sideribus

1032 1170 1255 1221 micantia,
1288 1172 1642 1214 patriarcharum
1669 1171 1758 1213 fide
1785 1172 1862 1213 ful-

1032 1228 1189 1277 gentia,
1209 1229 1528 1282 Prophetarum
1554 1241 1633 1281 spe
1656 1228 1863 1278 laetantia,

1032 1283 1352 1338 Apost016rum
1389 1286 1432 1326 in
1465 1285 1699 1328 duedecim
1730 1285 1863 1326 tribu-

1031 1340 1114 1382 bus
1135 1342 1272 1383 Isra'el
1298 1343 1452 1385 orbem
1477 1342 1726 1395 judicantia,
1751 1342 1862 1382 Mar-

1031 1402 1177 1450 tyrum
1203 1401 1438 1452 purpureis
1464 1399 1662 1441 victoriae
1689 1398 1863 1440 coronis

1032 1454 1232 1505 lucentia,
1252 1457 1483 1508 Virginum
1507 1468 1683 1508 quoque
1704 1454 1863 1496 choros

1033 1510 1264 1553 candentia
1275 1519 1393 1555 serta
1403 1515 1626 1563 gestantes
1637 1512 1864 1564 inspicere.

1084 1577 1135 1629 R.
1153 1574 1301 1615 Sancti
1320 1575 1417 1616 mei.
1440 1576 1536 1616 396.

1247 1653 1296 1692 In
1324 1653 1395 1692 111.
1423 1653 1646 1692 Nocturno.

1032 1716 1184 1758 Lectio
1211 1718 1353 1759 sancti
1371 1719 1598 1770 Evangelii
1621 1719 1863 1761 secundum

1316 1774 1583 1816 Matthaeum.

1109 1834 1263 1875 Lectio
1284 1834 1353 1874 vii.
1622 1833 1725 1884 Cap.
1744 1833 1781 1872 5.

1079 1909 1108 1936 n
1123 1895 1199 1937 illo
1214 1897 1429 1949 tempore:
1447 1898 1617 1939 Videns
1632 1899 1657 1939 J
1660 1911 1760 1940 esus
1774 1904 1861 1940 tur-

1097 1951 1187 2003 bas,
1208 1952 1406 1995 ascendit
1421 1954 1464 1995 in
1478 1960 1685 2004 montem,
1706 1960 1749 1997 et
1764 1968 1862 1996 cum

1033 2007 1231 2058 sedisset,
1251 2012 1530 2053 accesserunt
1549 2011 1606 2053 ad
1621 2024 1720 2053 eum
1735 2011 1860 2053 disci-

1031 2064 1125 2117 puli
1145 2066 1246 2117 ejus.
1273 2066 1330 2108 Et
1347 2067 1525 2119 reliqua.

1033 2145 1100 2184 De
1118 2143 1311 2185 Homilia
1329 2145 1369 2186 S.
1385 2145 1619 2196 Augustini
1638 2146 1860 2198 Episcopi.

1054 2209 1112 2243 Ex
1129 2210 1211 2244 Lib.
1230 2211 1257 2244 1.
1276 2211 1323 2245 de
1339 2210 1455 2245 Serm.
1471 2210 1627 2245 Domini
1644 2210 1683 2244 in
1699 2213 1836 2243 monte.

1328 2259 1421 2302 Cap.
1437 2260 1467 2294 2.
1486 2264 1523 2293 et
1537 2260 1568 2293 3.

1071 2341 1135 2367 fi
1145 2309 1230 2350 eati
1265 2309 1429 2350 mundo
1467 2309 1615 2351 corde:
1654 2311 1860 2363 queniam

1036 2365 1051 2410 st}
1070 2353 1137 2432 Ι
1168 2365 1252 2417 ipsi
1279 2365 1423 2407 Deum
1451 2365 1671 2408 videbunt.
1719 2367 1860 2417 Quam

1036 2404 1051 2430 u'z
1067 2381 1116 2427 ist>
1126 2419 1132 2429 f

1037 2429 1136 2444 Μ”Μ
1170 2433 1275 2472 ergo
1309 2421 1430 2463 stulti
1465 2427 1581 2472 sunt,
1616 2423 1690 2475 qui
1716 2423 1860 2464 Deum

1032 2476 1126 2518 istis
1160 2478 1452 2519 exterioribus
1481 2478 1620 2520 oculis
1650 2484 1859 2531 quaerunt,

1033 2545 1132 2574 cum
1172 2533 1306 2575 corde
1343 2533 1562 2586 videatur,
1609 2535 1722 2576 sicut
1758 2535 1860 2576 alibi

1033 2590 1246 2642 scriptum
1282 2595 1368 2631 est:
1403 2591 1461 2632 Et
1498 2591 1542 2631 in
1579 2591 1858 2644 simplicitate

1033 2646 1178 2687 cordis
1196 2646 1378 2698 quaerite
1392 2647 1525 2688 illum.
1548 2648 1648 2689 Hoc
1664 2652 1730 2689 est
1745 2647 1859 2688 enim

1031 2701 1242 2743 mundum
1279 2715 1371 2753 cor,
1409 2702 1531 2755 quod
1566 2708 1634 2745 est
1671 2702 1860 2755 simplex
