2040 2944
408 180 481 215 Die
508 164 536 216 1.¹
561 183 641 218 Oct.
688 184 723 220 S.
749 186 929 231 Gregorii
953 189 1081 233 Epise.
1107 194 1264 235 maioris
1288 195 1441 231 Armen.
1467 202 1503 232 et
1526 198 1632 234 Mart.

166 293 214 322 se
235 282 418 334 recepit,
446 282 522 324 ubi
548 284 705 336 jejunio
734 290 778 327 et
803 291 994 328 contem-

164 336 350 390 platieni
365 337 552 390 deditus,
570 341 736 382 meritis
750 343 995 385 cumulatus

163 394 208 435 in
240 393 358 436 bona
390 399 617 438 senectute
649 397 919 441 obdormivit
949 400 995 440 in

164 450 374 501 Demino,
408 451 696 495 Constantino
727 455 888 506 Magno
919 456 994 497 im-

164 509 382 560 peratore.
422 508 597 562 Corpus
624 509 741 552 illius
769 511 994 554 christiani

165 576 220 605 ex
251 563 460 606 Armenia
495 565 712 617 fugientes
747 567 792 608 in
823 568 995 610 Italiam

165 620 494 672 transtulerunt3
532 628 665 675 caput
698 636 797 665 cum
829 626 993 667 catenis

166 677 323 729 quibus
338 677 511 719 vinctus
525 678 668 721 fuerat
680 680 880 733 Neapoli,
896 682 994 723 bra-

164 733 310 775 chium
337 746 444 776 vero
475 735 520 775 in
550 735 793 778 cathedrali
819 737 993 780 Nerito-

164 790 287 832 nensi
307 790 574 833 collocetum
592 793 684 835 fuit.

214 853 266 905 Rt·
293 847 416 890 Stola
434 848 726 900 jucunditatis.

375 929 425 969 In
451 930 523 971 111.
552 932 775 974 Nocturno.

168 987 317 1029 Lectio
341 987 481 1030 sancti
502 988 729 1040 Evangelii
751 990 991 1032 secundum

490 1044 667 1086 Lucam.

239 1098 392 1143 Lectio
412 1103 480 1144 vii.
692 1108 795 1160 Cap.
812 1111 869 1150 14.
884 1110 909 1149 f.

210 1177 239 1205 n
261 1164 337 1207 illo
364 1166 580 1218 tempore:
607 1166 730 1209 Dixit
751 1168 776 1209 J
779 1180 879 1209 esus
904 1173 990 1210 tur-

226 1220 309 1263 bis:
333 1222 379 1263 Si
398 1222 495 1274 quis
514 1223 635 1265 venit
653 1223 711 1265 ad
729 1237 816 1275 me,
842 1230 886 1267 et
903 1238 991 1267 non

162 1277 257 1320 odit
283 1283 456 1332 patrem
483 1292 626 1330 suum,
652 1285 697 1322 et
717 1286 919 1332 matrem,
947 1287 991 1323 et

161 1336 361 1385 uxerem,
381 1339 425 1376 et
443 1335 577 1386 filios,
596 1341 641 1379 et
659 1337 833 1387 fratreS‚
859 1343 904 1380 et
922 1351 990 1380 so-

160 1392 302 1442 reres,
342 1391 488 1434 adhuc
528 1397 676 1435 autem
717 1398 761 1436 et
801 1394 990 1436 animam

159 1459 299 1498 suam,
325 1461 415 1490 non
434 1454 585 1502 potest
602 1463 727 1492 meus
746 1463 843 1492 esse
863 1450 988 1493 disci-

159 1503 301 1556 pulus.
327 1505 385 1547 Et
403 1505 582 1559 reliqua.

205 1583 397 1625 Homilia
418 1585 559 1627 sancti
578 1585 781 1637 Gregorii
799 1586 944 1638 Papae.

314 1639 456 1676 Homil.
474 1642 526 1677 37.
543 1643 582 1677 in
602 1644 825 1688 Evangelia.

169 1702 273 1752 ’ἰᾷ-,ει
300 1698 645 1749 consideremus,
674 1697 832 1742 fratres
859 1702 986 1742 caris-

276 1754 391 1806 simi,
440 1768 540 1808 quae
581 1761 625 1798 et
666 1762 829 1808 quanta
869 1762 985 1807 sunt,

276 1823 375 1864 quae
416 1811 545 1854 nobis
585 1814 902 1866 promittuntur
941 1814 985 1854 in

156 1866 299 1918 coelis,
317 1867 533 1911 vilescunt
552 1870 698 1912 animo
720 1870 866 1912 emnia
886 1883 984 1923 quae

155 1922 373 1966 habentur
398 1925 443 1966 in
467 1926 609 1968 terris.
650 1928 844 1969 Terrena
866 1941 983 1969 nam-

158 1991 243 2031 que
278 1980 524 2024 substantia
555 1985 757 2036 supernae
785 1984 983 2026 felicitati

156 2038 427 2088 comparata,
454 2038 631 2091 pondus
658 2045 740 2090 est,
768 2053 856 2082 non
884 2040 981 2081 sub-

155 2089 327 2133 sidium.
381 2094 660 2148 Temporalis
688 2097 777 2138 vita
806 2098 982 2138 aeternae

154 2146 258 2189 vitae
286 2153 560 2203 comparata,
594 2164 713 2193 mors
741 2157 809 2194 est
834 2153 982 2205 petius

155 2203 341 2246 dicenda
387 2219 519 2258 quam
563 2208 663 2250 vita.
722 2209 824 2261 Ipse
868 2209 981 2250 enim

155 2260 437 2312 quotidianus
462 2262 662 2306 defectus
686 2265 980 2317 corruptionis

154 2317 260 2368 quid
305 2323 372 2360 est
416 2319 554 2370 aliud,
602 2334 732 2373 quam
777 2320 979 2372 quaedam

152 2374 382 2424 prolixitas
400 2376 579 2418 mortis?
608 2378 716 2427 Quae
738 2383 884 2418 autem
902 2377 978 2418 lin—

152 2441 238 2480 gua
256 2429 417 2482 dicere,
436 2433 508 2474 vel
527 2434 625 2486 quis
643 2433 890 2475 intellectus
911 2436 978 2475 ca-

151 2498 258 2537 pere
277 2488 455 2539 sufficit,
474 2489 548 2530 illa
567 2491 769 2542 supernae
788 2490 978 2530 civitatis

153 2547 316 2593 quanta
356 2544 444 2586 sint
483 2545 663 2596 gaudia3
709 2545 978 2595 Angelorum

151 2596 298 2639 choris
324 2599 553 2651 interesse,
587 2614 686 2642 cum
713 2600 977 2642 beatissimis

1808 198 1871 234 17*

1045 301 1163 339 nere,
1191 290 1616 345 incircumscriptum
1643 293 1789 334 lumen
1811 294 1869 334 vi-

1046 344 1167 395 dere,
1194 346 1313 388 nullo
1338 349 1491 390 mortis
1509 354 1630 390 metu
1649 349 1782 400 affici,
1809 350 1868 391 in-

1046 403 1340 455 corruptienis
1357 407 1585 458 perpetuae
1603 409 1783 448 munere
1798 406 1868 448 lae-

1045 458 1151 499 tari?

1100 528 1149 579 R.
1193 525 1366 567 Corena
1402 529 1534 568 aurea
1570 540 1701 580 super
1738 534 1870 581 caput

1046 581 1146 632 ejus,
1174 586 1195 609 *
1219 582 1442 635 Expressa
1464 584 1588 635 signo
1614 585 1868 636 sanctitatis,

1044 637 1184 689 gleria
1197 638 1389 689 honoris,
1405 645 1448 682 et
1463 652 1575 693 opus
1592 640 1868 683 fortitudinis.

1048 691 1097 742 V.
1114 695 1329 745 Queniam
1343 697 1595 748 praevenisti
1615 711 1713 739 eum
1731 698 1774 738 in
1795 698 1866 740 be-

1044 750 1365 793 nedicti6nibus
1394 752 1650 804 dulcedinis,
1680 755 1868 806 posuisti

1044 807 1088 847 in
1116 807 1260 860 capite
1289 809 1379 860 ejus
1407 811 1616 850 coronam
1640 810 1694 851 de
1720 810 1866 863 lapide

1043 864 1250 916 pretieso.
1277 865 1508 917 Expressa.

1330 934 1481 975 Lectio
1502 935 1584 975 viii.

1046 992 1173 1100 Sed
1212 1000 1268 1042 ad
1309 1000 1405 1043 haec
1445 1001 1594 1043 audita
1633 1001 1867 1044 inardescit

1128 1056 1310 1107 animus,
1336 1058 1508 1110 iamque
1537 1058 1625 1099 illic
1653 1058 1773 1111 cupit
1799 1071 1864 1100 as-

1043 1114 1208 1162 sistere,
1228 1113 1302 1155 ubi
1321 1127 1368 1155 se
1388 1119 1537 1166 sperat
1555 1115 1648 1156 sine
1665 1115 1751 1156 fine
1764 1128 1864 1167 gau-

1043 1168 1158 1211 dere.
1194 1169 1282 1211 Sed
1306 1170 1362 1212 ad
1387 1183 1544 1221 magna
1566 1172 1747 1223 praemia
1769 1185 1863 1224 per-

1041 1226 1178 1267 veniri
1196 1239 1283 1267 non
1302 1232 1460 1279 potest,
1484 1228 1565 1269 nisi
1584 1240 1662 1280 per
1681 1241 1863 1279 magnos

1041 1281 1226 1324 labores.
1263 1283 1390 1325 Unde
1415 1289 1459 1325 et
1479 1284 1639 1325 Paulus
1665 1285 1864 1335 egregius

1040 1339 1306 1391 praedicator
1320 1339 1438 1382 dicit:
1455 1340 1556 1382 Non
1572 1341 1864 1391 coronabitur,
1943 1358 1947 1361 ²

1040 1394 1122 1435 nisi
1147 1396 1221 1448 qui
1244 1395 1435 1447 legitime
1459 1397 1702 1439 certaverit.
1735 1397 1861 1439 Dele-

1040 1456 1130 1492 ctat
1149 1464 1254 1503 ergo
1273 1458 1463 1495 mentem
1479 1454 1733 1504 magnitudo
1752 1467 1861 1506 prae-

1039 1508 1236 1558 miorum,
1264 1509 1343 1551 sed
1370 1522 1457 1551 non
1485 1510 1704 1552 deterreat
1728 1513 1862 1552 certa-

1038 1577 1139 1605 men
1157 1565 1369 1607 laberum.
1402 1565 1529 1608 Unde
1548 1566 1605 1608 ad
1623 1579 1671 1608 se
1690 1568 1861 1609 venien-

1037 1619 1155 1661 tibus
1184 1621 1360 1663 Veritas
1388 1622 1509 1664 dicit:
1546 1623 1590 1664 Si
1618 1623 1715 1675 quis
1742 1624 1862 1665 venit

1038 1675 1095 1718 ad
1117 1689 1203 1727 me,
1231 1682 1275 1719 et
1299 1690 1387 1719 non
1413 1678 1506 1720 odit
1529 1684 1699 1731 patrem
1723 1692 1860 1730 suum,

1038 1738 1082 1774 et
1099 1738 1294 1784 matrem,
1320 1739 1364 1776 et
1382 1737 1574 1785 uxorem,
1602 1740 1645 1776 et
1663 1735 1789 1786 filios,
1817 1741 1859 1778 et

1037 1789 1209 1839 fratres,
1244 1794 1288 1831 et
1316 1793 1510 1841 sorores,
1544 1791 1687 1832 adhuc
1713 1797 1858 1833 autem

1037 1850 1080 1887 et
1099 1845 1287 1887 animam
1305 1859 1438 1898 suam,
1463 1860 1551 1889 non
1570 1851 1717 1900 potest
1735 1860 1857 1889 meus

1036 1913 1133 1943 esse
1153 1902 1403 1955 discipulus.

1090 1969 1140 2020 R.
1170 1967 1358 2010 Demine
1391 1969 1644 2021 praevenisti
1677 1980 1777 2009 eum
1811 1969 1855 2009 in

1034 2022 1411 2065 benedictionibus
1439 2024 1693 2066 dulcedinis:
1724 2026 1746 2049 *
1775 2025 1854 2065 Po-

1034 2079 1159 2120 suisti
1190 2079 1234 2120 in
1265 2081 1410 2132 capite
1445 2081 1535 2132 ejus
1563 2083 1772 2122 corenam
1799 2080 1854 2122 de

1032 2134 1179 2187 lapide
1198 2136 1406 2188 pretidso.
1437 2129 1486 2181 V.
1506 2137 1655 2178 Vitam
1678 2137 1805 2189 petiit
1828 2149 1854 2178 a

1031 2196 1086 2241 te,
1107 2197 1150 2233 et
1167 2191 1357 2234 tribuisti
1375 2193 1415 2234 ei
1432 2191 1747 2244 longitudinem
1767 2191 1853 2234 die-

1032 2260 1127 2288 rum
1154 2248 1198 2288 in
1225 2248 1433 2289 saeculum
1457 2249 1616 2290 saeculi.
1652 2249 1853 2290 Posuisti.

1034 2303 1183 2345 Gleria
1201 2304 1330 2345 Patri.
1358 2305 1561 2347 Posuisti.

1107 2373 1181 2407 Pro
1207 2372 1241 2407 S.
1266 2372 1441 2416 Remigio
1465 2373 1591 2416 Epise.
1619 2377 1655 2407 et
1679 2373 1786 2407 Conf.

1331 2429 1481 2470 Lectio
1500 2429 1554 2469 ix.

1112 2488 1305 2538 emigius,
1325 2489 1561 2540 episcopus
1581 2488 1848 2537 Rhemensis,

1009 2553 1012 2557 ·
1131 2544 1278 2585 floruit
1297 2543 1524 2585 Clodoveo
1543 2557 1646 2596 rege
1663 2545 1846 2584 Franco-

1027 2612 1138 2649 rum,
1183 2612 1312 2651 quem
1348 2600 1478 2640 etiam
1509 2600 1762 2652 baptizavit,
1803 2603 1847 2640 et

151 2654 377 2706 spiritibus
411 2656 565 2707 gleriae
600 2657 840 2698 conditoris
873 2658 975 2697 assi·
1027 2656 1193 2708 primus
1217 2656 1409 2697 emnium
1433 2655 1631 2698 doctrina
1655 2660 1699 2696 et
1721 2655 1844 2695 mira-

150 2714 284 2761 stere,
308 2714 575 2764 praesentem
593 2713 677 2755 Dei
696 2713 863 2755 vultum
888 2714 975 2754 cer·
1027 2712 1136 2753 culis
1163 2712 1357 2753 Francos
1390 2711 1447 2753 ad
1480 2711 1638 2753 Christi
1668 2709 1844 2751 Demini

195 2842 287 2876 Propr.
303 2851 351 2876 pro
367 2845 443 2870 Clero
459 2844 534 2870 Rom.
566 2846 630 2870 Pars
645 2846 815 2871 Autumnalis.

1620 2833 1641 2865 2
