<?xml version="1.0" encoding="UTF-8"?>
<!DOCTYPE html PUBLIC "-//W3C//DTD XHTML 1.0 Transitional//EN"
    "http://www.w3.org/TR/xhtml1/DTD/xhtml1-transitional.dtd">
<html xmlns="http://www.w3.org/1999/xhtml" xml:lang="en" lang="en">
 <head>
  <title>
</title>
<meta http-equiv="Content-Type" content="text/html;charset=utf-8" />
  <meta name='ocr-system' content='tesseract 3.04.00' />
  <meta name='ocr-capabilities' content='ocr_page ocr_carea ocr_par ocr_line ocrx_word'/>
</head>
<body>
  <div class='ocr_page' id='page_1' title='image "./p4breviariumroma00cathuoft_0162.png"; bbox 0 0 2040 2944; ppageno 0'>
   <div class='ocr_carea' id='block_1_1' title="bbox 197 220 262 255">
    <p class='ocr_par' dir='ltr' id='par_1_1' title="bbox 197 220 262 255">
     <span class='ocr_line' id='line_1_1' title="bbox 197 220 262 255; baseline 0.015 -1"><span class='ocrx_word' id='word_1_1' title='bbox 197 220 262 255; x_wconf 86' lang='lat'><strong>134</strong></span> 
     </span>
    </p>
   </div>
   <div class='ocr_carea' id='block_1_2' title="bbox 191 314 1019 1613">
    <p class='ocr_par' dir='ltr' id='par_1_2' title="bbox 194 314 1018 474">
     <span class='ocr_line' id='line_1_2' title="bbox 195 314 1018 370; baseline -0.005 -10"><span class='ocrx_word' id='word_1_2' title='bbox 195 318 310 359; x_wconf 89' lang='lat' dir='ltr'><strong>mala</strong></span> <span class='ocrx_word' id='word_1_3' title='bbox 338 329 472 370; x_wconf 90' lang='lat' dir='ltr'><strong>quare</strong></span> <span class='ocrx_word' id='word_1_4' title='bbox 499 328 586 357; x_wconf 91' lang='lat' dir='ltr'><strong>non</strong></span> <span class='ocrx_word' id='word_1_5' title='bbox 614 314 926 368; x_wconf 81' lang='lat' dir='ltr'><strong>suscipiamus?</strong></span> <span class='ocrx_word' id='word_1_6' title='bbox 968 315 1018 355; x_wconf 92' lang='lat' dir='ltr'><strong>In</strong></span> 
     </span>
     <span class='ocr_line' id='line_1_3' title="bbox 196 371 1018 425; baseline -0.002 -10"><span class='ocrx_word' id='word_1_7' title='bbox 196 374 398 416; x_wconf 85' lang='lat' dir='ltr'><strong>omnibus</strong></span> <span class='ocrx_word' id='word_1_8' title='bbox 426 373 492 414; x_wconf 91' lang='lat' dir='ltr'><strong>his</strong></span> <span class='ocrx_word' id='word_1_9' title='bbox 519 385 607 414; x_wconf 93' lang='lat' dir='ltr'><strong>non</strong></span> <span class='ocrx_word' id='word_1_10' title='bbox 634 372 837 425; x_wconf 81' lang='lat' dir='ltr'><strong>peccavit</strong></span> <span class='ocrx_word' id='word_1_11' title='bbox 855 372 879 412; x_wconf 91' lang='lat' dir='ltr'><strong>J</strong></span> <span class='ocrx_word' id='word_1_12' title='bbox 882 371 939 414; x_wconf 94' lang='lat' dir='ltr'><strong>ob</strong></span> <span class='ocrx_word' id='word_1_13' title='bbox 959 372 1018 413; x_wconf 75' lang='lat' dir='ltr'><strong>la-</strong></span> 
     </span>
     <span class='ocr_line' id='line_1_4' title="bbox 194 430 398 474; baseline -0.005 -2"><span class='ocrx_word' id='word_1_14' title='bbox 194 431 279 474; x_wconf 89' lang='lat' dir='ltr'><strong>biis</strong></span> <span class='ocrx_word' id='word_1_15' title='bbox 298 430 398 471; x_wconf 88' lang='lat' dir='ltr'><strong>suis.</strong></span> 
     </span>
    </p>

    <p class='ocr_par' dir='ltr' id='par_1_3' title="bbox 255 486 647 539">
     <span class='ocr_line' id='line_1_5' title="bbox 255 486 647 539; baseline -0.008 -11"><span class='ocrx_word' id='word_1_16' title='bbox 255 491 298 539; x_wconf 52' lang='lat' dir='ltr'><strong>Ra</strong></span> <span class='ocrx_word' id='word_1_17' title='bbox 322 486 537 527; x_wconf 55' lang='lat' dir='ltr'><strong>Paucitas:</strong></span> <span class='ocrx_word' id='word_1_18' title='bbox 562 486 647 526; x_wconf 85' lang='lat'>132.</span> 
     </span>
    </p>

    <p class='ocr_par' dir='ltr' id='par_1_4' title="bbox 497 544 720 583">
     <span class='ocr_line' id='line_1_6' title="bbox 497 544 720 583; baseline 0 -1"><span class='ocrx_word' id='word_1_19' title='bbox 497 544 643 583; x_wconf 66' lang='lat' dir='ltr'><strong>Lectio</strong></span> <span class='ocrx_word' id='word_1_20' title='bbox 668 544 720 582; x_wconf 82' lang='lat' dir='ltr'><strong>iii.</strong></span> 
     </span>
    </p>

    <p class='ocr_par' dir='ltr' id='par_1_5' title="bbox 241 597 1017 649">
     <span class='ocr_line' id='line_1_7' title="bbox 241 597 1017 649; baseline 0.001 -10"><span class='ocrx_word' id='word_1_21' title='bbox 241 599 358 649; x_wconf 81' lang='lat' dir='ltr'><strong>gitur</strong></span> <span class='ocrx_word' id='word_1_22' title='bbox 390 597 619 640; x_wconf 89' lang='lat' dir='ltr'><strong>audientes</strong></span> <span class='ocrx_word' id='word_1_23' title='bbox 650 602 741 639; x_wconf 87' lang='lat' dir='ltr'><strong>tres</strong></span> <span class='ocrx_word' id='word_1_24' title='bbox 773 598 902 640; x_wconf 85' lang='lat' dir='ltr'><strong>amici</strong></span> <span class='ocrx_word' id='word_1_25' title='bbox 932 598 1017 640; x_wconf 88' lang='lat' dir='ltr'><strong>Job</strong></span> 
     </span>
    </p>

    <p class='ocr_par' dir='ltr' id='par_1_6' title="bbox 191 654 1019 1546">
     <span class='ocr_line' id='line_1_8' title="bbox 262 654 1018 706; baseline 0 -10"><span class='ocrx_word' id='word_1_26' title='bbox 262 667 391 697; x_wconf 90' lang='lat' dir='ltr'><strong>omne</strong></span> <span class='ocrx_word' id='word_1_27' title='bbox 418 654 599 705; x_wconf 86' lang='lat' dir='ltr'><strong>malum,</strong></span> <span class='ocrx_word' id='word_1_28' title='bbox 636 654 756 706; x_wconf 93' lang='lat' dir='ltr'><strong>quod</strong></span> <span class='ocrx_word' id='word_1_29' title='bbox 784 654 1018 697; x_wconf 83' lang='lat' dir='ltr'><strong>accidisset</strong></span> 
     </span>
     <span class='ocr_line' id='line_1_9' title="bbox 194 711 1017 762; baseline 0 -10"><span class='ocrx_word' id='word_1_30' title='bbox 194 712 250 761; x_wconf 91' lang='lat' dir='ltr'><strong>ei,</strong></span> <span class='ocrx_word' id='word_1_31' title='bbox 287 713 500 753; x_wconf 87' lang='lat' dir='ltr'><strong>venerunt</strong></span> <span class='ocrx_word' id='word_1_32' title='bbox 526 711 685 762; x_wconf 87' lang='lat' dir='ltr'><strong>singuli</strong></span> <span class='ocrx_word' id='word_1_33' title='bbox 714 711 769 753; x_wconf 92' lang='lat' dir='ltr'><strong>de</strong></span> <span class='ocrx_word' id='word_1_34' title='bbox 797 711 896 753; x_wconf 93' lang='lat' dir='ltr'><strong>loco</strong></span> <span class='ocrx_word' id='word_1_35' title='bbox 925 724 1017 762; x_wconf 90' lang='lat' dir='ltr'><strong>suo,</strong></span> 
     </span>
     <span class='ocr_line' id='line_1_10' title="bbox 191 767 1017 821; baseline 0 -12"><span class='ocrx_word' id='word_1_36' title='bbox 191 767 377 821; x_wconf 86' lang='lat' dir='ltr'><strong>Eliphaz</strong></span> <span class='ocrx_word' id='word_1_37' title='bbox 415 767 716 817; x_wconf 83' lang='lat' dir='ltr'><strong>ThemaniteS‚</strong></span> <span class='ocrx_word' id='word_1_38' title='bbox 763 772 806 809; x_wconf 88' lang='lat' dir='ltr'><strong>et</strong></span> <span class='ocrx_word' id='word_1_39' title='bbox 845 767 1017 810; x_wconf 90' lang='lat' dir='ltr'><strong>Baldad</strong></span> 
     </span>
     <span class='ocr_line' id='line_1_11' title="bbox 191 823 1018 877; baseline -0.001 -11"><span class='ocrx_word' id='word_1_40' title='bbox 191 824 384 876; x_wconf 87' lang='lat' dir='ltr'><strong>Suhites,</strong></span> <span class='ocrx_word' id='word_1_41' title='bbox 423 829 467 866; x_wconf 93' lang='lat' dir='ltr'><strong>et</strong></span> <span class='ocrx_word' id='word_1_42' title='bbox 500 823 672 877; x_wconf 88' lang='lat' dir='ltr'><strong>Sophar</strong></span> <span class='ocrx_word' id='word_1_43' title='bbox 702 824 1018 866; x_wconf 86' lang='lat' dir='ltr'><strong>Naamathites.</strong></span> 
     </span>
     <span class='ocr_line' id='line_1_12' title="bbox 194 880 1017 934; baseline 0 -12"><span class='ocrx_word' id='word_1_44' title='bbox 194 880 492 923; x_wconf 87' lang='lat' dir='ltr'><strong>Condixerant</strong></span> <span class='ocrx_word' id='word_1_45' title='bbox 515 881 649 931; x_wconf 89' lang='lat' dir='ltr'><strong>enim,</strong></span> <span class='ocrx_word' id='word_1_46' title='bbox 678 885 727 922; x_wconf 93' lang='lat' dir='ltr'><strong>ut</strong></span> <span class='ocrx_word' id='word_1_47' title='bbox 754 881 920 934; x_wconf 63' lang='lat' dir='ltr'><strong>pariter</strong></span> <span class='ocrx_word' id='word_1_48' title='bbox 947 893 1017 922; x_wconf 92' lang='lat' dir='ltr'><strong>ve-</strong></span> 
     </span>
     <span class='ocr_line' id='line_1_13' title="bbox 191 937 1018 988; baseline 0.001 -10"><span class='ocrx_word' id='word_1_49' title='bbox 191 938 362 979; x_wconf 89' lang='lat' dir='ltr'><strong>nientes</strong></span> <span class='ocrx_word' id='word_1_50' title='bbox 390 937 620 979; x_wconf 77' lang='lat' dir='ltr'><strong>visitarent</strong></span> <span class='ocrx_word' id='word_1_51' title='bbox 648 951 766 988; x_wconf 93' lang='lat' dir='ltr'><strong>eum,</strong></span> <span class='ocrx_word' id='word_1_52' title='bbox 795 942 838 980; x_wconf 93' lang='lat' dir='ltr'><strong>et</strong></span> <span class='ocrx_word' id='word_1_53' title='bbox 866 950 1018 979; x_wconf 92' lang='lat' dir='ltr'><strong>conso-</strong></span> 
     </span>
     <span class='ocr_line' id='line_1_14' title="bbox 192 994 1017 1048; baseline 0.001 -13"><span class='ocrx_word' id='word_1_54' title='bbox 192 994 396 1036; x_wconf 89' lang='lat' dir='ltr'><strong>larentur.</strong></span> <span class='ocrx_word' id='word_1_55' title='bbox 434 994 630 1047; x_wconf 86' lang='lat' dir='ltr'><strong>Cumque</strong></span> <span class='ocrx_word' id='word_1_56' title='bbox 650 995 897 1037; x_wconf 79' lang='lat' dir='ltr'><strong>elevassent</strong></span> <span class='ocrx_word' id='word_1_57' title='bbox 917 1007 1017 1048; x_wconf 92' lang='lat' dir='ltr'><strong>pro-</strong></span> 
     </span>
     <span class='ocr_line' id='line_1_15' title="bbox 193 1051 1018 1103; baseline 0.002 -11"><span class='ocrx_word' id='word_1_58' title='bbox 193 1051 264 1092; x_wconf 92' lang='lat' dir='ltr'><strong>cul</strong></span> <span class='ocrx_word' id='word_1_59' title='bbox 282 1051 435 1093; x_wconf 84' lang='lat' dir='ltr'><strong>oculos</strong></span> <span class='ocrx_word' id='word_1_60' title='bbox 455 1063 578 1101; x_wconf 92' lang='lat' dir='ltr'><strong>suos,</strong></span> <span class='ocrx_word' id='word_1_61' title='bbox 603 1064 692 1093; x_wconf 91' lang='lat' dir='ltr'><strong>non</strong></span> <span class='ocrx_word' id='word_1_62' title='bbox 717 1053 1018 1103; x_wconf 86' lang='lat' dir='ltr'><strong>cognoverunt</strong></span> 
     </span>
     <span class='ocr_line' id='line_1_16' title="bbox 193 1108 1018 1161; baseline 0.002 -13"><span class='ocrx_word' id='word_1_63' title='bbox 193 1120 309 1158; x_wconf 91' lang='lat' dir='ltr'><strong>eum,</strong></span> <span class='ocrx_word' id='word_1_64' title='bbox 338 1112 381 1149; x_wconf 90' lang='lat' dir='ltr'><strong>et</strong></span> <span class='ocrx_word' id='word_1_65' title='bbox 401 1108 698 1150; x_wconf 65' lang='lat' dir='ltr'><strong>exclamantes</strong></span> <span class='ocrx_word' id='word_1_66' title='bbox 722 1108 1018 1161; x_wconf 81' lang='lat' dir='ltr'><strong>ploraverunt,</strong></span> 
     </span>
     <span class='ocr_line' id='line_1_17' title="bbox 192 1164 1018 1219; baseline 0.002 -14"><span class='ocrx_word' id='word_1_67' title='bbox 192 1164 429 1216; x_wconf 84' lang='lat' dir='ltr'><strong>scissisque</strong></span> <span class='ocrx_word' id='word_1_68' title='bbox 443 1164 641 1206; x_wconf 90' lang='lat' dir='ltr'><strong>vestibus</strong></span> <span class='ocrx_word' id='word_1_69' title='bbox 657 1167 911 1218; x_wconf 90' lang='lat' dir='ltr'><strong>sparserunt</strong></span> <span class='ocrx_word' id='word_1_70' title='bbox 925 1166 1018 1219; x_wconf 85' lang='lat' dir='ltr'><strong>pul-</strong></span> 
     </span>
     <span class='ocr_line' id='line_1_18' title="bbox 192 1222 1018 1274; baseline 0.005 -13"><span class='ocrx_word' id='word_1_71' title='bbox 192 1233 340 1262; x_wconf 92' lang='lat' dir='ltr'><strong>verem</strong></span> <span class='ocrx_word' id='word_1_72' title='bbox 372 1234 504 1274; x_wconf 89' lang='lat' dir='ltr'><strong>super</strong></span> <span class='ocrx_word' id='word_1_73' title='bbox 537 1226 669 1274; x_wconf 92' lang='lat' dir='ltr'><strong>caput</strong></span> <span class='ocrx_word' id='word_1_74' title='bbox 701 1235 829 1263; x_wconf 92' lang='lat' dir='ltr'><strong>suum</strong></span> <span class='ocrx_word' id='word_1_75' title='bbox 860 1222 905 1263; x_wconf 92' lang='lat' dir='ltr'><strong>in</strong></span> <span class='ocrx_word' id='word_1_76' title='bbox 933 1235 1018 1265; x_wconf 87' lang='lat' dir='ltr'><strong>coe—</strong></span> 
     </span>
     <span class='ocr_line' id='line_1_19' title="bbox 193 1277 1019 1321; baseline 0.004 -3"><span class='ocrx_word' id='word_1_77' title='bbox 193 1277 293 1318; x_wconf 93' lang='lat' dir='ltr'><strong>lum.</strong></span> <span class='ocrx_word' id='word_1_78' title='bbox 329 1278 386 1319; x_wconf 91' lang='lat' dir='ltr'><strong>Et</strong></span> <span class='ocrx_word' id='word_1_79' title='bbox 411 1277 619 1319; x_wconf 88' lang='lat' dir='ltr'><strong>sederunt</strong></span> <span class='ocrx_word' id='word_1_80' title='bbox 645 1291 744 1320; x_wconf 91' lang='lat' dir='ltr'><strong>cum</strong></span> <span class='ocrx_word' id='word_1_81' title='bbox 765 1291 819 1320; x_wconf 91' lang='lat' dir='ltr'><strong>eo</strong></span> <span class='ocrx_word' id='word_1_82' title='bbox 838 1279 883 1320; x_wconf 94' lang='lat' dir='ltr'><strong>in</strong></span> <span class='ocrx_word' id='word_1_83' title='bbox 902 1284 1019 1321; x_wconf 88' lang='lat' dir='ltr'><strong>terra</strong></span> 
     </span>
     <span class='ocr_line' id='line_1_20' title="bbox 192 1334 1019 1388; baseline 0.004 -13"><span class='ocrx_word' id='word_1_84' title='bbox 192 1339 362 1387; x_wconf 88' lang='lat' dir='ltr'><strong>septem</strong></span> <span class='ocrx_word' id='word_1_85' title='bbox 383 1334 538 1376; x_wconf 90' lang='lat' dir='ltr'><strong>diebus</strong></span> <span class='ocrx_word' id='word_1_86' title='bbox 560 1339 604 1376; x_wconf 93' lang='lat' dir='ltr'><strong>et</strong></span> <span class='ocrx_word' id='word_1_87' title='bbox 618 1339 789 1388; x_wconf 85' lang='lat' dir='ltr'><strong>septem</strong></span> <span class='ocrx_word' id='word_1_88' title='bbox 802 1336 1019 1387; x_wconf 80' lang='lat' dir='ltr'><strong>nectibus,</strong></span> 
     </span>
     <span class='ocr_line' id='line_1_21' title="bbox 194 1390 1018 1443; baseline 0.001 -10"><span class='ocrx_word' id='word_1_89' title='bbox 194 1395 238 1433; x_wconf 92' lang='lat' dir='ltr'><strong>et</strong></span> <span class='ocrx_word' id='word_1_90' title='bbox 258 1403 387 1432; x_wconf 92' lang='lat' dir='ltr'><strong>nemo</strong></span> <span class='ocrx_word' id='word_1_91' title='bbox 408 1390 674 1443; x_wconf 64' lang='lat' dir='ltr'><strong>loquebatur</strong></span> <span class='ocrx_word' id='word_1_92' title='bbox 689 1392 729 1434; x_wconf 91' lang='lat' dir='ltr'><strong>ei</strong></span> <span class='ocrx_word' id='word_1_93' title='bbox 743 1392 940 1435; x_wconf 91' lang='lat' dir='ltr'><strong>verbum:</strong></span> <span class='ocrx_word' id='word_1_94' title='bbox 959 1394 1018 1434; x_wconf 93' lang='lat' dir='ltr'><strong>vi-</strong></span> 
     </span>
     <span class='ocr_line' id='line_1_22' title="bbox 193 1447 1019 1492; baseline 0.005 -4"><span class='ocrx_word' id='word_1_95' title='bbox 193 1447 356 1489; x_wconf 83' lang='lat' dir='ltr'><strong>debant</strong></span> <span class='ocrx_word' id='word_1_96' title='bbox 385 1447 500 1489; x_wconf 89' lang='lat' dir='ltr'><strong>enim</strong></span> <span class='ocrx_word' id='word_1_97' title='bbox 533 1447 731 1490; x_wconf 85' lang='lat' dir='ltr'><strong>dolorem</strong></span> <span class='ocrx_word' id='word_1_98' title='bbox 764 1461 861 1491; x_wconf 88' lang='lat' dir='ltr'><strong>esse</strong></span> <span class='ocrx_word' id='word_1_99' title='bbox 892 1449 1019 1492; x_wconf 90' lang='lat' dir='ltr'><strong>vehe-</strong></span> 
     </span>
     <span class='ocr_line' id='line_1_23' title="bbox 192 1506 393 1546; baseline -0.005 -1"><span class='ocrx_word' id='word_1_100' title='bbox 192 1506 393 1546; x_wconf 78' lang='lat' dir='ltr'><strong>mentem.</strong></span> 
     </span>
    </p>

    <p class='ocr_par' dir='ltr' id='par_1_7' title="bbox 251 1560 812 1613">
     <span class='ocr_line' id='line_1_24' title="bbox 251 1560 812 1613; baseline 0.004 -12"><span class='ocrx_word' id='word_1_101' title='bbox 251 1564 295 1613; x_wconf 60' lang='lat' dir='ltr'><strong>l{·.</strong></span> <span class='ocrx_word' id='word_1_102' title='bbox 326 1560 427 1602; x_wconf 91' lang='lat' dir='ltr'><strong>Non</strong></span> <span class='ocrx_word' id='word_1_103' title='bbox 447 1560 707 1603; x_wconf 79' lang='lat' dir='ltr'><strong>abscendas.</strong></span> <span class='ocrx_word' id='word_1_104' title='bbox 727 1562 812 1603; x_wconf 87' lang='lat'>132.</span> 
     </span>
    </p>
   </div>
   <div class='ocr_carea' id='block_1_3' title="bbox 391 1636 822 1767">
    <p class='ocr_par' dir='ltr' id='par_1_8' title="bbox 391 1636 822 1767">
     <span class='ocr_line' id='line_1_25' title="bbox 391 1636 822 1713; baseline 0.005 -12"><span class='ocrx_word' id='word_1_105' title='bbox 391 1636 822 1713; x_wconf 18' lang='lat' dir='ltr'><strong>FeriasQuarta.</strong></span> 
     </span>
     <span class='ocr_line' id='line_1_26' title="bbox 457 1722 768 1767; baseline 0.016 -6"><span class='ocrx_word' id='word_1_106' title='bbox 457 1723 525 1767; x_wconf 82' lang='lat' dir='ltr'><strong>l)e,</strong></span> <span class='ocrx_word' id='word_1_107' title='bbox 538 1722 652 1765; x_wconf 92' lang='lat' dir='ltr'><strong>libro</strong></span> <span class='ocrx_word' id='word_1_108' title='bbox 671 1722 768 1766; x_wconf 85' lang='lat' dir='ltr'><strong>Job.</strong></span> 
     </span>
    </p>
   </div>
   <div class='ocr_carea' id='block_1_4' title="bbox 329 1784 889 1836">
    <p class='ocr_par' dir='ltr' id='par_1_9' title="bbox 329 1784 889 1836">
     <span class='ocr_line' id='line_1_27' title="bbox 329 1784 889 1836; baseline 0 -13"><span class='ocrx_word' id='word_1_109' title='bbox 329 1784 476 1824; x_wconf 69' lang='lat' dir='ltr'><strong>Lectio</strong></span> <span class='ocrx_word' id='word_1_110' title='bbox 499 1784 520 1823; x_wconf 85' lang='lat' dir='ltr'><strong>i.</strong></span> <span class='ocrx_word' id='word_1_111' title='bbox 733 1788 833 1836; x_wconf 69' lang='lat' dir='ltr'><strong>(Iup.</strong></span> <span class='ocrx_word' id='word_1_112' title='bbox 855 1788 889 1824; x_wconf 60' lang='lat'><strong>3.</strong></span> 
     </span>
    </p>
   </div>
   <div class='ocr_carea' id='block_1_5' title="bbox 194 1839 222 1942">
    <p class='ocr_par' dir='ltr' id='par_1_10' title="bbox 194 1839 222 1942">
     <span class='ocr_line' id='line_1_28' title="bbox 194 1839 222 1942; baseline 0 0"><span class='ocrx_word' id='word_1_113' title='bbox 194 1839 222 1942; x_wconf 95' lang='lat' dir='ltr'><strong>  </strong></span> 
     </span>
    </p>
   </div>
   <div class='ocr_carea' id='block_1_6' title="bbox 193 1892 1021 2002">
    <p class='ocr_par' dir='ltr' id='par_1_11' title="bbox 193 1892 1021 2002">
     <span class='ocr_line' id='line_1_29' title="bbox 222 1892 1020 1944; baseline 0.008 -14"><span class='ocrx_word' id='word_1_114' title='bbox 222 1892 268 1937; x_wconf 49' lang='lat' dir='ltr'><strong>{2⁴¹ss</strong></span> <span class='ocrx_word' id='word_1_115' title='bbox 301 1897 344 1934; x_wconf 87' lang='lat' dir='ltr'><strong>et</strong></span> <span class='ocrx_word' id='word_1_116' title='bbox 362 1892 589 1935; x_wconf 79' lang='lat' dir='ltr'><strong>maledixit</strong></span> <span class='ocrx_word' id='word_1_117' title='bbox 609 1893 696 1935; x_wconf 86' lang='lat' dir='ltr'><strong>diei</strong></span> <span class='ocrx_word' id='word_1_118' title='bbox 715 1906 812 1944; x_wconf 91' lang='lat' dir='ltr'><strong>suo,</strong></span> <span class='ocrx_word' id='word_1_119' title='bbox 839 1898 883 1936; x_wconf 90' lang='lat' dir='ltr'><strong>et</strong></span> <span class='ocrx_word' id='word_1_120' title='bbox 902 1894 1020 1936; x_wconf 82' lang='lat' dir='ltr'><strong>locu-</strong></span> 
     </span>
     <span class='ocr_line' id='line_1_30' title="bbox 193 1949 1021 2002; baseline 0.004 -12"><span class='ocrx_word' id='word_1_121' title='bbox 193 1954 266 1990; x_wconf 88' lang='lat' dir='ltr'><strong>tus</strong></span> <span class='ocrx_word' id='word_1_122' title='bbox 293 1953 376 1991; x_wconf 88' lang='lat' dir='ltr'><strong>est:</strong></span> <span class='ocrx_word' id='word_1_123' title='bbox 402 1950 561 1991; x_wconf 88' lang='lat' dir='ltr'><strong>Pereat</strong></span> <span class='ocrx_word' id='word_1_124' title='bbox 589 1949 685 1992; x_wconf 91' lang='lat' dir='ltr'><strong>dies</strong></span> <span class='ocrx_word' id='word_1_125' title='bbox 713 1950 757 1991; x_wconf 93' lang='lat' dir='ltr'><strong>in</strong></span> <span class='ocrx_word' id='word_1_126' title='bbox 782 1963 868 2002; x_wconf 88' lang='lat' dir='ltr'><strong>qua</strong></span> <span class='ocrx_word' id='word_1_127' title='bbox 893 1956 1021 1993; x_wconf 91' lang='lat' dir='ltr'><strong>natus</strong></span> 
     </span>
    </p>
   </div>
   <div class='ocr_carea' id='block_1_7' title="bbox 195 2006 1021 2059">
    <p class='ocr_par' dir='ltr' id='par_1_12' title="bbox 195 2006 1126 2059">
     <span class='ocr_line' id='line_1_31' title="bbox 195 2006 1021 2059; baseline 0 -12"><span class='ocrx_word' id='word_1_128' title='bbox 195 2018 310 2055; x_wconf 89' lang='lat' dir='ltr'><strong>sum,</strong></span> <span class='ocrx_word' id='word_1_129' title='bbox 347 2010 391 2048; x_wconf 91' lang='lat' dir='ltr'><strong>et</strong></span> <span class='ocrx_word' id='word_1_130' title='bbox 426 2019 516 2048; x_wconf 90' lang='lat' dir='ltr'><strong>nox</strong></span> <span class='ocrx_word' id='word_1_131' title='bbox 546 2006 591 2047; x_wconf 94' lang='lat' dir='ltr'><strong>in</strong></span> <span class='ocrx_word' id='word_1_132' title='bbox 623 2019 710 2059; x_wconf 89' lang='lat' dir='ltr'><strong>qua</strong></span> <span class='ocrx_word' id='word_1_133' title='bbox 742 2006 910 2049; x_wconf 92' lang='lat' dir='ltr'><strong>dictum</strong></span> <span class='ocrx_word' id='word_1_134' title='bbox 938 2013 1021 2050; x_wconf 89' lang='lat' dir='ltr'><strong>est:</strong></span> 
     </span>
    </p>
   </div>
   <div class='ocr_carea' id='block_1_8' title="bbox 194 2061 1022 2796">
    <p class='ocr_par' dir='ltr' id='par_1_13' title="bbox 194 2061 1022 2557">
     <span class='ocr_line' id='line_1_32' title="bbox 194 2061 1021 2115; baseline 0.004 -12"><span class='ocrx_word' id='word_1_135' title='bbox 194 2061 445 2115; x_wconf 88' lang='lat' dir='ltr'><strong>Conceptus</strong></span> <span class='ocrx_word' id='word_1_136' title='bbox 465 2067 534 2105; x_wconf 87' lang='lat' dir='ltr'><strong>est</strong></span> <span class='ocrx_word' id='word_1_137' title='bbox 547 2063 691 2105; x_wconf 91' lang='lat' dir='ltr'><strong>homo.</strong></span> <span class='ocrx_word' id='word_1_138' title='bbox 717 2064 824 2106; x_wconf 91' lang='lat' dir='ltr'><strong>Dies</strong></span> <span class='ocrx_word' id='word_1_139' title='bbox 839 2064 912 2106; x_wconf 92' lang='lat' dir='ltr'><strong>ille</strong></span> <span class='ocrx_word' id='word_1_140' title='bbox 928 2077 1021 2107; x_wconf 93' lang='lat' dir='ltr'><strong>ver-</strong></span> 
     </span>
     <span class='ocr_line' id='line_1_33' title="bbox 194 2119 1022 2174; baseline 0.004 -14"><span class='ocrx_word' id='word_1_141' title='bbox 194 2121 312 2160; x_wconf 73' lang='lat' dir='ltr'><strong>tetur</strong></span> <span class='ocrx_word' id='word_1_142' title='bbox 349 2119 392 2160; x_wconf 94' lang='lat' dir='ltr'><strong>in</strong></span> <span class='ocrx_word' id='word_1_143' title='bbox 429 2119 653 2170; x_wconf 90' lang='lat' dir='ltr'><strong>tenebras,</strong></span> <span class='ocrx_word' id='word_1_144' title='bbox 698 2133 787 2162; x_wconf 92' lang='lat' dir='ltr'><strong>non</strong></span> <span class='ocrx_word' id='word_1_145' title='bbox 826 2123 1022 2174; x_wconf 87' lang='lat' dir='ltr'><strong>requirat</strong></span> 
     </span>
     <span class='ocr_line' id='line_1_34' title="bbox 195 2175 1021 2229; baseline 0.002 -12"><span class='ocrx_word' id='word_1_146' title='bbox 195 2188 295 2217; x_wconf 91' lang='lat' dir='ltr'><strong>eum</strong></span> <span class='ocrx_word' id='word_1_147' title='bbox 321 2176 443 2218; x_wconf 86' lang='lat' dir='ltr'><strong>Deus</strong></span> <span class='ocrx_word' id='word_1_148' title='bbox 478 2175 687 2229; x_wconf 87' lang='lat' dir='ltr'><strong>desuper,</strong></span> <span class='ocrx_word' id='word_1_149' title='bbox 724 2182 769 2219; x_wconf 93' lang='lat' dir='ltr'><strong>et</strong></span> <span class='ocrx_word' id='word_1_150' title='bbox 803 2190 893 2219; x_wconf 93' lang='lat' dir='ltr'><strong>non</strong></span> <span class='ocrx_word' id='word_1_151' title='bbox 927 2178 1021 2220; x_wconf 89' lang='lat' dir='ltr'><strong>illu-</strong></span> 
     </span>
     <span class='ocr_line' id='line_1_35' title="bbox 195 2233 1020 2277; baseline 0.004 -4"><span class='ocrx_word' id='word_1_152' title='bbox 195 2233 358 2274; x_wconf 88' lang='lat' dir='ltr'><strong>stretur</strong></span> <span class='ocrx_word' id='word_1_153' title='bbox 375 2233 548 2275; x_wconf 81' lang='lat' dir='ltr'><strong>lumine.</strong></span> <span class='ocrx_word' id='word_1_154' title='bbox 573 2233 823 2275; x_wconf 80' lang='lat' dir='ltr'><strong>Obscurent</strong></span> <span class='ocrx_word' id='word_1_155' title='bbox 844 2247 943 2276; x_wconf 93' lang='lat' dir='ltr'><strong>eum</strong></span> <span class='ocrx_word' id='word_1_156' title='bbox 960 2237 1020 2277; x_wconf 89' lang='lat' dir='ltr'><strong>te-</strong></span> 
     </span>
     <span class='ocr_line' id='line_1_36' title="bbox 194 2287 1021 2345; baseline 0.006 -16"><span class='ocrx_word' id='word_1_157' title='bbox 194 2287 354 2338; x_wconf 88' lang='lat' dir='ltr'><strong>nebrae,</strong></span> <span class='ocrx_word' id='word_1_158' title='bbox 382 2294 427 2331; x_wconf 92' lang='lat' dir='ltr'><strong>et</strong></span> <span class='ocrx_word' id='word_1_159' title='bbox 454 2289 609 2331; x_wconf 90' lang='lat' dir='ltr'><strong>umbra</strong></span> <span class='ocrx_word' id='word_1_160' title='bbox 636 2290 804 2341; x_wconf 88' lang='lat' dir='ltr'><strong>mortis,</strong></span> <span class='ocrx_word' id='word_1_161' title='bbox 833 2292 1021 2345; x_wconf 84' lang='lat' dir='ltr'><strong>occupet</strong></span> 
     </span>
     <span class='ocr_line' id='line_1_37' title="bbox 196 2345 1020 2398; baseline 0.005 -12"><span class='ocrx_word' id='word_1_162' title='bbox 196 2357 295 2386; x_wconf 92' lang='lat' dir='ltr'><strong>eum</strong></span> <span class='ocrx_word' id='word_1_163' title='bbox 322 2345 479 2398; x_wconf 87' lang='lat' dir='ltr'><strong>caligo,</strong></span> <span class='ocrx_word' id='word_1_164' title='bbox 511 2351 555 2389; x_wconf 90' lang='lat' dir='ltr'><strong>et</strong></span> <span class='ocrx_word' id='word_1_165' title='bbox 586 2347 837 2389; x_wconf 74' lang='lat' dir='ltr'><strong>involvatur</strong></span> <span class='ocrx_word' id='word_1_166' title='bbox 869 2349 1020 2390; x_wconf 89' lang='lat' dir='ltr'><strong>amari-</strong></span> 
     </span>
     <span class='ocr_line' id='line_1_38' title="bbox 194 2401 357 2443; baseline 0.006 -1"><span class='ocrx_word' id='word_1_167' title='bbox 194 2401 357 2443; x_wconf 76' lang='lat' dir='ltr'><strong>tudine.</strong></span> 
     </span>
     <span class='ocr_line' id='line_1_39' title="bbox 252 2459 674 2510; baseline 0.014 -14"><span class='ocrx_word' id='word_1_168' title='bbox 252 2459 297 2509; x_wconf 54' lang='lat' dir='ltr'><strong>RJ.</strong></span> <span class='ocrx_word' id='word_1_169' title='bbox 325 2459 432 2510; x_wconf 92' lang='lat' dir='ltr'><strong>Quis</strong></span> <span class='ocrx_word' id='word_1_170' title='bbox 450 2459 567 2501; x_wconf 90' lang='lat' dir='ltr'><strong>mihi.</strong></span> <span class='ocrx_word' id='word_1_171' title='bbox 588 2461 674 2502; x_wconf 87' lang='lat'><strong>132.</strong></span> 
     </span>
     <span class='ocr_line' id='line_1_40' title="bbox 508 2517 716 2557; baseline 0.01 -2"><span class='ocrx_word' id='word_1_172' title='bbox 508 2517 656 2556; x_wconf 75' lang='lat' dir='ltr'><strong>Lectio</strong></span> <span class='ocrx_word' id='word_1_173' title='bbox 679 2518 716 2557; x_wconf 85' lang='lat' dir='ltr'><strong>ii.</strong></span> 
     </span>
    </p>

    <p class='ocr_par' dir='ltr' id='par_1_14' title="bbox 195 2565 1021 2671">
     <span class='ocr_line' id='line_1_41' title="bbox 195 2565 1021 2671; baseline 0.007 -60"><span class='ocrx_word' id='word_1_174' title='bbox 195 2565 436 2671; x_wconf 86' lang='lat' dir='ltr'><strong>Noctem</strong></span> <span class='ocrx_word' id='word_1_175' title='bbox 463 2573 582 2615; x_wconf 88' lang='lat' dir='ltr'><strong>illam</strong></span> <span class='ocrx_word' id='word_1_176' title='bbox 606 2575 869 2617; x_wconf 82' lang='lat' dir='ltr'><strong>tenebrosus</strong></span> <span class='ocrx_word' id='word_1_177' title='bbox 888 2575 1021 2618; x_wconf 93' lang='lat' dir='ltr'><strong>turbo</strong></span> 
     </span>
    </p>

    <p class='ocr_par' dir='ltr' id='par_1_15' title="bbox 196 2630 1021 2796">
     <span class='ocr_line' id='line_1_42' title="bbox 305 2630 1021 2685; baseline 0.007 -16"><span class='ocrx_word' id='word_1_178' title='bbox 305 2630 543 2681; x_wconf 87' lang='lat' dir='ltr'><strong>possideat,</strong></span> <span class='ocrx_word' id='word_1_179' title='bbox 570 2643 658 2672; x_wconf 95' lang='lat' dir='ltr'><strong>non</strong></span> <span class='ocrx_word' id='word_1_180' title='bbox 678 2634 957 2685; x_wconf 86' lang='lat' dir='ltr'><strong>computetur</strong></span> <span class='ocrx_word' id='word_1_181' title='bbox 978 2633 1021 2674; x_wconf 89' lang='lat' dir='ltr'><strong>in</strong></span> 
     </span>
     <span class='ocr_line' id='line_1_43' title="bbox 197 2685 1021 2737; baseline 0.004 -10"><span class='ocrx_word' id='word_1_182' title='bbox 197 2685 352 2727; x_wconf 93' lang='lat' dir='ltr'><strong>diebus</strong></span> <span class='ocrx_word' id='word_1_183' title='bbox 396 2687 515 2737; x_wconf 88' lang='lat' dir='ltr'><strong>anni,</strong></span> <span class='ocrx_word' id='word_1_184' title='bbox 559 2700 640 2729; x_wconf 93' lang='lat' dir='ltr'><strong>nec</strong></span> <span class='ocrx_word' id='word_1_185' title='bbox 683 2691 936 2731; x_wconf 90' lang='lat' dir='ltr'><strong>numeretur</strong></span> <span class='ocrx_word' id='word_1_186' title='bbox 977 2689 1021 2730; x_wconf 94' lang='lat' dir='ltr'><strong>in</strong></span> 
     </span>
     <span class='ocr_line' id='line_1_44' title="bbox 196 2742 1020 2796; baseline 0.002 -11"><span class='ocrx_word' id='word_1_187' title='bbox 196 2742 428 2785; x_wconf 88' lang='lat' dir='ltr'><strong>mensibus.</strong></span> <span class='ocrx_word' id='word_1_188' title='bbox 481 2743 548 2785; x_wconf 89' lang='lat' dir='ltr'><strong>Sit</strong></span> <span class='ocrx_word' id='word_1_189' title='bbox 580 2757 669 2785; x_wconf 86' lang='lat' dir='ltr'><strong>nox</strong></span> <span class='ocrx_word' id='word_1_190' title='bbox 705 2745 779 2787; x_wconf 85' lang='lat' dir='ltr'><strong>illa</strong></span> <span class='ocrx_word' id='word_1_191' title='bbox 812 2745 1020 2796; x_wconf 76' lang='lat' dir='ltr'><strong>solitaria,</strong></span> 
     </span>
    </p>
   </div>
   <div class='ocr_carea' id='block_1_9' title="bbox 207 1835 1049 1896">
    <p class='ocr_par' dir='ltr' id='par_1_16' title="bbox 207 1835 1049 1896">
     <span class='ocr_line' id='line_1_45' title="bbox 207 1835 1049 1896; baseline 0.006 -22"><span class='ocrx_word' id='word_1_192' title='bbox 207 1849 236 1886; x_wconf 47' lang='grc' dir='ltr'><strong>,χ’</strong></span> <span class='ocrx_word' id='word_1_193' title='bbox 258 1867 259 1870; x_wconf 56' lang='grc'>,</span> <span class='ocrx_word' id='word_1_194' title='bbox 285 1840 355 1877; x_wconf 90' lang='lat' dir='ltr'><strong>ost</strong></span> <span class='ocrx_word' id='word_1_195' title='bbox 379 1835 476 1878; x_wconf 88' lang='lat' dir='ltr'><strong>haec</strong></span> <span class='ocrx_word' id='word_1_196' title='bbox 499 1835 671 1889; x_wconf 88' lang='lat' dir='ltr'><strong>aperuit</strong></span> <span class='ocrx_word' id='word_1_197' title='bbox 693 1836 779 1878; x_wconf 89' lang='lat' dir='ltr'><strong>Job</strong></span> <span class='ocrx_word' id='word_1_198' title='bbox 806 1849 858 1879; x_wconf 89' lang='lat' dir='ltr'><strong>os</strong></span> <span class='ocrx_word' id='word_1_199' title='bbox 882 1850 1020 1888; x_wconf 90' lang='lat' dir='ltr'><strong>suum,</strong></span> <span class='ocrx_word' id='word_1_200' title='bbox 1044 1865 1049 1896; x_wconf 66' lang='grc'>1</span> 
     </span>
    </p>
   </div>
   <div class='ocr_carea' id='block_1_10' title="bbox 679 219 1421 261">
    <p class='ocr_par' dir='ltr' id='par_1_17' title="bbox 679 219 1421 261">
     <span class='ocr_line' id='line_1_46' title="bbox 679 219 1421 261; baseline -0.001 -9"><span class='ocrx_word' id='word_1_201' title='bbox 679 220 776 253; x_wconf 67' lang='lat' dir='ltr'><strong>Infra</strong></span> <span class='ocrx_word' id='word_1_202' title='bbox 805 219 1096 253; x_wconf 64' lang='lat' dir='ltr'><strong>Hebdomadam</strong></span> <span class='ocrx_word' id='word_1_203' title='bbox 1127 220 1149 252; x_wconf 84' lang='grc' dir='ltr'><strong>Ι.</strong></span> <span class='ocrx_word' id='word_1_204' title='bbox 1175 220 1421 261; x_wconf 56' lang='lat' dir='ltr'><strong>septembris.</strong></span> 
     </span>
    </p>
   </div>
   <div class='ocr_carea' id='block_1_11' title="bbox 1068 313 1900 809">
    <p class='ocr_par' dir='ltr' id='par_1_18' title="bbox 1068 313 1900 809">
     <span class='ocr_line' id='line_1_47' title="bbox 1070 313 1898 366; baseline 0.001 -11"><span class='ocrx_word' id='word_1_205' title='bbox 1070 326 1151 356; x_wconf 93' lang='lat' dir='ltr'><strong>nec</strong></span> <span class='ocrx_word' id='word_1_206' title='bbox 1169 313 1300 355; x_wconf 87' lang='lat' dir='ltr'><strong>laude</strong></span> <span class='ocrx_word' id='word_1_207' title='bbox 1320 313 1467 366; x_wconf 87' lang='lat' dir='ltr'><strong>digna:</strong></span> <span class='ocrx_word' id='word_1_208' title='bbox 1484 313 1748 356; x_wconf 84' lang='lat' dir='ltr'><strong>maledicant</strong></span> <span class='ocrx_word' id='word_1_209' title='bbox 1765 314 1806 356; x_wconf 92' lang='lat' dir='ltr'><strong>ei</strong></span> <span class='ocrx_word' id='word_1_210' title='bbox 1823 313 1898 366; x_wconf 94' lang='lat' dir='ltr'><strong>qui</strong></span> 
     </span>
     <span class='ocr_line' id='line_1_48' title="bbox 1070 369 1898 424; baseline 0 -12"><span class='ocrx_word' id='word_1_211' title='bbox 1070 370 1336 412; x_wconf 86' lang='lat' dir='ltr'><strong>maledicunt</strong></span> <span class='ocrx_word' id='word_1_212' title='bbox 1371 369 1475 421; x_wconf 90' lang='lat' dir='ltr'><strong>diei,</strong></span> <span class='ocrx_word' id='word_1_213' title='bbox 1513 370 1588 422; x_wconf 95' lang='lat' dir='ltr'><strong>qui</strong></span> <span class='ocrx_word' id='word_1_214' title='bbox 1619 371 1764 424; x_wconf 77' lang='lat' dir='ltr'><strong>parati</strong></span> <span class='ocrx_word' id='word_1_215' title='bbox 1797 375 1898 413; x_wconf 87' lang='lat' dir='ltr'><strong>sunt</strong></span> 
     </span>
     <span class='ocr_line' id='line_1_49' title="bbox 1070 426 1898 470; baseline 0 -2"><span class='ocrx_word' id='word_1_216' title='bbox 1070 427 1282 469; x_wconf 75' lang='lat' dir='ltr'><strong>suscitare</strong></span> <span class='ocrx_word' id='word_1_217' title='bbox 1318 426 1574 469; x_wconf 87' lang='lat' dir='ltr'><strong>Leviathan:</strong></span> <span class='ocrx_word' id='word_1_218' title='bbox 1612 426 1898 470; x_wconf 86' lang='lat' dir='ltr'><strong>obtenebren-</strong></span> 
     </span>
     <span class='ocr_line' id='line_1_50' title="bbox 1070 483 1899 537; baseline 0.001 -12"><span class='ocrx_word' id='word_1_219' title='bbox 1070 488 1142 526; x_wconf 91' lang='lat' dir='ltr'><strong>tur</strong></span> <span class='ocrx_word' id='word_1_220' title='bbox 1169 484 1310 526; x_wconf 87' lang='lat' dir='ltr'><strong>stellae</strong></span> <span class='ocrx_word' id='word_1_221' title='bbox 1331 483 1516 535; x_wconf 86' lang='lat' dir='ltr'><strong>caligine</strong></span> <span class='ocrx_word' id='word_1_222' title='bbox 1537 484 1642 535; x_wconf 89' lang='lat' dir='ltr'><strong>ejus:</strong></span> <span class='ocrx_word' id='word_1_223' title='bbox 1671 485 1899 537; x_wconf 86' lang='lat' dir='ltr'><strong>exspectet</strong></span> 
     </span>
     <span class='ocr_line' id='line_1_51' title="bbox 1070 539 1898 590; baseline 0.001 -9"><span class='ocrx_word' id='word_1_224' title='bbox 1070 540 1212 582; x_wconf 92' lang='lat' dir='ltr'><strong>lucem</strong></span> <span class='ocrx_word' id='word_1_225' title='bbox 1241 546 1284 582; x_wconf 92' lang='lat' dir='ltr'><strong>et</strong></span> <span class='ocrx_word' id='word_1_226' title='bbox 1316 553 1405 582; x_wconf 93' lang='lat' dir='ltr'><strong>non</strong></span> <span class='ocrx_word' id='word_1_227' title='bbox 1432 539 1601 590; x_wconf 86' lang='lat' dir='ltr'><strong>videat,</strong></span> <span class='ocrx_word' id='word_1_228' title='bbox 1639 553 1721 582; x_wconf 90' lang='lat' dir='ltr'><strong>nec</strong></span> <span class='ocrx_word' id='word_1_229' title='bbox 1753 545 1898 582; x_wconf 90' lang='lat' dir='ltr'><strong>ortum</strong></span> 
     </span>
     <span class='ocr_line' id='line_1_52' title="bbox 1070 597 1898 649; baseline -0.001 -10"><span class='ocrx_word' id='word_1_230' title='bbox 1070 598 1287 649; x_wconf 86' lang='lat' dir='ltr'><strong>surgentis</strong></span> <span class='ocrx_word' id='word_1_231' title='bbox 1321 599 1507 639; x_wconf 81' lang='lat' dir='ltr'><strong>aurorae:</strong></span> <span class='ocrx_word' id='word_1_232' title='bbox 1544 597 1646 649; x_wconf 88' lang='lat' dir='ltr'><strong>quia</strong></span> <span class='ocrx_word' id='word_1_233' title='bbox 1678 609 1765 638; x_wconf 93' lang='lat' dir='ltr'><strong>non</strong></span> <span class='ocrx_word' id='word_1_234' title='bbox 1798 609 1898 639; x_wconf 91' lang='lat' dir='ltr'><strong>con-</strong></span> 
     </span>
     <span class='ocr_line' id='line_1_53' title="bbox 1071 653 1900 707; baseline 0.001 -12"><span class='ocrx_word' id='word_1_235' title='bbox 1071 653 1200 695; x_wconf 81' lang='lat' dir='ltr'><strong>clusit</strong></span> <span class='ocrx_word' id='word_1_236' title='bbox 1233 654 1347 696; x_wconf 83' lang='lat' dir='ltr'><strong>ostia</strong></span> <span class='ocrx_word' id='word_1_237' title='bbox 1374 653 1560 704; x_wconf 89' lang='lat' dir='ltr'><strong>ventris,</strong></span> <span class='ocrx_word' id='word_1_238' title='bbox 1598 653 1673 706; x_wconf 95' lang='lat' dir='ltr'><strong>qui</strong></span> <span class='ocrx_word' id='word_1_239' title='bbox 1704 653 1900 707; x_wconf 77' lang='lat' dir='ltr'><strong>portavit</strong></span> 
     </span>
     <span class='ocr_line' id='line_1_54' title="bbox 1069 710 1898 760; baseline 0 -9"><span class='ocrx_word' id='word_1_240' title='bbox 1069 723 1158 760; x_wconf 91' lang='lat' dir='ltr'><strong>me,</strong></span> <span class='ocrx_word' id='word_1_241' title='bbox 1196 723 1277 753; x_wconf 93' lang='lat' dir='ltr'><strong>nec</strong></span> <span class='ocrx_word' id='word_1_242' title='bbox 1313 710 1494 753; x_wconf 79' lang='lat' dir='ltr'><strong>abstulit</strong></span> <span class='ocrx_word' id='word_1_243' title='bbox 1526 710 1641 752; x_wconf 89' lang='lat' dir='ltr'><strong>mala</strong></span> <span class='ocrx_word' id='word_1_244' title='bbox 1675 710 1730 752; x_wconf 91' lang='lat' dir='ltr'><strong>ab</strong></span> <span class='ocrx_word' id='word_1_245' title='bbox 1760 710 1898 753; x_wconf 84' lang='lat' dir='ltr'><strong>oculis</strong></span> 
     </span>
     <span class='ocr_line' id='line_1_55' title="bbox 1068 780 1187 809; baseline 0 -1"><span class='ocrx_word' id='word_1_246' title='bbox 1068 780 1187 809; x_wconf 91' lang='lat' dir='ltr'><strong>me1s.</strong></span> 
     </span>
    </p>
   </div>
   <div class='ocr_carea' id='block_1_12' title="bbox 1070 829 1901 1755">
    <p class='ocr_par' dir='ltr' id='par_1_19' title="bbox 1078 829 1900 1068">
     <span class='ocr_line' id='line_1_56' title="bbox 1133 829 1492 882; baseline 0 -12"><span class='ocrx_word' id='word_1_247' title='bbox 1133 833 1176 882; x_wconf 62' lang='lat' dir='ltr'><strong>lx‘g.</strong></span> <span class='ocrx_word' id='word_1_248' title='bbox 1200 829 1388 871; x_wconf 87' lang='lat' dir='ltr'><strong>Utinam.</strong></span> <span class='ocrx_word' id='word_1_249' title='bbox 1406 830 1492 871; x_wconf 89' lang='lat'><strong>133.</strong></span> 
     </span>
     <span class='ocr_line' id='line_1_57' title="bbox 1379 900 1604 940; baseline 0 -2"><span class='ocrx_word' id='word_1_250' title='bbox 1379 900 1527 940; x_wconf 81' lang='lat' dir='ltr'><strong>Lectio</strong></span> <span class='ocrx_word' id='word_1_251' title='bbox 1550 900 1604 939; x_wconf 89' lang='lat' dir='ltr'><strong>iii.</strong></span> 
     </span>
     <span class='ocr_line' id='line_1_58' title="bbox 1078 943 1899 1066; baseline 0.004 -65"><span class='ocrx_word' id='word_1_252' title='bbox 1078 943 1268 1066; x_wconf 73' lang='lat' dir='ltr'><strong>Quare</strong></span> <span class='ocrx_word' id='word_1_253' title='bbox 1307 973 1396 1002; x_wconf 92' lang='lat' dir='ltr'><strong>non</strong></span> <span class='ocrx_word' id='word_1_254' title='bbox 1443 961 1488 1002; x_wconf 91' lang='lat' dir='ltr'><strong>in</strong></span> <span class='ocrx_word' id='word_1_255' title='bbox 1529 960 1659 1002; x_wconf 88' lang='lat' dir='ltr'><strong>vulva</strong></span> <span class='ocrx_word' id='word_1_256' title='bbox 1699 963 1899 1004; x_wconf 84' lang='lat' dir='ltr'><strong>mortuus</strong></span> 
     </span>
     <span class='ocr_line' id='line_1_59' title="bbox 1185 1019 1900 1068; baseline 0.006 -11"><span class='ocrx_word' id='word_1_257' title='bbox 1185 1029 1298 1066; x_wconf 92' lang='lat' dir='ltr'><strong>sum,</strong></span> <span class='ocrx_word' id='word_1_258' title='bbox 1333 1019 1536 1068; x_wconf 89' lang='lat' dir='ltr'><strong>egressus</strong></span> <span class='ocrx_word' id='word_1_259' title='bbox 1570 1030 1625 1059; x_wconf 90' lang='lat' dir='ltr'><strong>ex</strong></span> <span class='ocrx_word' id='word_1_260' title='bbox 1656 1021 1784 1060; x_wconf 83' lang='lat' dir='ltr'><strong>utero</strong></span> <span class='ocrx_word' id='word_1_261' title='bbox 1811 1031 1900 1061; x_wconf 93' lang='lat' dir='ltr'><strong>non</strong></span> 
     </span>
    </p>

    <p class='ocr_par' dir='ltr' id='par_1_20' title="bbox 1070 1071 1901 1683">
     <span class='ocr_line' id='line_1_60' title="bbox 1071 1071 1899 1128; baseline 0.005 -14"><span class='ocrx_word' id='word_1_262' title='bbox 1071 1073 1219 1115; x_wconf 86' lang='lat' dir='ltr'><strong>statim</strong></span> <span class='ocrx_word' id='word_1_263' title='bbox 1246 1071 1379 1126; x_wconf 86' lang='lat' dir='ltr'><strong>perii?</strong></span> <span class='ocrx_word' id='word_1_264' title='bbox 1417 1074 1563 1124; x_wconf 89' lang='lat' dir='ltr'><strong>Quare</strong></span> <span class='ocrx_word' id='word_1_265' title='bbox 1591 1077 1802 1128; x_wconf 88' lang='lat' dir='ltr'><strong>exceptus</strong></span> <span class='ocrx_word' id='word_1_266' title='bbox 1829 1078 1899 1128; x_wconf 88' lang='lat' dir='ltr'><strong>ge-</strong></span> 
     </span>
     <span class='ocr_line' id='line_1_61' title="bbox 1070 1129 1900 1175; baseline 0.005 -4"><span class='ocrx_word' id='word_1_267' title='bbox 1070 1129 1222 1172; x_wconf 88' lang='lat' dir='ltr'><strong>nibus?</strong></span> <span class='ocrx_word' id='word_1_268' title='bbox 1239 1143 1315 1171; x_wconf 91' lang='lat' dir='ltr'><strong>cur</strong></span> <span class='ocrx_word' id='word_1_269' title='bbox 1325 1130 1515 1173; x_wconf 79' lang='lat' dir='ltr'><strong>lactatus</strong></span> <span class='ocrx_word' id='word_1_270' title='bbox 1524 1130 1757 1174; x_wconf 83' lang='lat' dir='ltr'><strong>uberibus?</strong></span> <span class='ocrx_word' id='word_1_271' title='bbox 1771 1131 1900 1175; x_wconf 90' lang='lat' dir='ltr'><strong>Nunc</strong></span> 
     </span>
     <span class='ocr_line' id='line_1_62' title="bbox 1072 1187 1897 1238; baseline 0.004 -10"><span class='ocrx_word' id='word_1_272' title='bbox 1072 1187 1187 1228; x_wconf 92' lang='lat' dir='ltr'><strong>enim</strong></span> <span class='ocrx_word' id='word_1_273' title='bbox 1207 1187 1431 1229; x_wconf 84' lang='lat' dir='ltr'><strong>dormiens</strong></span> <span class='ocrx_word' id='word_1_274' title='bbox 1451 1187 1642 1238; x_wconf 91' lang='lat' dir='ltr'><strong>silerem,</strong></span> <span class='ocrx_word' id='word_1_275' title='bbox 1669 1193 1713 1231; x_wconf 92' lang='lat' dir='ltr'><strong>et</strong></span> <span class='ocrx_word' id='word_1_276' title='bbox 1740 1201 1897 1231; x_wconf 89' lang='lat' dir='ltr'><strong>somno</strong></span> 
     </span>
     <span class='ocr_line' id='line_1_63' title="bbox 1070 1243 1899 1297; baseline 0.005 -13"><span class='ocrx_word' id='word_1_277' title='bbox 1070 1256 1170 1285; x_wconf 91' lang='lat' dir='ltr'><strong>meo</strong></span> <span class='ocrx_word' id='word_1_278' title='bbox 1189 1243 1530 1296; x_wconf 90' lang='lat' dir='ltr'><strong>requiescerem:</strong></span> <span class='ocrx_word' id='word_1_279' title='bbox 1548 1257 1647 1286; x_wconf 91' lang='lat' dir='ltr'><strong>cum</strong></span> <span class='ocrx_word' id='word_1_280' title='bbox 1662 1245 1840 1297; x_wconf 87' lang='lat' dir='ltr'><strong>regibus</strong></span> <span class='ocrx_word' id='word_1_281' title='bbox 1856 1250 1899 1288; x_wconf 91' lang='lat' dir='ltr'><strong>et</strong></span> 
     </span>
     <span class='ocr_line' id='line_1_64' title="bbox 1072 1300 1900 1354; baseline 0.004 -12"><span class='ocrx_word' id='word_1_282' title='bbox 1072 1300 1326 1342; x_wconf 80' lang='lat' dir='ltr'><strong>consulibus</strong></span> <span class='ocrx_word' id='word_1_283' title='bbox 1369 1305 1518 1351; x_wconf 86' lang='lat' dir='ltr'><strong>terrae,</strong></span> <span class='ocrx_word' id='word_1_284' title='bbox 1565 1302 1640 1354; x_wconf 94' lang='lat' dir='ltr'><strong>qui</strong></span> <span class='ocrx_word' id='word_1_285' title='bbox 1680 1301 1900 1345; x_wconf 80' lang='lat' dir='ltr'><strong>aedificant</strong></span> 
     </span>
     <span class='ocr_line' id='line_1_65' title="bbox 1072 1357 1899 1412; baseline 0.002 -14"><span class='ocrx_word' id='word_1_286' title='bbox 1072 1357 1155 1399; x_wconf 92' lang='lat' dir='ltr'><strong>sibi</strong></span> <span class='ocrx_word' id='word_1_287' title='bbox 1180 1357 1456 1399; x_wconf 81' lang='lat' dir='ltr'><strong>solitudines:</strong></span> <span class='ocrx_word' id='word_1_288' title='bbox 1485 1362 1560 1400; x_wconf 90' lang='lat' dir='ltr'><strong>aut</strong></span> <span class='ocrx_word' id='word_1_289' title='bbox 1579 1370 1678 1400; x_wconf 92' lang='lat' dir='ltr'><strong>cum</strong></span> <span class='ocrx_word' id='word_1_290' title='bbox 1696 1359 1899 1412; x_wconf 90' lang='lat' dir='ltr'><strong>principi-</strong></span> 
     </span>
     <span class='ocr_line' id='line_1_66' title="bbox 1072 1413 1899 1467; baseline 0.002 -11"><span class='ocrx_word' id='word_1_291' title='bbox 1072 1414 1171 1464; x_wconf 90' lang='lat' dir='ltr'><strong>bus,</strong></span> <span class='ocrx_word' id='word_1_292' title='bbox 1200 1414 1274 1466; x_wconf 93' lang='lat' dir='ltr'><strong>qui</strong></span> <span class='ocrx_word' id='word_1_293' title='bbox 1301 1413 1533 1467; x_wconf 82' lang='lat' dir='ltr'><strong>possident</strong></span> <span class='ocrx_word' id='word_1_294' title='bbox 1561 1427 1730 1466; x_wconf 86' lang='lat' dir='ltr'><strong>aurum,</strong></span> <span class='ocrx_word' id='word_1_295' title='bbox 1764 1422 1808 1458; x_wconf 91' lang='lat' dir='ltr'><strong>et</strong></span> <span class='ocrx_word' id='word_1_296' title='bbox 1835 1428 1899 1458; x_wconf 92' lang='lat' dir='ltr'><strong>re-</strong></span> 
     </span>
     <span class='ocr_line' id='line_1_67' title="bbox 1071 1470 1900 1524; baseline 0.004 -12"><span class='ocrx_word' id='word_1_297' title='bbox 1071 1471 1194 1524; x_wconf 92' lang='lat' dir='ltr'><strong>plent</strong></span> <span class='ocrx_word' id='word_1_298' title='bbox 1239 1470 1395 1512; x_wconf 87' lang='lat' dir='ltr'><strong>domos</strong></span> <span class='ocrx_word' id='word_1_299' title='bbox 1440 1483 1542 1513; x_wconf 90' lang='lat' dir='ltr'><strong>suas</strong></span> <span class='ocrx_word' id='word_1_300' title='bbox 1587 1473 1785 1524; x_wconf 87' lang='lat' dir='ltr'><strong>argento:</strong></span> <span class='ocrx_word' id='word_1_301' title='bbox 1825 1477 1900 1515; x_wconf 90' lang='lat' dir='ltr'><strong>aut</strong></span> 
     </span>
     <span class='ocr_line' id='line_1_68' title="bbox 1072 1527 1901 1572; baseline 0.001 -3"><span class='ocrx_word' id='word_1_302' title='bbox 1072 1528 1184 1570; x_wconf 91' lang='lat' dir='ltr'><strong>sicut</strong></span> <span class='ocrx_word' id='word_1_303' title='bbox 1204 1527 1454 1569; x_wconf 85' lang='lat' dir='ltr'><strong>abortivum</strong></span> <span class='ocrx_word' id='word_1_304' title='bbox 1477 1527 1786 1571; x_wconf 85' lang='lat' dir='ltr'><strong>absconditum</strong></span> <span class='ocrx_word' id='word_1_305' title='bbox 1811 1542 1901 1572; x_wconf 93' lang='lat' dir='ltr'><strong>non</strong></span> 
     </span>
     <span class='ocr_line' id='line_1_69' title="bbox 1072 1584 1900 1638; baseline 0.004 -13"><span class='ocrx_word' id='word_1_306' title='bbox 1072 1584 1367 1634; x_wconf 84' lang='lat' dir='ltr'><strong>subsisterem,</strong></span> <span class='ocrx_word' id='word_1_307' title='bbox 1392 1584 1463 1626; x_wconf 88' lang='lat' dir='ltr'><strong>vel</strong></span> <span class='ocrx_word' id='word_1_308' title='bbox 1488 1585 1563 1637; x_wconf 91' lang='lat' dir='ltr'><strong>qui</strong></span> <span class='ocrx_word' id='word_1_309' title='bbox 1586 1585 1791 1638; x_wconf 89' lang='lat' dir='ltr'><strong>concepti</strong></span> <span class='ocrx_word' id='word_1_310' title='bbox 1812 1598 1900 1628; x_wconf 92' lang='lat' dir='ltr'><strong>non</strong></span> 
     </span>
     <span class='ocr_line' id='line_1_70' title="bbox 1072 1640 1453 1683; baseline 0 -1"><span class='ocrx_word' id='word_1_311' title='bbox 1072 1641 1276 1683; x_wconf 87' lang='lat' dir='ltr'><strong>viderunt</strong></span> <span class='ocrx_word' id='word_1_312' title='bbox 1299 1640 1453 1683; x_wconf 92' lang='lat' dir='ltr'><strong>lucem.</strong></span> 
     </span>
    </p>

    <p class='ocr_par' dir='ltr' id='par_1_21' title="bbox 1132 1701 1732 1755">
     <span class='ocr_line' id='line_1_71' title="bbox 1132 1701 1732 1755; baseline 0.002 -12"><span class='ocrx_word' id='word_1_313' title='bbox 1132 1706 1177 1755; x_wconf 48' lang='lat' dir='ltr'><strong>NJ.</strong></span> <span class='ocrx_word' id='word_1_314' title='bbox 1201 1702 1347 1752; x_wconf 90' lang='lat' dir='ltr'><strong>Quare</strong></span> <span class='ocrx_word' id='word_1_315' title='bbox 1367 1701 1634 1745; x_wconf 83' lang='lat' dir='ltr'><strong>detraxistis.</strong></span> <span class='ocrx_word' id='word_1_316' title='bbox 1653 1704 1732 1744; x_wconf 88' lang='lat'><strong>131.</strong></span> 
     </span>
    </p>
   </div>
   <div class='ocr_carea' id='block_1_13' title="bbox 1073 1815 1902 2797">
    <p class='ocr_par' dir='ltr' id='par_1_22' title="bbox 1232 1815 1747 1995">
     <span class='ocr_line' id='line_1_72' title="bbox 1280 1815 1703 1864; baseline 0.005 -13"><span class='ocrx_word' id='word_1_317' title='bbox 1280 1815 1451 1852; x_wconf 90' lang='lat' dir='ltr'><strong>Feria</strong></span> <span class='ocrx_word' id='word_1_318' title='bbox 1481 1815 1703 1864; x_wconf 88' lang='lat' dir='ltr'><strong>Quinta.</strong></span> 
     </span>
     <span class='ocr_line' id='line_1_73' title="bbox 1331 1877 1646 1920; baseline 0.006 -2"><span class='ocrx_word' id='word_1_319' title='bbox 1331 1879 1398 1919; x_wconf 92' lang='lat' dir='ltr'><strong>De</strong></span> <span class='ocrx_word' id='word_1_320' title='bbox 1416 1877 1530 1920; x_wconf 93' lang='lat' dir='ltr'><strong>libro</strong></span> <span class='ocrx_word' id='word_1_321' title='bbox 1548 1878 1573 1919; x_wconf 83' lang='lat' dir='ltr'><strong>J</strong></span> <span class='ocrx_word' id='word_1_322' title='bbox 1576 1877 1646 1920; x_wconf 92' lang='lat' dir='ltr'><strong>ob.</strong></span> 
     </span>
     <span class='ocr_line' id='line_1_74' title="bbox 1232 1944 1747 1995; baseline 0 -12"><span class='ocrx_word' id='word_1_323' title='bbox 1232 1944 1384 1984; x_wconf 78' lang='lat' dir='ltr'><strong>Lectio</strong></span> <span class='ocrx_word' id='word_1_324' title='bbox 1405 1944 1427 1983; x_wconf 87' lang='lat' dir='ltr'><strong>i.</strong></span> <span class='ocrx_word' id='word_1_325' title='bbox 1588 1944 1690 1995; x_wconf 88' lang='lat' dir='ltr'><strong>Cap.</strong></span> <span class='ocrx_word' id='word_1_326' title='bbox 1710 1946 1747 1983; x_wconf 74' lang='lat'><strong>4.</strong></span> 
     </span>
    </p>

    <p class='ocr_par' dir='ltr' id='par_1_23' title="bbox 1084 2003 1901 2059">
     <span class='ocr_line' id='line_1_75' title="bbox 1084 2003 1901 2059; baseline 0.002 -13"><span class='ocrx_word' id='word_1_327' title='bbox 1084 2057 1086 2059; x_wconf 64' lang='lat'>‚</span> <span class='ocrx_word' id='word_1_328' title='bbox 1126 2055 1129 2057; x_wconf 29' lang='lat'><strong>,</strong></span> <span class='ocrx_word' id='word_1_329' title='bbox 1168 2003 1419 2057; x_wconf 79' lang='lat' dir='ltr'><strong>espendens</strong></span> <span class='ocrx_word' id='word_1_330' title='bbox 1435 2008 1583 2046; x_wconf 89' lang='lat' dir='ltr'><strong>autem</strong></span> <span class='ocrx_word' id='word_1_331' title='bbox 1593 2004 1779 2058; x_wconf 90' lang='lat' dir='ltr'><strong>Eliphaz</strong></span> <span class='ocrx_word' id='word_1_332' title='bbox 1789 2006 1901 2049; x_wconf 90' lang='lat' dir='ltr'><strong>The-</strong></span> 
     </span>
    </p>

    <p class='ocr_par' dir='ltr' id='par_1_24' title="bbox 1073 2056 1902 2737">
     <span class='ocr_line' id='line_1_76' title="bbox 1105 2056 1902 2115; baseline 0.004 -13"><span class='ocrx_word' id='word_1_333' title='bbox 1105 2086 1109 2091; x_wconf 60' lang='lat'>2</span> <span class='ocrx_word' id='word_1_334' title='bbox 1144 2056 1156 2091; x_wconf 56' lang='grc' dir='ltr'>ἒ</span> <span class='ocrx_word' id='word_1_335' title='bbox 1180 2063 1382 2111; x_wconf 90' lang='lat' dir='ltr'><strong>manites,</strong></span> <span class='ocrx_word' id='word_1_336' title='bbox 1411 2060 1537 2103; x_wconf 87' lang='lat' dir='ltr'><strong>dixit:</strong></span> <span class='ocrx_word' id='word_1_337' title='bbox 1564 2062 1609 2104; x_wconf 89' lang='lat' dir='ltr'><strong>Si</strong></span> <span class='ocrx_word' id='word_1_338' title='bbox 1637 2062 1902 2115; x_wconf 90' lang='lat' dir='ltr'><strong>coeperimus</strong></span> 
     </span>
     <span class='ocr_line' id='line_1_77' title="bbox 1073 2117 1900 2170; baseline 0.005 -12"><span class='ocrx_word' id='word_1_339' title='bbox 1073 2117 1196 2170; x_wconf 92' lang='lat' dir='ltr'><strong>loqui</strong></span> <span class='ocrx_word' id='word_1_340' title='bbox 1221 2117 1319 2167; x_wconf 89' lang='lat' dir='ltr'><strong>tibi,</strong></span> <span class='ocrx_word' id='word_1_341' title='bbox 1355 2117 1541 2159; x_wconf 79' lang='lat' dir='ltr'><strong>fersitan</strong></span> <span class='ocrx_word' id='word_1_342' title='bbox 1574 2119 1762 2161; x_wconf 89' lang='lat' dir='ltr'><strong>moleste</strong></span> <span class='ocrx_word' id='word_1_343' title='bbox 1792 2122 1900 2162; x_wconf 87' lang='lat' dir='ltr'><strong>acci-</strong></span> 
     </span>
     <span class='ocr_line' id='line_1_78' title="bbox 1073 2173 1902 2227; baseline 0.005 -12"><span class='ocrx_word' id='word_1_344' title='bbox 1073 2174 1186 2227; x_wconf 89' lang='lat' dir='ltr'><strong>pies,</strong></span> <span class='ocrx_word' id='word_1_345' title='bbox 1231 2173 1311 2215; x_wconf 90' lang='lat' dir='ltr'><strong>sed</strong></span> <span class='ocrx_word' id='word_1_346' title='bbox 1352 2176 1617 2227; x_wconf 89' lang='lat' dir='ltr'><strong>conceptum</strong></span> <span class='ocrx_word' id='word_1_347' title='bbox 1653 2178 1902 2219; x_wconf 85' lang='lat' dir='ltr'><strong>sermonem</strong></span> 
     </span>
     <span class='ocr_line' id='line_1_79' title="bbox 1073 2230 1901 2283; baseline 0.002 -10"><span class='ocrx_word' id='word_1_348' title='bbox 1073 2232 1223 2273; x_wconf 91' lang='lat' dir='ltr'><strong>tenere</strong></span> <span class='ocrx_word' id='word_1_349' title='bbox 1261 2230 1358 2283; x_wconf 92' lang='lat' dir='ltr'><strong>quis</strong></span> <span class='ocrx_word' id='word_1_350' title='bbox 1393 2230 1581 2283; x_wconf 83' lang='lat' dir='ltr'><strong>poterit?</strong></span> <span class='ocrx_word' id='word_1_351' title='bbox 1625 2232 1741 2274; x_wconf 91' lang='lat' dir='ltr'><strong>Ecce</strong></span> <span class='ocrx_word' id='word_1_352' title='bbox 1770 2232 1901 2275; x_wconf 93' lang='lat' dir='ltr'><strong>docu-</strong></span> 
     </span>
     <span class='ocr_line' id='line_1_80' title="bbox 1074 2287 1900 2338; baseline 0.004 -10"><span class='ocrx_word' id='word_1_353' title='bbox 1074 2287 1146 2329; x_wconf 87' lang='lat' dir='ltr'><strong>isti</strong></span> <span class='ocrx_word' id='word_1_354' title='bbox 1173 2287 1348 2338; x_wconf 82' lang='lat' dir='ltr'><strong>multOS,</strong></span> <span class='ocrx_word' id='word_1_355' title='bbox 1376 2292 1421 2330; x_wconf 94' lang='lat' dir='ltr'><strong>et</strong></span> <span class='ocrx_word' id='word_1_356' title='bbox 1438 2301 1594 2330; x_wconf 88' lang='lat' dir='ltr'><strong>manus</strong></span> <span class='ocrx_word' id='word_1_357' title='bbox 1612 2289 1752 2330; x_wconf 86' lang='lat' dir='ltr'><strong>lassas</strong></span> <span class='ocrx_word' id='word_1_358' title='bbox 1771 2289 1900 2331; x_wconf 92' lang='lat' dir='ltr'><strong>robo-</strong></span> 
     </span>
     <span class='ocr_line' id='line_1_81' title="bbox 1074 2344 1902 2388; baseline 0.004 -3"><span class='ocrx_word' id='word_1_359' title='bbox 1074 2344 1195 2386; x_wconf 76' lang='lat' dir='ltr'><strong>rasti:</strong></span> <span class='ocrx_word' id='word_1_360' title='bbox 1239 2344 1496 2387; x_wconf 81' lang='lat' dir='ltr'><strong>vacillantes</strong></span> <span class='ocrx_word' id='word_1_361' title='bbox 1532 2346 1902 2388; x_wconf 89' lang='lat' dir='ltr'><strong>confirmaverunt</strong></span> 
     </span>
     <span class='ocr_line' id='line_1_82' title="bbox 1074 2401 1902 2454; baseline 0.002 -12"><span class='ocrx_word' id='word_1_362' title='bbox 1074 2403 1299 2443; x_wconf 77' lang='lat' dir='ltr'><strong>sermenes</strong></span> <span class='ocrx_word' id='word_1_363' title='bbox 1325 2401 1404 2452; x_wconf 87' lang='lat' dir='ltr'><strong>tui,</strong></span> <span class='ocrx_word' id='word_1_364' title='bbox 1433 2406 1477 2444; x_wconf 92' lang='lat' dir='ltr'><strong>et</strong></span> <span class='ocrx_word' id='word_1_365' title='bbox 1502 2403 1644 2454; x_wconf 85' lang='lat' dir='ltr'><strong>genua</strong></span> <span class='ocrx_word' id='word_1_366' title='bbox 1670 2403 1902 2444; x_wconf 88' lang='lat' dir='ltr'><strong>trementia</strong></span> 
     </span>
     <span class='ocr_line' id='line_1_83' title="bbox 1074 2458 1901 2501; baseline 0.002 -2"><span class='ocrx_word' id='word_1_367' title='bbox 1074 2458 1350 2500; x_wconf 83' lang='lat' dir='ltr'><strong>confortasti:</strong></span> <span class='ocrx_word' id='word_1_368' title='bbox 1377 2471 1492 2500; x_wconf 90' lang='lat' dir='ltr'><strong>nunc</strong></span> <span class='ocrx_word' id='word_1_369' title='bbox 1519 2463 1667 2500; x_wconf 92' lang='lat' dir='ltr'><strong>autem</strong></span> <span class='ocrx_word' id='word_1_370' title='bbox 1690 2459 1809 2501; x_wconf 85' lang='lat' dir='ltr'><strong>venit</strong></span> <span class='ocrx_word' id='word_1_371' title='bbox 1833 2472 1901 2501; x_wconf 91' lang='lat' dir='ltr'><strong>su-</strong></span> 
     </span>
     <span class='ocr_line' id='line_1_84' title="bbox 1073 2514 1902 2568; baseline 0.001 -11"><span class='ocrx_word' id='word_1_372' title='bbox 1073 2527 1153 2568; x_wconf 92' lang='lat' dir='ltr'><strong>per</strong></span> <span class='ocrx_word' id='word_1_373' title='bbox 1180 2519 1226 2557; x_wconf 92' lang='lat' dir='ltr'><strong>te</strong></span> <span class='ocrx_word' id='word_1_374' title='bbox 1252 2514 1397 2568; x_wconf 88' lang='lat' dir='ltr'><strong>plaga,</strong></span> <span class='ocrx_word' id='word_1_375' title='bbox 1434 2519 1480 2557; x_wconf 90' lang='lat' dir='ltr'><strong>et</strong></span> <span class='ocrx_word' id='word_1_376' title='bbox 1507 2514 1723 2557; x_wconf 89' lang='lat' dir='ltr'><strong>defecisti:</strong></span> <span class='ocrx_word' id='word_1_377' title='bbox 1758 2516 1902 2568; x_wconf 87' lang='lat' dir='ltr'><strong>tetigit</strong></span> 
     </span>
     <span class='ocr_line' id='line_1_85' title="bbox 1073 2571 1899 2621; baseline 0.001 -7"><span class='ocrx_word' id='word_1_378' title='bbox 1073 2577 1128 2621; x_wconf 88' lang='lat' dir='ltr'><strong>te,</strong></span> <span class='ocrx_word' id='word_1_379' title='bbox 1157 2577 1201 2614; x_wconf 89' lang='lat' dir='ltr'><strong>et</strong></span> <span class='ocrx_word' id='word_1_380' title='bbox 1229 2571 1520 2614; x_wconf 74' lang='lat' dir='ltr'><strong>conturbatus</strong></span> <span class='ocrx_word' id='word_1_381' title='bbox 1547 2584 1604 2613; x_wconf 86' lang='lat' dir='ltr'><strong>es.</strong></span> <span class='ocrx_word' id='word_1_382' title='bbox 1640 2571 1727 2614; x_wconf 88' lang='lat' dir='ltr'><strong>Ubi</strong></span> <span class='ocrx_word' id='word_1_383' title='bbox 1755 2577 1823 2614; x_wconf 91' lang='lat' dir='ltr'><strong>est</strong></span> <span class='ocrx_word' id='word_1_384' title='bbox 1849 2573 1899 2615; x_wconf 87' lang='lat' dir='ltr'><strong>ti-</strong></span> 
     </span>
     <span class='ocr_line' id='line_1_86' title="bbox 1073 2627 1901 2681; baseline 0.001 -11"><span class='ocrx_word' id='word_1_385' title='bbox 1073 2641 1170 2670; x_wconf 93' lang='lat' dir='ltr'><strong>mor</strong></span> <span class='ocrx_word' id='word_1_386' title='bbox 1196 2633 1308 2678; x_wconf 89' lang='lat' dir='ltr'><strong>tuus,</strong></span> <span class='ocrx_word' id='word_1_387' title='bbox 1334 2627 1548 2670; x_wconf 84' lang='lat' dir='ltr'><strong>fortitudo</strong></span> <span class='ocrx_word' id='word_1_388' title='bbox 1575 2632 1662 2678; x_wconf 86' lang='lat' dir='ltr'><strong>tua,</strong></span> <span class='ocrx_word' id='word_1_389' title='bbox 1688 2629 1901 2681; x_wconf 88' lang='lat' dir='ltr'><strong>patientia</strong></span> 
     </span>
     <span class='ocr_line' id='line_1_87' title="bbox 1073 2684 1900 2737; baseline -0.002 -9"><span class='ocrx_word' id='word_1_390' title='bbox 1073 2690 1164 2736; x_wconf 89' lang='lat' dir='ltr'><strong>tua,</strong></span> <span class='ocrx_word' id='word_1_391' title='bbox 1197 2689 1241 2727; x_wconf 92' lang='lat' dir='ltr'><strong>et</strong></span> <span class='ocrx_word' id='word_1_392' title='bbox 1267 2684 1481 2737; x_wconf 89' lang='lat' dir='ltr'><strong>perfectio</strong></span> <span class='ocrx_word' id='word_1_393' title='bbox 1508 2685 1677 2727; x_wconf 77' lang='lat' dir='ltr'><strong>viarum</strong></span> <span class='ocrx_word' id='word_1_394' title='bbox 1704 2684 1900 2728; x_wconf 79' lang='lat' dir='ltr'><strong>tuarum?</strong></span> 
     </span>
    </p>

    <p class='ocr_par' dir='ltr' id='par_1_25' title="bbox 1131 2744 1507 2797">
     <span class='ocr_line' id='line_1_88' title="bbox 1131 2744 1507 2797; baseline 0.003 -12"><span class='ocrx_word' id='word_1_395' title='bbox 1131 2747 1176 2797; x_wconf 60' lang='lat' dir='ltr'><strong>R*-</strong></span> <span class='ocrx_word' id='word_1_396' title='bbox 1203 2744 1249 2787; x_wconf 92' lang='lat' dir='ltr'><strong>Si</strong></span> <span class='ocrx_word' id='word_1_397' title='bbox 1268 2744 1397 2787; x_wconf 92' lang='lat' dir='ltr'><strong>bona.</strong></span> <span class='ocrx_word' id='word_1_398' title='bbox 1414 2747 1507 2787; x_wconf 88' lang='grc'><strong>130.</strong></span> 
     </span>
    </p>
   </div>
   <div class='ocr_carea' id='block_1_14' title="bbox 1073 2005 1164 2110">
    <p class='ocr_par' dir='ltr' id='par_1_26' title="bbox 1073 2005 1164 2110">
     <span class='ocr_line' id='line_1_89' title="bbox 1073 2005 1164 2110; baseline 0 834"><span class='ocrx_word' id='word_1_399' title='bbox 1073 2005 1164 2110; x_wconf 95' lang='lat' dir='ltr'><strong> </strong></span> 
     </span>
    </p>
   </div>
  </div>
 </body>
</html>
