2040 2944
172 138 238 173 416

231 236 377 269 Deinde
404 236 438 268 S.
464 234 662 268 Theodori
689 233 796 267 Mart.

227 287 328 326 Ant.
368 286 455 325 Iste
485 289 663 325 sanctus
688 297 770 337 pro
800 285 897 335 lege
926 285 1010 326 Dei

174 343 241 383 sui
262 341 447 383 certavit
465 353 606 392 usque
627 339 683 382 ad
702 346 902 390 mortem,
923 347 966 382 et
985 354 1010 382 a

174 397 322 439 verbis
338 397 584 449 ¹impierum
614 409 701 438 non
730 398 889 439 timuit:
918 397 1009 438 fun-

175 454 305 495 datus
330 453 445 495 enim
469 458 564 494 erat
587 467 721 505 supra
747 453 917 494 firmam
936 467 1008 506 pe-

174 515 298 551 tram.

227 569 276 618 Y.
319 570 473 611 Gleria
506 575 549 611 et
583 570 752 612 honere
787 571 1011 612 coronasti

175 639 275 667 eum
308 627 508 668 Demine.
558 629 609 679 R.
654 628 710 669 Et
744 628 1011 669 constituisti

175 695 275 724 eum
291 696 424 735 super
444 685 582 735 epera
595 686 805 725 manuum
824 687 1011 726 tuarum.

510 744 674 785 Oratio.

267 811 359 849 eus,
398 800 472 852 qui
508 813 590 841 nos
626 800 746 842 beati
783 800 1012 843 Theoderi

276 856 484 908 Martyris
519 858 583 898 tui
611 858 891 899 confessiene
919 858 1010 909 glo-

175 913 294 954 riesa
322 912 571 954 circumdas
596 918 640 955 et
662 915 874 966 protegis:
899 928 1010 967 prae-

177 975 246 1011 sta
269 969 399 1010 nobis
424 982 478 1010 ex
502 971 593 1021 ejus
613 970 858 1013 imitatiene
877 972 1010 1024 profi-

177 1039 294 1076 cere,
322 1030 366 1066 et
395 1026 596 1067 oratiene
623 1027 775 1068 fulciri.
812 1028 897 1069 Per
922 1029 1010 1069 De-

175 1082 341 1123 minum
360 1087 571 1123 nostrum.

418 1162 466 1199 In
486 1162 516 1200 Ι.
541 1162 763 1200 Noctumo.

176 1226 244 1266 De
268 1224 382 1266 libro
403 1226 702 1280 ApocaIYpsis
721 1228 840 1270 beati
860 1229 884 1269 J
888 1229 1011 1270 oanis

488 1283 706 1336 Apestoli.

253 1340 406 1381 Lectio
428 1340 450 1379 i.
702 1339 806 1391 Cap.
822 1341 879 1379 21.
897 1353 930 1380 c.

223 1403 312 1451 stig]
331 1401 451 1442 venit
470 1414 582 1442 unus
603 1401 658 1442 de
679 1406 850 1454 septem
869 1403 1012 1454 Ange-

189 1500 192 1503 ·
221 1455 291 1525 <²425ss
313 1457 366 1498 lis
386 1457 649 1500 habentibus
668 1458 840 1510 phialas
859 1459 1014 1511 plenas

186 1513 291 1536 ὲ
314 1519 486 1566 septem
511 1514 653 1566 plagis
674 1515 943 1563 novissimis,
971 1522 1014 1558 et

179 1570 355 1612 locutus
381 1575 449 1612 est
473 1583 664 1620 mecum,
694 1571 860 1613 dicens:
888 1573 1014 1622 Veni,

179 1633 223 1669 et
242 1627 475 1669 ostendam
494 1627 574 1669 tibi
589 1641 811 1681 sponsam,
831 1631 1015 1671 uxerem

179 1684 306 1735 Agni.
343 1684 400 1725 Et
424 1684 600 1726 sustulit
626 1698 696 1726 me
721 1686 765 1726 in
789 1686 946 1738 spiritu
970 1687 1014 1727 in

178 1746 376 1782 montem
421 1753 628 1791 magnum
675 1747 718 1783 et
763 1742 916 1793 altum,
971 1748 1015 1785 et

179 1795 375 1838 ostendit
410 1797 515 1837 mihi
554 1798 780 1840 civitatem
817 1805 1014 1842 sanctam

178 1853 424 1894 Jerusalem
451 1853 794 1896 descendentem
821 1855 876 1898 de
897 1857 1012 1898 coelo

179 1923 205 1950 a
232 1910 346 1959 Deo,
372 1909 610 1952 habentem
639 1911 886 1954 claritatem
914 1914 1014 1955 Dei:

180 1971 223 2007 et
246 1966 394 2008 lumen
420 1967 511 2018 ejus
535 1968 676 2010 simile
695 1968 833 2021 lapidi
852 1971 1012 2022 pretie-

179 2035 230 2064 so
254 2028 481 2076 tamquam
504 2024 643 2077 lapidi
668 2025 867 2078 jaspidis,
901 2027 1015 2069 sicut

180 2079 447 2132 crystallum.

230 2141 281 2192 R.
310 2141 361 2181 In
380 2140 662 2184 dedicatiene
681 2143 837 2196 templi
857 2144 1013 2186 decan-

179 2197 304 2239 tabat
323 2198 515 2251 pepulus
539 2198 729 2240 laudem:
747 2197 770 2221 *
797 2200 854 2243 Et
872 2202 916 2242 in
937 2214 1014 2244 ore

181 2256 334 2295 eerum
385 2254 526 2296 dulcis
578 2256 817 2298 resonabat
867 2271 1013 2299 sonus.

178 2302 229 2355 V.
258 2310 462 2353 Fundata
477 2317 548 2353 est
568 2311 726 2354 domus
747 2313 926 2355 Demini
945 2328 1012 2356 su-

180 2378 262 2418 pra
285 2367 495 2409 verticem
518 2369 749 2418 mentium,
776 2374 821 2411 et
839 2372 1015 2414 venient

181 2421 239 2464 ad
258 2435 355 2464 eam
375 2436 527 2466 omnes
549 2425 725 2467 Gentes.
754 2427 822 2468 Et.

490 2485 643 2527 Lectio
663 2486 700 2526 ii.

268 2553 287 2590 t
309 2547 501 2591 habebat
519 2564 692 2593 murum
717 2565 942 2604 magnum,
971 2559 1014 2595 et
1071 2536 1160 2577 ³75³*

277 2605 432 2655 altum,
460 2605 695 2649 habentem
723 2614 878 2661 portas
906 2609 1012 2651 due-

183 2661 340 2703 decim:
373 2667 416 2704 et
447 2663 490 2703 in
516 2664 657 2715 portis
683 2666 878 2716 Angelos
906 2665 1012 2707 due-

449 141 519 174 l)ie
546 142 575 174 9.
603 140 699 174 Nov.
747 140 789 173 ln
815 140 1070 174 Dedieationc
1097 140 1278 175 Basilicae
1304 140 1361 174 Ss.
1387 140 1614 176 Salvatoris.

1063 233 1223 284 decim,
1257 240 1301 276 et
1328 236 1507 277 nemina
1531 237 1761 292 inscripta,
1795 254 1896 294 quae

1062 294 1163 330 sunt
1206 291 1383 332 nemina
1425 291 1661 336 duedecim
1701 296 1897 339 tribuum

1063 346 1254 387 filierum
1274 347 1422 388 Israel.
1456 349 1526 390 Ab
1547 350 1727 394 Oriente
1752 358 1896 406 portae

1062 407 1167 443 tres:
1200 408 1245 444 et
1279 403 1333 444 ab
1363 404 1585 456 Aquilone
1618 414 1760 459 portae
1790 415 1897 451 tres:

1063 464 1107 500 et
1127 459 1182 500 ab
1200 459 1365 502 Austro
1386 467 1530 513 portae
1550 467 1656 504 tres:
1677 469 1720 506 et
1738 465 1794 507 ab
1815 466 1896 507 Oc-

1063 517 1170 556 casu
1189 521 1334 568 portae
1354 522 1455 558 tres.
1490 518 1547 559 Et
1573 533 1723 561 murus
1748 522 1897 564 civita-

1062 571 1119 612 tis
1146 571 1314 614 habens
1340 573 1625 617 fundamenta
1651 575 1898 628 duodecim,

1064 634 1108 670 et
1134 629 1177 669 in
1202 629 1309 681 ipsis
1334 629 1571 672 duedecim
1595 634 1773 675 nemina
1792 633 1898 676 due·

1064 683 1207 726 decim
1232 686 1555 739 Apostolerum
1580 689 1706 738 Agni.
1742 691 1800 732 Et
1825 692 1899 743 qui

1063 741 1328 793 loquebatur
1348 756 1538 794 mecum,
1563 745 1756 788 habebat
1782 760 1898 789 men-

1065 802 1213 839 suram
1233 799 1520 842 arundineam
1537 806 1727 853 auream,
1746 808 1794 845 ut
1812 817 1899 845 me-

1064 855 1221 896 tiretur
1253 855 1494 907 civitatem,
1535 864 1579 900 et
1611 864 1763 911 portas
1797 860 1899 912 ejus,

1065 916 1108 953 et
1127 924 1311 953 murum.

1118 976 1167 1028 R».
1205 973 1407 1016 Fundata
1440 981 1507 1017 est
1535 975 1694 1018 domus
1721 977 1901 1019 Demini

1066 1042 1201 1082 supra
1225 1031 1436 1073 verticem
1460 1033 1692 1083 mentium,
1721 1039 1765 1076 et
1784 1034 1899 1075 exal-

1065 1088 1160 1127 tata
1185 1091 1253 1128 est
1277 1100 1412 1140 super
1438 1101 1590 1131 omnes
1617 1090 1768 1132 colles:
1790 1095 1814 1119 *
1842 1091 1900 1132 Et

1066 1142 1243 1184 venient
1266 1143 1323 1185 ad
1349 1157 1446 1186 eam
1470 1157 1622 1187 omnes
1643 1147 1827 1196 GenteS,
1857 1151 1901 1188 et

1067 1199 1229 1241 dicent:
1249 1199 1401 1242 Gleria
1421 1201 1501 1243 tibi
1514 1202 1716 1245 Demine.
1743 1200 1794 1253 V.
1814 1203 1902 1245 Ve-

1067 1256 1237 1297 nientes
1262 1263 1410 1298 autem
1432 1259 1608 1301 venient
1632 1272 1732 1301 cum
1758 1259 1901 1301 exsul-

1067 1313 1245 1363 tatiene,
1266 1316 1496 1366 portantes
1515 1316 1765 1368 manipulos
1785 1329 1901 1358 suos.

1066 1370 1124 1411 Et
1143 1370 1334 1411 veniunt.

1370 1431 1523 1473 Lectio
1543 1432 1599 1472 iii.

1149 1496 1168 1532 t
1192 1492 1347 1534 civitas
1374 1492 1418 1532 in
1449 1493 1619 1544 quadro
1647 1494 1794 1546 pesita
1824 1499 1902 1543 est,

1172 1553 1217 1589 et
1259 1548 1491 1599 longitudo
1536 1551 1628 1602 ejus
1669 1555 1791 1592 tanta
1835 1555 1903 1592 est

1069 1610 1231 1657 quanta
1257 1610 1302 1647 et
1326 1605 1534 1647 latitudo:
1564 1612 1608 1648 et
1631 1620 1809 1649 mensus
1835 1613 1903 1649 est

1068 1661 1294 1703 civitatem
1328 1661 1383 1703 de
1415 1662 1628 1704 arundine
1661 1667 1795 1705 aurea
1821 1676 1903 1717 per

1068 1717 1211 1759 stadia
1240 1717 1476 1760 duedecim
1503 1719 1655 1761 millia:
1688 1725 1732 1762 et
1764 1720 1901 1772 longi-

1067 1773 1194 1824 tudo,
1222 1779 1266 1815 et
1291 1774 1495 1824 altitudo,
1527 1780 1571 1817 et
1594 1775 1784 1819 latitudo
1811 1777 1901 1829 ejus

1068 1831 1258 1883 aequalia
1283 1836 1394 1873 sunt.
1431 1833 1489 1874 Et
1513 1845 1692 1874 mensus
1717 1839 1786 1876 est
1809 1847 1900 1875 mu-

1067 1901 1164 1928 rum
1186 1889 1277 1940 ejus
1297 1893 1472 1930 centum
1492 1888 1781 1942 quadraginta
1797 1892 1900 1942 qua-

1067 1950 1169 1986 tuor
1189 1945 1451 1995 cubiterum,
1474 1949 1680 1987 mensura
1699 1946 1901 1997 heminis,

1069 2013 1169 2052 quae
1190 2006 1259 2042 est
1278 2001 1448 2053 Angeli.
1482 2002 1539 2043 Et
1563 2008 1657 2045 erat
1680 2006 1902 2046 structura

1067 2057 1180 2098 muri
1209 2059 1300 2109 ejus
1331 2071 1385 2099 ex
1413 2058 1562 2111 lapide
1587 2059 1773 2112 jaspide:
1803 2059 1902 2112 ipsa

1067 2126 1175 2156 vero
1213 2114 1368 2156 civitas
1407 2127 1562 2156 aurum
1597 2114 1810 2158 mundum
1848 2118 1901 2157 si-

1067 2170 1169 2212 mile
1188 2171 1303 2212 vitro
1322 2171 1499 2213 mundo.

1118 2234 1172 2285 Κ.
1197 2232 1392 2274 Benedic
1411 2233 1612 2275 Demine.
1631 2233 1746 2286 [116]·

1296 2314 1345 2353 In
1372 2313 1424 2353 II.
1450 2313 1674 2352 Nocturno.

1374 2378 1527 2420 Lectio
1546 2378 1601 2418 iv.

1072 2446 1082 2484 ξ’
1105 2447 1144 2504 [ᾗ
1157 2441 1282 2482 itus
1304 2453 1415 2493 quos
1434 2441 1479 2481 in
1498 2440 1812 2483 consecrandis
1832 2455 1898 2484 ee-

1076 2499 1082 2505 '
1118 2501 1191 2552 1233?
1217 2497 1360 2538 clesiis
1390 2502 1433 2538 et
1459 2497 1672 2539 altaribus
1699 2498 1902 2540 Romana

1172 2555 1192 2574 “
1215 2558 1362 2594 servat
1391 2553 1608 2603 Ecclesia,
1636 2553 1794 2596 beatus
1823 2554 1900 2595 Sil·

1068 2612 1214 2651 vester
1232 2610 1354 2662 Papa
1373 2609 1540 2662 primus
1560 2610 1760 2652 instituit.
1786 2611 1900 2653 Nam

1068 2667 1152 2708 etsi
1170 2667 1256 2718 iam
1279 2666 1334 2708 ab
1355 2666 1677 2719 Apostolerum
1699 2671 1900 2720 tempore
