2040 2944
182 229 244 263 144

182 326 285 368 deta
305 327 394 377 ejus
414 324 686 374 custodierit,
714 336 800 365 non
821 326 888 366 es't
907 337 1006 366 con-

180 382 379 424 tristatus
401 386 553 423 contra
573 381 716 422 Deum
740 380 860 432 quod
878 381 1007 433 plaga

182 439 392 480 caecitatis
412 437 605 479 evenerit
626 437 679 487 ei,
707 436 787 478 sed
810 437 1007 478 immebi-

181 495 234 535 lis
253 495 295 535 in
314 494 398 535 Dei
415 494 575 535 timore
594 494 850 546 permansit,
875 506 1008 545 agens

181 550 343 601 gratias
369 550 465 591 Deo
494 549 696 591 omnibus
724 548 879 591 diebus
905 550 1007 591 vitae

182 619 283 647 suae.
310 605 423 646 Nam
443 605 556 647 sicut
574 605 707 647 beato
726 606 751 647 J
753 605 809 647 ob
829 606 1007 648 insulta-

179 663 286 703 bant
321 674 463 713 reges,
506 662 567 703 ita
606 661 678 703 isti
717 664 924 715 parentes
966 667 1009 704 et

181 718 355 767 cognati
379 719 470 770 ejus
494 718 734 760 irridebant
752 718 886 759 vitam
907 719 1008 770 ejus,

180 774 389 815 dicentes:
409 774 494 816 Ubi
514 779 581 815 est
599 787 701 826 spes
718 779 804 823 tua,
823 787 906 827 pro
923 787 1009 826 qua

179 830 497 883 eleemosynas,
533 835 576 872 et
605 830 852 882 sepulturas
881 831 1007 872 facie-

179 885 281 927 bas?
315 886 482 928 Tobias
506 899 612 928 vero
638 886 895 939 increpabat
921 899 1009 936 eOS‚

181 942 346 984 dicens:
373 942 523 984 Nolite
549 943 609 984 ita
634 942 771 994 loqui:
803 943 1009 994 quoniam

180 999 258 1039 filii
283 1000 534 1040 sanctorum
558 1012 721 1048 sumUS,
748 1004 790 1040 ct
809 999 944 1040 vitam
962 998 1008 1039 il-

179 1055 266 1095 lam
290 1057 614 1107 exspectamus,
641 1067 771 1106 quam
791 1055 912 1097 Deus
936 1055 1008 1096 da-

179 1114 303 1152 turus
323 1116 390 1152 est
408 1110 486 1160 his,
505 1111 580 1162 qui
599 1110 733 1152 fidem
753 1124 876 1163 suam
890 1125 1009 1152 num-

181 1180 311 1219 quam
329 1172 498 1208 mutant
517 1166 572 1208 ab
593 1179 658 1208 eo.

236 1226 284 1276 R.
311 1223 480 1264 Memor
500 1227 606 1264 esto.
626 1224 713 1263 142.

365 1331 509 1367 Feri
534 1341 559 1366 a
593 1330 832 1367 Tertia.

404 1385 468 1424 De
487 1382 601 1424 libro
621 1383 789 1424 Tobiae.

235 1440 386 1481 Lectio
408 1439 430 1478 i.
636 1440 738 1491 Cap.
755 1441 790 1480 2.
807 1439 846 1481 d.
863 1446 905 1481 et
920 1441 957 1480 3.

236 1514 376 1545 nna
413 1515 519 1544 vero
558 1515 668 1544 uxor
703 1503 792 1554 ejus
829 1502 920 1544 ibat
954 1503 1010 1544 ad

309 1572 421 1611 opus
452 1561 689 1601 textrinum
718 1558 933 1611 quotidie,
967 1564 1010 1601 et

182 1615 237 1657 de
256 1615 409 1657 labore
423 1617 630 1656 manuum
645 1618 821 1656 suarum
835 1615 1009 1665 victum,

181 1684 312 1723 quem
331 1672 543 1723 consequi
562 1674 753 1724 poterat,
774 1671 1010 1714 deferebat.

180 1727 306 1770 Unde
339 1728 503 1770 factum
536 1734 619 1778 est,
650 1734 698 1770 ut
729 1727 910 1770 hoedum
942 1741 1009 1770 ca-

179 1787 358 1836 prarum
381 1785 601 1838 accipiens
626 1783 855 1826 detulisset
876 1785 1010 1827 domi:

181 1842 302 1892 cujus
327 1854 425 1882 cum
444 1854 601 1882 vocem
623 1841 812 1883 balantis
832 1841 898 1883 vir
919 1843 1010 1894 ejus

181 1896 392 1946 audisset,
425 1897 550 1939 dixit:
588 1896 765 1947 Videte,
804 1910 859 1939 ne
896 1898 1010 1940 forte

182 1953 365 1994 furtivus
394 1953 464 2003 sit,
492 1953 666 1995 reddite
694 1966 794 1996 eum
822 1954 1010 1995 deminis

181 2009 281 2058 suis,
302 2010 403 2061 quia
422 2022 510 2050 non
528 2010 631 2051 licet
645 2010 774 2051 nobis
789 2015 864 2052 aut
880 2010 1010 2052 edere

183 2077 236 2106 ex
256 2065 371 2107 furto
392 2065 568 2118 aliquid,
588 2071 663 2108 aut
682 2068 946 2117 contingere.

236 2124 286 2172 R*-
309 2121 573 2164 Sufficiebat.
592 2123 678 2163 142.

492 2178 643 2219 Lectio
665 2178 704 2217 ii.

261 2233 290 2276 d
315 2234 412 2276 haec
437 2248 548 2277 uxor
579 2236 669 2287 ejus
696 2235 808 2277 irata
832 2237 1010 2288 respen-

294 2290 375 2332 dit:
402 2291 632 2334 Manifeste
660 2305 772 2333 vana
800 2292 916 2334 facta
943 2297 1010 2333 est

183 2359 286 2399 spes
304 2352 396 2397 tua,
425 2353 468 2389 et
493 2348 785 2400 eleemosynae
807 2353 896 2389 tuae
918 2361 1010 2390 mo-

183 2402 241 2445 do
257 2405 563 2455 apparuerunt.
592 2404 740 2456 Atque
755 2404 834 2454 his,
854 2410 897 2446 et
914 2404 1010 2446 aliis

182 2459 484 2511 hujuscemodi
524 2461 671 2502 verbis
712 2461 1011 2514 exprobrabat

184 2516 235 2557 ei.
271 2515 395 2557 Tunc
415 2516 581 2558 Tobias
605 2518 831 2569 ingemuit,
858 2523 902 2559 et
925 2531 1010 2560 coe-

183 2573 248 2625 pit
267 2574 394 2614 orare
414 2585 513 2614 cum
532 2573 735 2623 lacrimis,
757 2575 920 2616 dicens:
939 2574 964 2615 J
967 2588 1010 2615 u—

184 2634 277 2670 stus
304 2641 350 2670 es
376 2629 580 2679 Domine,
612 2635 655 2672 et
680 2631 825 2672 emnia
851 2629 1010 2682 judicia

183 2690 259 2727 tua
282 2685 394 2736 justa
418 2690 534 2735 sunt,
563 2690 606 2727 et
631 2699 783 2728 omnes
802 2687 886 2728 viae
911 2691 1010 2736 tuae,

185 2741 502 2792 misericordia,
536 2747 579 2784 et
611 2743 788 2792 veritas,
828 2748 872 2785 et
905 2742 1010 2794 judi-

579 230 686 264 Feria
714 230 761 263 iv.
788 230 960 270 Quatuor
983 229 1217 272 Temporum
1243 230 1490 272 Septembris,

1060 321 1185 362 cium.
1238 320 1295 362 Et
1336 333 1451 361 nunc
1488 318 1678 361 Domine
1721 330 1891 360 memor

1060 381 1156 418 esto
1183 377 1288 427 mei,
1321 381 1365 418 et
1392 389 1446 418 ne
1474 374 1714 416 vindictam
1741 387 1889 416 sumas

1061 432 1115 475 de
1147 433 1345 486 peccatis
1375 433 1502 482 meis,
1543 443 1687 483 neque
1719 430 1888 472 remini-

1061 490 1197 531 scaris
1226 489 1387 531 delicta
1413 501 1528 538 mea,
1559 487 1630 529 vel
1657 488 1890 540 parentum

1061 549 1270 588 meorum.

1114 604 1165 656 Rz.
1188 602 1453 644 Benedicite.
1473 602 1559 643 142.

1364 675 1516 717 Lectio
1537 675 1593 716 iii.

1065 718 1322 843 Quoniam
1355 749 1444 778 non
1475 735 1751 778 obedivimus
1779 747 1889 788 prae-

1163 793 1303 846 ceptis
1322 793 1425 843 tuis,
1449 792 1551 835 ideo
1571 791 1722 834 traditi
1741 804 1890 832 sumus

1059 850 1103 890 in
1123 849 1428 902 direptionem,
1448 855 1492 891 et
1511 849 1828 902 captivitatem,
1847 853 1892 889 et

1059 911 1258 956 mortem,
1277 907 1326 948 et'
1334 906 1379 946 in
1393 905 1597 955 fabulam,
1617 905 1717 947 etin
1730 905 1890 956 impro-

1060 962 1231 1014 perium
1245 961 1447 1004 6mnibus
1461 961 1722 1012 nati6nibus‚
1741 961 1785 1002 in
1801 960 1890 1013 qui-

1061 1018 1143 1060 bus
1172 1017 1420 1071 dispersisti
1447 1031 1540 1060 nos.
1576 1018 1633 1060 Et
1661 1030 1777 1059 nunc
1802 1017 1890 1058 De-

1061 1075 1178 1116 mine
1202 1087 1360 1125 magna
1385 1073 1544 1126 judicia
1562 1079 1653 1124 tua,
1683 1074 1786 1126 quia
1802 1085 1892 1114 non

1062 1131 1229 1182 egimus
1265 1130 1508 1172 secundum
1542 1131 1770 1183 praecepta
1805 1133 1892 1178 tua,

1062 1193 1106 1229 et
1128 1200 1217 1228 non
1239 1186 1558 1229 ambulavimus
1578 1186 1803 1227 sinceriter
1821 1197 1892 1227 co-

1062 1256 1156 1284 ram
1187 1249 1242 1285 te.
1284 1244 1340 1284 Et
1373 1256 1488 1285 nunc
1519 1243 1709 1284 Domine
1742 1244 1894 1284 secun·

1063 1299 1167 1341 dum
1187 1299 1460 1341 voluntatem
1483 1304 1605 1341 tuam
1623 1299 1692 1340 fac
1709 1311 1894 1348 mecum,

1063 1361 1107 1397 et
1124 1356 1319 1408 praecipe
1343 1356 1387 1397 in
1406 1368 1516 1409 pace
1535 1355 1673 1408 recipi
1693 1355 1895 1408 spiritum

1062 1425 1222 1454 meum:
1264 1412 1444 1465 expedit
1486 1412 1601 1454 enim
1639 1411 1747 1453 mihi
1781 1410 1894 1453 mori

1061 1470 1212 1521 magis,
1234 1482 1365 1522 quam
1384 1472 1544 1511 vivere.
1565 1484 1571 1490 ·

1116 1530 1166 1582 R.
1193 1526 1389 1579 Tempus
1409 1531 1486 1568 est.
1506 1526 1596 1567 143.

1269 1648 1304 1684 F
1319 1658 1342 1684 e
1359 1658 1379 1683 r
1390 1647 1403 1684 i
1415 1659 1442 1683 a
1474 1647 1510 1695 Q
1523 1658 1550 1683 u
1564 1658 1590 1683 a
1603 1657 1624 1683 r
1635 1650 1652 1682 t
1665 1657 1692 1683 a

1129 1701 1302 1742 Quatuor
1326 1700 1562 1744 Temporum
1585 1699 1834 1744 Septembris.

1064 1761 1217 1803 Lectio
1239 1761 1381 1802 sancti
1399 1759 1628 1811 Evangelii
1651 1759 1896 1802 secundum

1374 1817 1583 1859 Marcum.

1167 1879 1319 1920 Lectio
1339 1879 1363 1919 i.
1583 1879 1687 1930 Cap.
1702 1880 1740 1920 9.
1755 1892 1790 1921 c.

1111 1947 1139 1974 n
1153 1933 1228 1975 illo
1243 1936 1457 1987 tempore:
1474 1932 1767 1986 Respendens
1781 1945 1894 1974 unus

1129 1990 1185 2032 de
1205 1990 1350 2041 turba,
1369 1989 1480 2032 dixit
1499 1990 1557 2032 ad
1575 1990 1600 2031 J
1603 2002 1741 2031 esum:
1759 1989 1894 2040 Magi-

1064 2052 1172 2097 ster,
1198 2047 1325 2090 attuli
1348 2047 1488 2088 filium
1513 2059 1660 2088 meum
1683 2045 1740 2087 ad
1757 2050 1802 2088 te
1821 2045 1894 2086 ha-

1063 2103 1242 2200 bentem
1275 2104 1476 2157 spiritum
1508 2109 1688 2146 mutum.
1740 2102 1799 2144 Et
1829 2103 1894 2143 re·

1080 2173 1194 2212 iqua.

1161 2234 1353 2276 Homilia
1372 2234 1634 2276 venerabilis
1653 2233 1790 2276 Bedae

1348 2290 1611 2344 Presbyteri.
1715 2342 1718 2346 ῃ
1833 2291 1837 2295 ’

1165 2351 1281 2386 Liber
1297 2352 1326 2386 3.
1345 2362 1426 2395 cap.
1445 2352 1499 2387 38.
1518 2353 1557 2387 in
1573 2352 1743 2387 Marcum
1760 2354 1791 2387 9.

1161 2406 1449 2445 aemoniacum
1485 2403 1615 2453 hunc,
1653 2415 1783 2455 quem
1821 2403 1892 2445 de-

1093 2460 1106 2477 ¹‘
1123 2495 1138 2504 l
1178 2459 1391 2502 scendens
1420 2459 1475 2502 de
1501 2465 1651 2502 monte
1678 2459 1893 2501 Dominus

1064 2517 1250 2564 sanavit,
1287 2517 1462 2558 Marcus
1499 2515 1677 2568 quidem
1713 2515 1893 2557 surdum

1063 2577 1338 2626 mutumque,
1357 2572 1594 2614 Matthaeus
1614 2584 1720 2614 vero
1739 2572 1893 2614 lunati-

1064 2643 1163 2672 cum
1191 2630 1324 2671 fuisse
1352 2631 1679 2671 commemorat.
1725 2629 1893 2680 Signifi-

1064 2692 1134 2728 cat
1153 2692 1299 2728 autem
1319 2698 1407 2736 eOS,
1428 2685 1483 2727 de
1504 2685 1662 2738 quibus
1682 2686 1894 2739 scriptum

1064 2749 1147 2793 est,
1174 2742 1340 2785 Stultus
1367 2748 1416 2784 ut
1439 2742 1540 2783 luna
1563 2745 1768 2785 mutatur.
1809 2743 1895 2794 Qui
