2040 2944
187 172 264 209 308

191 267 345 308 struite
376 266 420 307 in
452 264 610 317 spiritu
640 262 846 312 lenitatis,
879 263 1018 303 consi-

190 323 348 364 derans
366 327 409 363 te
424 322 584 374 ipsum,
613 332 667 361 ne
693 324 737 361 et
759 324 808 360 tu
825 318 1017 361 tenteris.

190 379 315 420 Alter
333 378 511 420 alterius
532 379 667 418 onera
685 378 872 429 portate,
892 379 936 416 et
956 374 1018 415 sic

189 434 485 488 adimplebitis
512 433 656 485 legem
686 432 859 474 Christi.
903 431 1018 473 Nam

189 492 226 532 si
258 491 356 543 quis
388 491 610 532 existimat
638 502 686 531 se
714 488 881 542 aliquid
909 501 1019 538 esse,

188 561 286 589 cum
305 547 411 588 nihil
430 547 497 597 sit,
517 547 613 600 ipse
629 559 676 588 se
693 545 874 588 seducit.
895 546 1018 598 Opus

188 610 334 646 autem
363 618 491 645 suum
517 603 679 656 probet
706 605 1018 654 unusquisque,

187 666 230 702 et
250 661 314 702 sic
332 661 375 701 in
395 662 634 713 semetipso
649 664 820 701 tantum
834 658 1018 710 gloriam

188 717 384 768 habebit,
419 722 463 759 et
494 729 583 758 non
616 717 660 757 in
688 716 838 757 altero.
879 715 1018 757 Unus-

189 776 376 826 quisque
396 774 511 816 enim
531 786 642 814 onus
662 785 789 814 suum
807 771 1018 825 portabit.

190 831 494 874 Communicet
526 834 673 871 autem
705 829 759 879 is,
796 828 869 881 qui
904 833 1018 870 cate-

188 889 385 930 chizatur
403 887 558 937 verbo,
583 886 639 937 ei,
666 886 739 939 qui
763 898 811 927 se
831 884 1017 927 catechi-

187 951 270 995 zat,
291 946 334 986 in
355 943 557 986 omnibus
575 943 715 985 bonis.

244 1005 293 1056 R}-
324 1003 447 1052 Euge
481 1013 608 1042 serve
639 1000 755 1041 bone
789 1004 833 1041 et
864 998 1018 1048 fidelis,

187 1060 289 1112 quia
317 1059 361 1099 in
388 1071 530 1111 pauca
555 1057 675 1099 fuisti
698 1056 857 1106 fidelis,
886 1068 1019 1108 supra

188 1116 325 1158 multa
361 1120 406 1157 te
444 1117 723 1157 constituam:
759 1114 781 1138 *
817 1114 938 1154 Intra
975 1113 1019 1153 in

186 1172 394 1224 galidium
421 1171 599 1213 Domini
626 1171 701 1212 tui.
736 1164 787 1216 Y.
818 1170 1017 1220 Domine,

187 1230 379 1282 quinque
423 1229 588 1271 talenta
627 1227 848 1271 tradidisti
893 1226 1018 1276 mihi,

186 1299 289 1328 ecce
332 1286 416 1327 alia
453 1286 646 1338 quinque
688 1284 1018 1338 superlucratus

186 1357 292 1384 sum.
324 1343 455 1384 Intra.

499 1395 651 1435 Lectio
669 1395 707 1434 ii.

189 1446 388 1553 Nolite
417 1458 578 1497 errare:
606 1456 728 1497 Deus
754 1468 843 1496 non
868 1453 1017 1495 irride-

307 1517 390 1553 tur.
448 1513 556 1562 Quae
590 1513 706 1554 enim
738 1510 1017 1553 seminaverit

186 1568 331 1618 homo,
350 1568 447 1610 haec
466 1574 510 1610 et
529 1574 675 1611 metet.
705 1569 923 1619 Quoniam
944 1567 1018 1620 qui

187 1626 371 1667 seminat
395 1626 439 1666 in
464 1639 593 1667 carne
619 1639 714 1676 sua,
741 1625 796 1668 de
823 1637 953 1666 carne
974 1630 1017 1666 et

186 1687 322 1724 metet
364 1683 704 1736 corruptionem:
752 1683 826 1735 qui
870 1686 1017 1723 autem

187 1739 371 1781 seminat
395 1740 437 1780 in
462 1739 634 1792 spiritu,
665 1739 720 1781 de
747 1739 904 1792 spiritu
928 1751 1015 1780 me-

187 1800 250 1838 tet
270 1796 406 1837 vitam
425 1798 645 1838 aeternam.
676 1797 850 1838 Bonum
869 1800 1017 1837 autem

186 1852 406 1902 facientes,
422 1866 509 1894 non
526 1853 796 1903 deficiamus3
815 1854 1016 1905 tempore

187 1909 301 1950 enim
321 1922 400 1950 suo
416 1911 631 1951 metemus
645 1923 734 1951 non
750 1909 1016 1951 deficientes.

186 1965 303 2016 Ergo
329 1965 432 2007 dum
457 1971 633 2019 tempus
655 1966 887 2015 habemus,
913 1979 1015 2019 ope-

186 2023 331 2063 remur
355 2022 521 2064 bonum
547 2023 603 2064 ad
628 2036 798 2073 omnes,
826 2023 1016 2065 maxime

186 2083 331 2120 autem
351 2079 407 2121 ad
429 2079 698 2121 domesticos
718 2079 833 2122 fidei.
853 2079 1016 2122 Videte

188 2135 388 2188 qualibus
411 2136 569 2178 litteris
595 2137 751 2190 scripsi
770 2137 897 2179 vobis
918 2150 1016 2179 mea

186 2205 326 2233 manu.
388 2193 664 2246 Quicumque
708 2193 822 2235 enim
865 2194 1016 2236 volunt

186 2249 362 2301 placere
393 2250 436 2290 in
469 2263 617 2300 carne,
657 2250 702 2291 hi
741 2256 903 2302 cogunt
935 2264 1016 2293 vos

187 2306 453 2355 circumcidi,
476 2312 647 2348 tantum
666 2312 714 2349 ut
734 2308 876 2349 crucis
898 2307 1015 2349 Chri-

187 2361 241 2402 sti
274 2363 626 2414 persecutionem
657 2377 746 2405 non
783 2365 1015 2417 patiantur.

186 2417 343 2470 Neque
375 2419 490 2460 enim
524 2420 597 2471 qui
629 2420 1015 2471 circumciduntur,

185 2473 328 2526 legem
354 2476 624 2517 custodiunt:
651 2476 731 2518 sed
755 2477 910 2519 volunt
934 2490 1015 2519 vos

186 2531 455 2582 circumcidi,
478 2538 526 2574 ut
546 2533 589 2573 in
608 2546 738 2575 carne
758 2539 905 2576 vestra
924 2534 1014 2585 glo—

186 2588 363 2630 rientur.

243 2644 293 2695 Rz.
331 2644 483 2685 Justus
519 2646 782 2695 germinabit
819 2646 933 2688 sicut
967 2645 1014 2686 li-

185 2701 306 2742 lium:
329 2695 352 2719 *
367 2701 424 2742 Et
451 2701 625 2743 florebit
649 2702 693 2743 in
712 2704 925 2744 aetemum
944 2716 1015 2744 an·

341 167 409 199 Dic
436 166 481 198 17.
505 167 607 207 Sept.
643 164 755 206 impr.
781 164 837 196 ὃς.
863 163 1093 205 stigmatum
1118 162 1155 195 in
1181 172 1343 205 corpore
1365 165 1400 197 S.
1424 163 1620 198 Francisci
1647 164 1755 199 Conf.

1070 264 1115 301 te
1140 258 1390 300 Dominum.
1433 256 1483 306 V.
1504 257 1732 301 Plantatus
1758 259 1802 300 in
1827 259 1903 301 do-

1069 327 1143 356 mo
1170 315 1368 365 Domini,
1399 315 1444 356 in
1478 315 1600 357 atriis
1633 315 1790 358 domus
1819 317 1903 358 Dei

1070 372 1220 414 nostri.
1247 372 1316 414 Et.

1378 441 1531 482 Lectio
1550 442 1606 481 iii.

1075 495 1234 601 Mihi
1253 508 1400 545 autem
1419 502 1534 544 absit
1552 502 1742 554 gloriari,
1761 503 1845 544 nisi
1859 503 1903 545 in

1188 572 1318 601 cruce
1328 559 1507 601 Domini
1518 559 1656 601 nostri
1666 559 1690 600 J
1694 572 1771 601 esu
1783 558 1902 601 Chri-

1071 616 1142 658 sti:
1166 629 1248 669 per
1273 629 1404 668 quem
1429 615 1535 657 mihi
1559 614 1749 658 mundus
1769 616 1903 658 cruci-

1071 673 1184 714 fixus
1204 678 1282 723 est,
1301 677 1345 715 et
1364 685 1446 724 ego
1463 672 1642 714 mundo.
1659 673 1711 714 In
1727 672 1903 715 Christo

1072 730 1187 771 enim
1214 730 1319 771 Jesu
1351 742 1495 782 neque
1526 730 1801 781 circumcisio
1830 729 1903 771 ali-

1073 787 1179 839 quid
1196 787 1330 836 valet,
1356 799 1500 838 neque
1519 787 1799 840 praeputium,
1824 784 1905 828 sed

1071 856 1187 885 nova
1206 846 1418 886 creatura.
1438 843 1496 885 Et
1511 844 1777 896 quicumque
1792 843 1905 885 hanc

1070 900 1267 951 regulam
1293 900 1434 942 secuti
1460 901 1636 951 fuerint,
1663 914 1752 954 pax
1771 913 1905 954 super

1071 957 1186 1007 illos,
1215 963 1259 999 et
1280 957 1601 1008 misericordia,
1628 963 1673 999 et
1693 970 1825 1010 super
1843 958 1904 999 Is-

1071 1014 1162 1055 rael
1195 1014 1291 1056 Dei.
1353 1015 1422 1056 De
1455 1017 1604 1057 cetero
1635 1027 1766 1056 nemo
1798 1014 1905 1055 mihi

1071 1071 1284 1113 molestus
1318 1071 1388 1113 sit:
1433 1084 1516 1123 ego
1554 1071 1669 1113 enim
1701 1073 1904 1123 stigmata

1070 1128 1249 1169 Domini
1263 1128 1287 1169 J
1290 1141 1368 1170 esu
1381 1128 1426 1169 in
1442 1130 1630 1182 corpore
1645 1141 1745 1170 meo
1760 1133 1904 1181 porto.

1073 1185 1227 1226 Gratia
1247 1185 1427 1226 Domini
1446 1184 1587 1227 nostri
1605 1185 1630 1226 J
1633 1197 1710 1226 esu
1730 1184 1904 1235 Christi,

1071 1255 1171 1283 cum
1191 1242 1349 1294 spiritu
1367 1247 1529 1292 vestro,
1551 1241 1721 1284 fratres.
1749 1242 1904 1283 Amen.

1127 1306 1177 1357 R.
1199 1303 1289 1345 Iste
1309 1303 1529 1354 cognovit.
1548 1302 1637 1355 [70]

1306 1391 1355 1429 In
1377 1390 1427 1429 ΙΙ.
1449 1390 1673 1429 Nocturno.

1160 1456 1246 1491 Div.
1271 1456 1546 1490 Bonaventura
1573 1455 1611 1489 in
1634 1454 1816 1498 Legenda

1262 1505 1297 1538 S.
1323 1504 1533 1547 Francisci,
1558 1514 1640 1547 cap.
1668 1504 1717 1538 13.

1376 1562 1529 1603 Lectio
1549 1561 1603 1601 iv.

1074 1628 1128 1686 ᾗ
1142 1624 1313 1685 (fidelis
1334 1626 1489 1666 revera
1510 1624 1699 1666 famulus
1718 1629 1764 1666 et
1782 1624 1903 1665 mini-

1073 1694 1181 1761 {2³4¹
1205 1687 1294 1724 ster
1314 1681 1478 1724 Christi
1495 1681 1767 1732 Franciscus,
1786 1680 1903 1722 bien-

1104 1735 1181 1761 ”42
1204 1739 1277 1781 nio
1311 1741 1547 1792 antequam
1578 1738 1781 1792 spiritum
1808 1737 1903 1779 red-

1070 1796 1196 1839 deret
1223 1796 1357 1846 coelo,
1389 1809 1489 1838 cum
1519 1796 1564 1837 in
1590 1795 1692 1837 loco
1727 1794 1903 1837 excelso

1070 1850 1286 1904 seorsum,
1314 1853 1389 1906 qui
1407 1866 1534 1895 mons
1554 1852 1779 1894 Alverniae
1797 1851 1900 1894 dici-

1070 1917 1157 1962 tur,
1184 1909 1583 1963 quadragenarium
1607 1908 1665 1951 ad
1689 1908 1903 1951 honorem

1070 1966 1338 2018 Archangeli
1361 1966 1589 2008 Michaelis
1614 1966 1818 2019 jejunium
1841 1965 1902 2006 in-

1070 2025 1296 2074 choasset,
1329 2025 1533 2077 supernae
1567 2022 1901 2076 contemplatio-

1070 2082 1137 2123 nis
1175 2080 1408 2123 dulcedine
1440 2080 1736 2123 abundantius
1769 2079 1901 2122 solito

1070 2138 1345 2192 superfusus,
1374 2151 1426 2180 ac
1455 2137 1701 2179 coelestium
1731 2136 1900 2179 deside-

1070 2196 1236 2237 riorum
1259 2193 1500 2237 ardentiori
1524 2195 1700 2236 flamma
1723 2196 1901 2236 succen-

1070 2265 1162 2302 sus,
1190 2254 1480 2304 supernarum
1508 2251 1644 2304 coepit
1671 2251 1901 2292 immissio-

1069 2322 1173 2350 num
1187 2308 1449 2350 cumulatius
1465 2307 1581 2350 dona
1591 2310 1764 2350 sentire.
1783 2307 1901 2349 Dum

1069 2366 1201 2417 igitur
1225 2365 1467 2418 seraphicis
1492 2364 1811 2407 desideriorum
1835 2377 1899 2406 ar-

1069 2422 1251 2465 doribus
1271 2435 1444 2464 sursum
1463 2423 1666 2474 ageretur
1683 2421 1727 2462 in
1746 2421 1901 2472 Deum,

1070 2485 1114 2521 et
1155 2479 1339 2520 affectus
1380 2479 1658 2531 compassiva
1693 2477 1900 2520 teneritu-

1069 2535 1172 2578 dine
1199 2536 1244 2576 in
1271 2548 1372 2577 eum
1398 2535 1799 2585 transformaretur,
1831 2536 1901 2576 cui

1069 2605 1124 2633 ex
1143 2591 1325 2633 caritate
1343 2591 1476 2633 nimia
1495 2591 1691 2642 crucifigi
1707 2590 1900 2644 compla-

1069 2648 1172 2689 cuit:
1207 2646 1402 2700 quodam
1434 2659 1562 2689 mane
1595 2647 1712 2689 circa
1740 2647 1900 2689 festum

1068 2703 1360 2746 Exaltationis
1385 2708 1549 2746 sanctae
1573 2703 1744 2755 Crucis,
1773 2703 1818 2744 in
1839 2703 1899 2744 la·
