2040 2944
703 211 907 246 Dominica
931 212 975 246 V.
993 212 1236 248 Novembris.

142 318 238 347 sum
269 305 384 347 illius
423 307 710 356 conspectum
742 308 971 348 contremi-

142 374 281 403 scens.
335 360 599 403 Adducendi
631 362 763 402 etiam
794 375 876 403 nos
904 375 971 403 su-

140 430 238 458 mus
271 417 445 469 singuli,
487 420 640 459 eorum
673 430 772 469 quae
805 418 850 458 in
881 418 972 459 vita

140 473 421 523 gesserimus,
475 474 693 514 rationem
744 473 971 515 reddituri.

141 528 248 570 Mox
279 529 364 570 illis
399 530 474 582 qui
504 529 642 570 multa
668 528 784 569 mala
811 529 855 569 in
882 530 972 571 vita

141 585 455 637 perpetrarint,
481 584 699 626 terribiles
725 584 902 637 quidam
928 591 972 627 et

142 639 362 682 deformes
391 643 599 682 assistent
627 640 789 691 angeli,
817 643 971 692 igneos

140 696 287 738 vultus
297 710 391 750 prae
403 710 450 738 se
461 697 662 748 ferentes,
678 701 811 748 atque
826 697 972 747 ignem

142 752 370 805 spirantes,
390 766 442 795 ea
460 766 507 795 re
526 753 747 805 propositi
762 758 805 794 et
819 754 970 795 volun-

141 808 245 850 tatis
265 809 551 851 acerbitatem
569 808 872 859 ostendentes,
896 823 970 851 no-

142 864 200 905 cti
228 864 352 906 vultu
380 865 563 914 similes,
599 870 785 917 propter
813 868 970 907 moero-

141 932 234 961 rem
258 925 302 962 et
326 919 477 962 edium
501 921 546 961 in
569 920 805 962 humanum
823 935 971 972 genus.

195 980 248 1032 Re.
270 977 412 1029 Super
434 989 585 1018 muros
607 981 708 1018 tuos
727 977 971 1020 Jerusalem

142 1033 350 1075 constitui
378 1032 602 1074 custodes:
630 1037 653 1062 *
678 1033 794 1074 Tota
829 1033 900 1075 die
927 1040 972 1076 et

140 1093 272 1130 nocte
291 1101 379 1129 non
393 1089 602 1131 tacebunt
616 1089 798 1131 laudare
811 1102 971 1132 nomen

141 1143 328 1185 Demini.
381 1142 432 1195 V.
455 1143 766 1187 praedicabunt
793 1147 970 1198 populis

141 1199 446 1241 fortitudinem
473 1213 636 1249 meam,
673 1205 717 1242 et
745 1202 970 1243 annuntia-

140 1254 250 1296 bunt
304 1255 520 1298 Gentibus
580 1256 765 1307 gloriam
818 1270 971 1299 meam.

139 1311 255 1353 Tota
278 1311 359 1354 die.

451 1370 604 1411 Lectio
624 1384 662 1410 v.

219 1423 249 1466 d
279 1425 376 1467 haec
404 1425 572 1476 cogites
600 1425 869 1478 profundum
896 1426 970 1467 ba-

250 1481 464 1531 rathrum,
495 1481 822 1523 inextricabiles
854 1484 970 1523 tene-

140 1536 259 1586 bras,
290 1537 437 1588 ignem
470 1539 693 1579 carentem
724 1538 971 1590 splendore,

140 1592 296 1634 urendi
317 1593 495 1645 quidem
513 1594 602 1635 vim
621 1593 872 1644 habentem,
892 1594 972 1636 sed

139 1649 362 1701 privatum
380 1649 558 1691 himine:
578 1648 738 1691 deinde
757 1650 971 1691 vermium

140 1718 278 1756 genus
298 1707 515 1753 venenum
531 1706 787 1754 immittens,
814 1711 858 1747 et
881 1719 971 1747 car-

143 1774 244 1802 nem
267 1774 445 1811 vorans,
472 1761 797 1814 inexplebiliter
824 1761 971 1811 edens,

141 1830 285 1870 neque
321 1830 530 1870 umquam
566 1818 842 1860 saturitatem
878 1820 971 1859 sen-

141 1873 271 1923 tiens,
298 1874 598 1916 intolerabiles
623 1873 802 1915 doleres
825 1886 971 1915 corro-

143 1929 267 1971 si6ne
315 1930 413 1983 ipsa
462 1930 659 1981 infigens.
720 1930 971 1979 Postremo,

144 1985 265 2037 quod
302 1986 619 2039 suppl-icio'rum
651 1986 845 2026 emnium
877 1998 970 2036 gra-

141 2042 368 2083 vissimum
387 2047 469 2092 est,
494 2041 782 2095 opprobrium
801 2040 910 2082 illud
929 2046 972 2082 et

143 2097 446 2140 confusionem
479 2098 802 2150 sempiternam.
860 2097 971 2138 Haec

142 2154 259 2204 time,
279 2158 324 2196 et
341 2154 427 2196 hoc
445 2154 604 2196 timore
623 2155 863 2206 correptus,
884 2153 970 2194 ani-

142 2222 259 2251 mam
286 2223 312 2251 a
345 2213 631 2263 peccaterum
658 2209 970 2262 concupiscen-

142 2265 210 2329 tia·
237 2270 463 2318 tamquam
499 2267 638 2307 fraeno
682 2265 874 2317 quodam
907 2266 971 2305 re-

144 2334 296 2373 prime.

197 2378 248 2429 Rz.
269 2378 397 2420 Muro
431 2382 509 2419 tuo
537 2375 865 2428 inexpugnabili
893 2374 970 2415 cir-

144 2435 370 2484 cumcinge
403 2446 486 2475 nos
517 2432 724 2480 Domine,
763 2435 806 2471 et
840 2429 971 2470 armis

145 2493 235 2530 tuae
252 2489 464 2541 potentiae
480 2491 665 2542 protege
683 2499 765 2527 nos
785 2498 971 2537 semper:

145 2546 169 2573 *
190 2544 350 2586 Libera
370 2545 560 2587 Demine
583 2544 704 2585 Deus
727 2540 865 2582 Israel
888 2540 971 2581 cla-

143 2602 313 2642 mantes
338 2600 395 2642 ad
412 2606 468 2643 te.
504 2594 557 2646 V.
581 2600 697 2640 Erue
722 2609 804 2638 nos
828 2596 872 2636 in
895 2596 970 2636 mi-

114 2706 117 2715 Δ
143 2656 355 2698 rabilibus
369 2657 467 2706 tuis,
482 2662 526 2698 et
542 2656 598 2697 da
611 2654 795 2706 gloriam
808 2651 972 2692 nomini

143 2715 232 2753 tuo.
259 2711 420 2754 Libera
436 2688 636 2753 Domine.

299 2850 363 2874 Pars
379 2850 549 2873 Autumnalis.

1329 310 1481 349 Lectio
1502 309 1554 347 vi.

1118 375 1203 404 unc
1222 364 1426 405 timerem
1441 365 1617 406 D6mini
1635 377 1682 406 se
1698 363 1848 405 doctu-

1132 431 1228 460 rum
1259 420 1483 472 Propheta
1514 421 1733 472 promisit:
1774 419 1848 461 do-

1024 475 1123 515 cere
1159 479 1307 516 autem
1337 489 1426 517 non
1462 476 1718 529 simpliciter
1749 489 1849 528 pro-

1023 530 1157 579 misit,
1182 530 1261 572 sed
1287 543 1363 572 eos
1391 532 1465 583 qui
1489 545 1587 573 eum
1607 531 1757 574 audire
1775 545 1849 574 vo-

1023 585 1198 627 luerint:
1229 599 1318 628 non
1350 600 1427 628 eos
1454 588 1527 639 qui
1553 588 1726 639 lengius
1750 601 1849 640 pro-

1023 641 1138 694 lapsi
1163 647 1277 693 sunt,
1306 642 1385 684 sed
1410 644 1485 694 qui
1510 643 1696 685 salutem
1719 657 1849 696 appe—

1023 699 1166 740 tentes
1203 702 1449 739 accurrunt:
1494 712 1582 739 non
1622 700 1788 740 alienos
1824 713 1850 741 a

1023 754 1399 806 promissionibus,
1419 755 1498 796 sed
1518 768 1571 796 ex
1586 755 1850 807 baptismate

1024 810 1215 851 filierum
1260 810 1528 862 adopti6nis,
1580 812 1717 852 verbo
1765 812 1850 864 ipsi

1024 866 1281 907 conciliatos
1301 871 1432 918 atque
1454 868 1720 918 conjunctos.
1748 868 1849 908 Pro-

1023 924 1187 974 pterea,
1206 923 1376 972 Venite‚
1396 923 1547 974 inquit,
1571 922 1656 964 hoc
1676 928 1752 973 est,
1770 936 1850 975 per

1023 977 1141 1020 bona
1174 981 1311 1031 opera
1343 978 1539 1020 accedite
1571 978 1627 1019 ad
1660 991 1729 1020 me
1759 979 1850 1030 filii,

1025 1034 1191 1087 quippe
1237 1035 1311 1086 qui
1355 1047 1435 1087 per
1476 1035 1851 1085 regenerationem

1026 1090 1104 1131 filii
1142 1091 1251 1132 lucis
1292 1091 1405 1132 effici
1446 1090 1565 1141 digni
1596 1091 1699 1132 facti
1731 1092 1851 1132 estis:

1025 1145 1190 1195 audite,
1232 1147 1306 1198 qui
1343 1159 1470 1188 aures
1502 1146 1646 1188 cordis
1679 1147 1850 1189 habetis

1024 1204 1218 1254 apertas;
1246 1203 1448 1244 timorem
1476 1203 1651 1243 Domini
1679 1203 1850 1244 docebo

1024 1270 1120 1299 vos:
1162 1258 1283 1299 illum
1326 1258 1509 1307 scilicet,
1554 1271 1683 1309 quem
1718 1258 1850 1310 paulo

958 1354 963 1358 .
1024 1318 1126 1356 ante
1146 1315 1344 1356 oratione
1361 1319 1513 1355 nostra
1529 1314 1851 1366 descripsimus.

1081 1374 1132 1425 R.
1158 1370 1449 1411 Sustinuimus
1483 1382 1655 1422 pacem,
1693 1374 1736 1410 et
1763 1382 1850 1410 non

1025 1427 1158 1467 venit:
1194 1426 1475 1493 quaesivimus
1508 1425 1640 1475 bona,
1677 1430 1720 1466 et
1749 1438 1851 1466 ecce

1024 1482 1231 1523 turbatio:
1251 1482 1536 1546 cognevimus
1550 1482 1738 1522 Domine
1752 1493 1850 1532 pec-

1025 1540 1124 1580 cata
1150 1543 1317 1579 nostra:
1343 1540 1367 1564 *
1388 1538 1489 1579 Non
1516 1538 1560 1578 in
1588 1538 1850 1590 perpetuum

1026 1593 1299 1635 obliviscaris
1327 1607 1419 1635 nos.
1477 1589 1528 1641 V
1551 1593 1851 1641 Peccavimus,

1023 1650 1158 1702 impie
1186 1650 1414 1700 gessimus,
1446 1650 1723 1700 iniquitatem
1751 1648 1850 1689 feci-

1024 1718 1121 1746 mus
1148 1706 1335 1747 D6mine
1367 1706 1411 1746 in
1444 1718 1617 1746 omnem
1643 1703 1850 1755 justitiam

1023 1765 1154 1803 tuam.
1182 1762 1295 1802 Non.
1327 1761 1476 1802 Gloria
1494 1761 1623 1802 Patri.
1651 1761 1760 1801 Non.

1080 1819 1131 1870 R.
1172 1818 1240 1858 vii.
1287 1816 1540 1859 Laudabilis
1580 1816 1786 1868 pepulus,
1830 1815 1867 1847 *›

1025 1874 1165 1923 Quem
1188 1873 1404 1914 Dominus
1428 1874 1699 1914 exercituum
1721 1871 1849 1913 bene-

1025 1928 1152 1979 dixit,
1177 1928 1345 1970 dicens·
1371 1929 1495 1981 Opus
1513 1930 1719 1969 manuum
1736 1930 1849 1968 mea-

1025 1998 1121 2026 rum
1147 1990 1197 2027 tu
1224 1997 1287 2035 es,
1314 1984 1551 2026 haereditas
1578 1996 1676 2024 mea
1703 1983 1849 2025 Israel.

1027 2034 1079 2086 V
1094 2041 1234 2083 Beata
1258 2053 1382 2092 genS,
1408 2041 1528 2091 cujus
1552 2043 1618 2080 est
1636 2038 1849 2080 Dominus

1024 2097 1161 2147 Deus,
1189 2096 1380 2149 pepulus
1408 2097 1572 2137 electus
1600 2095 1643 2135 in
1667 2093 1849 2135 haeredi-

1023 2155 1170 2195 tatem.
1198 2153 1349 2202 Quem.

1079 2208 1130 2258 R.
1159 2207 1244 2246 viii.
1293 2209 1394 2249 Duo
1430 2205 1657 2258 Seraphim
1693 2205 1847 2247 clama-

1024 2265 1130 2307 bant
1157 2264 1266 2316 alter
1292 2262 1350 2304 ad
1379 2262 1579 2307 alterum:
1604 2258 1627 2281 *
1655 2260 1849 2309 Sanctus,

1024 2325 1217 2369 sanctus,
1265 2323 1441 2360 sanctus
1477 2317 1692 2358 D6minus
1728 2317 1848 2357 Deus

1023 2374 1234 2417 Sabaoth:
1261 2372 1285 2398 *
1306 2373 1442 2414 Plena
1469 2377 1536 2414 est
1564 2371 1704 2413 omnis
1732 2376 1849 2412 terra

1023 2430 1163 2481 gloria
1182 2430 1283 2480 ejus.
1316 2421 1367 2472 V
1387 2428 1498 2469 Tres
1518 2431 1618 2468 sunt
1638 2427 1712 2478 qui
1731 2426 1848 2467 testi-

1023 2485 1217 2527 menium
1237 2484 1373 2525 dant
1361 2497 1405 2524 1n
1425 2483 1553 2532 coelo,
1577 2483 1722 2531 Pater,
1741 2482 1848 2523 Ver·

1023 2541 1138 2590 bum,
1158 2545 1201 2582 et
1219 2539 1405 2591 Spiritus
1425 2543 1615 2580 sanctus·
1635 2542 1678 2579 et
1695 2537 1740 2578 hi
1757 2542 1847 2578 tres

1023 2609 1158 2638 unum
1175 2599 1285 2636 sunt.
1317 2595 1512 2636 Sanctus.
1549 2591 1699 2634 Gloria
1717 2590 1847 2632 Patri.

1023 2652 1168 2693 Plena.

1578 2827 1640 2860 15¹·
