2040 2944
475 179 545 212 Die
570 179 621 213 27.
648 178 727 212 Oct.
779 159 920 219 vigilia
945 177 1001 211 Ss.
1027 176 1197 210 Simonis
1224 183 1259 210 ct
1283 176 1398 210 Judae
1419 178 1556 219 Apost.

1804 178 1874 213 385

209 278 280 319 Ad
294 277 431 319 Laud.
454 278 553 318 Ant.
582 274 668 326 Qui
687 273 782 316 odit
801 274 989 316 animam
1045 272 1285 315 admodum
1305 273 1464 315 dicitur
1485 273 1592 324 ovis,
1617 286 1766 325 agnus,
1789 273 1873 325 leo,

159 343 282 372 suam
299 330 344 371 in
359 329 445 372 hoc
458 329 636 380 mundo,
654 330 699 372 in
712 331 849 372 vitam
863 333 986 373 aeter-

158 399 258 428 nam
278 386 471 429 custodit
492 399 599 428 eam.

207 450 257 503 V.
270 453 296 493 J
296 457 420 495 ustus
431 457 479 494 ut
487 452 634 506 palma
644 453 830 495 florebit.
842 455 895 507 Rz.
908 453 988 495 Sic-

156 514 205 551 ut
223 508 382 551 cedrus
400 509 557 551 Libani
574 509 948 562 multiplicabitur.

366 622 450 663 Die
469 622 533 663 27.
554 622 774 665 Octobris.

154 698 204 737 In
234 697 394 748 Vigilia
427 695 495 736 SS.
522 693 738 736 Simonis
766 702 809 737 et
839 696 985 739 Judae

403 756 734 808 Apostolorum.

155 827 309 869 Lectio
335 828 476 869 sancti
494 827 721 878 Evangelii
743 828 984 871 secundum

454 884 480 925 J
482 886 681 927 oannem.

231 947 383 988 Lectio
405 948 429 987 i.
676 948 779 999 Cap.
795 948 853 987 15.
870 961 903 987 c.

153 999 230 1106 In
244 1005 320 1047 illo
337 1007 554 1059 tempore:
574 1007 697 1049 Dixit
711 1008 735 1049 J
739 1021 840 1050 esus
857 1008 983 1050 disci-

219 1062 333 1114 pulis
360 1063 464 1104 suis:
492 1064 588 1114 Ego
614 1077 710 1105 sum
736 1065 836 1107 vitis
862 1079 984 1107 vera:

152 1123 198 1215 {et
216 1119 349 1160 Pater
372 1133 496 1161 meus
520 1121 714 1172 agricola
733 1127 811 1164 est.
844 1122 901 1164 Et
919 1124 982 1164 re-

170 1188 284 1228 lqua.

260 1255 451 1297 Homilia
478 1257 618 1298 sancti
646 1258 880 1308 Augustini

455 1312 679 1366 Episcopi.

314 1378 438 1413 Tract.
463 1379 525 1413 SO.
553 1379 592 1412 in
616 1378 818 1412 Joannem.

207 1439 309 1476 ste
336 1435 459 1477 locus
488 1435 785 1487 evangelicus,
812 1437 981 1489 fratres,

161 1494 189 1526 ’ὗ
258 1491 334 1533 ubi
352 1505 400 1534 se
420 1492 525 1534 dicit
539 1493 754 1534 Dominus
773 1494 918 1545 vitem,
939 1500 982 1537 et

152 1548 396 1602 discipulos
427 1563 532 1591 suos
563 1550 788 1603 palmites,
830 1555 981 1593 secun-

152 1604 256 1646 dum
275 1605 362 1648 hoc
381 1606 502 1657 dicit,
523 1606 644 1659 quod
663 1611 731 1649 est
749 1613 882 1661 caput
901 1609 980 1650 Ec-

151 1661 313 1713 clesiae,
339 1675 511 1715 nosque
534 1664 734 1706 membra
758 1666 865 1718 ejus,
893 1678 979 1707 me-

152 1717 298 1760 diator
310 1719 405 1769 Dei,
421 1724 465 1761 et
478 1720 705 1762 hominum
717 1721 851 1763 homo
870 1722 984 1763 Chri-

152 1780 246 1817 stus
273 1775 410 1818 Jesus.
451 1776 590 1818 Unius
620 1778 783 1831 quippe
811 1782 980 1822 naturae

151 1837 252 1874 sunt
287 1832 387 1875 vitis
429 1838 474 1875 et
513 1833 729 1886 pfflmites.
790 1835 981 1889 Propter

153 1888 273 1942 quod
292 1902 392 1931 cum
416 1895 534 1932 esset
552 1891 690 1942 Deus,
717 1893 839 1944 cujus
858 1896 980 1935 natu-

150 1958 212 1986 rae
231 1958 319 1987 non
339 1959 499 1997 sumus,
519 1947 661 1989 factus
680 1953 748 1990 est
766 1948 912 2000 homo,
933 1955 981 1992 ut

149 2002 195 2042 in
221 2002 297 2044 illo
324 2007 441 2045 esset
465 2004 566 2046 vitis
597 2004 787 2047 humana
811 2009 979 2057 natura,

151 2059 272 2110 cujus
292 2064 335 2101 et
349 2072 430 2101 nos
446 2059 647 2103 homines
661 2061 866 2114 palmites
882 2075 980 2105 esse

148 2127 391 2174 possemus.

204 2179 284 2224 RH.
310 2180 357 2214 de
382 2180 494 2214 Feria
520 2185 752 2215 occurrente.

458 2246 609 2288 Lectio
630 2246 669 2287 ii.

153 2286 308 2412 Quid
344 2320 449 2359 ergo
487 2314 570 2360 est,
611 2311 707 2361 Ego
745 2324 842 2352 sum
877 2312 978 2354 vitis

257 2363 385 2406 vera?
429 2365 656 2419 Numquid
692 2372 741 2409 ut
777 2367 977 2419 adderet,

149 2432 264 2470 vera,
283 2420 369 2463 hoc
388 2421 446 2463 ad
465 2435 561 2465 eam
577 2424 711 2466 vitem
725 2424 883 2475 retulit,
902 2438 977 2466 un-

150 2475 205 2517 de
219 2476 303 2519 ista
318 2478 557 2521 similitudo
572 2480 785 2522 translata
800 2481 888 2523 est?
906 2482 977 2523 Sic

150 2532 265 2573 enim
297 2532 456 2576 dicitur
489 2537 590 2578 vitis
621 2550 701 2589 per
735 2537 976 2579 similitudi-

149 2601 260 2639 nem,
278 2602 366 2631 non
381 2604 462 2644 per
475 2594 809 2646 proprietatem:
830 2606 976 2646 quem-

863 2689 1146 2743 ψψᾴεεψω

1041 334 1184 382 petra,
1224 329 1338 383 lapis
1371 330 1608 382 angularis,
1649 335 1693 373 et
1723 332 1873 373 cetera

1041 386 1305 438 hujusmodi,
1340 399 1439 439 quae
1470 387 1610 439 magis
1641 387 1739 440 ipsa
1771 394 1874 431 sunt

1040 456 1163 493 vera,
1191 456 1246 485 ex
1272 443 1431 496 quibus
1454 443 1675 486 ducuntur
1699 444 1797 486 istae
1819 446 1872 486 si-

1040 498 1319 549 militudines
1338 513 1427 541 non
1445 501 1754 554 proprietates.
1783 502 1872 544 Sed

1041 570 1141 599 cum
1161 555 1284 606 dicit,
1309 556 1406 608 Ego
1433 570 1530 598 sum
1549 557 1649 600 vitis
1667 571 1788 600 vera:
1814 559 1870 601 ab

1039 613 1113 654 illa
1132 626 1180 655 se
1200 613 1353 666 utique
1370 613 1590 665 discernit,
1612 615 1683 656 cui
1697 614 1871 658 dicitur:

1041 671 1276 721 Quomodo
1298 673 1512 714 conversa
1531 684 1578 713 es
1601 671 1646 712 in
1666 672 1868 715 amaritu-

1040 727 1187 769 dinem
1201 729 1304 770 vitis
1322 727 1482 770 aliena?
1501 728 1617 769 Nam
1633 741 1720 782 quo
1735 734 1868 782 pacto

1040 790 1107 827 est
1125 786 1226 827 vitis
1244 799 1366 835 vera,
1396 798 1496 837 quae
1523 788 1779 838 exspectata
1803 792 1870 829 est

1038 846 1086 883 ut
1109 841 1276 885 faceret
1302 856 1448 893 uvam,
1482 842 1586 884 fecit
1611 847 1758 884 autem
1784 844 1868 895 spi-

1038 897 1140 940 nas?

1344 955 1495 995 Lectio
1516 955 1571 994 iii.

1125 1029 1181 1068 go
1201 1030 1313 1067 sum,
1345 1017 1504 1069 inquit,
1536 1017 1637 1060 vitis
1665 1030 1786 1059 vera:
1825 1023 1868 1060 et

1131 1075 1263 1116 Pater
1281 1087 1405 1115 meus
1420 1074 1614 1125 agricola
1628 1078 1705 1115 est.
1733 1074 1868 1116 Num-

1038 1131 1145 1184 quid
1169 1144 1303 1172 unum
1330 1135 1430 1172 sunt
1456 1130 1649 1182 agricola
1674 1136 1719 1173 et
1742 1130 1867 1173 vitis?

1036 1188 1287 1230 Secundum
1306 1188 1393 1229 hoc
1413 1201 1518 1239 ergo
1537 1188 1638 1229 vitis
1659 1187 1868 1239 Christus,

1037 1244 1281 1287 secundum
1310 1244 1432 1297 quod
1460 1245 1533 1286 ait:
1566 1245 1699 1286 Pater
1730 1247 1868 1298 major

1035 1315 1105 1343 me
1127 1307 1204 1343 est.
1232 1301 1483 1345 Secundum
1504 1306 1651 1343 autem
1669 1301 1726 1353 id,
1747 1302 1868 1355 quod

1037 1359 1110 1401 ait:
1132 1359 1241 1410 Ego,
1265 1363 1310 1400 et
1327 1359 1460 1401 Pater
1478 1373 1614 1400 unum
1633 1372 1796 1410 sumus3
1824 1364 1868 1401 et

1035 1416 1132 1468 ipse
1151 1415 1345 1467 agricola
1365 1420 1446 1458 est:
1473 1428 1555 1458 nec
1573 1415 1690 1466 talis,
1715 1416 1868 1469 quales

1036 1478 1147 1523 sunt,
1170 1473 1244 1526 qui
1263 1475 1535 1515 extrinsecus
1552 1473 1781 1525 operando
1798 1475 1867 1514 ex-

1034 1529 1187 1571 hibent
1206 1529 1520 1580 ‘ministerium;
1560 1529 1639 1571 sed
1671 1529 1788 1579 talis,
1819 1535 1868 1572 ut

1036 1585 1112 1627 det
1127 1586 1258 1628 etiam
1269 1587 1532 1628 intrinsecus
1541 1587 1867 1628 incrementum.

1034 1642 1149 1683 Nam
1167 1655 1310 1695 neque
1333 1643 1409 1701 qui
1423 1643 1594 1696 plantat
1610 1648 1677 1684 est
1692 1643 1867 1695 aliquid,

1034 1712 1178 1752 neque
1195 1700 1269 1752 qui
1283 1701 1410 1751 rigat:
1429 1699 1520 1749 sed,
1539 1700 1614 1751 qui
1627 1700 1866 1741 incremen-

1034 1761 1127 1797 tum
1156 1756 1248 1807 dat,
1273 1757 1408 1799 Deus.
1448 1756 1537 1798 Sed
1565 1757 1716 1808 utique
1744 1757 1866 1798 Deus

1035 1818 1102 1855 est
1129 1813 1345 1864 Christus,
1373 1814 1475 1866 quia
1498 1814 1620 1855 Deus
1646 1819 1739 1856 erat
1757 1814 1865 1855 Ver-

1034 1869 1154 1911 bum:
1191 1869 1309 1913 unde
1347 1871 1460 1924 ipse,
1494 1875 1538 1912 et
1568 1871 1701 1912 Pater
1732 1884 1866 1912 unum

1033 1931 1151 1969 sunt:
1184 1932 1242 1978 et,
1274 1928 1311 1969 si
1337 1927 1537 1970 Verbum
1569 1940 1673 1969 caro
1703 1927 1866 1969 factum

1034 1989 1116 2034 est,
1151 1984 1272 2037 quod
1302 1997 1391 2026 non
1423 1989 1532 2034 erat,
1563 1989 1713 2026 manet
1745 1983 1865 2037 quod

1033 2046 1137 2082 erat.

1088 2100 1131 2133 In
1162 2100 1281 2134 Laud.
1321 2100 1500 2135 dicuntur
1532 2100 1672 2135 Preces
1710 2101 1864 2136 feriales

1034 2148 1146 2182 flexis
1172 2149 1346 2191 genibus.
1367 2148 1420 2183 51.

1368 2201 1531 2241 Oratio.

1116 2257 1294 2308 oncede‚
1311 2260 1563 2310 quaesumus
1584 2263 1863 2314 omnipotens

1126 2315 1263 2356 Deus:
1300 2319 1365 2365 ut,
1397 2315 1511 2358 sicut
1542 2317 1863 2370 Apostolorum

1030 2373 1207 2413 tuorum
1233 2371 1422 2414 Simonis
1449 2377 1492 2414 et
1517 2373 1645 2416 Judae
1669 2374 1863 2426 gloriosa

1030 2427 1226 2469 natalitia
1257 2431 1567 2481 praevenimus3
1604 2431 1668 2473 sic
1699 2431 1756 2473 ad
1787 2437 1862 2474 tua

1031 2483 1245 2526 beneficia
1268 2486 1564 2538 promerenda
1586 2489 1862 2540 majestatem

1030 2544 1151 2582 tuam
1184 2554 1266 2594 pro
1297 2541 1425 2584 nobis
1462 2543 1547 2596 ipsi
1578 2545 1860 2597 praeveniant.

1029 2597 1114 2639 Per
1133 2598 1382 2640 Dominum.
