2040 2944
579 184 650 217 Die
675 184 708 217 8
734 185 836 226 Sept.
884 183 925 216 In
951 182 1163 217 Natixitatc
1188 184 1228 216 Β.
1255 183 1388 216 Marito
1411 159 1456 215 &1

207 284 258 335 R.
285 279 505 321 Gloriosae
523 277 720 328 Virginis
742 277 895 318 Mariae
920 289 986 318 or-

153 341 246 378 tum
267 336 569 387 dignissimum
587 333 847 382 recolamus,
858 339 880 362 *
905 333 986 374 Cu-

154 394 220 445 jus
234 393 450 434 Dominus
469 390 760 433 humilitatem
779 389 987 442 respexit,

155 462 254 502 quae
295 449 468 501 Angelo
509 447 738 489 nuntiante
782 446 987 499 concepit

153 505 428 547 Salvatorem
446 503 608 546 mundi.
639 499 689 551 V
702 503 987 545 Beatissimae

153 562 349 614 Virginis
368 562 520 603 Mariae
539 560 829 602 Nativitatem
854 558 986 601 devo-

153 619 320 660 tissime
341 618 624 660 celebremus.
658 617 802 669 Cujus.
835 616 988 658 Gloria

152 676 285 718 Patri.
315 676 456 728 Cujus.

383 755 432 794 In
459 755 510 794 II.
537 754 760 794 Nocturno.

280 816 431 856 Sermo
460 813 600 856 sancti
629 813 866 864 Augustini

456 870 681 924 Episcopi.

225 934 342 969 Serm.
369 934 421 968 18.
449 934 495 968 dc
521 934 684 973 Sancti&
712 933 776 976 qui
804 938 861 967 est
886 934 915 967 2.

330 982 376 1016 dc
402 982 571 1016 Annunt.
596 982 812 1015 Dominiea.

458 1039 610 1079 Lectio
632 1039 700 1078 ivs

162 1115 230 1164 ’,τῃ
245 1120 290 1135 r
313 1107 411 1150 dest
421 1109 562 1158 nobis,
576 1107 861 1158 dilectissimi,
875 1110 992 1160 opta-

164 1161 172 1222 ἶ
199 1162 252 1222 j}
271 1147 296 1193 jai
328 1171 400 1207 tus
421 1164 515 1207 dies
534 1164 680 1207 beatae
700 1178 751 1206 ac
765 1164 989 1206 venerabi-

171 1210 172 1213 *
329 1222 383 1263 lis
409 1234 585 1274 semper
603 1220 797 1272 Virginis
823 1221 990 1262 Mariae:

154 1246 256 1319 ideo
276 1291 376 1319 cum
392 1291 560 1320 summa
576 1278 872 1319 exsultatione
887 1281 989 1328 gau-

156 1333 260 1376 deat
285 1339 404 1377 terra
429 1340 600 1385 nostra,
633 1339 769 1377 tantae
793 1335 989 1385 Virginis

155 1390 372 1434 illustrata
390 1392 536 1434 natali.
562 1393 675 1434 Haec
690 1396 757 1433 est
773 1391 890 1433 enim
905 1393 989 1433 flos

157 1447 312 1500 campi,
329 1448 384 1490 de
401 1461 487 1500 qua
501 1453 647 1490 ortum
664 1453 730 1489 est
744 1448 989 1500 pretiosum

154 1503 293 1545 lilium
322 1505 602 1555 convallium,
633 1517 714 1557 per
743 1507 864 1557 cujus
891 1520 987 1559 par-

155 1565 249 1601 tum
275 1564 470 1603 mutatur
503 1565 661 1604 natura
688 1563 986 1616 protoplasto-

156 1630 271 1668 rum,
300 1617 471 1659 deletur
497 1624 541 1660 et
567 1619 708 1671 culpa.
748 1619 989 1660 Praecisum

158 1678 225 1714 est
255 1674 300 1715 in
333 1687 385 1716 ea
416 1675 526 1716 illud
553 1676 694 1717 Hevae
720 1675 989 1718 infelicitatis

158 1730 359 1782 elogium,
380 1744 467 1783 quo
483 1731 656 1774 dicitur:
675 1733 727 1773 In
745 1732 900 1774 dolore
914 1735 989 1786 pa-

158 1787 244 1828 ries
263 1786 380 1828 filios
398 1792 517 1838 tuos3
543 1788 644 1840 quia
667 1789 752 1830 ista
773 1789 816 1829 in
836 1789 990 1831 laetitia

158 1843 397 1884 Dominum
416 1844 599 1896 peperit.

211 1906 261 1957 Rz.
299 1904 519 1946 Nativitas
554 1905 761 1964 gloriosae
794 1906 989 1958 Virginis

157 1960 308 2003 Mariae
342 1974 397 2002 ex
429 1961 610 2003 semine
626 1962 837 2013 Abrahae,
879 1969 990 2006 ortae

158 2016 214 2059 de
232 2017 351 2060 tribu
367 2018 392 2059 J
393 2018 497 2068 uda
524 2019 644 2060 clara
667 2032 722 2061 ex
747 2020 884 2073 stirpe
902 2020 988 2061 Da-

158 2073 247 2116 vid:
275 2076 298 2099 *
325 2074 456 2126 Cujus
488 2075 579 2117 vita
612 2076 776 2129 inclyta
809 2081 990 2118 cunctas

157 2130 350 2173 illustrat
375 2131 596 2174 ecclesias,
634 2126 685 2178 V
710 2132 860 2175 Hodie
887 2138 991 2175 nata

159 2193 226 2230 est
254 2188 387 2230 beata
415 2189 554 2240 Virgo
585 2189 724 2230 Maria
752 2202 807 2231 ex
833 2191 990 2243 proge-

157 2245 229 2286 nie
247 2244 403 2286 David.
431 2244 575 2297 Cujus.

468 2312 620 2353 Lectio
639 2325 677 2352 v.

255 2387 336 2416 eva
355 2375 471 2416 enim
489 2374 615 2424 luxit,
634 2374 720 2416 ista
739 2376 990 2418 exsultavit:

268 2431 395 2472 Heva
405 2430 620 2480 lacrimas,
628 2431 767 2472 Maria
781 2432 991 2482 gaudium

161 2487 205 2527 in
223 2493 376 2530 ventre
395 2489 604 2542 portavit:
626 2488 726 2540 quia
746 2487 819 2529 illa
837 2501 990 2541 pecca-

161 2545 313 2594 torem,
331 2545 415 2586 ista
431 2545 570 2587 edidit
583 2546 874 2586 innocentem.
901 2545 990 2586 Ma—

161 2603 230 2640 ter
261 2601 431 2650 generis
462 2602 604 2643 nostri
636 2614 815 2654 poenam
847 2601 991 2643 intulit

162 2655 343 2711 mundo,
389 2657 589 2699 Genitrix
627 2657 807 2698 Domini
851 2657 992 2698 nostri

163 2710 350 2753 salutem
386 2713 531 2754 intulit
566 2712 742 2755 mundo.
805 2713 992 2755 Auctrix

317 2851 380 2876 Pars
396 2852 566 2877 Autumnalis.

1039 277 1212 328 peccati
1236 279 1380 327 Heva,
1413 277 1584 318 auctrix
1614 276 1759 317 meriti
1786 276 1874 317 Ma-

1039 335 1114 373 ria.
1142 334 1270 375 Heva
1290 333 1536 376 occidendo
1558 333 1716 382 obfuit,
1736 332 1875 373 Maria

1039 389 1307 432 vivificando
1328 391 1506 442 profuit.
1540 389 1621 430 Illa
1644 389 1875 442 percussit,

1039 445 1124 487 ista
1143 447 1324 488 sanavit.
1343 447 1430 488 Pro
1447 446 1746 489 inobedientia
1761 446 1876 487 enim

1040 501 1294 545 obedientia
1315 506 1628 553 commutatur,
1655 502 1767 544 fides
1792 514 1874 555 pro

1039 559 1229 611 perfidia
1249 562 1575 612 compensatur.

1098 637 1147 688 R.
1168 633 1279 675 Cum
1299 633 1569 686 jucunditate
1588 633 1877 674 Nativitatem

1039 689 1184 732 beatae
1230 691 1383 732 Mariae
1429 690 1719 732 celebremus:
1756 696 1777 717 *
1818 689 1878 731 Ut

1039 747 1137 799 ipsa
1169 760 1251 800 pro
1284 747 1411 788 nobis
1436 746 1681 789 intercedat
1707 745 1764 787 ad
1787 746 1876 786 Do-

1039 804 1203 844 minum
1223 804 1249 844 J
1251 817 1376 845 esum
1397 803 1630 846 Christum.
1665 801 1711 851 Y.
1731 801 1877 844 Corde

1040 865 1084 901 et
1104 860 1248 901 animo
1268 860 1442 902 Christo
1464 863 1672 902 canamus
1692 859 1878 910 gloriam

1039 916 1081 956 in
1101 916 1185 958 hac
1204 930 1330 958 sacra
1350 917 1629 959 solemnitate
1649 915 1877 968 praecelsae

1041 973 1278 1015 Genitricis
1299 975 1382 1016 Dei
1402 975 1566 1015 Mariae.
1595 973 1666 1015 Ut.

1348 1060 1500 1100 Lectio
1524 1060 1575 1098 vi.

1129 1120 1280 1164 laudat
1304 1136 1420 1165 nunc
1446 1125 1622 1176 organis
1648 1126 1802 1176 Maria,
1836 1133 1879 1169 et

1151 1179 1265 1220 inter
1283 1180 1461 1222 veloces
1481 1182 1691 1224 articulos
1710 1186 1878 1236 tvmpa-

1042 1248 1099 1276 na
1131 1238 1365 1289 puerperae
1399 1240 1681 1291 concrepent.
1724 1240 1878 1282 Conci-

1042 1298 1148 1334 nant
1170 1293 1375 1335 laetantes
1394 1294 1533 1344 chori,
1561 1300 1603 1337 et
1628 1296 1878 1338 alternanti-

1041 1348 1124 1390 bus
1168 1349 1360 1392 modulis
1407 1350 1637 1394 dulcisona
1685 1355 1880 1395 carmina

1041 1405 1321 1448 misceantur.
1375 1407 1540 1450 Audite
1569 1409 1702 1459 igitur
1731 1423 1878 1462 quem-

1042 1462 1284 1505 admodum
1299 1465 1609 1517 tympanistria
1623 1471 1777 1508 nostra
1790 1480 1881 1508 can-

1041 1521 1212 1562 taverit.
1249 1521 1326 1562 Ait
1353 1522 1483 1563 enim:
1510 1522 1765 1574 Magnificat
1792 1523 1879 1564 ani-

1041 1590 1113 1618 ma
1145 1590 1243 1618 mea
1276 1577 1529 1619 Dominum:
1568 1584 1611 1620 et
1643 1579 1880 1621 exsultavit

1043 1634 1223 1686 spiritus
1243 1647 1368 1675 meus
1388 1635 1431 1675 in
1447 1635 1546 1676 Deo
1567 1635 1749 1676 salutari
1767 1649 1879 1677 meo.

1043 1689 1154 1739 Quia
1174 1691 1370 1743 respexit
1395 1691 1686 1733 humilitatem
1707 1692 1879 1733 ancillae

1043 1759 1149 1787 suae:
1174 1759 1278 1788 ecce
1299 1748 1414 1788 enim
1433 1760 1487 1788 ex
1506 1748 1594 1789 hoc
1611 1747 1788 1789 beatam
1808 1761 1878 1790 me

1043 1801 1191 1844 dicent
1220 1815 1374 1844 omnes
1403 1804 1721 1854 generationes.
1766 1805 1879 1854 Quia

1042 1859 1145 1901 fecit
1176 1858 1282 1900 mihi
1311 1873 1471 1911 magna
1502 1861 1576 1912 qui
1607 1866 1767 1913 potens
1801 1866 1879 1902 est.

1043 1915 1233 1957 Causam
1257 1917 1390 1968 igitur
1413 1917 1721 1959 invalescentis
1746 1917 1879 1958 errati

1042 1973 1301 2014 miraculum
1333 1974 1438 2015 novi
1469 1979 1624 2026 partus
1653 1974 1801 2024 evicit,
1835 1979 1879 2016 et

1042 2030 1183 2071 Hevae
1206 2029 1433 2082 planctum
1452 2030 1604 2071 Mariae
1629 2035 1783 2072 cantus
1807 2043 1877 2071 ex-

1043 2085 1184 2127 clusit.

1098 2155 1149 2206 R.
1184 2153 1405 2200 Nativitas
1441 2157 1517 2194 tua
1552 2153 1639 2194 Dei
1677 2152 1879 2194 Genitrix

1042 2210 1182 2261 Virgo
1223 2209 1434 2261 gaudium
1476 2209 1752 2251 annuntiavit
1787 2210 1878 2250 uni-

1042 2269 1172 2308 verso
1197 2266 1380 2307 mundo:
1406 2267 1429 2290 *
1448 2266 1517 2306 Ex
1540 2270 1585 2308 te
1613 2266 1729 2307 enim
1753 2270 1878 2307 ortus

1044 2327 1111 2364 est
1131 2322 1197 2363 sol
1216 2322 1407 2373 justitiae,
1436 2321 1636 2363 Christus
1656 2322 1778 2363 Deus
1802 2334 1877 2363 no-

1043 2383 1147 2419 ster:
1170 2380 1193 2404 *
1211 2378 1295 2428 Qui
1313 2378 1489 2418 solvens
1507 2377 1877 2421 maledictionem:

1044 2433 1167 2475 dedit
1203 2432 1575 2475 benedictionem:
1616 2439 1660 2476 et
1699 2434 1876 2475 confun-

1044 2489 1153 2531 dens
1172 2493 1371 2539 mortem,
1391 2488 1575 2532 donavit
1593 2490 1722 2532 nobis
1742 2490 1876 2531 vitam

1044 2546 1367 2598 sempiternam.
1408 2543 1458 2594 V.
1486 2546 1730 2588 Benedicta
1756 2551 1805 2587 tu
1832 2546 1876 2585 in

1043 2601 1316 2650 mulieribus,
1350 2605 1393 2643 et
1421 2601 1681 2644 benedictus
1708 2603 1876 2642 fructus

1044 2659 1209 2699 ventris
1232 2658 1307 2699 tui.
1339 2657 1418 2698 Ex.
1453 2658 1606 2699 Gloria
1628 2658 1759 2699 Patri.
1792 2656 1876 2707 Qui

1044 2714 1233 2756 solvens.

1607 2844 1647 2876 18
