2040 2944
562 183 633 217 Die
658 184 688 217 9.
713 183 816 226 Sept.
862 184 897 218 S.
922 184 1046 227 Sergii
1070 185 1096 219 Ι.
1122 185 1240 229 Papae
1264 190 1301 221 et
1325 187 1432 221 Conf.

150 270 357 321 quoniam
383 284 482 323 quae
509 286 597 314 non
620 274 804 324 nubunt,
834 288 976 327 neque

147 325 382 378 nubentur,
414 334 540 370 erunt
567 330 680 371 sicut
708 331 867 382 Angeli
893 332 977 374 Dei

147 382 192 422 in
220 383 347 425 coelo.
401 385 544 427 Nemo
574 399 679 438 ergo
710 387 906 438 miretur,
940 389 977 430 si

147 439 330 491 Angelis
354 444 680 495 comparentur,
711 456 809 495 quae
833 445 975 496 Ange-

147 495 291 538 lorum
308 497 791 552 Dominoicopulantur.

199 556 251 607 R.
275 553 525 597 Afferentur
543 556 666 608 Regi.

197 613 242 648 In
262 614 326 648 ΙΙΙ.
348 614 548 650 Nocturno
567 616 739 651 Homilia
763 618 803 652 in
826 618 971 662 Evang.

146 661 277 697 Simile
301 663 383 698 erit.
413 663 459 698 de
490 664 626 699 eodem
650 664 794 700 Comm.
821 667 849 701 1.
874 667 971 702 loco.

340 744 425 786 Die
444 745 482 785 9.
500 744 783 798 Septembris.

241 812 284 853 S.
304 812 467 862 Sergii
485 814 521 855 Ι.
538 814 672 867 Papae
694 820 737 857 et
759 815 880 856 Conf.

476 878 641 923 Duplex.

197 931 335 968 Omnia
360 934 407 969 de
428 934 632 970 Communi
657 936 831 971 Confess.
852 937 971 980 Pont.,

143 985 286 1024 praeter
309 992 414 1027 sequ.

196 1032 359 1075 Oratio.
386 1035 467 1083 Da,
489 1034 749 1085 quaesumus.

194 1097 239 1132 In
270 1098 298 1133 Ι.
325 1099 525 1134 Nocturno
559 1100 762 1135 Lectiones
795 1101 841 1135 de
873 1101 970 1136 Scri-

143 1149 257 1188 ptura
281 1152 515 1183 occurrente.

365 1218 415 1258 In
441 1218 492 1258 11.
520 1218 743 1258 Nocturno.

443 1277 596 1321 Lectio
615 1279 669 1320 iv.

147 1338 404 1399 ὠόπ-81118,
449 1338 751 1381 Antiochenus
795 1340 969 1390 genere,

148 1383 238 1459 &a
261 1394 441 1437 Tiberio
460 1400 597 1448 patre,
621 1396 827 1437 Panormi
845 1396 889 1436 in
908 1396 968 1438 Si-

171 1453 233 1478 ''-‘'s
261 1451 529 1502 cilia‘natus,
557 1453 736 1494 Conone
763 1452 853 1494 vita
878 1452 969 1494 fun-

143 1512 234 1558 cto,
284 1521 398 1550 anno
445 1509 606 1551 Christi
651 1509 968 1551 sexcentesimo

144 1566 418 1616 octogesimo
436 1566 643 1618 septimo,
659 1567 845 1607 affluente
861 1566 968 1615 Deo,

144 1625 188 1662 et
206 1621 544 1673 suffragantibus
565 1622 758 1664 omnium
777 1622 906 1672 votis,
925 1622 969 1663 in

144 1692 270 1722 sacro
298 1678 584 1720 Lateranensi
610 1678 776 1731 palatio
805 1682 968 1720 assum-

143 1742 262 1790 ptus,
293 1734 586 1778 foedissimum
610 1735 815 1785 schisma,
849 1735 968 1787 quod

142 1792 321 1835 exarchi
369 1792 647 1845 imperatoris
697 1792 880 1833 avaritia
924 1797 968 1834 et

141 1849 367 1892 Paschalis
387 1848 685 1890 archidiaconi
705 1848 885 1889 ambitio
906 1861 969 1889 ex-

141 1907 346 1956 citarant,
394 1906 439 1947 in
474 1906 574 1958 ipso
612 1910 713 1946 ortu
750 1905 967 1946 exstinxit.

142 1962 380 2004 Adeodato
416 1962 631 2004 Pontifice
668 1962 856 2002 Romam
898 1962 965 2001 ve-

141 2018 286 2067 niens,
316 2018 362 2059 in
392 2018 604 2059 Ecclesiae
637 2018 850 2058 Romanae
884 2016 965 2057 cle-

141 2087 237 2115 rum
256 2074 310 2116 ab
331 2073 489 2116 eodem
508 2076 696 2130 ascitUS,
714 2078 757 2114 et
776 2086 800 2113 a
819 2072 966 2114 Leone

140 2130 266 2183 hujus
292 2131 478 2173 nominis
511 2129 707 2172 secundo
735 2128 966 2181 presbyter

140 2187 254 2227 tituli
288 2193 453 2228 sanctae
485 2187 695 2228 Susannae
728 2183 965 2235 ordinatus,

139 2244 324 2296 impigre
343 2256 423 2284 suo
442 2247 622 2284 munere
642 2242 872 2283 defunctus
888 2246 965 2282 est.

192 2305 243 2356 R.
268 2304 420 2345 Inveni
441 2303 587 2345 David
614 2315 787 2344 servum
810 2309 964 2351 meum,

141 2359 239 2402 oleo
254 2365 407 2401 sancto
420 2372 520 2401 meo
533 2359 637 2400 unxi
652 2372 764 2400 eum:
778 2362 799 2386 *
811 2357 964 2398 Manus

139 2417 254 2457 enim
277 2429 375 2458 mea
398 2415 675 2458 auxiliabitur
699 2414 750 2455 ei.
781 2412 830 2463 V.
845 2413 963 2453 Nihil

138 2473 341 2524 proficiet
374 2473 573 2513 inimicus
607 2472 651 2511 in
683 2483 751 2519 eo,
780 2474 823 2510 et
849 2469 963 2509 filius

138 2528 378 2580 iniquitatis
396 2542 484 2570 non
503 2527 679 2569 nocebit
698 2526 747 2567 ei.
773 2525 937 2565 Manus.

446 2591 599 2632 Lectio
619 2605 656 2631 v.

1790 191 1853 226 11*

1029 277 1123 320 dira
1154 280 1345 322 minante
1377 281 1659 334 imperatore,
1699 285 1850 326 admit-

1028 339 1120 377 tere
1151 336 1306 387 noluit,
1347 337 1426 379 sed
1456 343 1504 380 ut
1538 340 1727 391 sparios,
1763 354 1851 383 non

1029 391 1121 433 sine
1141 392 1242 433 vitae
1265 394 1479 445 periculo,
1507 398 1758 438 constanter
1778 398 1850 439 ab·

1027 447 1137 498 jecit.
1190 449 1393 500 Magnam
1427 450 1671 493 Dominicae
1709 454 1850 495 crucis

1027 504 1292 555 portionem,
1316 506 1538 548 revelante
1558 508 1655 550 Deo
1679 522 1704 550 a
1724 522 1770 551 se
1789 511 1849 551 in-

1027 561 1211 611 ventam,
1230 561 1273 602 in
1292 561 1472 604 basilica
1493 564 1849 608 Constantiniana

1026 617 1193 669 populo
1205 618 1476 660 adorandam
1489 620 1733 663 collocavit.
1754 622 1851 664 Cor·

1026 686 1109 724 pus
1129 675 1268 716 sancti
1286 675 1448 716 Leonis
1471 677 1515 717 in
1539 677 1728 720 obscuro
1750 682 1848 721 con-

1027 728 1165 771 ditum
1184 731 1355 782 angulo,
1375 732 1459 773 Dei
1477 739 1594 784 nutu,
1613 733 1713 775 inde
1733 738 1848 777 amo-

1025 785 1102 836 vit,
1129 791 1173 827 et
1200 789 1409 829 ornatiori
1432 789 1531 831 loco
1557 790 1757 832 omnibus
1777 804 1846 833 co-

1025 841 1202 883 lendum
1239 845 1453 896 exposuit.
1506 845 1740 887 Basilicam
1777 847 1847 890 de-

1024 911 1143 939 mum
1170 899 1429 942 Vaticanam
1458 901 1693 943 innumeris
1722 902 1847 945 donis

1026 955 1211 1005 ornavit,
1240 958 1424 1008 egregiis
1451 963 1569 1000 certe
1594 960 1755 1000 amoris
1781 961 1847 1001 sui

1025 1023 1129 1062 erga
1151 1013 1397 1066 Principem
1415 1014 1734 1067 Apostolorum
1757 1029 1846 1059 mo-

1024 1069 1252 1110 numentis.

1078 1136 1129 1187 R.
1184 1134 1318 1176 Posui
1339 1133 1601 1187 adjutorium
1619 1149 1751 1189 super
1769 1150 1845 1190 po-

1023 1191 1204 1241 tentem,
1250 1196 1293 1233 et
1335 1191 1523 1233 exaltavi
1563 1192 1749 1235 electum
1791 1193 1845 1236 de

1023 1246 1153 1298 plebe
1189 1260 1304 1289 mea:
1340 1249 1363 1274 *
1401 1248 1555 1289 Manus
1593 1250 1707 1290 enim
1748 1264 1845 1292 mea

1023 1303 1302 1345 auxiliabitur
1339 1305 1389 1346 ei.
1438 1299 1487 1351 V.
1518 1306 1669 1346 Inveni
1701 1306 1845 1348 David

1023 1372 1197 1400 servum
1232 1374 1393 1411 meum,
1431 1362 1529 1403 oleo
1561 1367 1712 1404 sancto
1745 1376 1843 1404 meo

1022 1416 1126 1456 unxi
1145 1429 1254 1457 eum.
1283 1417 1448 1459 Manus.

1326 1498 1477 1539 Lectio
1498 1498 1550 1538 vi.

1025 1559 1308 1668 Chilianum
1327 1573 1371 1610 et
1389 1569 1534 1610 socios
1548 1572 1755 1623 martyrio
1771 1572 1842 1613 de-

1114 1622 1216 1665 inde
1253 1624 1433 1666 affectos
1469 1626 1512 1666 in
1550 1627 1842 1678 Germaniam,

1020 1679 1355 1722 Willibrordum
1379 1686 1422 1722 et
1445 1681 1722 1724 Switbertum
1744 1696 1841 1724 cum

1021 1735 1151 1776 sociis
1174 1736 1218 1776 in
1237 1737 1420 1778 Frisiam
1443 1737 1638 1789 aliasque
1663 1739 1841 1780 circum-

1019 1792 1153 1842 jectas
1189 1793 1390 1843 regiones
1426 1793 1559 1844 misit,
1603 1794 1646 1835 in
1684 1794 1840 1846 quibus

1019 1848 1256 1889 maximum
1298 1851 1570 1901 paganorum
1612 1853 1839 1893 numerum

1019 1903 1077 1945 ad
1129 1904 1289 1946 Christi
1339 1904 1471 1946 fidem
1523 1909 1839 1948 converterunt.

1021 1960 1306 2002 Coadvallum
1329 1961 1559 2003 Britonum
1582 1975 1729 2013 regem
1752 1963 1838 2004 Ro-

1018 2029 1134 2057 mam
1158 2017 1403 2058 venientem
1429 2018 1616 2070 excepit,
1645 2024 1689 2060 et
1711 2031 1837 2060 sacro

1018 2072 1281 2125 baptismate
1316 2073 1453 2115 tinxit.
1511 2074 1837 2116 Ravennatibus

1017 2129 1296 2179 Damianum,
1340 2129 1655 2171 Leodiensibus
1703 2130 1836 2172 Uber-

1017 2189 1126 2234 tum,
1152 2185 1369 2226 Britannis
1388 2185 1726 2227 Berectualdum
1750 2189 1836 2239 epi-

1017 2253 1178 2292 scopos
1198 2240 1425 2282 ordinavit.
1452 2241 1612 2283 Statuit
1630 2247 1677 2283 ut
1695 2242 1835 2283 Litur-

1016 2299 1099 2347 giae
1117 2309 1254 2338 sacrae
1273 2297 1370 2349 pius
1389 2310 1556 2338 versus:
1574 2298 1726 2349 Agnus
1743 2298 1836 2348 Dei,

1018 2353 1092 2404 qui
1110 2352 1228 2394 tollis
1244 2356 1427 2405 peccata
1446 2353 1605 2402 mundi,
1630 2354 1835 2395 miserere

1016 2408 1157 2458 nobis,
1182 2408 1427 2450 adderetur.
1463 2409 1627 2451 Meritis
1648 2408 1834 2460 denique

1016 2463 1188 2516 plenus,
1215 2469 1452 2516 postquam
1480 2465 1667 2506 sedisset
1693 2464 1831 2506 trede-

1000 2520 1099 2560 -cim
1124 2520 1262 2566 annis,
1290 2520 1511 2561 mensibus
1539 2526 1655 2570 octo,
1683 2524 1832 2561 sancto

1014 2576 1100 2616 fine
1121 2575 1294 2627 quievit,
1313 2589 1365 2617 ac
1383 2576 1581 2628 sepultus
1601 2581 1667 2617 est
1684 2576 1727 2615 in
1746 2575 1830 2615 Va-

218 2647 382 2687 anones
402 2658 428 2686 a
447 2645 616 2686 Graecis
636 2646 772 2684 sextae
792 2640 961 2693 synodo
1013 2631 1170 2672 ficano·

229 2701 329 2743 dein
357 2700 546 2750 affictos,
574 2701 765 2740 instante
792 2697 894 2738 licet
917 2701 961 2737 et

1067 2695 1117 2747 Ει.
1141 2696 1231 2737 Iste
1251 2701 1318 2737 est
1341 2697 1424 2748 qui.
