2040 2944
432 180 609 215 Officium
633 181 807 216 votivum
833 182 879 216 dc
904 182 1153 216 Immaculata
1179 183 1361 226 Concept.
1388 184 1428 217 B.
1454 184 1500 217 M.
1526 184 1568 217 V.

1758 181 1850 226 [247]

142 282 377 332 Antequam
411 284 530 322 terra
566 280 701 323 fieret.
762 279 972 322 Nondum

142 340 266 378 erant
286 335 452 389 abyssi,
471 342 524 379 et
549 350 632 388 ego
652 337 737 389 jam
755 338 972 390 concepta

141 406 271 435 eram.
872 406 875 409 ι

450 457 661 508 Hymnus.

328 519 520 571 gloridsa
538 520 764 572 virginum,

328 576 534 618 Sublimis
553 577 667 618 inter
687 576 842 626 sidera,

270 633 356 685 Qui
373 638 418 675 te
437 633 614 682 creavit,
635 632 869 685 parvulum

270 690 482 732 Lactente
500 690 641 731 nutris
659 689 806 730 ubere.

222 758 354 809 Quod
372 759 499 801 Heva
517 759 654 800 tristis
675 758 870 809 abstulit,

271 816 341 857 Tu
360 814 510 858 reddis
529 815 646 857 almo
664 816 876 866 germine:

274 873 443 915 Intrent
461 878 510 914 ut
529 877 648 914 astra
670 872 848 922 flebiles,

272 929 385 972 Coeli
403 928 595 974 recludis
615 929 827 971 cardines.

223 1001 289 1042 Tu
308 999 423 1050 regis
443 998 520 1040 alti
539 999 676 1051 janua,

271 1057 329 1098 Et
348 1055 447 1099 aula
465 1055 575 1097 lucis
594 1054 775 1106 fulgida:

270 1113 422 1156 Vitam
442 1111 590 1161 datam
608 1124 689 1164 per
707 1112 935 1163 Virginem

272 1170 439 1212 Gentes
459 1168 701 1222 redemptae
721 1168 930 1222 plaudite.

220 1241 244 1281 J
246 1251 335 1288 esu,
353 1239 434 1281 tibi
455 1239 510 1280 sit
529 1238 680 1290 gldfia,

273 1295 357 1346 Qui
375 1300 503 1337 natus
522 1308 571 1338 es
590 1294 646 1337 de
665 1295 858 1346 Virgine,

273 1352 384 1394 Cum
403 1352 545 1402 Patre,
565 1356 610 1394 et
628 1351 744 1394 almo
764 1351 931 1405 Spiritu

271 1409 323 1450 In
342 1408 609 1461 sempiterna
627 1408 800 1450 saecula.

455 1465 610 1507 Amen.

193 1531 255 1584 V.
289 1534 577 1577 ImmaculAta
612 1535 856 1588 Conceptio
897 1540 974 1578 tua

143 1591 228 1633 Dei
255 1591 456 1634 Genitrix
482 1592 635 1643 Virgo.
670 1593 721 1645 R.
751 1592 974 1634 Gaudium

143 1648 416 1691 annuntiavit
431 1649 638 1690 universo
658 1648 834 1690 mundo.

194 1715 266 1756 Ad
298 1714 461 1757 Bened.
502 1715 600 1756 Ant.
652 1714 726 1755 Ait
756 1713 972 1755 deinus

142 1770 264 1812 Deus
289 1771 314 1798 *
340 1769 397 1812 ad
425 1772 691 1823 serpentem:
718 1769 972 1812 Inimicitias

142 1839 306 1879 ponam
323 1827 436 1869 inter
454 1832 499 1869 te
520 1831 563 1869 et
581 1826 824 1876 mulierem,
845 1831 888 1868 et
908 1839 971 1868 se-

142 1895 243 1924 men
256 1887 381 1925 tuum
395 1888 440 1925 et
455 1896 604 1925 semen
618 1882 749 1924 illius:
763 1883 860 1935 ipsa
873 1885 971 1924 cen-

142 1943 256 1981 teret
274 1943 407 1992 caput
424 1944 560 1990 tuum,
581 1938 764 1991 alleluja.

477 2008 641 2049 Oratio.

143 2066 318 2173 Deus,
339 2069 413 2122 qui
430 2083 511 2123 per
529 2070 860 2112 Immaculatam
873 2070 970 2112 Vir-

236 2125 347 2176 ginis
359 2124 703 2179 Conceptidnem
718 2126 896 2178 dignum
904 2127 971 2167 Fi-

142 2181 201 2223 lio
242 2187 320 2223 tuo
360 2181 658 2224 habitaculum
694 2183 971 2236 praeparasti:

144 2240 411 2290 quaesumus3
436 2243 500 2289 ut,
527 2240 602 2292 qui
626 2252 681 2281 ex
699 2246 842 2281 morte
863 2241 970 2291 ejus-

143 2293 244 2335 dem
258 2294 356 2335 Filii
370 2295 434 2336 tui
453 2297 642 2348 praevisa
662 2309 763 2337 eam>
779 2296 834 2337 ab
854 2297 972 2337 omni

141 2350 240 2392 labe
255 2352 548 2403 praeservasti,
562 2365 643 2394 nos
661 2365 837 2405 quoque
851 2366 970 2393 mun-

145 2406 226 2448 dos
255 2408 346 2459 ejus
373 2407 686 2451 intercessic'me
718 2409 774 2450 ad
802 2413 846 2450 te
874 2421 970 2461 per-

143 2463 533 2506 venireconeedas.
564 2465 648 2506 Per
664 2465 868 2507 eumdem
883 2465 970 2506 Βό-

142 2519 305 2562 minum
332 2525 544 2563 nostrum.

414 2598 482 2635 Ad
505 2598 705 2635 Primam.

195 2657 245 2697 In
265 2657 316 2708 R.
335 2657 398 2699 br.
419 2657 576 2699 dicitur
595 2653 645 2704 W.
673 2655 756 2705 Qui
777 2659 904 2696 natus
924 2667 970 2696 es

143 2709 198 2752 de
217 2710 355 2753 Maria
375 2711 568 2762 Virgine.

1294 279 1363 315 Ad
1382 278 1586 316 Tertiam.
1609 306 1611 313 .

1076 339 1175 379 Ant.
1210 337 1529 379 Vestimentum
1548 341 1682 378 tuum.

1078 398 1214 450 Capit.
1246 398 1471 440 D6minus
1500 404 1547 439 ut
1572 412 1715 451 supra.
1741 397 1854 450 [246]

1075 459 1127 510 R.
1148 459 1209 499 br.
1239 460 1361 501 Deus
1387 461 1713 512 omnipotens*
1738 459 1854 500 Prae-

1025 517 1161 559 cinxit
1192 529 1262 558 me
1290 516 1463 557 virtute.
1505 516 1627 558 Deus
1656 517 1853 568 omnipo·
1886 528 1888 532 ·

1025 578 1134 615 tens.
1180 567 1230 618 V.
1260 573 1318 614 Et
1348 572 1498 625 posuit
1529 571 1855 613 immaculatam

1024 630 1141 670 viam
1158 642 1312 671 meam.
1336 629 1583 670 Praecinxit.
1610 628 1760 670 Gloria
1774 628 1853 669 Pa-

1024 686 1091 728 tri.
1119 686 1240 727 Deus
1261 688 1554 738 omnipotens.

1078 739 1127 791 V.
1151 747 1203 787 In
1221 746 1306 787 hoc
1326 746 1530 797 cognovi,
1556 746 1762 798 qu6niam
1780 758 1853 787 vo-

1024 803 1143 844 luisti
1162 816 1243 845 me.
1276 807 1326 858 R.
1354 802 1570 852 Quoniam
1588 815 1677 843 non
1695 801 1853 853 gaude-

1025 860 1091 901 bit
1110 860 1308 901 inimicus
1327 871 1451 900 meus
1470 871 1603 911 super
1622 871 1702 899 me.

1303 937 1370 973 Ad
1395 935 1582 972 Sextam.

1078 1001 1177 1040 Ant.
1206 1001 1274 1040 Tu
1292 998 1431 1050 g16ria
1449 998 1473 1038 J
1475 997 1701 1039 erusalem.

1077 1066 1338 1117 Capitulum.
1560 1068 1716 1109 Ezech.
1734 1070 1799 1109 44.

1025 1116 1205 1223 Porta
1227 1120 1324 1161 haec
1350 1119 1498 1162 clausa
1522 1119 1621 1169 erit,
1646 1132 1735 1160 non
1755 1132 1854 1172 ape-

1124 1178 1275 1227 rietur,
1304 1182 1349 1218 et
1373 1177 1438 1217 vir
1462 1189 1550 1217 non
1574 1176 1753 1217 intrabit
1775 1189 1855 1228 per

1026 1248 1137 1284 eam,
1167 1234 1373 1286 quoniam
1400 1233 1616 1274 Dominus
1644 1232 1765 1273 Deus
1792 1233 1853 1273 Is-

1024 1291 1116 1332 rael
1134 1291 1356 1342 ingressus
1375 1294 1442 1331 est
1459 1302 1538 1342 per
1555 1301 1665 1330 eam:
1685 1291 1853 1340 eritque

1026 1347 1174 1389 clausa
1197 1347 1394 1400 principi.
1431 1346 1643 1398 Princeps
1667 1345 1762 1397 ipse
1790 1358 1853 1386 se-

1025 1404 1147 1446 debit
1166 1404 1210 1445 in
1230 1417 1291 1445 ea.

1078 1472 1129 1523 R.
1145 1469 1207 1510 br.
1224 1470 1275 1510 In
1294 1468 1380 1510 hoc
1395 1468 1593 1520 cognovi,
1606 1471 1629 1495 *
1639 1467 1855 1519 Qu6niam

1024 1526 1204 1567 voluisti
1214 1538 1295 1567 me.
1310 1526 1361 1566 In
1371 1525 1457 1567 hoc
1470 1525 1669 1577 cogn6vi.
1685 1522 1734 1574 V.
1747 1525 1855 1574 Que-

1024 1583 1141 1623 niam
1164 1595 1253 1624 non
1277 1581 1484 1634 gaudebit
1506 1582 1706 1622 inimicus
1730 1593 1854 1621 meus

1024 1651 1158 1692 super
1179 1651 1261 1680 me.
1289 1639 1512 1689 Quoniam.
1549 1638 1699 1679 Gloria
1720 1637 1850 1678 Patri.

1023 1696 1075 1736 In
1093 1696 1189 1737 hoc.

1079 1754 1129 1805 W.
1141 1756 1360 1799 Exaltabo
1374 1761 1419 1798 te
1435 1755 1634 1805 Domine,
1646 1755 1853 1807 queniam

1024 1814 1257 1867 suscepisti
1287 1826 1368 1855 me.
1416 1816 1466 1867 R.
1497 1812 1592 1854 Nec
1622 1810 1852 1853 delectasti

1023 1870 1223 1912 inimicos
1243 1883 1366 1912 meos
1387 1881 1520 1922 super
1538 1881 1619 1909 me.

1301 1948 1369 1984 Ad
1392 1948 1576 1986 Nonam.

1080 2006 1177 2046 Ant.
1206 2004 1350 2047 Trahe
1368 2017 1460 2045 nos.

1079 2067 1337 2119 Capitulum.
1534 2065 1674 2117 Apoc.
1694 2067 1751 2106 12.

1028 2128 1244 2235 Signum
1261 2143 1467 2182 magnum
1485 2126 1689 2181 apparuit
1707 2125 1751 2166 in
1766 2137 1850 2166 coe-

1105 2190 1164 2230 lo:
1187 2187 1344 2229 Mulier
1368 2182 1526 2228 amicta
1550 2183 1660 2232 sole,
1685 2186 1729 2223 et
1748 2181 1851 2222 luna

1023 2246 1104 2288 sub
1123 2244 1312 2298 pedibus
1332 2243 1439 2295 ejus,
1466 2246 1509 2283 et
1531 2241 1576 2280 in
1595 2238 1739 2291 capite
1759 2238 1850 2290 ejus

1024 2304 1187 2355 corg'ma
1207 2299 1431 2342 stellarum
1451 2295 1695 2338 duodecim.

1078 2367 1129 2419 R.
1144 2366 1207 2407 br.
1228 2362 1446 2405 Exaltzibo
1461 2367 1506 2403 te
1520 2362 1628 2410 Bne,
1648 2367 1670 2391 *
1690 2359 1848 2409 Qucni-

1023 2437 1094 2465 am
1108 2421 1341 2474 suscepisti
1353 2432 1434 2461 me.
1451 2417 1678 2460 Exalte'lbo.
1695 2415 1849 2467 V.Nec

1023 2478 1253 2522 delectasti
1267 2477 1465 2517 inimicos
1480 2487 1604 2516 meos
1621 2486 1753 2526 super
1768 2484 1849 2512 me.

1023 2536 1249 2587 Qu6niam.
1294 2532 1443 2575 Glcria
1460 2531 1592 2573 Patri.
1619 2528 1848 2571 Exaltabo.

1077 2591 1418 2643 V.Immacule'1ta
1429 2591 1671 2644 Conceptio
1681 2595 1756 2632 tua
1763 2588 1847 2629 Dei

1023 2652 1223 2694 Genitrix
1252 2651 1403 2701 Virgo.
1453 2654 1503 2704 R.
1530 2646 1749 2690 Gaudium
1776 2657 1846 2685 an·

1021 2708 1236 2750 nuntiavit
1253 2707 1458 2749 universo
1477 2703 1652 2747 mundo.
1840 2724 1842 2726 ν
