2040 2944
796 228 904 262 Fcria
930 235 1038 262 sexta
1063 229 1110 262 ad
1128 228 1333 271 Vespcrus.

263 329 307 370 Si
333 327 544 369 occideris
567 326 688 366 Deus
715 326 987 377 peccatores:
1010 323 1034 349 *

213 385 293 425 viri
313 383 568 435 sanguinum
587 380 802 423 declinate
821 393 847 422 a
867 393 948 422 me:

265 440 374 490 Quia
395 439 539 480 dicitis
558 438 601 478 in
621 437 903 489 cogitatione:
921 438 944 462 *
966 449 1032 478 ac-

212 497 372 549 cipient
390 496 432 535 in
451 495 642 536 vanitate
662 494 859 535 civitates
876 498 1007 544 tuas„

262 553 416 594 Nonne
449 551 522 603 qui
549 550 735 592 oderunt
761 555 805 592 te
834 550 1034 599 Domine,

211 606 412 650 oderam?
435 608 458 633 *
484 612 527 649 et
551 620 683 660 super
710 607 909 648 inimicos
932 611 1033 648 tuos

210 662 514 706 tabescebam?

259 721 459 762 Perfecto
485 719 588 762 odio
613 721 794 762 oderam
813 720 928 761 illos:
946 720 970 745 *
991 724 1034 761 01

208 778 368 818 1111111101
389 777 491 818 facti
512 782 613 818 sunt
631 777 746 818 mihi.

260 833 405 875 Proba
427 847 497 876 me
514 834 637 876 Deus
656 839 699 876 et
719 835 828 876 scito
853 846 930 876 cor
947 846 1033 875 1110-

208 904 295 931 um:
323 891 346 916 *
374 891 594 942 interroga
612 904 698 940 me,
736 896 778 932 et
815 892 1034 942 cognosce

209 947 386 988 semitas
404 960 536 989 meas,

259 1004 316 1045 Et
331 1003 447 1052 vide,
476 1004 513 1044 si
541 1004 611 1045 via
633 1004 872 1057 iniquitatis
898 1004 940 1044 in
964 1016 1034 1045 me

209 1065 288 1101 est:
308 1060 331 1085 *
354 1065 398 1102 01
417 1059 560 1102 deduc
574 1074 644 1102 me
663 1061 706 1101 in
725 1061 795 1102 via
815 1063 989 1102 aeterna.

267 1125 298 1163 A
308 1130 362 1165 nt.
413 1125 593 1167 Domine
629 1124 827 1177 probasti
862 1138 948 1174 me,
991 1130 1034 1167 et

209 1182 455 1232 cognovisti
474 1194 554 1224 me.

265 1247 361 1287 Ant.
385 1250 422 1288 A
438 1247 533 1289 viro
555 1247 715 1300 iniquo.

475 1331 670 1372 Psalmus
691 1333 776 1371 139.

295 1399 388 1451 ripe
427 1411 497 1440 me
536 1399 723 1441 Domine
766 1399 821 1441 ab
858 1398 1034 1441 homine

315 1455 446 1496 malo:
460 1455 484 1480 *
499 1468 525 1495 a
540 1455 634 1497 viro
652 1456 802 1508 iniquo
819 1456 939 1508 eripe
952 1469 1033 1498 me.

259 1512 343 1562 Qui
372 1512 674 1562 cogitaverunt
709 1512 960 1564 iniquitates
990 1513 1033 1553 in

207 1568 361 1610 corde:
398 1568 422 1593 *
462 1572 557 1610 tota
597 1568 668 1610 die
709 1568 1034 1610 constituebant

207 1625 370 1678 praelia.

257 1681 482 1723 Acuerunt
503 1681 674 1733 linguas
693 1695 795 1723 suas
815 1682 927 1723 sicut
948 1695 1033 1724 ser-

206 1739 363 1791 pentis:
377 1740 401 1764 *
420 1740 636 1780 venenum
653 1738 855 1791 aspidum
874 1738 954 1781 sub
975 1739 1033 1780 la-

206 1795 290 1837 biis
309 1798 471 1837 eorum.

260 1851 443 1894 Custodi
482 1865 552 1893 me
589 1851 778 1894 Domine
812 1851 867 1894 de
902 1865 1035 1894 manu

208 1909 510 1973 ρο00316118ι*
529 1913 573 1950 01
600 1907 654 1949 ab
683 1907 932 1950 hominibus
959 1909 1034 1950 ini-

210 1965 306 2017 quis
326 1965 447 2018 eripe
463 1977 545 2006 me.

261 2021 346 2072 Qui
396 2022 698 2073 cogitaverunt
751 1998 1033 2074 supplantare

209 2090 386 2128 gressus
410 2091 547 2120 meos:
570 2079 594 2104 *
618 2077 944 2120 absconderunt
967 2092 1033 2120 su-

209 2134 334 2186 perbi
352 2134 558 2187 laqueum
579 2134 699 2176 1111111.

259 2191 317 2232 Ε1
326 2191 451 2233 funes
463 2191 752 2234 extenderunt
761 2193 805 2234 in
815 2192 1035 2244 laqueum:

210 2248 233 2272 *
256 2248 375 2344 iglxta
401 2248 483 2290 iter
509 2248 764 2290 scandalum
793 2250 1036 2302 posuerunt

208 2317 268 2344 1111
315 2335 323 2344 .

261 2360 363 2402 Dixi
382 2361 588 2402 Domino:
614 2362 735 2403 Deus
760 2375 884 2404 meus
908 2375 955 2404 es
973 2366 1034 2404 tu:

209 2417 232 2442 ¹⁸¹
257 2416 415 2459 exaudi
439 2418 626 2460 Domine
650 2431 806 2460 vocem
828 2418 1034 2472 depreca-

209 2473 340 2514 tionis
357 2486 479 2515 meae.

260 2530 468 2580 Domine,
500 2531 688 2573 Domine
715 2532 854 2573 virtus
882 2531 1035 2573 salutis

209 2598 338 2628 meae:
365 2587 389 2612 *
422 2586 693 2629 obumbrasti
729 2601 861 2641 super
903 2593 1036 2640 caput

209 2656 354 2684 meum
374 2643 418 2683 in
441 2643 510 2685 die
528 2643 647 2685 belli:

260 2699 329 2741 Ne
348 2699 498 2741 tradas
521 2713 591 2741 me
610 2700 798 2742 Domine
821 2713 847 2742 a
866 2699 1034 2742 deside-

208 2756 273 2797 rio
301 2768 400 2798 meo
424 2757 663 2809 peccatori:
685 2757 708 2782 *
733 2757 1035 2808 cogitaverunt

1087 326 1239 363 contra
1261 335 1348 372 me,
1370 334 1425 363 ne
1449 321 1728 374 derelinquas
1746 334 1832 372 me,
1859 334 1914 363 ne

1086 379 1198 420 forte
1219 378 1474 420 exaltentur.

1139 435 1282 487 Caput
1309 435 1517 476 circuitus
1545 436 1711 476 eorum:
1734 435 1759 461 *
1788 435 1915 477 labor

1086 491 1300 533 labiorum
1319 492 1516 544 ipsorum
1536 491 1706 544 operiet
1723 504 1812 533 eos.

1139 548 1308 590 Cadent
1337 561 1469 601 super
1496 561 1573 590 eos
1601 547 1836 599 carbones,
1871 548 1914 589 in

1086 605 1230 656 ignem
1263 604 1439 657 dejicies
1474 617 1566 646 eos:
1599 605 1624 630 *
1654 604 1698 645 111
1729 604 1915 646 miseriis

1086 674 1174 703 non
1193 661 1442 703 subsistent.

1136 718 1218 759 Vir
1249 717 1476 769 linguosus
1507 730 1596 760 non
1629 717 1840 769 dirigetur
1870 717 1915 758 in

1085 780 1220 816 terra:
1248 775 1272 800 *
1300 775 1441 816 virum
1469 775 1674 827 injustum
1702 773 1819 815 mala
1846 775 1914 815 ca-

1085 831 1207 884 pient
1222 831 1266 872 in
1284 831 1472 872 interitu.

1137 888 1335 939 Cognovi
1355 888 1457 940 quia
1474 888 1606 930 faciet
1620 887 1836 929 Dominus
1857 887 1914 939 ju-

1086 943 1248 986 dicium
1266 945 1425 997 inopis:
1444 945 1468 970 *
1488 949 1532 986 et
1550 944 1788 986 vindictam
1810 947 1915 997 pau-

1085 1013 1251 1053 perum.

1137 1058 1453 1099 Verumtamen
1472 1058 1573 1110 justi
1591 1057 1917 1100 confitebuntur

1085 1114 1250 1155 nomini
1280 1118 1374 1156 tuo:
1392 1114 1416 1140 *
1436 1119 1480 1156 et
1514 1114 1776 1157 habitabunt
1807 1114 1917 1156 recti

1086 1183 1185 1212 cum
1204 1170 1326 1212 vultu
1346 1176 1434 1212 tuo.

1143 1228 1242 1268 Ant.
1284 1229 1323 1268 A
1355 1228 1450 1269 viro
1482 1228 1632 1280 iniquo
1669 1227 1807 1270 libera
1843 1240 1915 1270 me

1085 1284 1286 1326 Domine

1144 1341 1241 1382 Ant.
1270 1341 1465 1383 Domine.

1349 1395 1549 1436 Psalmus
1566 1396 1659 1435 140.

1178 1455 1323 1496 omine
1357 1455 1542 1496 clamavi
1570 1454 1627 1496 ad
1654 1459 1718 1505 te,
1758 1454 1918 1497 exaudi

1187 1524 1274 1553 me:
1292 1512 1316 1537 *
1334 1510 1512 1553 intende
1537 1511 1637 1553 voci
1659 1524 1787 1563 meae,
1817 1524 1918 1554 cum

1086 1567 1334 1610 clamavero
1352 1568 1409 1610 ad
1427 1573 1482 1610 te.

1137 1625 1362 1676 Dirigatur
1378 1625 1519 1666 oratio
1534 1638 1633 1667 mea
1647 1626 1760 1667 sicut
1772 1625 1915 1667 incen-

1086 1694 1182 1722 sum
1209 1682 1252 1722 in
1285 1684 1527 1735 conspectu
1554 1687 1646 1724 tuo:
1673 1683 1698 1709 *
1726 1681 1914 1724 elevatio

1085 1740 1293 1780 manuum
1321 1741 1518 1780 mearum
1550 1739 1812 1781 sacrificium
1846 1750 1917 1780 ve·

1088 1797 1340 1847 spertinum.

1138 1852 1259 1893 Pone
1269 1852 1458 1894 Domine
1469 1852 1716 1895 custodiam
1726 1853 1791 1894 ori
1800 1864 1916 1895 meo:

1086 1909 1185 1949 *et
1223 1909 1385 1950 ostium
1416 1909 1755 1951 circumstantiae
1787 1908 1916 1951 labiis

1086 1977 1206 2006 111018.

1137 2021 1239 2063 Non
1259 2021 1451 2064 declines
1471 2035 1549 2064 cor
1562 2035 1708 2064 meum
1722 2023 1766 2064 in
1780 2022 1916 2065 verba

1086 2078 1279 2129 malitiae,
1303 2079 1327 2105 *
1349 2079 1407 2121 ad
1435 2079 1708 2122 excusandas
1737 2092 1914 2122 excusa-

1086 2135 1229 2176 tiones
1249 2136 1293 2176 in
1309 2136 1516 2188 peccatis.

1138 2192 1248 2233 Cum
1266 2191 1514 2234 homiuibus
1535 2193 1820 2246 operantibus
1838 2192 1913 2234 ini-

1089 2249 1312 2300 quitatem:
1341 2249 1365 2275 *
1397 2254 1440 2291 et
1464 2262 1553 2291 non
1581 2249 1914 2292 communicabo

1087 2317 1186 2346 cum
1205 2304 1355 2347 electis
1378 2308 1543 2348 eorum.

1140 2361 1357 2415 Corripiet
1393 2376 1464 2405 me
1499 2364 1638 2415 justus
1670 2363 1714 2404 in
1749 2363 1914 2405 miseri-

1087 2418 1252 2468 cordia,
1279 2423 1322 2460 et
1345 2419 1590 2472 increpabit
1611 2433 1696 2462 me:
1720 2419 1744 2446 *
1770 2419 1915 2462 oleum

1086 2479 1232 2516 autem
1267 2477 1514 2528 peccatoris
1546 2489 1634 2518 non
1672 2477 1915 2529 impinguet

1087 2537 1220 2584 caput
1245 2545 1402 2574 meum.

1138 2589 1355 2639 Quoniam
1374 2588 1518 2630 adhuc
1538 2594 1581 2630 et
1602 2589 1743 2630 oratio
1757 2602 1856 2632 mea
1871 2590 1914 2631 in

1086 2643 1372 2697 beneplacitis
1395 2647 1560 2686 eorum:
1570 2646 1594 2671 *
1605 2645 1803 2699 absorpti
1815 2651 1915 2688 sunt

1087 2701 1218 2751 juncti
1237 2706 1375 2753 petrae
1396 2701 1563 2753 judices
1582 2704 1744 2744 eorum.

1139 2757 1333 2799 Audient
1351 2757 1486 2800 verba
1501 2771 1600 2801 mea
1616 2760 1822 2812 quoniam
1837 2772 1913 2813 po-
