2040 2944
581 151 652 185 Die
682 151 707 184 l.
735 151 977 184 Novembris.
1025 150 1200 185 Omnium
1226 154 1462 187 Sanctorum.

1808 156 1875 191 397

215 250 367 291 Multae
389 249 694 292 tribulationes
719 251 948 302 justorum:
966 250 990 275 *

165 311 208 348 et
224 305 278 348 de
290 306 491 348 omnibus
502 306 570 348 his
580 307 783 349 liberabit
798 320 875 348 eos
886 307 991 347 Dfis.

216 363 417 405 Custodit
452 364 666 405 Dominus
704 365 850 405 omnia
889 376 989 404 ossa

164 421 330 460 eorum:
355 420 378 446 *
402 434 535 462 unum
561 434 615 462 ex
639 420 707 462 his
733 433 822 462 non
846 425 989 462 conte-

163 477 292 517 retur.

214 532 334 574 Mors
359 536 643 586 peccatorum
667 534 873 587 pessima:
897 534 921 561 *
946 538 990 574 et

164 589 238 641 qui
258 589 445 631 oderunt
463 591 633 642 justum,
653 589 918 642 delinquent.

214 645 419 688 Redimet
450 646 666 688 Dominus
703 646 870 688 animas
903 659 988 687 ser-

162 704 317 743 vorum
328 705 521 744 suorum:
537 705 560 731 *
577 708 620 745 et
634 716 722 744 non
734 703 990 755 delinquent

163 770 315 800 omnes
335 759 409 811 qui
427 765 606 812 sperant
623 760 667 801 in
687 773 751 802 eo.

217 816 318 858 Ant.
364 816 533 858 Timete
568 817 805 858 Dominum
838 829 989 858 omnes

160 872 306 914 Sancti
326 873 426 924 ejus,
447 874 652 925 quoniam
671 873 778 914 nihil
797 873 923 915 deest
941 874 990 915 ti-

160 928 379 971 mentibus
408 942 521 972 eum:
547 943 648 972 ecce
676 930 791 972 oculi
814 930 990 971 Domini

160 999 294 1039 super
311 988 461 1040 justos,
486 992 530 1029 et
553 1000 680 1029 aures
706 988 796 1039 ejus
820 987 876 1029 ad
894 1000 989 1040 pre-

161 1055 234 1085 ces
254 1045 421 1085 eorum.

219 1102 317 1142 Ant.
350 1101 536 1143 Domine
554 1101 578 1127 *
598 1114 700 1153 spes
719 1101 990 1151 Sanctorum,

161 1161 205 1198 et
223 1158 354 1199 turris
371 1157 638 1200 fortitudinis
658 1160 811 1199 eorum
830 1157 990 1200 dedisti

160 1212 466 1256 haereditatem
478 1214 732 1257 timentibus
751 1227 911 1256 nomen
925 1220 988 1257 tu-

160 1283 250 1321 um,
277 1276 322 1313 et
346 1271 606 1314 habitabunt
633 1272 677 1313 in
703 1271 989 1314 tabernaculo

160 1334 238 1371 tuo
255 1329 301 1370 in
321 1329 493 1371 saecula.

428 1384 627 1424 Psalmus
656 1384 727 1424 60.

247 1442 380 1484 xaudi
397 1443 518 1484 Deus
534 1442 891 1495 deprecationem
909 1456 990 1485 me-

265 1512 351 1541 am:
379 1501 403 1527 *
429 1498 606 1541 intende
637 1499 823 1540 orationi
849 1512 971 1541 meae.

213 1557 255 1597 A
281 1556 439 1598 finibus
471 1561 601 1597 terrae
630 1555 686 1597 ad
712 1561 756 1598 te
789 1555 988 1597 clamavi:

162 1614 185 1640 *
220 1612 324 1654 dum
356 1613 604 1654 anxiaretur
638 1625 714 1654 cor
748 1625 909 1662 meum,
945 1613 989 1653 in

160 1673 286 1721 petra
314 1669 516 1710 exaltasti
542 1681 623 1710 me.

212 1725 445 1767 Deduxisti
458 1738 539 1776 me,
557 1726 659 1778 quia
671 1722 811 1767 factus
824 1738 870 1767 es
886 1739 987 1778 spes

161 1794 275 1823 mea.
302 1783 326 1809 *
356 1782 487 1823 turris
519 1781 785 1823 fortitudinis
819 1795 845 1823 a
876 1782 987 1823 facie

161 1838 331 1879 immici.

211 1894 473 1936 Inhabitabo
509 1895 553 1935 in
587 1894 872 1937 tabernaculo
908 1900 985 1937 tuo

160 1951 205 1992 in
219 1951 396 1993 saecula:
415 1953 439 1979 *
455 1953 663 2004 protegar
679 1951 724 1992 in
740 1952 985 1993 velamento

161 2007 328 2049 alarum
354 2010 538 2050 tuarum.

213 2065 428 2115 Quoniam
461 2069 510 2106 tu
542 2065 663 2106 Deus
700 2077 823 2106 meus
859 2078 985 2107 exau-

162 2120 263 2162 disti
273 2121 515 2163 orationem
524 2134 683 2162 meam:
697 2122 721 2149 *
732 2121 891 2163 dedisti
900 2121 986 2163 hae-

161 2177 392 2219 reditatem
407 2177 659 2219 timentibus
678 2191 838 2219 nomen
853 2182 986 2219 tuum.

211 2234 318 2276 Dies
352 2247 485 2286 super
517 2233 611 2275 dies
647 2235 762 2285 regis
796 2234 986 2286 adjicies:

160 2291 183 2318 *
210 2303 347 2332 annos
376 2291 466 2342 ejus
485 2303 625 2343 usque
652 2291 696 2331 in
724 2290 840 2332 diem
859 2303 986 2342 gene-

160 2347 338 2388 rationis
365 2351 409 2388 et
435 2347 738 2398 generationis.

210 2403 441 2445 Permanet
479 2403 523 2444 in
560 2405 771 2444 aeternum
805 2403 849 2443 in
886 2416 985 2444 con-

160 2461 315 2512 spectu
353 2460 452 2501 Dei:
494 2461 518 2487 *
558 2459 902 2501 misericordiam
944 2464 987 2501 et

160 2516 389 2557 veritatem
415 2517 505 2568 ejus
535 2516 631 2568 quis
658 2515 872 2568 requiret?

211 2571 282 2613 Sic
308 2571 524 2625 psalmum
552 2572 694 2614 dicam
720 2572 883 2614 nomini
909 2576 986 2613 tuo

159 2628 203 2668 in
235 2628 444 2669 saeculum
479 2628 644 2670 saeculi:
671 2631 695 2656 *
722 2633 770 2670 ut
805 2628 987 2670 reddam

160 2689 263 2725 vota
289 2697 387 2726 mea
413 2684 469 2726 de
497 2684 567 2726 die
594 2685 638 2726 in
666 2685 793 2727 diem.

315 2823 379 2847 Pars
395 2824 564 2848 Autumnalis.

1101 252 1199 293 Ant.
1227 250 1412 291 Domine
1428 263 1529 303 spes
1544 251 1816 299 Sanctorum,
1832 255 1875 292 et

1043 306 1175 348 turris
1208 306 1475 347 fortitudinis
1508 309 1675 357 eorum,
1714 306 1875 349 dedisti

1044 361 1348 404 haereditatem
1363 363 1618 405 timentibus
1633 376 1792 405 nomen
1808 369 1872 405 tu-

1043 432 1134 468 um,
1163 424 1206 460 et
1231 418 1490 461 habitabunt
1517 420 1561 460 in
1589 420 1874 462 tabernaculo

1043 480 1120 517 tuo
1140 475 1184 515 in
1204 475 1376 516 saecula.

1102 547 1201 587 Ant.
1247 544 1329 595 Qui
1363 544 1539 595 diligitis
1567 545 1820 597 Dominum,
1851 549 1875 574 *

1043 600 1252 642 laetamini
1270 601 1314 641 in
1328 602 1531 652 Domino,
1547 607 1590 643 et
1607 603 1876 644 confitemini

1043 657 1270 699 memoriae
1290 658 1535 700 sanctitatis
1555 659 1657 710 ejus.

1318 748 1518 789 Psalmus
1548 750 1614 789 96.

1052 808 1314 915 Dominus
1334 815 1542 865 regnavit,
1575 815 1765 857 exsultet
1792 820 1875 857 ter-

1158 884 1221 913 ra:
1239 873 1263 899 *
1281 871 1484 913 laetentur
1501 872 1654 913 insulae
1674 872 1835 914 multae.

1095 928 1258 979 Nubes5
1279 934 1322 970 et
1342 929 1482 979 caligo
1501 928 1545 969 in
1565 929 1749 971 circuitu
1769 930 1875 981 ejus:

1044 986 1067 1010 *
1086 986 1259 1037 justitia,
1285 990 1328 1027 et
1346 985 1554 1037 judicium
1574 986 1790 1028 correctio
1811 999 1874 1028 se-

1045 1042 1111 1083 dis
1131 1043 1232 1094 ejus.

1095 1099 1214 1150 Ignis
1240 1104 1339 1140 ante
1363 1099 1506 1152 ipsum
1529 1099 1764 1152 praecedet,
1788 1100 1812 1126 *
1832 1106 1875 1142 et

1042 1155 1286 1198 inflamabit
1300 1156 1345 1197 in
1361 1156 1544 1198 circuitu
1558 1157 1756 1198 inimicos
1773 1158 1874 1209 ejus.

1094 1212 1338 1254 Illuxerunt
1361 1212 1533 1264 fulgura
1559 1214 1649 1264 eius
1676 1213 1772 1255 orbi
1790 1219 1873 1255 ter—

1042 1282 1118 1310 rae:
1137 1271 1160 1296 *
1181 1268 1300 1319 vidit,
1320 1274 1364 1311 et
1383 1272 1603 1311 commota
1623 1275 1689 1312 est
1708 1276 1835 1312 terra.

1094 1326 1284 1376 Montes,
1322 1327 1434 1368 sicut
1467 1339 1569 1369 cera
1597 1327 1816 1368 fluxerunt
1849 1340 1874 1368 a

1041 1382 1154 1424 facie
1190 1384 1387 1425 Domini:
1423 1384 1446 1409 *
1484 1397 1509 1424 a
1549 1383 1660 1425 facie
1696 1383 1874 1424 Domini

1043 1440 1183 1481 omnis
1203 1446 1332 1482 terra.

1094 1497 1475 1539 Annuntiaverunt
1521 1497 1621 1538 coeli
1666 1497 1872 1549 justitiam

1043 1554 1148 1605 ejus:
1179 1554 1202 1579 *
1231 1559 1275 1595 et
1301 1553 1505 1595 viderunt
1539 1566 1691 1595 omnes
1720 1554 1874 1606 populi

1041 1610 1227 1660 gloriam
1247 1611 1349 1662 ejus.

1095 1667 1427 1708 Confundantur
1472 1679 1638 1716 omnes,
1685 1667 1758 1718 qui
1799 1666 1872 1708 ad-

1043 1725 1169 1765 orant
1197 1723 1434 1776 sculptilia:
1460 1723 1484 1749 *
1513 1728 1555 1764 et
1585 1723 1658 1775 qui
1685 1723 1871 1773 glorian-

1040 1785 1111 1822 tur
1128 1781 1172 1821 in
1192 1780 1434 1822 simulacris
1454 1780 1555 1820 suis.

1092 1836 1291 1879 Adorate
1308 1850 1407 1879 eum
1422 1849 1574 1878 omnes
1590 1836 1748 1888 Angeli
1767 1837 1871 1889 ejus:

1040 1894 1064 1920 *
1084 1894 1259 1944 audivit,
1281 1898 1324 1935 et
1342 1893 1492 1934 laetata
1512 1898 1578 1934 est
1597 1893 1710 1934 Sion.

1093 1951 1150 1992 Et
1183 1950 1511 1991 exsultaverunt
1541 1949 1644 1991 filiae
1672 1950 1696 1990 J
1698 1949 1814 1999 udae,
1847 1951 1871 1976 *

1041 2011 1224 2059 propter
1243 2006 1400 2058 judicia
1418 2011 1493 2048 tua
1512 2006 1715 2047 Domine:

1093 2064 1311 2114 Quoniam
1324 2068 1373 2105 tu
1386 2063 1602 2104 Dominus
1618 2063 1869 2104 Altissimus

1041 2133 1173 2173 super
1201 2133 1376 2163 omnem
1403 2124 1580 2161 terram:
1601 2120 1624 2146 *
1643 2119 1770 2160 nimis
1799 2132 1868 2160 ex-

1040 2177 1202 2218 altatus
1222 2190 1269 2219 es
1288 2189 1421 2230 super
1441 2189 1592 2218 omnes
1612 2175 1732 2217 deos.

1092 2234 1176 2284 Qui
1191 2233 1369 2285 diligitis
1379 2234 1629 2282 Dominum,
1646 2232 1765 2274 odite
1780 2245 1867 2272 ma-

1039 2290 1143 2331 lum:
1177 2290 1200 2316 *
1229 2288 1421 2331 custodit
1452 2289 1669 2330 Dominus
1703 2288 1869 2329 animas

1040 2348 1292 2387 sanctorum
1316 2348 1506 2394 suorum,
1532 2343 1587 2386 de
1614 2357 1745 2386 manu
1770 2358 1868 2397 pec-

1040 2403 1200 2444 catoris
1219 2402 1425 2443 liberabit
1444 2414 1532 2443 eos.

1090 2459 1187 2499 Lux
1219 2464 1316 2500 orta
1348 2463 1416 2500 est
1449 2459 1581 2510 justo,
1608 2458 1631 2483 *
1661 2462 1704 2499 et
1737 2457 1868 2499 rectis

1040 2514 1174 2557 corde
1193 2515 1356 2557 laetitia.

1089 2571 1322 2613 Laetamini
1344 2571 1445 2623 justi
1472 2570 1516 2611 in
1543 2570 1749 2611 Domino:
1775 2569 1798 2594 *
1825 2572 1868 2609 et

1039 2628 1306 2670 confitemini
1337 2627 1562 2669 memoriae
1591 2623 1865 2667 sanctificati-

1039 2684 1135 2726 onis
1155 2685 1256 2736 ejus.

1594 2808 1660 2841 26*
