2040 2944
737 185 941 219 Dominica
966 185 1015 218 ad
1036 185 1274 219 Matutinum.

199 287 498 338 Persequatur
542 286 743 327 inimicus
790 286 980 326 animam

149 356 312 392 meam,
342 347 385 384 et
414 341 778 394 comprehendat,
809 347 852 383 et
880 354 980 382 eon-

149 399 293 441 cfflcet
320 399 365 439 in
392 403 510 440 terra
537 398 672 440 vitam
699 411 854 448 meam,
881 399 904 424 *
938 403 982 439 et

148 455 334 507 g16riam
376 467 520 496 meam
559 455 603 495 in
643 454 871 507 pulverem
909 454 981 495 de-

150 512 293 554 ducat.

201 578 402 626 Exsurge
421 575 611 617 Domine
630 576 674 616 in
693 576 757 616 ira
776 580 866 617 tua:
890 575 913 601 *
939 580 982 616 et

151 633 346 675 exaltare
364 632 409 672 in
423 631 585 672 finibus
604 632 880 673 inimicorum
894 644 980 672 me-

151 703 287 731 orum.

201 751 258 791 Et
287 753 474 801 exsurge
499 750 689 791 D6mine
708 750 830 790 Deus
858 761 981 790 meus

149 808 194 848 in
238 808 467 859 praecepto
516 806 635 859 quod
676 805 917 847 mandasti:
958 806 981 830 *

150 868 194 905 et
231 864 456 915 synagc'Jga
492 863 763 916 populOrum
800 862 982 903 circum-

151 919 274 962 dabit
301 923 356 960 te.

202 986 259 1026 Et
282 990 466 1039 propter
488 984 601 1025 hane
620 984 664 1024 in
684 983 820 1024 altum
840 983 982 1032 regre-

151 1041 270 1083 dere:
294 1043 317 1068 *
345 1042 562 1083 Dominus
591 1039 754 1092 judicat
780 1038 982 1091 populos.

202 1106 359 1148 Judiea
400 1119 470 1147 me
507 1105 697 1146 D6mine
739 1103 983 1144 secundum

151 1163 360 1215 justitiam
380 1175 534 1211 meam,
554 1162 577 1187 *
598 1166 641 1202 et
660 1159 903 1202 secundum
922 1159 982 1199 in-

153 1219 405 1260 nocentiam
423 1231 568 1260 meam
589 1230 720 1269 super
739 1229 821 1257 me.

204 1283 497 1324 Consumetur
542 1282 736 1334 nequitia
779 1281 982 1333 peecato-

151 1353 264 1389 rum,
285 1344 329 1381 et
349 1339 510 1391 diriges
529 1340 705 1391 justum,
730 1338 753 1363 *
782 1342 983 1378 scrutans

154 1396 292 1437 corda
311 1401 355 1437 et
374 1408 501 1437 renes
520 1396 652 1436 Deus.

204 1461 229 1502 J
230 1466 377 1502 ustum
397 1460 661 1513 adjutorium
679 1472 827 1501 meum
851 1471 876 1499 a
895 1458 983 1498 Do-

153 1517 293 1567 mino,
329 1518 352 1543 *
397 1517 471 1570 qui
514 1517 660 1558 salvos
697 1515 801 1556 facit
837 1519 984 1556 rectos

154 1573 301 1615 corde.

205 1638 328 1679 Deus
347 1638 479 1690 judex
498 1639 652 1690 justus,
677 1636 819 1685 fortis,
844 1640 887 1676 et
910 1637 984 1687 pa-

153 1694 282 1736 tiens:
301 1695 324 1720 *
350 1693 564 1746 numquid
582 1693 784 1734 irascitur
803 1705 882 1744 per
903 1694 984 1731 sin-

153 1750 282 1801 gulos
301 1750 417 1792 dies?

206 1815 303 1856 Nisi
335 1814 536 1856 convarsi
568 1814 754 1863 fueritis,
791 1812 986 1864 gladium

156 1884 284 1912 suum
306 1871 512 1913 vibrabit:
539 1871 563 1896 *
592 1883 743 1912 arcum
771 1882 898 1910 suum
925 1873 986 1910 te—

155 1927 308 1978 tendit,
328 1932 372 1969 et
390 1927 563 1980 paravit
580 1926 713 1968 illum.

207 1993 265 2034 Et
291 1992 336 2033 in
361 2004 414 2033 eo
442 1992 616 2044 paravit
640 2003 747 2033 vasa
770 1990 939 2031 mortis:
963 1990 987 2015 *

158 2050 341 2099 sagittas
361 2061 463 2089 suas
483 2047 739 2089 ardentibus
759 2045 914 2087 effecit.

208 2114 325 2154 Ecce
344 2113 547 2166 parturiit
565 2112 832 2164 injustitiam:
847 2111 871 2136 *
887 2123 987 2152 eon-

157 2169 275 2222 eapit
303 2168 522 2218 dolorem,
556 2173 599 2210 et
631 2168 805 2221 pe'perit
835 2167 988 2219 iniqui-

156 2227 306 2267 tatem.

208 2290 376 2331 Lacum
395 2289 576 2342 aperuit,
597 2293 640 2330 et
660 2287 813 2330 effodit
831 2300 945 2329 eum:
964 2287 988 2312 *

160 2350 204 2387 et
222 2346 375 2387 incidit
393 2346 437 2386 in
459 2345 632 2386 sdveam
653 2357 784 2397 quam
803 2344 916 2384 feeit.

213 2410 505 2452 Convertetur
525 2409 653 2450 dolor
673 2410 763 2460 ejus
788 2409 832 2449 in
857 2412 990 2460 caput

160 2466 267 2518 ejus:
285 2466 309 2492 *
329 2471 373 2508 et
391 2467 435 2507 in
451 2466 661 2507 verticem
680 2465 818 2517 ipsius
837 2464 989 2516 iniqui-

159 2527 228 2563 tas
248 2523 338 2574 ejus
359 2521 608 2563 descendet.

213 2586 469 2628 Confitebor
507 2585 700 2626 Domino
748 2583 990 2625 secundum

160 2642 367 2693 justitiam
387 2643 492 2694 ejus:
511 2642 534 2667 *
559 2646 602 2683 et
622 2640 807 2693 psallam
826 2640 991 2681 nomini

160 2698 340 2739 Domini
363 2698 572 2739 altissimi.

1314 282 1514 321 Psalmus
1542 282 1578 320 8.

1033 345 1270 450 DOmine
1285 356 1500 396 D6minus
1520 360 1680 404 noster⁷
1691 355 1714 380 *
1731 369 1861 407 quam

1143 411 1398 453 admirabile
1419 417 1485 452 est
1501 424 1661 453 nomen
1676 417 1798 452 tuum
1818 412 1861 452 in

1033 468 1237 509 universa
1257 467 1388 509 terra!

1086 525 1302 574 Quossiam
1319 524 1487 565 elevata
1504 529 1570 565 est
1584 524 1861 574 magnificen-

1034 581 1094 621 tia
1114 586 1199 630 tua⁷
1218 581 1241 606 *
1262 593 1393 632 super
1414 580 1562 620 coelos.

1086 637 1153 677 Ex
1182 649 1258 678 ore
1286 636 1515 676 infantium
1541 641 1584 677 et
1607 637 1861 677 lactentium

1034 693 1257 745 perfecisti
1272 691 1447 733 laudem
1466 697 1647 744 propter
1662 693 1861 734 inimicos

1034 755 1145 799 tuos,
1165 750 1188 774 *
1208 754 1255 790 ut
1276 748 1477 789 destruas
1497 748 1718 789 inimicum
1739 754 1782 790 et
1802 749 1861 790 ul-

1034 808 1188 847 torem.

1087 862 1303 912 QuOniam
1322 860 1483 902 videbo
1511 861 1649 901 coelos
1674 867 1789 910 tuos,
1818 863 1861 901 ό-

1033 931 1141 970 pera
1170 918 1407 969 digitOrum
1435 918 1627 957 tuorum:
1660 918 1683 942 *
1716 918 1862 958 lunam

1035 979 1079 1015 et
1098 974 1256 1023 stellas,
1279 988 1376 1027 quae
1396 980 1442 1016 tu
1462 974 1665 1015 fundasti.

1087 1031 1202 1081 Quid
1223 1036 1289 1072 est
1307 1031 1456 1081 homo,
1484 1031 1602 1083 quod
1626 1042 1793 1071 memor
1816 1042 1862 1070 es

1035 1085 1148 1138 ejus?
1168 1088 1191 1112 *
1212 1092 1286 1128 aut
1305 1087 1418 1128 filius
1438 1087 1636 1135 h6minis,
1657 1086 1862 1138 quomam

1034 1143 1185 1184 visitas
1206 1142 1331 1184 eum?

1088 1200 1282 1241 Minu1sti
1319 1213 1417 1241 eum
1460 1200 1591 1252 paulo
1628 1199 1770 1239 minus
1807 1197 1862 1238 ab

1036 1255 1233 1307 Angelis,
1258 1256 1397 1307 glo'ria
1423 1262 1466 1297 et
1489 1256 1657 1296 honore
1683 1255 1862 1295 eorona-

1036 1312 1091 1352 sti
1107 1325 1222 1353 eum:
1237 1313 1260 1337 *
1281 1317 1324 1353 et
1340 1312 1603 1353 constituisti
1619 1324 1718 1352 eum
1733 1322 1863 1362 super

1037 1370 1174 1420 opera
1193 1371 1402 1409 manuum
1421 1370 1605 1409 tuarum.

1090 1425 1247 1466 Omnia
1292 1424 1513 1476 subjecisti
1559 1423 1639 1464 sub
1677 1421 1864 1475 pedibus

1038 1482 1138 1532 ejus,
1158 1482 1181 1506 *
1201 1494 1306 1522 oves
1327 1486 1370 1522 et
1389 1481 1527 1522 boves
1546 1480 1786 1520 universas:
1805 1480 1864 1517 in-

1037 1550 1170 1589 super
1191 1542 1233 1578 et
1252 1539 1415 1589 pecora
1436 1537 1589 1588 campi.

1089 1593 1307 1634 Volucres
1327 1593 1438 1642 coeli,
1459 1598 1502 1634 et
1521 1593 1665 1644 pisces
1684 1591 1827 1639 maris,
1842 1590 1865 1615 *

1040 1650 1113 1701 qui
1132 1649 1440 1701 perambulant
1460 1649 1637 1689 semitas
1657 1647 1800 1687 maris.

1091 1706 1281 1746 Domine
1293 1706 1508 1745 Dominus
1524 1709 1684 1752 noster,
1695 1704 1717 1728 *
1735 1715 1866 1754 quam

1038 1761 1295 1802 admirabile
1316 1766 1382 1802 est
1401 1774 1560 1801 nomen
1575 1765 1699 1800 tuum
1717 1759 1761 1798 in
1776 1758 1865 1798 uni-

1039 1819 1167 1858 versa
1186 1817 1318 1858 terra!

1323 1889 1521 1929 Psalmus
1551 1889 1588 1927 9.

1040 1951 1338 2058 confitebor
1364 1967 1445 2009 tibi
1470 1967 1659 2008 D6mine
1691 1966 1734 2005 in
1770 1969 1865 2006 toto

1135 2024 1271 2066 eorde
1302 2037 1421 2065 meo:
1453 2024 1476 2049 *
1504 2022 1692 2064 narrabo
1722 2020 1867 2062 omnia

1039 2080 1254 2122 mirabilia
1274 2085 1358 2121 tua.

1091 2136 1300 2177 Laetabor
1337 2141 1380 2177 et
1416 2135 1645 2176 exsultabo
1678 2134 1721 2174 in
1753 2137 1811 2174 te:
1842 2132 1866 2157 *

1040 2193 1225 2245 psallam
1244 2192 1409 2233 nomini
1427 2196 1504 2232 tuo
1523 2190 1758 2231 Altissime.

1092 2250 1143 2289 In
1164 2247 1462 2289 convertendo
1482 2247 1703 2287 inimicum
1721 2257 1866 2285 meum

1041 2306 1297 2345 retrorsum:
1316 2304 1339 2329 *
1358 2302 1693 2343 infirmabuntur
1712 2305 1756 2341 et
1771 2312 1866 2352 per-

1042 2360 1167 2401 ibunt
1186 2373 1211 2400 a
1230 2360 1340 2400 facie
1360 2363 1445 2399 tua.

1091 2416 1308 2466 Quoniam
1331 2414 1473 2456 fecisti
1495 2413 1702 2465 judicium
1720 2424 1866 2452 meum

1043 2477 1086 2513 et
1114 2484 1291 2512 eausam
1318 2483 1480 2511 meam:
1507 2470 1530 2495 *
1559 2468 1710 2510 sedisti
1735 2479 1866 2518 super

1042 2527 1248 2568 thronum
1270 2527 1343 2578 qui
1362 2525 1527 2577 judicas
1547 2525 1763 2576 justitiam.

1095 2582 1339 2634 Increpasti
1360 2582 1535 2630 Gentes,
1565 2586 1608 2622 et
1635 2580 1764 2632 periit
1790 2580 1865 2618 im-

1042 2639 1159 2691 pius:
1195 2639 1218 2663 *
1255 2650 1415 2678 nomen
1448 2638 1600 2678 eorum
1633 2634 1786 2676 delesti
1821 2632 1865 2672 in

1044 2696 1267 2742 aeternum,
1289 2698 1332 2734 et
1350 2693 1394 2733 in
1414 2691 1623 2733 saeculum
1642 2688 1799 2731 saeculi.
