2040 2944
544 156 614 188 Dic
644 156 697 188 10.
724 156 826 198 Sept.
874 154 908 189 S.
934 154 1087 189 Nicolai
1113 154 1159 187 de
1185 154 1392 187 Tolentino
1418 153 1526 188 Conf.

172 263 271 292 men
292 249 422 291 dedit.
449 248 563 289 Nam
582 260 697 289 anno
714 248 788 289 vix
803 248 1003 300 septimo,

172 306 350 349 beatum
374 306 517 357 ipsum
536 304 771 346 Nicolaum
796 305 1002 354 imitatus,

172 362 423 415 complures
458 360 752 402 hebdomadae
779 361 875 403 dies
903 362 1002 414 jeju—

171 421 276 460 nare
308 418 459 470 coepit,
492 419 678 469 eamque
710 419 870 470 postea
903 430 1002 459 con-

171 473 446 516 suetudinem
470 474 667 524 retinuit,
696 474 793 516 solo
819 487 934 527 pane
960 479 1003 516 et

171 543 285 583 aqua
304 532 548 572 contentus.

227 600 275 651 R».
299 595 548 636 Honestum
575 594 677 636 fecit
705 594 827 635 illum
852 595 1001 636 Domi-

170 664 263 700 nus,
290 656 333 692 et
352 650 592 692 custodivit
612 663 712 692 eum
732 651 788 692 ab
806 651 1002 701 inimicis,

170 713 213 748 et
241 720 266 748 a
294 706 603 749 seductoribus
631 707 792 748 tutavit
819 707 956 748 illum:
980 709 1001 731 *

168 764 226 805 Et
258 763 381 805 dedit
412 763 474 804 illi
507 763 752 805 claritatem
780 765 1001 805 aeternam.

174 818 222 869 δ”.
253 821 426 861 Justum
459 819 642 862 deduxit
673 820 889 861 Dominus
921 833 1002 873 per

168 877 262 918 vias
281 882 440 926 rectas,
465 882 508 918 et
526 876 719 918 ostendit
738 877 800 918 illi
819 890 1002 929 regnum

170 933 264 975 Dei.
291 933 349 974 Et
368 932 500 975 dedit.

482 1001 634 1041 Lectio
655 1015 692 1040 v.

248 1066 371 1108 dulta
398 1069 529 1109 aetate
557 1068 642 1119 jam
672 1068 866 1110 clericali
892 1068 999 1109 mili-

279 1123 352 1164 tiae
386 1122 651 1176 adscriptuS,
685 1130 729 1166 et
762 1125 1000 1167 canonicus

166 1180 324 1229 factus,
344 1192 444 1221 cum
464 1179 658 1231 quodam
677 1180 749 1222 die
770 1181 999 1223 conciona-

167 1237 310 1277 torem
343 1236 508 1277 ordinis
536 1236 831 1278 EremitArum
860 1239 1001 1279 sancti

168 1292 402 1342 Augustini
422 1291 478 1334 de
496 1292 647 1335 mundi
664 1296 923 1348 contemptu
938 1295 1000 1336 di-

169 1352 341 1391 centem
373 1349 587 1400 audisset,
621 1363 674 1392 eo
708 1354 911 1394 sermone
940 1353 1000 1393 in-

168 1406 434 1456 flammatus,
466 1408 614 1449 statim
647 1407 852 1450 eumdem
884 1408 998 1451 ordi-

168 1475 268 1504 nem
287 1467 355 1504 est
373 1463 606 1515 ingressus.
638 1465 689 1505 In
710 1477 798 1517 quo
819 1470 910 1507 tam
930 1478 999 1507 ex-

168 1521 311 1561 actam
328 1520 548 1571 religiosae
566 1522 669 1562 vitae
692 1522 909 1564 rationem
929 1524 1000 1564 co—

168 1575 264 1624 luit,
289 1582 338 1618 ut
357 1579 516 1630 aspero
536 1580 714 1627 vestitu,
742 1578 1000 1620 verberibus

168 1637 212 1673 et
244 1632 385 1675 ferrea
417 1635 574 1675 catena
606 1647 770 1687 corpus
803 1635 999 1685 domans,

167 1694 300 1741 atque
329 1703 354 1731 a
383 1703 513 1732 carne
538 1696 583 1732 et
608 1692 726 1732 omni
753 1692 844 1733 fere
871 1691 999 1734 obso-

168 1746 239 1786 nio
265 1745 500 1796 abstinens,
525 1747 718 1797 caritate,
743 1748 1000 1800 humilitate,

169 1802 397 1853 patientia,
456 1806 703 1857 ceterisque
762 1805 999 1848 virtutibus

169 1858 265 1899 aliis
283 1859 557 1911 praeluceret.

223 1926 271 1976 R.
298 1924 478 1967 Amavit
497 1938 597 1967 eum
615 1927 847 1978 Dominus,
868 1933 912 1971 et
931 1942 998 1971 or-

168 1981 288 2022 navit
323 1993 436 2022 eum:
472 1982 632 2024 stolam
668 1984 820 2035 gloriae
858 1985 999 2027 induit

169 2049 278 2087 eum,
312 2041 334 2063 *
357 2038 413 2079 Et
440 2038 497 2080 ad
524 2044 677 2091 portas
705 2041 901 2093 paradisi
928 2055 998 2084 co-

168 2094 341 2135 ronavit
361 2107 470 2136 eum.
500 2092 548 2141 V.
568 2095 717 2139 Induit
732 2111 832 2139 eum
849 2099 998 2140 Domi-

169 2162 249 2190 nus
276 2150 458 2191 loricam
483 2151 597 2202 fidei,
626 2158 670 2194 et
693 2155 866 2196 ornavit
889 2168 999 2198 eum.

169 2205 225 2246 Et
243 2205 299 2247 ad
318 2212 481 2258 portas.

470 2277 624 2318 Lectio
646 2280 697 2319 vi.

173 2333 381 2440 Orandi
391 2337 615 2380 assiduum
630 2339 835 2390 studium,
851 2353 999 2392 quam-

269 2392 336 2432 vis
355 2395 521 2435 satanae
540 2395 708 2437 insidiis
729 2398 849 2439 varie
869 2400 997 2439 vexa-

168 2452 255 2497 tus,
293 2454 336 2490 et
375 2450 557 2500 flagellis
594 2453 814 2495 interdum
845 2450 1017 2504 caesuss

168 2516 256 2545 non
301 2504 626 2550 intermittebat.
684 2510 875 2551 Demum
920 2523 999 2552 sex

168 2565 269 2602 ante
315 2560 485 2602 obitum
529 2565 771 2615 mensibus,
816 2566 998 2617 singulis

168 2616 372 2659 noctibus
391 2618 634 2668 angelicum
649 2624 910 2663 concentum
926 2635 998 2663 au-

168 2671 292 2723 divit,
315 2675 436 2725 cujus
461 2675 678 2718 suavitate
698 2691 797 2718 cum
816 2679 900 2729 jam
923 2691 997 2731 pa-

1055 246 1191 290 radisi
1215 248 1377 298 gaudia
1395 251 1705 301 praegustaret,
1732 251 1890 293 crebro

1055 303 1162 345 illud
1205 304 1414 357 Apostoli
1455 306 1703 359 repetebat:
1748 308 1890 360 Cupio

1056 360 1250 410 dissolvi,
1277 366 1321 403 et
1341 374 1439 404 esse
1460 375 1560 404 cum
1581 362 1768 406 Christo.
1804 365 1890 406 De-

1054 417 1186 469 nique
1229 417 1378 460 obitus
1418 419 1486 460 sui
1528 419 1645 461 diem
1681 420 1890 463 fratribus

1054 473 1277 526 praedixit,
1304 475 1379 527 qui
1403 475 1483 517 fuit
1508 481 1668 528 quarto
1690 476 1797 518 Idus
1816 477 1888 520 Se-

1054 529 1280 582 ptembris.
1321 531 1546 574 Miraculis
1578 532 1727 575 multis
1758 533 1890 575 etiam

1054 591 1158 638 post
1185 591 1375 629 mortem
1405 587 1579 638 claruit,
1614 588 1773 640 quibus
1806 589 1890 632 rite

1055 647 1099 684 et
1118 642 1273 685 ordine
1292 644 1496 695 cognitis,
1516 645 1571 686 ab
1592 645 1791 696 Eugenio
1810 646 1889 688 Pa-

1053 712 1112 752 pa
1137 705 1296 752 quarto
1319 700 1363 741 in
1386 704 1641 744 sanctorum
1659 705 1890 744 numerum

1054 760 1123 797 est
1141 755 1318 798 relatus.

1111 813 1162 864 Re.
1183 812 1274 854 Iste
1293 812 1439 855 homo.
1460 813 1541 866 [72]

1112 878 1156 911 In
1177 878 1242 912 m.
1265 878 1465 913 Nocturno
1489 879 1663 913 Homilia
1687 880 1727 914 in
1743 879 1891 922 Evang.
1959 918 1963 920 .

1058 924 1184 960 Nolite
1226 924 1370 961 timere.
1417 927 1465 962 de
1505 927 1643 962 eodem
1685 927 1891 963 Communi

1056 973 1086 1007 2.
1111 972 1209 1007 loco.
1231 972 1302 1017 [79]

1109 1029 1154 1063 In
1177 1029 1378 1066 Laudibus
1402 1041 1599 1068 commem.
1625 1031 1794 1068 Octavae.

1109 1085 1210 1127 Ant.
1221 1084 1509 1127 Nativitatem
1518 1085 1781 1128 hodiernam
1790 1100 1887 1140 per-

1052 1142 1199 1193 petuae
1218 1141 1415 1192 Virginis
1440 1141 1677 1184 Genitricis
1695 1143 1781 1185 Dei
1798 1144 1888 1186 Ma-

1053 1199 1130 1238 riae
1169 1198 1426 1240 solemniter
1463 1198 1756 1250 celebremus,
1802 1214 1889 1253 qua

1053 1254 1271 1296 celsitudo
1289 1254 1437 1297 throni
1451 1256 1684 1308 processit,
1704 1257 1888 1309 alleluja.

1108 1308 1158 1359 V.
1195 1311 1416 1353 Nativitas
1455 1317 1524 1355 est
1554 1311 1688 1354 hodie
1721 1318 1887 1356 sanctae

1052 1367 1204 1408 Mariae
1226 1368 1433 1419 Virginis.
1477 1370 1527 1422 R.
1556 1369 1687 1420 Cujus
1711 1370 1802 1412 vita
1827 1371 1887 1411 in-

1053 1422 1171 1476 clyta
1189 1429 1372 1466 cunctas
1391 1424 1581 1467 illustrat
1600 1425 1820 1468 ecclesias.

1393 1491 1558 1533 Oratio.

1051 1540 1289 1647 Famulis
1305 1546 1404 1596 tuis,
1420 1548 1672 1599 quaesumus
1687 1548 1888 1599 Domine,

1149 1602 1344 1644 coelestis
1367 1603 1522 1655 gratiae
1545 1617 1706 1645 munus
1730 1605 1888 1658 imper-

1053 1661 1151 1701 tire:
1171 1664 1219 1701 ut
1239 1659 1398 1711 quibus
1417 1659 1564 1702 beatae
1578 1660 1774 1712 Virginis
1790 1674 1888 1714 par-

1053 1720 1125 1756 tus
1151 1716 1321 1758 exstitit
1344 1716 1500 1766 salutis
1526 1716 1774 1768 exordium,
1801 1717 1887 1759 Na-

1051 1772 1237 1814 tivitatis
1257 1773 1348 1825 ejus
1368 1775 1519 1815 votiva
1538 1773 1793 1816 solemnitas
1810 1787 1885 1827 pa-

1053 1829 1116 1870 cis
1140 1828 1306 1871 tribuat
1329 1830 1657 1872 incrementum.
1693 1831 1778 1872 Per
1797 1830 1885 1872 Do-

1052 1885 1218 1927 minum
1236 1891 1448 1928 nostrum.

1108 1952 1153 1986 In
1183 1952 1228 1987 ΙΙ.
1259 1952 1376 1996 Vesp.
1412 1953 1454 1987 fit
1484 1961 1682 1988 commem.
1713 1954 1888 1997 ejusdem

1055 2001 1225 2035 Octavae.

1107 2053 1208 2093 Ant.
1236 2051 1456 2093 Nativitas
1473 2056 1562 2102 tua,
1581 2052 1666 2094 Dei
1685 2053 1887 2096 Genitrix

1053 2108 1210 2158 Virgo,
1243 2107 1452 2158 gaudium
1487 2109 1761 2151 annuntiavit
1794 2111 1885 2152 uni-

1053 2167 1182 2207 verso
1199 2163 1382 2206 mundo:
1401 2177 1456 2206 ex
1474 2170 1519 2206 te
1540 2165 1658 2206 enim
1677 2167 1800 2208 ortus
1819 2171 1886 2208 est

1053 2221 1121 2263 sol
1140 2221 1333 2273 justitiae,
1356 2220 1559 2263 Christus
1577 2222 1702 2263 Deus
1721 2227 1886 2265 noster:

1055 2278 1129 2331 qui
1154 2277 1333 2319 solvens
1358 2277 1730 2330 maledictionem,
1763 2277 1887 2322 dedit

1052 2333 1417 2384 benedictionem,
1433 2339 1478 2376 et
1492 2334 1765 2376 confundens
1780 2348 1887 2377 mor·

1052 2398 1160 2441 tem,
1193 2390 1376 2432 donavit
1407 2390 1536 2433 nobis
1565 2391 1699 2432 vitam
1728 2393 1885 2445 sempi-

1052 2451 1235 2491 ternam.

1105 2500 1155 2551 V.
1191 2503 1412 2545 Nativitas
1449 2509 1517 2545 est
1549 2503 1684 2547 hodie
1719 2510 1885 2548 sanctae

1053 2563 1205 2603 Mariae
1231 2559 1437 2610 Virginis.
1472 2561 1523 2611 Rz.
1551 2560 1682 2612 Cujus
1708 2562 1799 2604 vita
1824 2564 1884 2603 in-

1053 2619 1169 2671 clyta
1188 2621 1370 2659 cunctas
1390 2615 1580 2658 illustrat
1599 2618 1819 2660 ecclesias.

1105 2676 1268 2717 Oratio.
1296 2676 1488 2718 Famulis
1507 2678 1606 2719 tuis.
1627 2683 1674 2720 ut
1693 2691 1838 2730 supra.
