2040 2944
542 274 705 313 Oratio.

207 326 388 431 DeuS‚
416 331 490 384 qui
517 343 599 372 nos
627 330 847 383 conspicis
874 342 930 372 ex
957 342 1031 372 no-

313 393 403 429 stra
440 387 694 428 infirmitate
733 386 939 428 deficere:
976 386 1033 428 ad

205 446 401 486 amorem
432 449 556 485 tuum
581 456 663 485 nos
690 443 1033 485 misericerditer

204 514 285 554 per
311 500 430 542 beati
454 499 622 541 Callisti
644 500 851 552 Martyris
879 500 943 541 tui
971 505 1031 541 at-

205 570 290 610 que
322 556 549 598 Pontificis
585 556 789 609 exempla
822 560 1032 598 restaura.

202 614 287 655 Per
305 613 554 655 Dominum.

419 703 503 744 Die
522 703 581 743 16.
601 700 818 743 Octobris.

236 770 288 811 B.
307 769 529 811 Victoris
539 768 633 864 I])[11.
658 768 791 819 Papae
812 772 854 807 et
876 768 996 807 Conf.

576 832 702 874 uplex.

258 888 393 921 Omnia
437 888 482 920 dc
522 886 725 920 Communi
768 885 875 920 Conf.
921 885 1029 920 Pont.

207 936 232 969 1.
259 937 356 977 loco,
383 940 523 979 practer
548 945 653 978 sequ.

539 991 701 1039 Oratio.

289 1060 382 1097 euS‚
408 1048 482 1100 qui
504 1060 585 1100 per
603 1046 782 1089 beatum
801 1046 1030 1088 Victerem

297 1103 605 1145 Confessorem
625 1108 748 1145 tuum
767 1108 901 1156 atque
919 1103 1030 1144 Pon-

201 1159 365 1202 tificem
390 1161 434 1201 in
462 1173 630 1202 summa
653 1160 864 1201 Ecclesiae
894 1158 1029 1211 digni-

201 1218 293 1258 tate
308 1216 568 1259 declinanda
584 1219 724 1269 eaque
739 1216 912 1265 tuenda,
926 1229 1030 1269 prae-

202 1273 369 1314 clarum
400 1273 656 1314 humilitatis
689 1278 733 1315 et
761 1273 1030 1314 fortitudinis

203 1330 452 1382 exemplum
472 1329 648 1371 dedisti:
672 1328 868 1371 concede
891 1329 1028 1380 nobis,

202 1387 293 1438 ejus
312 1387 478 1428 meritis
499 1392 542 1428 et
560 1386 818 1436 imitatione;
837 1385 1030 1427 hostium

203 1443 395 1484 emnium
414 1443 593 1484 insidias
612 1443 777 1484 invicto
797 1443 942 1484 animo
960 1455 1027 1484 su·

200 1501 369 1552 perare.
396 1499 480 1541 Per
500 1499 747 1540 Deminum.

260 1559 299 1591 In
333 1559 356 1592 Ι,
388 1559 585 1593 Noenu-no
619 1560 821 1593 Lectiones
854 1560 899 1593 dc
932 1560 1029 1593 Scri-

203 1610 314 1649 ptura
340 1613 571 1641 occurrente.

431 1673 479 1711 In
500 1673 550 1711 II.
572 1673 793 1712 Nocturno.

503 1738 655 1779 Lectio
678 1739 730 1778 iv.

250 1805 469 1861 «Γαζαίοῒοτ
491 1805 612 1856 Papa
639 1804 812 1853 tertiuS‚
845 1803 1025 1845 Deside-

215 1850 254 1915 *ζ
276 1846 342 1917 (ss
374 1862 464 1902 rius
477 1864 607 1902 antea
618 1860 772 1910 dictus,
785 1860 1026 1902 Beneventi

221 1916 228 1926 ²
238 1918 275 1935 ’
324 1916 329 1933 ”
373 1918 571 1971 principe
582 1917 744 1958 familia
755 1922 892 1966 natus,
905 1917 1023 1970 apri-

198 1975 280 2016 mis
307 1974 431 2016 annis
460 1974 618 2016 eximia
644 1974 808 2026 pietate
834 1977 1023 2015 morum-

200 2043 284 2082 que
310 2031 559 2072 innocentia
583 2030 808 2083 praefulsit.
843 2030 932 2071 Vix
954 2043 1023 2072 ex—

199 2088 296 2128 acta
317 2086 614 2129 adolescentia
632 2088 828 2128 terrenas
848 2087 1024 2139 nuptias

198 2146 442 2193 aversatus,
471 2157 579 2196 quas
605 2144 643 2185 ei
666 2145 870 2196 parentes
889 2146 1023 2184 statu-

199 2205 340 2250 erant,
386 2213 593 2252 sponsam
641 2199 754 2241 clam
800 2199 1024 2248 deserens,

199 2258 391 2297 eremum
410 2257 546 2309 petiit.
573 2257 714 2298 Matre
733 2269 840 2297 vero
861 2261 904 2297 et
924 2267 1039 2306 con-v

198 2314 444 2363 sanguineis
472 2313 517 2354 id
545 2326 661 2364 aegre
687 2312 941 2361 ferentibus,
968 2325 1022 2353 ne

197 2381 222 2409 a
259 2375 410 2410 sancto
447 2370 677 2421 proposito
715 2369 1022 2418 dimoveretur,

197 2424 402 2465 menachi
434 2425 567 2466 vitam
599 2425 845 2478 amplexus⁷
878 2425 1022 2466 varias

197 2483 444 2522 successive
459 2481 587 2523 sedes
602 2482 797 2523 mutavit.
825 2481 1022 2522 Cavense

198 2537 363 2578 scilicet
378 2538 689 2578 monasterium
699 2538 891 2587 incdlust,
902 2539 1020 2589 post-

197 2606 248 2634 ea
280 2593 337 2635 ad
363 2593 613 2635 coen6bium
638 2594 791 2634 insulae
815 2594 1021 2634 Tremitis

197 2649 390 2699 divertit,
418 2655 463 2691 et
488 2649 605 2701 apud
631 2653 835 2691 eremitas
859 2650 1020 2690 montis

195 2706 380 2758 Majellae
412 2705 649 2758 aliquando
682 2705 865 2747 delituit.
906 2706 1019 2746 Dein

580 179 651 213 Dic
678 179 726 212 lss.
753 178 831 212 Oct.
878 177 918 211 B.
944 176 1114 211 Victoris
1138 176 1202 211 ΙΙΙ.
1228 177 1346 220 Papae
1370 180 1406 210 et
1427 176 1535 211 Conf.

1087 286 1186 315 cum
1209 285 1264 315 ex
1287 273 1412 324 gravi
1429 271 1587 315 morbo
1607 272 1914 322 convaluisset,

1086 330 1315 371 Cassinum
1350 334 1545 371 montem
1581 328 1794 379 ascendit,
1836 329 1913 371 ubi

1085 391 1271 440 propter
1296 386 1539 438 singulares
1564 386 1749 427 virtutes
1773 398 1800 427 a
1823 387 1912 427 me-

1085 443 1236 484 nachis
1256 442 1409 484 Abbas
1429 442 1693 493 designatus,
1715 446 1760 484 et
1778 454 1804 483 a
1822 441 1913 484 Ste-

1084 499 1232 553 phano
1251 512 1368 541 nono
1389 499 1674 541 confirmatus
1694 503 1771 540 est.
1791 499 1914 551 Ejus·

1085 555 1187 597 dem
1214 556 1440 597 Pontificis
1470 560 1578 597 nutu
1607 555 1912 598 Constantino-

1084 612 1221 665 polim
1249 612 1441 664 Legatus
1468 612 1655 654 mittitur
1681 624 1764 665 pro
1791 612 1912 654 resti-

1083 669 1248 711 tuenda
1263 669 1475 711 Ecclesiae
1491 669 1779 712 Graecaecum
1792 669 1911 723 Apo-

1084 725 1240 768 stolica
1259 726 1373 768 Sede
1393 726 1710 768 communione.

1139 786 1188 837 R*-
1213 783 1363 824 Inveni
1382 782 1528 824 David
1555 795 1731 824 servum
1756 794 1914 834 meum,

1085 839 1183 882 oleo
1209 845 1361 882 sancto
1385 852 1485 882 meo
1509 839 1615 880 unxi
1641 852 1753 881 eum:
1777 842 1799 865 *
1822 839 1910 881 Ma-

1083 910 1164 938 nus
1216 897 1332 940 enim
1380 910 1479 939 mea
1528 895 1809 938 auxiliabitur
1862 895 1912 938 ei.

1084 948 1135 1001 V.
1160 953 1280 995 Nihil
1307 953 1510 1007 proficiet
1540 953 1739 994 inimicus
1771 953 1816 994 in
1847 965 1912 1003 eo,

1084 1015 1127 1052 et
1150 1010 1266 1052 filius
1285 1009 1527 1062 iniquitatis
1549 1022 1639 1051 non
1661 1008 1838 1051 nocebit
1861 1009 1911 1051 ei.

1082 1067 1248 1108 Manus.

1396 1118 1547 1158 Lectio
1567 1131 1604 1157 v.

1151 1180 1346 1234 tephano
1371 1179 1578 1222 defuncto
1603 1178 1660 1221 ad
1683 1178 1910 1221 Cassinen-

1161 1250 1208 1279 se
1229 1237 1482 1279 coenobium
1500 1237 1718 1285 reversus,
1742 1235 1866 1278 brevi
1884 1247 1910 1277 a

1081 1293 1268 1336 Nicolao
1294 1293 1490 1336 secundo
1511 1298 1675 1335 sanctae
1694 1293 1910 1334 Romanae

1082 1350 1293 1392 Ecclesiae
1344 1349 1588 1392 Cardinalis
1637 1349 1910 1391 renuntiatus

1081 1406 1178 1456 fuit,
1207 1407 1424 1459 simulque
1453 1406 1728 1447 Cassinensis
1755 1404 1910 1447 Abbas

1081 1462 1351 1505 benedictus.
1369 1463 1494 1504 Idem
1509 1462 1714 1504 Pontifex
1729 1462 1910 1514 ejusque

1081 1522 1361 1562 successeres
1391 1532 1491 1561 eum
1522 1518 1580 1561 ad
1605 1519 1832 1571 praecipua
1857 1530 1909 1560 ac

1081 1576 1336 1619 difficillima
1362 1575 1576 1618 Ecclesiae
1607 1574 1786 1626 negotia
1811 1587 1908 1627 per-

1079 1633 1313 1676 tractanda
1332 1633 1621 1682 destinarunt,
1649 1631 1753 1684 quin
1772 1643 1799 1672 a
1817 1644 1907 1673 mo-

1079 1689 1320 1732 nachorum
1342 1689 1552 1741 regimine
1577 1687 1909 1739 distraheretur;

1079 1760 1180 1788 nam
1205 1760 1293 1788 non
1320 1747 1463 1788 solum
1491 1748 1644 1788 eorum
1672 1749 1802 1786 aucto
1830 1747 1906 1786 mi-

1079 1816 1201 1845 mero
1223 1808 1387 1845 sanctae
1402 1802 1565 1854 regulae
1581 1801 1908 1843 observantiam

1079 1861 1319 1913 promovit,
1347 1858 1428 1901 sed
1456 1858 1708 1901 coenobium
1734 1857 1826 1899 fere
1852 1870 1907 1899 ex

1078 1919 1249 1968 integro
1278 1916 1479 1958 restituit.
1531 1914 1766 1957 Basilicam
1792 1916 1906 1955 insu-

1078 1986 1157 2026 per
1193 1974 1333 2015 sancti
1372 1972 1511 2026 patris
1548 1971 1777 2013 Benedicti
1813 1972 1904 2012 cer-

1077 2042 1186 2082 pore
1228 2030 1406 2079 claram,
1456 2028 1570 2070 adeo
1612 2026 1844 2080 splendide
1879 2040 1906 2068 a

1077 2085 1372 2127 fundamentis
1410 2085 1635 2134 excitavit,
1680 2083 1904 2136 pretiosis-

1078 2155 1163 2194 que
1177 2141 1398 2195 lapidibus
1410 2142 1465 2184 ab
1477 2140 1762 2183 orientalibus
1773 2140 1904 2181 etiam

1077 2199 1167 2240 oris
1186 2199 1396 2247 advectis,
1415 2198 1624 2250 operibus
1640 2197 1832 2246 musivis,
1852 2208 1903 2237 ac

1076 2268 1200 2296 sacra
1220 2255 1481 2307 supellectili
1495 2255 1605 2295 mira
1619 2259 1712 2295 arte
1726 2254 1902 2303 magno-

1077 2324 1162 2363 que
1191 2317 1370 2364 sumptu
1397 2311 1623 2352 elaborata
1654 2309 1824 2357 ditavit,
1855 2314 1903 2350 ut

1075 2367 1338 2419 praeclarum
1373 2367 1682 2409 munificentiae
1719 2365 1810 2416 ejus
1842 2365 1901 2405 in-

1074 2422 1903 2477 geniiqueexstetmonumentumHanc

1074 2480 1300 2522 basilicam
1326 2479 1579 2522 Alexander
1607 2477 1826 2519 secundus
1858 2478 1901 2518 in

1075 2537 1246 2586 signum
1274 2549 1366 2577 suae
1395 2549 1498 2587 erga
1524 2535 1801 2577 Desiderium
1828 2533 1900 2574 be-

1075 2593 1351 2642 nevolentiae,
1377 2592 1665 2640 consecravit,
1692 2590 1899 2632 adstanti-

1074 2648 1156 2689 bus
1194 2649 1527 2702 quamplurimis
1563 2647 1815 2700 Episcopis,
1857 2650 1901 2687 et

1075 2705 1392 2755 Cardinalibus‚
1410 2705 1523 2746 inter
1540 2717 1651 2756 quos
1666 2703 1786 2754 digni
1799 2707 1902 2744 sunt
