<?xml version="1.0" encoding="UTF-8"?>
<!DOCTYPE html PUBLIC "-//W3C//DTD XHTML 1.0 Transitional//EN"
    "http://www.w3.org/TR/xhtml1/DTD/xhtml1-transitional.dtd">
<html xmlns="http://www.w3.org/1999/xhtml" xml:lang="en" lang="en">
 <head>
  <title>
</title>
<meta http-equiv="Content-Type" content="text/html;charset=utf-8" />
  <meta name='ocr-system' content='tesseract 3.04.00' />
  <meta name='ocr-capabilities' content='ocr_page ocr_carea ocr_par ocr_line ocrx_word'/>
</head>
<body>
  <div class='ocr_page' id='page_1' title='image "./p4breviariumroma00cathuoft_0851.png"; bbox 0 0 2040 2944; ppageno 0'>
   <div class='ocr_carea' id='block_1_1' title="bbox 461 180 1828 233">
    <p class='ocr_par' dir='ltr' id='par_1_1' title="bbox 461 180 1828 233">
     <span class='ocr_line' id='line_1_1' title="bbox 461 180 1828 233; baseline 0.012 -19"><span class='ocrx_word' id='word_1_1' title='bbox 461 180 532 215; x_wconf 77' lang='lat' dir='ltr'>Die</span> <span class='ocrx_word' id='word_1_2' title='bbox 557 182 587 215; x_wconf 85' lang='lat'>3.</span> <span class='ocrx_word' id='word_1_3' title='bbox 611 182 714 226; x_wconf 85' lang='lat' dir='ltr'>Sept.</span> <span class='ocrx_word' id='word_1_4' title='bbox 760 183 795 218; x_wconf 86' lang='lat' dir='ltr'>S.</span> <span class='ocrx_word' id='word_1_5' title='bbox 820 185 1021 221; x_wconf 74' lang='lat' dir='ltr'>Elisabeth</span> <span class='ocrx_word' id='word_1_6' title='bbox 1046 187 1135 230; x_wconf 72' lang='lat' dir='ltr'>Reg.</span> <span class='ocrx_word' id='word_1_7' title='bbox 1163 189 1371 233; x_wconf 69' lang='lat' dir='ltr'>Portugall.</span> <span class='ocrx_word' id='word_1_8' title='bbox 1397 192 1482 227; x_wconf 73' lang='lat' dir='ltr'>vid.</span> <span class='ocrx_word' id='word_1_9' title='bbox 1783 187 1828 222; x_wconf 78' lang='lat'>7*</span> 
     </span>
    </p>
   </div>
   <div class='ocr_carea' id='block_1_2' title="bbox 75 275 951 1792">
    <p class='ocr_par' dir='ltr' id='par_1_2' title="bbox 425 275 650 317">
     <span class='ocr_line' id='line_1_2' title="bbox 425 275 650 317; baseline 0.009 -3"><span class='ocrx_word' id='word_1_10' title='bbox 425 275 577 317; x_wconf 83' lang='lat' dir='ltr'>Lectio</span> <span class='ocrx_word' id='word_1_11' title='bbox 597 277 650 317; x_wconf 91' lang='lat' dir='ltr'>vi.</span> 
     </span>
    </p>

    <p class='ocr_par' dir='ltr' id='par_1_3' title="bbox 123 327 951 433">
     <span class='ocr_line' id='line_1_3' title="bbox 123 327 951 433; baseline 0.011 -65"><span class='ocrx_word' id='word_1_12' title='bbox 123 327 387 433; x_wconf 88' lang='lat' dir='ltr'>Defuncto</span> <span class='ocrx_word' id='word_1_13' title='bbox 424 343 528 382; x_wconf 90' lang='lat' dir='ltr'>rege</span> <span class='ocrx_word' id='word_1_14' title='bbox 564 332 795 385; x_wconf 71' lang='lat' dir='ltr'>Dionysio,</span> <span class='ocrx_word' id='word_1_15' title='bbox 838 335 951 377; x_wconf 92' lang='lat' dir='ltr'>sicut</span> 
     </span>
    </p>

    <p class='ocr_par' dir='ltr' id='par_1_4' title="bbox 75 386 950 1792">
     <span class='ocr_line' id='line_1_4' title="bbox 222 386 950 441; baseline 0.01 -15"><span class='ocrx_word' id='word_1_16' title='bbox 222 386 463 437; x_wconf 86' lang='lat' dir='ltr'>virginibus</span> <span class='ocrx_word' id='word_1_17' title='bbox 490 388 534 428; x_wconf 93' lang='lat' dir='ltr'>in</span> <span class='ocrx_word' id='word_1_18' title='bbox 562 389 701 441; x_wconf 88' lang='lat' dir='ltr'>prima</span> <span class='ocrx_word' id='word_1_19' title='bbox 730 393 879 441; x_wconf 77' lang='lat' dir='ltr'>aetate,</span> <span class='ocrx_word' id='word_1_20' title='bbox 907 393 950 432; x_wconf 90' lang='lat' dir='ltr'>in</span> 
     </span>
     <span class='ocr_line' id='line_1_5' title="bbox 122 442 950 496; baseline 0.011 -15"><span class='ocrx_word' id='word_1_21' title='bbox 122 442 404 484; x_wconf 90' lang='lat' dir='ltr'>matrimonio</span> <span class='ocrx_word' id='word_1_22' title='bbox 430 444 703 496; x_wconf 89' lang='lat' dir='ltr'>conjugibus,</span> <span class='ocrx_word' id='word_1_23' title='bbox 729 447 789 488; x_wconf 89' lang='lat' dir='ltr'>ita</span> <span class='ocrx_word' id='word_1_24' title='bbox 808 447 950 489; x_wconf 89' lang='lat' dir='ltr'>viduis</span> 
     </span>
     <span class='ocr_line' id='line_1_6' title="bbox 123 498 950 545; baseline 0.01 -7"><span class='ocrx_word' id='word_1_25' title='bbox 123 498 166 538; x_wconf 91' lang='lat' dir='ltr'>in</span> <span class='ocrx_word' id='word_1_26' title='bbox 187 498 423 541; x_wconf 90' lang='lat' dir='ltr'>solitudine</span> <span class='ocrx_word' id='word_1_27' title='bbox 438 500 518 542; x_wconf 88' lang='lat' dir='ltr'>fuit</span> <span class='ocrx_word' id='word_1_28' title='bbox 532 502 726 543; x_wconf 93' lang='lat' dir='ltr'>omnium</span> <span class='ocrx_word' id='word_1_29' title='bbox 739 503 950 545; x_wconf 89' lang='lat' dir='ltr'>virtutum</span> 
     </span>
     <span class='ocr_line' id='line_1_7' title="bbox 123 555 950 611; baseline 0.01 -17"><span class='ocrx_word' id='word_1_30' title='bbox 123 555 358 608; x_wconf 85' lang='lat' dir='ltr'>exemplar.</span> <span class='ocrx_word' id='word_1_31' title='bbox 420 556 545 598; x_wconf 92' lang='lat' dir='ltr'>Illico</span> <span class='ocrx_word' id='word_1_32' title='bbox 585 559 700 599; x_wconf 90' lang='lat' dir='ltr'>enim</span> <span class='ocrx_word' id='word_1_33' title='bbox 735 559 950 611; x_wconf 87' lang='lat' dir='ltr'>religiosis</span> 
     </span>
     <span class='ocr_line' id='line_1_8' title="bbox 123 611 949 666; baseline 0.008 -15"><span class='ocrx_word' id='word_1_34' title='bbox 123 616 287 652; x_wconf 84' lang='lat' dir='ltr'>sanctae</span> <span class='ocrx_word' id='word_1_35' title='bbox 305 611 446 653; x_wconf 81' lang='lat' dir='ltr'>Clarae</span> <span class='ocrx_word' id='word_1_36' title='bbox 471 613 666 655; x_wconf 89' lang='lat' dir='ltr'>vestibus</span> <span class='ocrx_word' id='word_1_37' title='bbox 691 614 858 666; x_wconf 90' lang='lat' dir='ltr'>induta,</span> <span class='ocrx_word' id='word_1_38' title='bbox 887 619 949 658; x_wconf 94' lang='lat' dir='ltr'>re-</span> 
     </span>
     <span class='ocr_line' id='line_1_9' title="bbox 121 667 950 722; baseline 0.01 -15"><span class='ocrx_word' id='word_1_39' title='bbox 121 667 194 717; x_wconf 89' lang='lat' dir='ltr'>gio</span> <span class='ocrx_word' id='word_1_40' title='bbox 218 667 359 710; x_wconf 92' lang='lat' dir='ltr'>funeri</span> <span class='ocrx_word' id='word_1_41' title='bbox 383 671 637 712; x_wconf 82' lang='lat' dir='ltr'>constanter</span> <span class='ocrx_word' id='word_1_42' title='bbox 662 671 870 722; x_wconf 89' lang='lat' dir='ltr'>interfuit,</span> <span class='ocrx_word' id='word_1_43' title='bbox 899 686 950 715; x_wconf 86' lang='lat' dir='ltr'>ac</span> 
     </span>
     <span class='ocr_line' id='line_1_10' title="bbox 121 723 947 781; baseline 0.007 -17"><span class='ocrx_word' id='word_1_44' title='bbox 121 723 254 775; x_wconf 90' lang='lat' dir='ltr'>paulo</span> <span class='ocrx_word' id='word_1_45' title='bbox 292 730 396 777; x_wconf 89' lang='lat' dir='ltr'>post</span> <span class='ocrx_word' id='word_1_46' title='bbox 437 726 781 779; x_wconf 88' lang='lat' dir='ltr'>Compostellam</span> <span class='ocrx_word' id='word_1_47' title='bbox 818 730 947 781; x_wconf 91' lang='lat' dir='ltr'>profi-</span> 
     </span>
     <span class='ocr_line' id='line_1_11' title="bbox 121 781 947 837; baseline 0.008 -17"><span class='ocrx_word' id='word_1_48' title='bbox 121 781 305 830; x_wconf 89' lang='lat' dir='ltr'>ciscens,</span> <span class='ocrx_word' id='word_1_49' title='bbox 336 781 474 823; x_wconf 85' lang='lat' dir='ltr'>multa</span> <span class='ocrx_word' id='word_1_50' title='bbox 507 795 561 823; x_wconf 88' lang='lat' dir='ltr'>ex</span> <span class='ocrx_word' id='word_1_51' title='bbox 588 782 852 837; x_wconf 90' lang='lat' dir='ltr'>holoserico,</span> <span class='ocrx_word' id='word_1_52' title='bbox 885 799 947 827; x_wconf 88' lang='lat' dir='ltr'>ar-</span> 
     </span>
     <span class='ocr_line' id='line_1_12' title="bbox 119 837 948 891; baseline 0.008 -15"><span class='ocrx_word' id='word_1_53' title='bbox 119 837 270 887; x_wconf 88' lang='lat' dir='ltr'>gento,</span> <span class='ocrx_word' id='word_1_54' title='bbox 305 850 430 887; x_wconf 91' lang='lat' dir='ltr'>auro,</span> <span class='ocrx_word' id='word_1_55' title='bbox 462 841 734 891; x_wconf 85' lang='lat' dir='ltr'>gemmisque</span> <span class='ocrx_word' id='word_1_56' title='bbox 767 841 948 883; x_wconf 79' lang='lat' dir='ltr'>donaria</span> 
     </span>
     <span class='ocr_line' id='line_1_13' title="bbox 119 894 947 944; baseline 0.01 -12"><span class='ocrx_word' id='word_1_57' title='bbox 119 905 202 944; x_wconf 91' lang='lat' dir='ltr'>pro</span> <span class='ocrx_word' id='word_1_58' title='bbox 230 894 344 944; x_wconf 88' lang='lat' dir='ltr'>regis</span> <span class='ocrx_word' id='word_1_59' title='bbox 370 895 514 936; x_wconf 79' lang='lat' dir='ltr'>anima</span> <span class='ocrx_word' id='word_1_60' title='bbox 541 894 710 938; x_wconf 91' lang='lat' dir='ltr'>obtulit.</span> <span class='ocrx_word' id='word_1_61' title='bbox 753 898 862 940; x_wconf 90' lang='lat' dir='ltr'>Inde</span> <span class='ocrx_word' id='word_1_62' title='bbox 884 912 947 940; x_wconf 94' lang='lat' dir='ltr'>re—</span> 
     </span>
     <span class='ocr_line' id='line_1_14' title="bbox 120 949 947 1005; baseline 0.008 -15"><span class='ocrx_word' id='word_1_63' title='bbox 120 950 248 990; x_wconf 90' lang='lat' dir='ltr'>versa</span> <span class='ocrx_word' id='word_1_64' title='bbox 280 949 475 1000; x_wconf 91' lang='lat' dir='ltr'>domum,</span> <span class='ocrx_word' id='word_1_65' title='bbox 517 952 733 1005; x_wconf 91' lang='lat' dir='ltr'>quidquid</span> <span class='ocrx_word' id='word_1_66' title='bbox 765 954 847 996; x_wconf 91' lang='lat' dir='ltr'>sibi</span> <span class='ocrx_word' id='word_1_67' title='bbox 881 968 947 996; x_wconf 90' lang='lat' dir='ltr'>ca-</span> 
     </span>
     <span class='ocr_line' id='line_1_15' title="bbox 119 1008 946 1063; baseline 0.007 -17"><span class='ocrx_word' id='word_1_68' title='bbox 119 1018 215 1046; x_wconf 91' lang='lat' dir='ltr'>rum</span> <span class='ocrx_word' id='word_1_69' title='bbox 249 1011 324 1047; x_wconf 89' lang='lat' dir='ltr'>aut</span> <span class='ocrx_word' id='word_1_70' title='bbox 355 1008 599 1060; x_wconf 90' lang='lat' dir='ltr'>pretiosum</span> <span class='ocrx_word' id='word_1_71' title='bbox 627 1012 872 1063; x_wconf 88' lang='lat' dir='ltr'>supererat,</span> <span class='ocrx_word' id='word_1_72' title='bbox 903 1011 946 1051; x_wconf 92' lang='lat' dir='ltr'>in</span> 
     </span>
     <span class='ocr_line' id='line_1_16' title="bbox 119 1063 945 1116; baseline 0.008 -14"><span class='ocrx_word' id='word_1_73' title='bbox 119 1074 270 1104; x_wconf 87' lang='lat' dir='ltr'>sacros</span> <span class='ocrx_word' id='word_1_74' title='bbox 293 1076 344 1104; x_wconf 92' lang='lat' dir='ltr'>ac</span> <span class='ocrx_word' id='word_1_75' title='bbox 366 1063 466 1116; x_wconf 89' lang='lat' dir='ltr'>pios</span> <span class='ocrx_word' id='word_1_76' title='bbox 490 1077 596 1105; x_wconf 92' lang='lat' dir='ltr'>usus</span> <span class='ocrx_word' id='word_1_77' title='bbox 616 1067 845 1109; x_wconf 89' lang='lat' dir='ltr'>convertit:</span> <span class='ocrx_word' id='word_1_78' title='bbox 874 1067 945 1109; x_wconf 91' lang='lat' dir='ltr'>ab·</span> 
     </span>
     <span class='ocr_line' id='line_1_17' title="bbox 119 1118 946 1174; baseline 0.007 -15"><span class='ocrx_word' id='word_1_79' title='bbox 119 1118 423 1171; x_wconf 68' lang='lat' dir='ltr'>solvendoque</span> <span class='ocrx_word' id='word_1_80' title='bbox 460 1133 539 1161; x_wconf 91' lang='lat' dir='ltr'>suo</span> <span class='ocrx_word' id='word_1_81' title='bbox 572 1134 674 1163; x_wconf 91' lang='lat' dir='ltr'>vere</span> <span class='ocrx_word' id='word_1_82' title='bbox 711 1124 832 1174; x_wconf 88' lang='lat' dir='ltr'>regio</span> <span class='ocrx_word' id='word_1_83' title='bbox 867 1124 946 1165; x_wconf 88' lang='lat' dir='ltr'>Co—</span> 
     </span>
     <span class='ocr_line' id='line_1_18' title="bbox 118 1174 946 1229; baseline 0.01 -15"><span class='ocrx_word' id='word_1_84' title='bbox 118 1174 399 1217; x_wconf 91' lang='lat' dir='ltr'>nimbricensi</span> <span class='ocrx_word' id='word_1_85' title='bbox 418 1177 634 1227; x_wconf 90' lang='lat' dir='ltr'>virginum</span> <span class='ocrx_word' id='word_1_86' title='bbox 654 1179 874 1229; x_wconf 88' lang='lat' dir='ltr'>coenobio,</span> <span class='ocrx_word' id='word_1_87' title='bbox 903 1185 946 1222; x_wconf 89' lang='lat' dir='ltr'>et</span> 
     </span>
     <span class='ocr_line' id='line_1_19' title="bbox 118 1230 945 1288; baseline 0.008 -17"><span class='ocrx_word' id='word_1_88' title='bbox 118 1230 286 1272; x_wconf 90' lang='lat' dir='ltr'>alendis</span> <span class='ocrx_word' id='word_1_89' title='bbox 305 1233 585 1285; x_wconf 90' lang='lat' dir='ltr'>pauperibus,</span> <span class='ocrx_word' id='word_1_90' title='bbox 605 1239 649 1276; x_wconf 90' lang='lat' dir='ltr'>et</span> <span class='ocrx_word' id='word_1_91' title='bbox 664 1236 945 1288; x_wconf 66' lang='lat' dir='ltr'>protegendis</span> 
     </span>
     <span class='ocr_line' id='line_1_20' title="bbox 117 1288 944 1344; baseline 0.007 -16"><span class='ocrx_word' id='word_1_92' title='bbox 117 1288 272 1339; x_wconf 89' lang='lat' dir='ltr'>viduis,</span> <span class='ocrx_word' id='word_1_93' title='bbox 298 1288 584 1332; x_wconf 80' lang='lat' dir='ltr'>defendendis</span> <span class='ocrx_word' id='word_1_94' title='bbox 605 1292 794 1344; x_wconf 90' lang='lat' dir='ltr'>pupillis,</span> <span class='ocrx_word' id='word_1_95' title='bbox 820 1296 944 1335; x_wconf 92' lang='lat' dir='ltr'>mise-</span> 
     </span>
     <span class='ocr_line' id='line_1_21' title="bbox 117 1344 944 1399; baseline 0.008 -15"><span class='ocrx_word' id='word_1_96' title='bbox 117 1344 176 1385; x_wconf 89' lang='lat' dir='ltr'>ris</span> <span class='ocrx_word' id='word_1_97' title='bbox 201 1345 403 1387; x_wconf 90' lang='lat' dir='ltr'>omnibus</span> <span class='ocrx_word' id='word_1_98' title='bbox 425 1346 625 1398; x_wconf 78' lang='lat' dir='ltr'>juvandis</span> <span class='ocrx_word' id='word_1_99' title='bbox 649 1348 829 1399; x_wconf 87' lang='lat' dir='ltr'>intenta,</span> <span class='ocrx_word' id='word_1_100' title='bbox 858 1363 944 1391; x_wconf 92' lang='lat' dir='ltr'>non</span> 
     </span>
     <span class='ocr_line' id='line_1_22' title="bbox 117 1400 943 1453; baseline 0.008 -13"><span class='ocrx_word' id='word_1_101' title='bbox 117 1400 211 1451; x_wconf 87' lang='lat' dir='ltr'>sibi,</span> <span class='ocrx_word' id='word_1_102' title='bbox 236 1401 316 1443; x_wconf 91' lang='lat' dir='ltr'>sed</span> <span class='ocrx_word' id='word_1_103' title='bbox 333 1402 443 1453; x_wconf 93' lang='lat' dir='ltr'>Deo,</span> <span class='ocrx_word' id='word_1_104' title='bbox 464 1409 513 1446; x_wconf 83' lang='lat' dir='ltr'>et</span> <span class='ocrx_word' id='word_1_105' title='bbox 534 1405 787 1446; x_wconf 81' lang='lat' dir='ltr'>mortalium</span> <span class='ocrx_word' id='word_1_106' title='bbox 811 1407 943 1447; x_wconf 90' lang='lat' dir='ltr'>omni-</span> 
     </span>
     <span class='ocr_line' id='line_1_23' title="bbox 115 1459 944 1513; baseline 0.007 -15"><span class='ocrx_word' id='word_1_107' title='bbox 115 1470 189 1498; x_wconf 91' lang='lat' dir='ltr'>um</span> <span class='ocrx_word' id='word_1_108' title='bbox 203 1459 448 1501; x_wconf 87' lang='lat' dir='ltr'>commodis</span> <span class='ocrx_word' id='word_1_109' title='bbox 465 1461 652 1503; x_wconf 83' lang='lat' dir='ltr'>vivebat.</span> <span class='ocrx_word' id='word_1_110' title='bbox 672 1462 817 1513; x_wconf 84' lang='lat' dir='ltr'>Reges</span> <span class='ocrx_word' id='word_1_111' title='bbox 834 1463 944 1504; x_wconf 93' lang='lat' dir='ltr'>duos</span> 
     </span>
     <span class='ocr_line' id='line_1_24' title="bbox 115 1513 943 1570; baseline 0.01 -17"><span class='ocrx_word' id='word_1_112' title='bbox 115 1513 253 1563; x_wconf 88' lang='lat' dir='ltr'>filium</span> <span class='ocrx_word' id='word_1_113' title='bbox 298 1520 342 1557; x_wconf 89' lang='lat' dir='ltr'>et</span> <span class='ocrx_word' id='word_1_114' title='bbox 385 1518 595 1566; x_wconf 88' lang='lat' dir='ltr'>generum</span> <span class='ocrx_word' id='word_1_115' title='bbox 639 1519 943 1570; x_wconf 89' lang='lat' dir='ltr'>pacificatura,</span> 
     </span>
     <span class='ocr_line' id='line_1_25' title="bbox 115 1569 942 1626; baseline 0.008 -16"><span class='ocrx_word' id='word_1_116' title='bbox 115 1569 398 1613; x_wconf 87' lang='lat' dir='ltr'>Stremotium</span> <span class='ocrx_word' id='word_1_117' title='bbox 423 1572 570 1615; x_wconf 86' lang='lat' dir='ltr'>nobile</span> <span class='ocrx_word' id='word_1_118' title='bbox 591 1574 805 1626; x_wconf 89' lang='lat' dir='ltr'>oppidum</span> <span class='ocrx_word' id='word_1_119' title='bbox 828 1577 942 1617; x_wconf 89' lang='lat' dir='ltr'>veni-</span> 
     </span>
     <span class='ocr_line' id='line_1_26' title="bbox 116 1627 942 1682; baseline 0.008 -16"><span class='ocrx_word' id='word_1_120' title='bbox 116 1638 207 1674; x_wconf 88' lang='lat' dir='ltr'>ens,</span> <span class='ocrx_word' id='word_1_121' title='bbox 243 1627 400 1670; x_wconf 92' lang='lat' dir='ltr'>morbo</span> <span class='ocrx_word' id='word_1_122' title='bbox 433 1641 488 1670; x_wconf 84' lang='lat' dir='ltr'>ex</span> <span class='ocrx_word' id='word_1_123' title='bbox 519 1630 673 1672; x_wconf 90' lang='lat' dir='ltr'>itinere</span> <span class='ocrx_word' id='word_1_124' title='bbox 705 1634 942 1682; x_wconf 79' lang='lat' dir='ltr'>contracto,</span> 
     </span>
     <span class='ocr_line' id='line_1_27' title="bbox 113 1681 942 1740; baseline 0.008 -17"><span class='ocrx_word' id='word_1_125' title='bbox 113 1681 278 1724; x_wconf 84' lang='lat' dir='ltr'>ibidem</span> <span class='ocrx_word' id='word_1_126' title='bbox 301 1697 326 1725; x_wconf 91' lang='lat' dir='ltr'>a</span> <span class='ocrx_word' id='word_1_127' title='bbox 343 1685 526 1736; x_wconf 88' lang='lat' dir='ltr'>Virgine</span> <span class='ocrx_word' id='word_1_128' title='bbox 550 1687 743 1740; x_wconf 89' lang='lat' dir='ltr'>Deipara</span> <span class='ocrx_word' id='word_1_129' title='bbox 767 1688 942 1730; x_wconf 81' lang='lat' dir='ltr'>visitata</span> 
     </span>
     <span class='ocr_line' id='line_1_28' title="bbox 75 1740 940 1792; baseline 0.008 -13"><span class='ocrx_word' id='word_1_130' title='bbox 75 1782 78 1783; x_wconf 17' lang='lat'><em>⁷</em></span> <span class='ocrx_word' id='word_1_131' title='bbox 115 1740 387 1783; x_wconf 82' lang='lat' dir='ltr'>sanctissime</span> <span class='ocrx_word' id='word_1_132' title='bbox 415 1742 540 1792; x_wconf 89' lang='lat' dir='ltr'>obiit,</span> <span class='ocrx_word' id='word_1_133' title='bbox 570 1756 684 1785; x_wconf 91' lang='lat' dir='ltr'>anno</span> <span class='ocrx_word' id='word_1_134' title='bbox 708 1744 940 1786; x_wconf 88' lang='lat' dir='ltr'>millesimo</span> 
     </span>
    </p>
   </div>
   <div class='ocr_carea' id='block_1_3' title="bbox 114 1798 1009 1850">
    <p class='ocr_par' dir='ltr' id='par_1_5' title="bbox 114 1798 1009 1850">
     <span class='ocr_line' id='line_1_29' title="bbox 114 1798 1009 1850; baseline 0.008 -13"><span class='ocrx_word' id='word_1_135' title='bbox 114 1798 424 1840; x_wconf 90' lang='lat' dir='ltr'>trecentesimo</span> <span class='ocrx_word' id='word_1_136' title='bbox 458 1799 682 1850; x_wconf 89' lang='lat' dir='ltr'>trigesimo</span> <span class='ocrx_word' id='word_1_137' title='bbox 715 1807 840 1843; x_wconf 83' lang='lat' dir='ltr'>sexto</span> <span class='ocrx_word' id='word_1_138' title='bbox 871 1801 941 1843; x_wconf 91' lang='lat' dir='ltr'>die</span> <span class='ocrx_word' id='word_1_139' title='bbox 1005 1820 1009 1824; x_wconf 92' lang='lat'>·</span> 
     </span>
    </p>
   </div>
   <div class='ocr_carea' id='block_1_4' title="bbox 110 1854 940 2750">
    <p class='ocr_par' dir='ltr' id='par_1_6' title="bbox 111 1854 940 2472">
     <span class='ocr_line' id='line_1_30' title="bbox 115 1854 940 1904; baseline 0.008 -12"><span class='ocrx_word' id='word_1_140' title='bbox 115 1858 270 1904; x_wconf 88' lang='lat' dir='ltr'>quarta</span> <span class='ocrx_word' id='word_1_141' title='bbox 296 1854 409 1895; x_wconf 89' lang='lat' dir='ltr'>Julii.</span> <span class='ocrx_word' id='word_1_142' title='bbox 446 1856 554 1897; x_wconf 90' lang='lat' dir='ltr'>Post</span> <span class='ocrx_word' id='word_1_143' title='bbox 582 1862 770 1899; x_wconf 88' lang='lat' dir='ltr'>mortem</span> <span class='ocrx_word' id='word_1_144' title='bbox 794 1858 940 1899; x_wconf 93' lang='lat' dir='ltr'>multis</span> 
     </span>
     <span class='ocr_line' id='line_1_31' title="bbox 114 1909 940 1966; baseline 0.008 -17"><span class='ocrx_word' id='word_1_145' title='bbox 114 1909 336 1951; x_wconf 74' lang='lat' dir='ltr'>miraculis</span> <span class='ocrx_word' id='word_1_146' title='bbox 366 1911 538 1962; x_wconf 76' lang='lat' dir='ltr'>claruit,</span> <span class='ocrx_word' id='word_1_147' title='bbox 570 1914 818 1966; x_wconf 81' lang='lat' dir='ltr'>praesertim</span> <span class='ocrx_word' id='word_1_148' title='bbox 847 1927 940 1956; x_wconf 89' lang='lat' dir='ltr'>sua-</span> 
     </span>
     <span class='ocr_line' id='line_1_32' title="bbox 114 1966 940 2022; baseline 0.008 -17"><span class='ocrx_word' id='word_1_149' title='bbox 114 1966 294 2008; x_wconf 89' lang='lat' dir='ltr'>vissimo</span> <span class='ocrx_word' id='word_1_150' title='bbox 333 1969 533 2020; x_wconf 91' lang='lat' dir='ltr'>corporis</span> <span class='ocrx_word' id='word_1_151' title='bbox 570 1970 654 2020; x_wconf 88' lang='lat' dir='ltr'>jam</span> <span class='ocrx_word' id='word_1_152' title='bbox 690 1983 770 2022; x_wconf 92' lang='lat' dir='ltr'>per</span> <span class='ocrx_word' id='word_1_153' title='bbox 801 1983 940 2012; x_wconf 88' lang='lat' dir='ltr'>annos</span> 
     </span>
     <span class='ocr_line' id='line_1_33' title="bbox 114 2020 940 2078; baseline 0.01 -17"><span class='ocrx_word' id='word_1_154' title='bbox 114 2020 204 2063; x_wconf 89' lang='lat' dir='ltr'>fere</span> <span class='ocrx_word' id='word_1_155' title='bbox 242 2025 464 2066; x_wconf 91' lang='lat' dir='ltr'>trecentos</span> <span class='ocrx_word' id='word_1_156' title='bbox 506 2025 748 2078; x_wconf 82' lang='lat' dir='ltr'>incorrupti</span> <span class='ocrx_word' id='word_1_157' title='bbox 785 2027 940 2078; x_wconf 85' lang='lat' dir='ltr'>odore;</span> 
     </span>
     <span class='ocr_line' id='line_1_34' title="bbox 114 2079 939 2134; baseline 0.01 -17"><span class='ocrx_word' id='word_1_158' title='bbox 114 2089 288 2130; x_wconf 90' lang='lat' dir='ltr'>semper</span> <span class='ocrx_word' id='word_1_159' title='bbox 312 2079 442 2121; x_wconf 90' lang='lat' dir='ltr'>etiam</span> <span class='ocrx_word' id='word_1_160' title='bbox 469 2083 630 2131; x_wconf 82' lang='lat' dir='ltr'>reginae</span> <span class='ocrx_word' id='word_1_161' title='bbox 656 2087 820 2124; x_wconf 83' lang='lat' dir='ltr'>sanctae</span> <span class='ocrx_word' id='word_1_162' title='bbox 841 2096 939 2134; x_wconf 92' lang='lat' dir='ltr'>cog-</span> 
     </span>
     <span class='ocr_line' id='line_1_35' title="bbox 114 2136 937 2181; baseline 0.007 -7"><span class='ocrx_word' id='word_1_163' title='bbox 114 2136 322 2176; x_wconf 87' lang='lat' dir='ltr'>nomento</span> <span class='ocrx_word' id='word_1_164' title='bbox 352 2136 549 2179; x_wconf 90' lang='lat' dir='ltr'>celebris.</span> <span class='ocrx_word' id='word_1_165' title='bbox 597 2138 795 2180; x_wconf 86' lang='lat' dir='ltr'>Tandem</span> <span class='ocrx_word' id='word_1_166' title='bbox 824 2152 937 2181; x_wconf 87' lang='lat' dir='ltr'>anno</span> 
     </span>
     <span class='ocr_line' id='line_1_36' title="bbox 111 2190 938 2242; baseline 0.007 -11"><span class='ocrx_word' id='word_1_167' title='bbox 111 2190 283 2242; x_wconf 76' lang='lat' dir='ltr'>iubilaei‚</span> <span class='ocrx_word' id='word_1_168' title='bbox 303 2197 347 2234; x_wconf 91' lang='lat' dir='ltr'>et</span> <span class='ocrx_word' id='word_1_169' title='bbox 363 2198 526 2235; x_wconf 87' lang='lat' dir='ltr'>nostrae</span> <span class='ocrx_word' id='word_1_170' title='bbox 542 2195 694 2236; x_wconf 90' lang='lat' dir='ltr'>salutis</span> <span class='ocrx_word' id='word_1_171' title='bbox 708 2195 938 2238; x_wconf 88' lang='lat' dir='ltr'>millesimo</span> 
     </span>
     <span class='ocr_line' id='line_1_37' title="bbox 113 2249 936 2303; baseline 0.007 -15"><span class='ocrx_word' id='word_1_172' title='bbox 113 2249 433 2291; x_wconf 84' lang='lat' dir='ltr'>sexcentesimo</span> <span class='ocrx_word' id='word_1_173' title='bbox 461 2251 845 2303; x_wconf 88' lang='lat' dir='ltr'>vigesimoquinto,</span> <span class='ocrx_word' id='word_1_174' title='bbox 873 2258 936 2294; x_wconf 90' lang='lat' dir='ltr'>to-</span> 
     </span>
     <span class='ocr_line' id='line_1_38' title="bbox 112 2304 938 2350; baseline 0.007 -6"><span class='ocrx_word' id='word_1_175' title='bbox 112 2306 199 2345; x_wconf 90' lang='lat' dir='ltr'>tius</span> <span class='ocrx_word' id='word_1_176' title='bbox 233 2304 457 2347; x_wconf 77' lang='lat' dir='ltr'>christiani</span> <span class='ocrx_word' id='word_1_177' title='bbox 490 2307 609 2349; x_wconf 92' lang='lat' dir='ltr'>orbis</span> <span class='ocrx_word' id='word_1_178' title='bbox 648 2311 864 2349; x_wconf 77' lang='lat' dir='ltr'>concursu</span> <span class='ocrx_word' id='word_1_179' title='bbox 894 2314 938 2350; x_wconf 90' lang='lat' dir='ltr'>et</span> 
     </span>
     <span class='ocr_line' id='line_1_39' title="bbox 112 2361 937 2413; baseline 0.007 -13"><span class='ocrx_word' id='word_1_180' title='bbox 112 2361 346 2413; x_wconf 83' lang='lat' dir='ltr'>applausu,</span> <span class='ocrx_word' id='word_1_181' title='bbox 376 2362 430 2404; x_wconf 91' lang='lat' dir='ltr'>ab</span> <span class='ocrx_word' id='word_1_182' title='bbox 454 2363 634 2405; x_wconf 81' lang='lat' dir='ltr'>Urbano</span> <span class='ocrx_word' id='word_1_183' title='bbox 664 2367 823 2406; x_wconf 76' lang='lat' dir='ltr'>octavo</span> <span class='ocrx_word' id='word_1_184' title='bbox 855 2365 937 2406; x_wconf 91' lang='lat' dir='ltr'>rite</span> 
     </span>
     <span class='ocr_line' id='line_1_40' title="bbox 111 2416 764 2472; baseline 0.008 -16"><span class='ocrx_word' id='word_1_185' title='bbox 111 2416 223 2458; x_wconf 91' lang='lat' dir='ltr'>inter</span> <span class='ocrx_word' id='word_1_186' title='bbox 240 2419 425 2460; x_wconf 89' lang='lat' dir='ltr'>Sanctos</span> <span class='ocrx_word' id='word_1_187' title='bbox 444 2419 669 2472; x_wconf 88' lang='lat' dir='ltr'>adscripta</span> <span class='ocrx_word' id='word_1_188' title='bbox 687 2426 764 2462; x_wconf 88' lang='lat' dir='ltr'>est.</span> 
     </span>
    </p>

    <p class='ocr_par' dir='ltr' id='par_1_7' title="bbox 110 2475 936 2750">
     <span class='ocr_line' id='line_1_41' title="bbox 165 2475 935 2527; baseline 0.001 -12"><span class='ocrx_word' id='word_1_189' title='bbox 165 2475 216 2527; x_wconf 73' lang='lat' dir='ltr'>R.</span> <span class='ocrx_word' id='word_1_190' title='bbox 253 2475 454 2526; x_wconf 87' lang='lat' dir='ltr'>Regnum</span> <span class='ocrx_word' id='word_1_191' title='bbox 485 2475 650 2525; x_wconf 91' lang='lat' dir='ltr'>mundi,</span> <span class='ocrx_word' id='word_1_192' title='bbox 688 2482 732 2518; x_wconf 88' lang='lat' dir='ltr'>et</span> <span class='ocrx_word' id='word_1_193' title='bbox 763 2489 935 2517; x_wconf 92' lang='lat' dir='ltr'>omnem</span> 
     </span>
     <span class='ocr_line' id='line_1_42' title="bbox 112 2532 936 2584; baseline 0.005 -15"><span class='ocrx_word' id='word_1_194' title='bbox 112 2532 313 2571; x_wconf 84' lang='lat' dir='ltr'>ornatum</span> <span class='ocrx_word' id='word_1_195' title='bbox 331 2532 480 2573; x_wconf 83' lang='lat' dir='ltr'>saeculi</span> <span class='ocrx_word' id='word_1_196' title='bbox 495 2533 740 2584; x_wconf 90' lang='lat' dir='ltr'>contempsi</span> <span class='ocrx_word' id='word_1_197' title='bbox 755 2538 936 2584; x_wconf 90' lang='lat' dir='ltr'>propter</span> 
     </span>
     <span class='ocr_line' id='line_1_43' title="bbox 111 2587 936 2629; baseline 0.002 -3"><span class='ocrx_word' id='word_1_198' title='bbox 111 2587 306 2628; x_wconf 89' lang='lat' dir='ltr'>amorem</span> <span class='ocrx_word' id='word_1_199' title='bbox 326 2588 504 2629; x_wconf 84' lang='lat' dir='ltr'>Domini</span> <span class='ocrx_word' id='word_1_200' title='bbox 529 2589 614 2629; x_wconf 93' lang='lat' dir='ltr'>mei</span> <span class='ocrx_word' id='word_1_201' title='bbox 633 2589 657 2629; x_wconf 89' lang='lat' dir='ltr'><strong>J</strong></span> <span class='ocrx_word' id='word_1_202' title='bbox 660 2601 735 2629; x_wconf 89' lang='lat' dir='ltr'>esu</span> <span class='ocrx_word' id='word_1_203' title='bbox 761 2588 936 2629; x_wconf 86' lang='lat' dir='ltr'>Christi:</span> 
     </span>
     <span class='ocr_line' id='line_1_44' title="bbox 112 2643 935 2695; baseline 0.001 -12"><span class='ocrx_word' id='word_1_204' title='bbox 112 2643 135 2668; x_wconf 85' lang='lat'>*</span> <span class='ocrx_word' id='word_1_205' title='bbox 149 2643 289 2691; x_wconf 92' lang='lat' dir='ltr'>Quem</span> <span class='ocrx_word' id='word_1_206' title='bbox 304 2643 403 2694; x_wconf 89' lang='lat' dir='ltr'>vidi,</span> <span class='ocrx_word' id='word_1_207' title='bbox 424 2657 554 2695; x_wconf 92' lang='lat' dir='ltr'>quem</span> <span class='ocrx_word' id='word_1_208' title='bbox 574 2645 726 2694; x_wconf 73' lang='lat' dir='ltr'>amavi,</span> <span class='ocrx_word' id='word_1_209' title='bbox 745 2645 788 2685; x_wconf 93' lang='lat' dir='ltr'>in</span> <span class='ocrx_word' id='word_1_210' title='bbox 807 2657 935 2695; x_wconf 86' lang='lat' dir='ltr'>quern</span> 
     </span>
     <span class='ocr_line' id='line_1_45' title="bbox 110 2694 936 2750; baseline 0.004 -12"><span class='ocrx_word' id='word_1_211' title='bbox 110 2697 291 2747; x_wconf 89' lang='lat' dir='ltr'>credidi,</span> <span class='ocrx_word' id='word_1_212' title='bbox 316 2711 447 2750; x_wconf 91' lang='lat' dir='ltr'>quem</span> <span class='ocrx_word' id='word_1_213' title='bbox 467 2700 609 2742; x_wconf 87' lang='lat' dir='ltr'>dilexi.</span> <span class='ocrx_word' id='word_1_214' title='bbox 639 2694 687 2745; x_wconf 62' lang='lat' dir='ltr'>V.</span> <span class='ocrx_word' id='word_1_215' title='bbox 710 2700 936 2741; x_wconf 77' lang='lat' dir='ltr'>Eructavit</span> 
     </span>
    </p>
   </div>
   <div class='ocr_carea' id='block_1_5' title="bbox 1003 282 1826 445">
    <p class='ocr_par' dir='ltr' id='par_1_8' title="bbox 1003 282 1826 445">
     <span class='ocr_line' id='line_1_46' title="bbox 1004 282 1826 324; baseline 0.004 -3"><span class='ocrx_word' id='word_1_216' title='bbox 1004 293 1079 322; x_wconf 93' lang='lat' dir='ltr'>cor</span> <span class='ocrx_word' id='word_1_217' title='bbox 1114 294 1259 323; x_wconf 91' lang='lat' dir='ltr'>meum</span> <span class='ocrx_word' id='word_1_218' title='bbox 1294 282 1477 324; x_wconf 90' lang='lat' dir='ltr'>verbum</span> <span class='ocrx_word' id='word_1_219' title='bbox 1510 282 1689 324; x_wconf 93' lang='lat' dir='ltr'>bonum:</span> <span class='ocrx_word' id='word_1_220' title='bbox 1726 282 1826 324; x_wconf 92' lang='lat' dir='ltr'>dico</span> 
     </span>
     <span class='ocr_line' id='line_1_47' title="bbox 1004 339 1825 390; baseline 0.002 -12"><span class='ocrx_word' id='word_1_221' title='bbox 1004 349 1086 388; x_wconf 90' lang='lat' dir='ltr'>ego</span> <span class='ocrx_word' id='word_1_222' title='bbox 1107 340 1242 390; x_wconf 90' lang='lat' dir='ltr'>opera</span> <span class='ocrx_word' id='word_1_223' title='bbox 1264 351 1361 380; x_wconf 90' lang='lat' dir='ltr'>mea</span> <span class='ocrx_word' id='word_1_224' title='bbox 1380 339 1502 389; x_wconf 89' lang='lat' dir='ltr'>Regi.</span> <span class='ocrx_word' id='word_1_225' title='bbox 1538 339 1688 389; x_wconf 91' lang='lat' dir='ltr'>Quem.</span> <span class='ocrx_word' id='word_1_226' title='bbox 1723 339 1825 380; x_wconf 90' lang='lat' dir='ltr'>Glo-</span> 
     </span>
     <span class='ocr_line' id='line_1_48' title="bbox 1003 394 1392 445; baseline 0.005 -12"><span class='ocrx_word' id='word_1_227' title='bbox 1003 394 1068 434; x_wconf 89' lang='lat' dir='ltr'>ria</span> <span class='ocrx_word' id='word_1_228' title='bbox 1084 394 1214 436; x_wconf 86' lang='lat' dir='ltr'>Patri.</span> <span class='ocrx_word' id='word_1_229' title='bbox 1243 395 1392 445; x_wconf 90' lang='lat' dir='ltr'>Quem.</span> 
     </span>
    </p>
   </div>
   <div class='ocr_carea' id='block_1_6' title="bbox 996 472 1874 1558">
    <p class='ocr_par' dir='ltr' id='par_1_9' title="bbox 1218 472 1612 514">
     <span class='ocr_line' id='line_1_49' title="bbox 1218 472 1612 514; baseline 0.013 -5"><span class='ocrx_word' id='word_1_230' title='bbox 1218 472 1266 509; x_wconf 94' lang='lat' dir='ltr'>In</span> <span class='ocrx_word' id='word_1_231' title='bbox 1292 472 1362 510; x_wconf 87' lang='lat'>111.</span> <span class='ocrx_word' id='word_1_232' title='bbox 1392 473 1612 514; x_wconf 80' lang='lat' dir='ltr'>Nocturno.</span> 
     </span>
    </p>

    <p class='ocr_par' dir='ltr' id='par_1_10' title="bbox 1001 528 1825 694">
     <span class='ocr_line' id='line_1_50' title="bbox 1057 528 1825 581; baseline 0.004 -13"><span class='ocrx_word' id='word_1_233' title='bbox 1057 529 1155 569; x_wconf 85' lang='lat' dir='ltr'>Ant.</span> <span class='ocrx_word' id='word_1_234' title='bbox 1184 528 1422 578; x_wconf 86' lang='lat' dir='ltr'>Confessio,</span> <span class='ocrx_word' id='word_1_235' title='bbox 1440 530 1464 554; x_wconf 87' lang='lat'>*</span> <span class='ocrx_word' id='word_1_236' title='bbox 1484 534 1527 570; x_wconf 91' lang='lat' dir='ltr'>et</span> <span class='ocrx_word' id='word_1_237' title='bbox 1544 528 1825 581; x_wconf 89' lang='lat' dir='ltr'>pulchritudo</span> 
     </span>
     <span class='ocr_line' id='line_1_51' title="bbox 1001 584 1824 637; baseline 0.004 -13"><span class='ocrx_word' id='word_1_238' title='bbox 1001 584 1044 624; x_wconf 94' lang='lat' dir='ltr'>in</span> <span class='ocrx_word' id='word_1_239' title='bbox 1066 586 1307 637; x_wconf 91' lang='lat' dir='ltr'>conspectu</span> <span class='ocrx_word' id='word_1_240' title='bbox 1326 586 1426 636; x_wconf 89' lang='lat' dir='ltr'>ejus,</span> <span class='ocrx_word' id='word_1_241' title='bbox 1449 585 1657 627; x_wconf 83' lang='lat' dir='ltr'>sanctitas</span> <span class='ocrx_word' id='word_1_242' title='bbox 1677 591 1720 627; x_wconf 91' lang='lat' dir='ltr'>et</span> <span class='ocrx_word' id='word_1_243' title='bbox 1738 599 1824 627; x_wconf 91' lang='lat' dir='ltr'>ma-</span> 
     </span>
     <span class='ocr_line' id='line_1_52' title="bbox 1001 640 1824 694; baseline 0.004 -14"><span class='ocrx_word' id='word_1_244' title='bbox 1001 640 1249 690; x_wconf 89' lang='lat' dir='ltr'>gnificentia</span> <span class='ocrx_word' id='word_1_245' title='bbox 1279 641 1321 681; x_wconf 93' lang='lat' dir='ltr'>in</span> <span class='ocrx_word' id='word_1_246' title='bbox 1350 641 1694 683; x_wconf 90' lang='lat' dir='ltr'>sanctificatione</span> <span class='ocrx_word' id='word_1_247' title='bbox 1723 643 1824 694; x_wconf 91' lang='lat' dir='ltr'>ejus.</span> 
     </span>
    </p>

    <p class='ocr_par' dir='ltr' id='par_1_11' title="bbox 1000 697 1823 861">
     <span class='ocr_line' id='line_1_53' title="bbox 1054 697 1822 750; baseline 0.001 -13"><span class='ocrx_word' id='word_1_248' title='bbox 1054 697 1153 738; x_wconf 85' lang='lat' dir='ltr'>Ant.</span> <span class='ocrx_word' id='word_1_249' title='bbox 1187 697 1565 739; x_wconf 84' lang='lat' dir='ltr'>Annuntiaverunt</span> <span class='ocrx_word' id='word_1_250' title='bbox 1590 699 1613 724; x_wconf 89' lang='lat'>*</span> <span class='ocrx_word' id='word_1_251' title='bbox 1639 698 1739 738; x_wconf 91' lang='lat' dir='ltr'>coeli</span> <span class='ocrx_word' id='word_1_252' title='bbox 1765 699 1822 750; x_wconf 93' lang='lat' dir='ltr'>ju-</span> 
     </span>
     <span class='ocr_line' id='line_1_54' title="bbox 1002 753 1823 807; baseline 0.004 -15"><span class='ocrx_word' id='word_1_253' title='bbox 1002 753 1164 794; x_wconf 88' lang='lat' dir='ltr'>stitiam</span> <span class='ocrx_word' id='word_1_254' title='bbox 1184 755 1285 805; x_wconf 90' lang='lat' dir='ltr'>ejus,</span> <span class='ocrx_word' id='word_1_255' title='bbox 1306 758 1349 795; x_wconf 94' lang='lat' dir='ltr'>et</span> <span class='ocrx_word' id='word_1_256' title='bbox 1366 753 1568 795; x_wconf 88' lang='lat' dir='ltr'>viderunt</span> <span class='ocrx_word' id='word_1_257' title='bbox 1582 766 1732 795; x_wconf 91' lang='lat' dir='ltr'>omnes</span> <span class='ocrx_word' id='word_1_258' title='bbox 1747 756 1823 807; x_wconf 93' lang='lat' dir='ltr'>po-</span> 
     </span>
     <span class='ocr_line' id='line_1_55' title="bbox 1000 809 1415 861; baseline 0.002 -12"><span class='ocrx_word' id='word_1_259' title='bbox 1000 809 1091 860; x_wconf 92' lang='lat' dir='ltr'>puli</span> <span class='ocrx_word' id='word_1_260' title='bbox 1110 809 1294 859; x_wconf 89' lang='lat' dir='ltr'>gloriam</span> <span class='ocrx_word' id='word_1_261' title='bbox 1315 810 1415 861; x_wconf 88' lang='lat' dir='ltr'>ejus.</span> 
     </span>
    </p>

    <p class='ocr_par' dir='ltr' id='par_1_12' title="bbox 999 866 1874 1088">
     <span class='ocr_line' id='line_1_56' title="bbox 1018 866 1821 917; baseline 0.002 -11"><span class='ocrx_word' id='word_1_262' title='bbox 1018 898 1022 901; x_wconf 49' lang='lat'>.</span> <span class='ocrx_word' id='word_1_263' title='bbox 1052 868 1150 908; x_wconf 83' lang='lat' dir='ltr'>Ant.</span> <span class='ocrx_word' id='word_1_264' title='bbox 1199 866 1416 908; x_wconf 79' lang='lat' dir='ltr'>Judicavit</span> <span class='ocrx_word' id='word_1_265' title='bbox 1444 867 1467 891; x_wconf 90' lang='lat'>*</span> <span class='ocrx_word' id='word_1_266' title='bbox 1494 866 1538 906; x_wconf 92' lang='lat' dir='ltr'>in</span> <span class='ocrx_word' id='word_1_267' title='bbox 1569 866 1744 917; x_wconf 88' lang='lat' dir='ltr'>justitia,</span> <span class='ocrx_word' id='word_1_268' title='bbox 1778 871 1821 908; x_wconf 91' lang='lat' dir='ltr'>et</span> 
     </span>
     <span class='ocr_line' id='line_1_57' title="bbox 999 922 1874 974; baseline 0.005 -12"><span class='ocrx_word' id='word_1_269' title='bbox 999 922 1190 974; x_wconf 89' lang='lat' dir='ltr'>populos</span> <span class='ocrx_word' id='word_1_270' title='bbox 1209 922 1252 962; x_wconf 92' lang='lat' dir='ltr'>in</span> <span class='ocrx_word' id='word_1_271' title='bbox 1272 922 1491 974; x_wconf 77' lang='lat' dir='ltr'>aequitate.</span> <span class='ocrx_word' id='word_1_272' title='bbox 1872 963 1874 966; x_wconf 77' lang='grc'>,</span> 
     </span>
     <span class='ocr_line' id='line_1_58' title="bbox 1052 975 1822 1030; baseline 0.001 -12"><span class='ocrx_word' id='word_1_273' title='bbox 1052 975 1100 1027; x_wconf 66' lang='lat' dir='ltr'>V.</span> <span class='ocrx_word' id='word_1_274' title='bbox 1131 978 1249 1028; x_wconf 89' lang='lat' dir='ltr'>Ignis</span> <span class='ocrx_word' id='word_1_275' title='bbox 1282 983 1382 1019; x_wconf 91' lang='lat' dir='ltr'>ante</span> <span class='ocrx_word' id='word_1_276' title='bbox 1412 978 1554 1030; x_wconf 86' lang='lat' dir='ltr'>ipsam</span> <span class='ocrx_word' id='word_1_277' title='bbox 1588 977 1822 1030; x_wconf 76' lang='lat' dir='ltr'>praecedet.</span> 
     </span>
     <span class='ocr_line' id='line_1_59' title="bbox 999 1034 1821 1088; baseline -0.002 -12"><span class='ocrx_word' id='word_1_278' title='bbox 999 1037 1049 1088; x_wconf 64' lang='lat' dir='ltr'>Rz.</span> <span class='ocrx_word' id='word_1_279' title='bbox 1076 1034 1133 1074; x_wconf 90' lang='lat' dir='ltr'>Et</span> <span class='ocrx_word' id='word_1_280' title='bbox 1159 1034 1447 1076; x_wconf 78' lang='lat' dir='ltr'>inflammabit</span> <span class='ocrx_word' id='word_1_281' title='bbox 1471 1034 1515 1074; x_wconf 91' lang='lat' dir='ltr'>in</span> <span class='ocrx_word' id='word_1_282' title='bbox 1540 1034 1722 1075; x_wconf 89' lang='lat' dir='ltr'>circuitu</span> <span class='ocrx_word' id='word_1_283' title='bbox 1747 1034 1821 1074; x_wconf 90' lang='lat' dir='ltr'>ini-</span> 
     </span>
    </p>

    <p class='ocr_par' dir='ltr' id='par_1_13' title="bbox 996 1091 1822 1558">
     <span class='ocr_line' id='line_1_60' title="bbox 999 1091 1256 1142; baseline 0.004 -12"><span class='ocrx_word' id='word_1_284' title='bbox 999 1091 1136 1131; x_wconf 92' lang='lat' dir='ltr'>micos</span> <span class='ocrx_word' id='word_1_285' title='bbox 1156 1091 1256 1142; x_wconf 90' lang='lat' dir='ltr'>ejus.</span> 
     </span>
     <span class='ocr_line' id='line_1_61' title="bbox 1000 1158 1822 1210; baseline -0.002 -9"><span class='ocrx_word' id='word_1_286' title='bbox 1000 1159 1152 1201; x_wconf 91' lang='lat' dir='ltr'>Lectio</span> <span class='ocrx_word' id='word_1_287' title='bbox 1179 1160 1318 1201; x_wconf 90' lang='lat' dir='ltr'>sancti</span> <span class='ocrx_word' id='word_1_288' title='bbox 1336 1160 1560 1210; x_wconf 88' lang='lat' dir='ltr'>Evangelii</span> <span class='ocrx_word' id='word_1_289' title='bbox 1582 1158 1822 1201; x_wconf 91' lang='lat' dir='ltr'>secundum</span> 
     </span>
     <span class='ocr_line' id='line_1_62' title="bbox 1279 1216 1547 1258; baseline -0.007 0"><span class='ocrx_word' id='word_1_290' title='bbox 1279 1216 1547 1258; x_wconf 70' lang='lat' dir='ltr'>Matthaeum.</span> 
     </span>
     <span class='ocr_line' id='line_1_63' title="bbox 1076 1279 1743 1331; baseline 0 -12"><span class='ocrx_word' id='word_1_291' title='bbox 1076 1279 1226 1319; x_wconf 88' lang='lat' dir='ltr'>Lectio</span> <span class='ocrx_word' id='word_1_292' title='bbox 1250 1279 1314 1318; x_wconf 77' lang='lat' dir='ltr'>vii.</span> <span class='ocrx_word' id='word_1_293' title='bbox 1529 1280 1633 1331; x_wconf 87' lang='lat' dir='ltr'>Cap.</span> <span class='ocrx_word' id='word_1_294' title='bbox 1648 1281 1701 1319; x_wconf 79' lang='lat'>13.</span> <span class='ocrx_word' id='word_1_295' title='bbox 1720 1280 1743 1319; x_wconf 89' lang='lat' dir='ltr'>f.</span> 
     </span>
     <span class='ocr_line' id='line_1_64' title="bbox 996 1333 1821 1439; baseline -0.001 -62"><span class='ocrx_word' id='word_1_296' title='bbox 996 1333 1072 1439; x_wconf 88' lang='lat' dir='ltr'>In</span> <span class='ocrx_word' id='word_1_297' title='bbox 1089 1336 1163 1378; x_wconf 95' lang='lat' dir='ltr'>illo</span> <span class='ocrx_word' id='word_1_298' title='bbox 1184 1339 1399 1389; x_wconf 89' lang='lat' dir='ltr'>tempore:</span> <span class='ocrx_word' id='word_1_299' title='bbox 1418 1337 1539 1379; x_wconf 78' lang='lat' dir='ltr'>Dixit</span> <span class='ocrx_word' id='word_1_300' title='bbox 1554 1337 1577 1377; x_wconf 91' lang='lat' dir='ltr'><strong>J</strong></span> <span class='ocrx_word' id='word_1_301' title='bbox 1581 1349 1680 1378; x_wconf 89' lang='lat' dir='ltr'>esus</span> <span class='ocrx_word' id='word_1_302' title='bbox 1697 1335 1821 1377; x_wconf 92' lang='lat' dir='ltr'>disci-</span> 
     </span>
     <span class='ocr_line' id='line_1_65' title="bbox 1069 1392 1820 1446; baseline -0.003 -12"><span class='ocrx_word' id='word_1_303' title='bbox 1069 1393 1182 1446; x_wconf 90' lang='lat' dir='ltr'>pulis</span> <span class='ocrx_word' id='word_1_304' title='bbox 1210 1394 1298 1434; x_wconf 90' lang='lat' dir='ltr'>suis</span> <span class='ocrx_word' id='word_1_305' title='bbox 1321 1393 1579 1446; x_wconf 82' lang='lat' dir='ltr'>parabolam</span> <span class='ocrx_word' id='word_1_306' title='bbox 1607 1393 1732 1434; x_wconf 90' lang='lat' dir='ltr'>hanc:</span> <span class='ocrx_word' id='word_1_307' title='bbox 1760 1392 1820 1432; x_wconf 88' lang='lat' dir='ltr'>Si-</span> 
     </span>
     <span class='ocr_line' id='line_1_66' title="bbox 996 1449 1819 1501; baseline -0.001 -11"><span class='ocrx_word' id='word_1_308' title='bbox 996 1450 1097 1491; x_wconf 93' lang='lat' dir='ltr'>mile</span> <span class='ocrx_word' id='word_1_309' title='bbox 1112 1455 1179 1491; x_wconf 90' lang='lat' dir='ltr'>est</span> <span class='ocrx_word' id='word_1_310' title='bbox 1193 1463 1374 1501; x_wconf 91' lang='lat' dir='ltr'>regnum</span> <span class='ocrx_word' id='word_1_311' title='bbox 1389 1450 1599 1492; x_wconf 88' lang='lat' dir='ltr'>coelorum</span> <span class='ocrx_word' id='word_1_312' title='bbox 1613 1449 1819 1491; x_wconf 87' lang='lat' dir='ltr'>thesauro</span> 
     </span>
     <span class='ocr_line' id='line_1_67' title="bbox 997 1505 1737 1558; baseline -0.004 -9"><span class='ocrx_word' id='word_1_313' title='bbox 997 1505 1257 1549; x_wconf 88' lang='lat' dir='ltr'>abscondito</span> <span class='ocrx_word' id='word_1_314' title='bbox 1276 1507 1320 1547; x_wconf 93' lang='lat' dir='ltr'>in</span> <span class='ocrx_word' id='word_1_315' title='bbox 1340 1519 1456 1558; x_wconf 87' lang='lat' dir='ltr'>agro.</span> <span class='ocrx_word' id='word_1_316' title='bbox 1484 1507 1541 1547; x_wconf 91' lang='lat' dir='ltr'>Et</span> <span class='ocrx_word' id='word_1_317' title='bbox 1560 1505 1737 1558; x_wconf 90' lang='lat' dir='ltr'>reliqua.</span> 
     </span>
    </p>
   </div>
   <div class='ocr_carea' id='block_1_7' title="bbox 988 1575 1863 2745">
    <p class='ocr_par' dir='ltr' id='par_1_14' title="bbox 1040 1575 1774 1682">
     <span class='ocr_line' id='line_1_68' title="bbox 1040 1575 1774 1627; baseline -0.004 -8"><span class='ocrx_word' id='word_1_318' title='bbox 1040 1577 1231 1619; x_wconf 90' lang='lat' dir='ltr'>Homilia</span> <span class='ocrx_word' id='word_1_319' title='bbox 1251 1577 1390 1618; x_wconf 90' lang='lat' dir='ltr'>sancti</span> <span class='ocrx_word' id='word_1_320' title='bbox 1409 1575 1611 1627; x_wconf 85' lang='lat' dir='ltr'>Gregorii</span> <span class='ocrx_word' id='word_1_321' title='bbox 1630 1575 1774 1627; x_wconf 87' lang='lat' dir='ltr'>Papae.</span> 
     </span>
     <span class='ocr_line' id='line_1_69' title="bbox 1194 1639 1620 1682; baseline -0.002 -9"><span class='ocrx_word' id='word_1_322' title='bbox 1194 1639 1334 1673; x_wconf 89' lang='lat' dir='ltr'>Homil.</span> <span class='ocrx_word' id='word_1_323' title='bbox 1354 1639 1402 1673; x_wconf 85' lang='lat'>11.</span> <span class='ocrx_word' id='word_1_324' title='bbox 1421 1639 1458 1673; x_wconf 91' lang='lat' dir='ltr'>in</span> <span class='ocrx_word' id='word_1_325' title='bbox 1476 1639 1620 1682; x_wconf 86' lang='lat' dir='ltr'>Evang.</span> 
     </span>
    </p>

    <p class='ocr_par' dir='ltr' id='par_1_15' title="bbox 990 1687 1863 2581">
     <span class='ocr_line' id='line_1_70' title="bbox 1003 1687 1816 1739; baseline -0.002 -9"><span class='ocrx_word' id='word_1_326' title='bbox 1003 1696 1042 1737; x_wconf 51' lang='lat'>2121</span> <span class='ocrx_word' id='word_1_327' title='bbox 1051 1689 1303 1738; x_wconf 91' lang='lat' dir='ltr'>oelorum</span> <span class='ocrx_word' id='word_1_328' title='bbox 1335 1701 1532 1739; x_wconf 88' lang='lat' dir='ltr'>regnum,</span> <span class='ocrx_word' id='word_1_329' title='bbox 1564 1687 1720 1728; x_wconf 87' lang='lat' dir='ltr'>fratres</span> <span class='ocrx_word' id='word_1_330' title='bbox 1749 1700 1816 1729; x_wconf 89' lang='lat' dir='ltr'>ca-</span> 
     </span>
     <span class='ocr_line' id='line_1_71' title="bbox 1001 1726 1815 1795; baseline -0.004 -8"><span class='ocrx_word' id='word_1_331' title='bbox 1001 1726 1106 1782; x_wconf 40' lang='lat' dir='ltr'>a}</span> <span class='ocrx_word' id='word_1_332' title='bbox 1132 1745 1306 1795; x_wconf 90' lang='lat' dir='ltr'>rissimi,</span> <span class='ocrx_word' id='word_1_333' title='bbox 1340 1744 1505 1786; x_wconf 88' lang='lat' dir='ltr'>idcirco</span> <span class='ocrx_word' id='word_1_334' title='bbox 1538 1744 1720 1786; x_wconf 86' lang='lat' dir='ltr'>terrenis</span> <span class='ocrx_word' id='word_1_335' title='bbox 1752 1756 1815 1784; x_wconf 93' lang='lat' dir='ltr'>re-</span> 
     </span>
     <span class='ocr_line' id='line_1_72' title="bbox 1131 1799 1814 1850; baseline -0.006 -6.588"><span class='ocrx_word' id='word_1_336' title='bbox 1131 1801 1213 1844; x_wconf 93' lang='lat' dir='ltr'>bus</span> <span class='ocrx_word' id='word_1_337' title='bbox 1238 1801 1378 1843; x_wconf 90' lang='lat' dir='ltr'>simile</span> <span class='ocrx_word' id='word_1_338' title='bbox 1402 1800 1574 1850; x_wconf 86' lang='lat' dir='ltr'>dicitur,</span> <span class='ocrx_word' id='word_1_339' title='bbox 1602 1805 1650 1840; x_wconf 89' lang='lat' dir='ltr'>ut</span> <span class='ocrx_word' id='word_1_340' title='bbox 1674 1812 1727 1841; x_wconf 83' lang='lat' dir='ltr'>ex</span> <span class='ocrx_word' id='word_1_341' title='bbox 1748 1799 1814 1840; x_wconf 90' lang='lat' dir='ltr'>his</span> 
     </span>
     <span class='ocr_line' id='line_1_73' title="bbox 996 1855 1814 1909; baseline -0.004 -10"><span class='ocrx_word' id='word_1_342' title='bbox 996 1871 1094 1909; x_wconf 86' lang='lat' dir='ltr'>quae</span> <span class='ocrx_word' id='word_1_343' title='bbox 1123 1859 1291 1899; x_wconf 81' lang='lat' dir='ltr'>animus</span> <span class='ocrx_word' id='word_1_344' title='bbox 1318 1858 1456 1906; x_wconf 90' lang='lat' dir='ltr'>novit,</span> <span class='ocrx_word' id='word_1_345' title='bbox 1489 1861 1637 1907; x_wconf 88' lang='lat' dir='ltr'>surgat</span> <span class='ocrx_word' id='word_1_346' title='bbox 1668 1855 1725 1897; x_wconf 92' lang='lat' dir='ltr'>ad</span> <span class='ocrx_word' id='word_1_347' title='bbox 1755 1856 1814 1896; x_wconf 94' lang='lat' dir='ltr'>in-</span> 
     </span>
     <span class='ocr_line' id='line_1_74' title="bbox 994 1913 1813 1967; baseline -0.004 -12"><span class='ocrx_word' id='word_1_348' title='bbox 994 1915 1168 1966; x_wconf 89' lang='lat' dir='ltr'>cognita</span> <span class='ocrx_word' id='word_1_349' title='bbox 1194 1927 1292 1967; x_wconf 87' lang='lat' dir='ltr'>quae</span> <span class='ocrx_word' id='word_1_350' title='bbox 1320 1927 1408 1955; x_wconf 91' lang='lat' dir='ltr'>non</span> <span class='ocrx_word' id='word_1_351' title='bbox 1433 1913 1569 1955; x_wconf 89' lang='lat' dir='ltr'>novit:</span> <span class='ocrx_word' id='word_1_352' title='bbox 1600 1914 1813 1964; x_wconf 80' lang='lat' dir='ltr'>quatenus</span> 
     </span>
     <span class='ocr_line' id='line_1_75' title="bbox 994 1967 1812 2023; baseline -0.005 -11"><span class='ocrx_word' id='word_1_353' title='bbox 994 1972 1195 2023; x_wconf 84' lang='lat' dir='ltr'>exemplo</span> <span class='ocrx_word' id='word_1_354' title='bbox 1216 1970 1447 2012; x_wconf 90' lang='lat' dir='ltr'>visibilium</span> <span class='ocrx_word' id='word_1_355' title='bbox 1472 1982 1518 2011; x_wconf 92' lang='lat' dir='ltr'>se</span> <span class='ocrx_word' id='word_1_356' title='bbox 1543 1967 1599 2010; x_wconf 92' lang='lat' dir='ltr'>ad</span> <span class='ocrx_word' id='word_1_357' title='bbox 1623 1967 1812 2009; x_wconf 91' lang='lat' dir='ltr'>invisibi-</span> 
     </span>
     <span class='ocr_line' id='line_1_76' title="bbox 993 2023 1812 2079; baseline -0.005 -11"><span class='ocrx_word' id='word_1_358' title='bbox 993 2027 1050 2068; x_wconf 91' lang='lat' dir='ltr'>lia</span> <span class='ocrx_word' id='word_1_359' title='bbox 1072 2027 1230 2079; x_wconf 84' lang='lat' dir='ltr'>rapiat,</span> <span class='ocrx_word' id='word_1_360' title='bbox 1258 2031 1302 2068; x_wconf 91' lang='lat' dir='ltr'>et</span> <span class='ocrx_word' id='word_1_361' title='bbox 1326 2039 1405 2079; x_wconf 93' lang='lat' dir='ltr'>per</span> <span class='ocrx_word' id='word_1_362' title='bbox 1420 2038 1500 2075; x_wconf 80' lang='lat' dir='ltr'>ea,</span> <span class='ocrx_word' id='word_1_363' title='bbox 1529 2037 1627 2077; x_wconf 87' lang='lat' dir='ltr'>quae</span> <span class='ocrx_word' id='word_1_364' title='bbox 1652 2037 1733 2065; x_wconf 91' lang='lat' dir='ltr'>usu</span> <span class='ocrx_word' id='word_1_365' title='bbox 1753 2023 1812 2065; x_wconf 94' lang='lat' dir='ltr'>di—</span> 
     </span>
     <span class='ocr_line' id='line_1_77' title="bbox 994 2080 1812 2135; baseline -0.006 -11"><span class='ocrx_word' id='word_1_366' title='bbox 994 2083 1113 2132; x_wconf 84' lang='lat' dir='ltr'>dicit,</span> <span class='ocrx_word' id='word_1_367' title='bbox 1140 2083 1263 2135; x_wconf 90' lang='lat' dir='ltr'>quasi</span> <span class='ocrx_word' id='word_1_368' title='bbox 1282 2082 1546 2124; x_wconf 83' lang='lat' dir='ltr'>confricatus</span> <span class='ocrx_word' id='word_1_369' title='bbox 1564 2080 1812 2121; x_wconf 87' lang='lat' dir='ltr'>incalescat:</span> 
     </span>
     <span class='ocr_line' id='line_1_78' title="bbox 992 2135 1811 2191; baseline -0.006 -11"><span class='ocrx_word' id='word_1_370' title='bbox 992 2145 1039 2180; x_wconf 88' lang='lat' dir='ltr'>ut</span> <span class='ocrx_word' id='word_1_371' title='bbox 1062 2152 1142 2191; x_wconf 92' lang='lat' dir='ltr'>per</span> <span class='ocrx_word' id='word_1_372' title='bbox 1163 2138 1264 2188; x_wconf 93' lang='lat' dir='ltr'>hoc,</span> <span class='ocrx_word' id='word_1_373' title='bbox 1294 2138 1413 2191; x_wconf 91' lang='lat' dir='ltr'>quod</span> <span class='ocrx_word' id='word_1_374' title='bbox 1438 2138 1520 2179; x_wconf 87' lang='lat' dir='ltr'>scit</span> <span class='ocrx_word' id='word_1_375' title='bbox 1544 2142 1695 2178; x_wconf 92' lang='lat' dir='ltr'>notum</span> <span class='ocrx_word' id='word_1_376' title='bbox 1721 2135 1811 2176; x_wconf 89' lang='lat' dir='ltr'>dili-</span> 
     </span>
     <span class='ocr_line' id='line_1_79' title="bbox 991 2193 1812 2245; baseline -0.005 -9"><span class='ocrx_word' id='word_1_377' title='bbox 991 2208 1113 2245; x_wconf 85' lang='lat' dir='ltr'>gere,</span> <span class='ocrx_word' id='word_1_378' title='bbox 1151 2194 1292 2236; x_wconf 89' lang='lat' dir='ltr'>discat</span> <span class='ocrx_word' id='word_1_379' title='bbox 1329 2199 1372 2236; x_wconf 91' lang='lat' dir='ltr'>et</span> <span class='ocrx_word' id='word_1_380' title='bbox 1404 2193 1624 2244; x_wconf 88' lang='lat' dir='ltr'>incognita</span> <span class='ocrx_word' id='word_1_381' title='bbox 1653 2194 1812 2233; x_wconf 83' lang='lat' dir='ltr'>amare.</span> 
     </span>
     <span class='ocr_line' id='line_1_80' title="bbox 991 2247 1863 2299; baseline -0.003 -7"><span class='ocrx_word' id='word_1_382' title='bbox 991 2252 1112 2292; x_wconf 69' lang='lat' dir='ltr'>Eccev</span> <span class='ocrx_word' id='word_1_383' title='bbox 1134 2251 1248 2292; x_wconf 92' lang='lat' dir='ltr'>enim</span> <span class='ocrx_word' id='word_1_384' title='bbox 1275 2251 1487 2292; x_wconf 88' lang='lat' dir='ltr'>coelorum</span> <span class='ocrx_word' id='word_1_385' title='bbox 1514 2261 1694 2299; x_wconf 89' lang='lat' dir='ltr'>regnum</span> <span class='ocrx_word' id='word_1_386' title='bbox 1721 2247 1810 2290; x_wconf 89' lang='lat' dir='ltr'>the·</span> <span class='ocrx_word' id='word_1_387' title='bbox 1862 2295 1863 2298; x_wconf 11' lang='grc' dir='ltr'><strong>Ἴ</strong></span> 
     </span>
     <span class='ocr_line' id='line_1_81' title="bbox 991 2307 1809 2357; baseline -0.004 -9"><span class='ocrx_word' id='word_1_388' title='bbox 991 2311 1122 2348; x_wconf 89' lang='lat' dir='ltr'>sauro</span> <span class='ocrx_word' id='word_1_389' title='bbox 1150 2307 1408 2349; x_wconf 88' lang='lat' dir='ltr'>abscondito</span> <span class='ocrx_word' id='word_1_390' title='bbox 1438 2307 1480 2346; x_wconf 92' lang='lat' dir='ltr'>in</span> <span class='ocrx_word' id='word_1_391' title='bbox 1507 2317 1612 2356; x_wconf 88' lang='lat' dir='ltr'>agro</span> <span class='ocrx_word' id='word_1_392' title='bbox 1638 2317 1809 2357; x_wconf 89' lang='lat' dir='ltr'>compa-</span> 
     </span>
     <span class='ocr_line' id='line_1_82' title="bbox 990 2360 1809 2415; baseline -0.004 -11"><span class='ocrx_word' id='word_1_393' title='bbox 990 2366 1126 2404; x_wconf 81' lang='lat' dir='ltr'>ratur:</span> <span class='ocrx_word' id='word_1_394' title='bbox 1147 2376 1276 2415; x_wconf 92' lang='lat' dir='ltr'>quem</span> <span class='ocrx_word' id='word_1_395' title='bbox 1292 2363 1365 2414; x_wconf 90' lang='lat' dir='ltr'>qui</span> <span class='ocrx_word' id='word_1_396' title='bbox 1379 2361 1541 2403; x_wconf 91' lang='lat' dir='ltr'>invenit</span> <span class='ocrx_word' id='word_1_397' title='bbox 1552 2361 1696 2410; x_wconf 92' lang='lat' dir='ltr'>homo,</span> <span class='ocrx_word' id='word_1_398' title='bbox 1715 2360 1809 2402; x_wconf 88' lang='lat' dir='ltr'>abs-</span> 
     </span>
     <span class='ocr_line' id='line_1_83' title="bbox 991 2416 1809 2471; baseline -0.006 -10"><span class='ocrx_word' id='word_1_399' title='bbox 991 2418 1156 2469; x_wconf 91' lang='lat' dir='ltr'>condit,</span> <span class='ocrx_word' id='word_1_400' title='bbox 1186 2424 1230 2460; x_wconf 92' lang='lat' dir='ltr'>et</span> <span class='ocrx_word' id='word_1_401' title='bbox 1256 2431 1348 2471; x_wconf 87' lang='lat' dir='ltr'>prae</span> <span class='ocrx_word' id='word_1_402' title='bbox 1368 2417 1528 2469; x_wconf 89' lang='lat' dir='ltr'>gaudio</span> <span class='ocrx_word' id='word_1_403' title='bbox 1548 2417 1662 2457; x_wconf 86' lang='lat' dir='ltr'>illius</span> <span class='ocrx_word' id='word_1_404' title='bbox 1680 2416 1809 2464; x_wconf 90' lang='lat' dir='ltr'>vadit,</span> 
     </span>
     <span class='ocr_line' id='line_1_84' title="bbox 991 2473 1809 2526; baseline -0.005 -10"><span class='ocrx_word' id='word_1_405' title='bbox 991 2481 1035 2516; x_wconf 93' lang='lat' dir='ltr'>et</span> <span class='ocrx_word' id='word_1_406' title='bbox 1060 2475 1208 2516; x_wconf 90' lang='lat' dir='ltr'>vendit</span> <span class='ocrx_word' id='word_1_407' title='bbox 1235 2475 1437 2516; x_wconf 89' lang='lat' dir='ltr'>universa</span> <span class='ocrx_word' id='word_1_408' title='bbox 1464 2486 1563 2526; x_wconf 89' lang='lat' dir='ltr'>quae</span> <span class='ocrx_word' id='word_1_409' title='bbox 1587 2473 1737 2521; x_wconf 87' lang='lat' dir='ltr'>habet,</span> <span class='ocrx_word' id='word_1_410' title='bbox 1766 2477 1809 2513; x_wconf 90' lang='lat' dir='ltr'>et</span> 
     </span>
     <span class='ocr_line' id='line_1_85' title="bbox 990 2530 1413 2581; baseline -0.005 -9"><span class='ocrx_word' id='word_1_411' title='bbox 990 2532 1093 2572; x_wconf 90' lang='lat' dir='ltr'>emit</span> <span class='ocrx_word' id='word_1_412' title='bbox 1111 2544 1263 2581; x_wconf 90' lang='lat' dir='ltr'>agrum</span> <span class='ocrx_word' id='word_1_413' title='bbox 1281 2530 1413 2571; x_wconf 91' lang='lat' dir='ltr'>illum.</span> 
     </span>
    </p>

    <p class='ocr_par' dir='ltr' id='par_1_16' title="bbox 988 2584 1807 2745">
     <span class='ocr_line' id='line_1_86' title="bbox 1044 2584 1807 2641; baseline -0.003 -13"><span class='ocrx_word' id='word_1_414' title='bbox 1044 2590 1095 2641; x_wconf 63' lang='lat' dir='ltr'>Rz.</span> <span class='ocrx_word' id='word_1_415' title='bbox 1112 2588 1174 2628; x_wconf 90' lang='lat' dir='ltr'>Os</span> <span class='ocrx_word' id='word_1_416' title='bbox 1190 2600 1315 2627; x_wconf 92' lang='lat' dir='ltr'>suum</span> <span class='ocrx_word' id='word_1_417' title='bbox 1330 2587 1499 2639; x_wconf 91' lang='lat' dir='ltr'>aperuit</span> <span class='ocrx_word' id='word_1_418' title='bbox 1514 2584 1749 2638; x_wconf 79' lang='lat' dir='ltr'>sapientiae,</span> <span class='ocrx_word' id='word_1_419' title='bbox 1764 2589 1807 2626; x_wconf 90' lang='lat' dir='ltr'>et</span> 
     </span>
     <span class='ocr_line' id='line_1_87' title="bbox 988 2642 1805 2693; baseline -0.006 -9"><span class='ocrx_word' id='word_1_420' title='bbox 988 2644 1058 2684; x_wconf 86' lang='lat' dir='ltr'>lex</span> <span class='ocrx_word' id='word_1_421' title='bbox 1085 2643 1327 2684; x_wconf 83' lang='lat' dir='ltr'>clementiae</span> <span class='ocrx_word' id='word_1_422' title='bbox 1351 2645 1394 2683; x_wconf 91' lang='lat' dir='ltr'>in</span> <span class='ocrx_word' id='word_1_423' title='bbox 1414 2643 1558 2693; x_wconf 87' lang='lat' dir='ltr'>lingua</span> <span class='ocrx_word' id='word_1_424' title='bbox 1578 2642 1681 2692; x_wconf 89' lang='lat' dir='ltr'>ejus:</span> <span class='ocrx_word' id='word_1_425' title='bbox 1706 2652 1805 2680; x_wconf 94' lang='lat' dir='ltr'>con-</span> 
     </span>
     <span class='ocr_line' id='line_1_88' title="bbox 989 2693 1806 2745; baseline -0.006 -5"><span class='ocrx_word' id='word_1_426' title='bbox 989 2700 1196 2742; x_wconf 80' lang='lat' dir='ltr'>sideravit</span> <span class='ocrx_word' id='word_1_427' title='bbox 1217 2699 1392 2740; x_wconf 83' lang='lat' dir='ltr'>semitas</span> <span class='ocrx_word' id='word_1_428' title='bbox 1413 2699 1568 2740; x_wconf 92' lang='lat' dir='ltr'>domus</span> <span class='ocrx_word' id='word_1_429' title='bbox 1589 2708 1689 2745; x_wconf 73' lang='lat' dir='ltr'>suae,</span> <span class='ocrx_word' id='word_1_430' title='bbox 1710 2693 1730 2717; x_wconf 85' lang='lat'>*</span> <span class='ocrx_word' id='word_1_431' title='bbox 1750 2695 1806 2736; x_wconf 91' lang='lat' dir='ltr'>Et</span> 
     </span>
    </p>
   </div>
   <div class='ocr_carea' id='block_1_8' title="bbox 56 108 1883 2815">
    <p class='ocr_par' dir='ltr' id='par_1_17' title="bbox 56 108 1883 2815">
     <span class='ocr_line' id='line_1_89' title="bbox 56 108 1883 2815; baseline 0 0"><span class='ocrx_word' id='word_1_432' title='bbox 56 108 1883 2815; x_wconf 95' lang='lat' dir='ltr'> </span> 
     </span>
    </p>
   </div>
  </div>
 </body>
</html>
