2040 2944
174 191 273 234 [188]

176 284 363 324 mundus
391 283 496 324 dare
523 294 611 322 non
635 284 800 333 potest,
831 292 1003 342 pacem3

176 345 225 380 ut
254 345 298 380 et
325 339 461 380 corda
488 342 640 378 nostra
671 335 889 376 mandatis
917 334 1003 376 tuis

177 394 342 443 dedita,
374 400 418 435 et
443 394 636 434 bestium
662 392 835 433 sublata
859 391 1003 432 formi-

177 450 288 498 dine,
310 452 509 502 tempora
530 450 615 490 sint
633 454 708 490 tua
726 448 1004 499 protectione

176 505 420 557 tranquilla.

181 569 316 674 Ure
348 574 447 624 igne
484 573 622 614 sancti
654 572 840 624 Spiritus
876 584 1003 612 renes

296 634 470 670 nostros
504 633 548 669 et
581 641 657 669 cor
688 632 886 668 nostrum
915 627 1003 667 Do-

176 686 305 726 mine:
328 690 376 726 ut
394 684 473 726 tibi
493 688 616 725 casto
637 685 824 735 corpore
844 683 1004 723 servia-

175 754 284 790 mus,
305 746 348 782 et
367 739 533 781 mundo
553 739 687 780 corde
707 739 971 791 placeamus.

180 804 454 907 Fidelium,
474 809 611 857 Deus,
636 807 828 848 omnium
849 806 1005 848 Condi-

280 871 350 907 tor
383 870 426 906 et
457 864 747 915 Redemptor,
778 863 1006 904 animabus

176 922 438 964 famulerum
461 920 809 971 famularumque
831 920 1006 960 tuarum

176 978 477 1020 remissionem
489 977 746 1017 cunctorum
758 974 902 1016 tribue
913 988 1007 1027 pec-

177 1036 389 1075 caterum:
425 1037 474 1073 ut
507 1031 840 1082 indulgentiam,
875 1043 1006 1082 quam

177 1102 349 1141 semper
373 1089 652 1140 optaverunt,
678 1087 764 1138 piis
788 1087 1005 1138 supplica-

176 1145 368 1186 ti6nibus
387 1145 722 1194 consequantur.

181 1202 423 1305 Anienes
443 1212 628 1255 nostras,
651 1208 902 1257 quaesumus
917 1206 1005 1246 Do-

285 1264 418 1312 mine,
452 1261 687 1314 aspirando
715 1262 929 1313 praeveni,
964 1266 1007 1303 et

176 1319 423 1371 adjuvando
454 1320 740 1370 prosequere:
773 1322 820 1358 ut
849 1322 1007 1358 cuncta

177 1380 329 1416 nostra
374 1374 515 1414 oratio
561 1379 604 1413 et
645 1373 848 1425 operatio
892 1385 918 1412 a
961 1378 1006 1414 te

178 1442 351 1481 semper
379 1429 578 1480 incipiat,
611 1433 654 1468 et
681 1440 761 1479 per
787 1433 831 1468 te
859 1433 1007 1480 coepta

178 1485 365 1526 finiatur.

696 190 800 222 Ordo
826 189 1050 222 Commend
1043 189 1183 222 itionis
1209 188 1370 222 Animae.

1138 279 1388 340 mnipotens
1438 275 1703 328 sempiterne
1747 276 1886 324 Deus,

1167 333 1241 384 qui
1267 332 1467 372 vivorum
1493 329 1731 372 dominaris
1759 307 1888 371 simul

1057 393 1101 429 et
1126 389 1419 436 mortuorum,
1451 386 1734 438 omniumque
1760 386 1886 427 mise-

1057 445 1165 484 reris
1191 456 1303 495 quos
1326 448 1428 484 tuos
1447 442 1536 483 fide
1556 447 1599 483 et
1619 444 1756 494 opere
1774 442 1886 482 futu-

1057 512 1132 540 ros
1164 512 1260 540 esse
1292 498 1552 551 praenoscis:
1587 502 1632 538 te
1665 497 1887 550 supplices

1058 558 1308 604 exoramus3
1353 559 1401 595 ut
1436 566 1518 606 pro
1558 553 1717 605 quibus
1755 553 1888 594 effun-

1058 610 1163 652 dere
1188 623 1344 662 preces
1369 609 1660 658 decrevimus,
1689 621 1889 672 quosque

1057 666 1128 707 vel
1170 679 1368 718 praesens
1414 665 1624 706 saeculum
1665 664 1810 706 adhuc
1843 664 1889 704 in

1058 735 1189 763 carne
1226 722 1405 770 retinet,
1450 721 1521 762 vel
1566 721 1760 762 futurum
1805 721 1889 771 jam

1059 781 1217 819 exutos
1249 780 1436 829 corpore
1466 777 1676 828 suscepit,
1707 777 1889 817 interce-

1059 833 1263 874 dentibus
1281 832 1485 874 omnibus
1499 832 1670 873 Sanctis
1684 832 1783 881 tuis,
1801 831 1889 883 pie-

1058 890 1164 931 tatis
1191 894 1280 930 tuae
1309 889 1541 930 clementia
1567 889 1762 929 omnium
1786 886 1890 928 deli-

1060 947 1231 986 ctorum
1246 947 1427 986 suorum
1441 944 1613 985 veniam
1627 945 1892 995 consequan-

1059 1006 1139 1042 tur.
1166 1001 1251 1042 Per
1270 1001 1519 1042 Dominum.

1112 1072 1162 1122 ys.
1194 1074 1413 1114 Deminus
1451 1072 1691 1114 vobiscum.
1744 1075 1793 1126 Rt-
1833 1071 1891 1112 Et

1059 1142 1158 1170 cum
1184 1129 1342 1181 spiritu
1360 1134 1449 1170 tuo.

1115 1199 1163 1246 V.
1188 1187 1408 1238 Exaudiat
1430 1209 1512 1238 nos
1541 1197 1820 1247 omnipotens
1847 1197 1891 1234 et

1058 1254 1309 1294 misericors
1329 1252 1556 1293 Dominus.

1114 1313 1162 1362 Rg.
1190 1309 1344 1349 Αιιιθῐι.

1115 1371 1162 1421 V.
1188 1373 1246 1413 Et
1269 1372 1464 1413 fidelium
1488 1371 1645 1412 animae
1664 1383 1744 1422 per
1762 1370 1890 1411 mise-

1059 1427 1294 1470 ricordiam
1309 1428 1394 1468 Dei
1410 1427 1690 1479 requiescant
1707 1426 1752 1466 in
1768 1438 1890 1478 pace.

1113 1487 1164 1536 Ri.
1191 1483 1345 1525 Amen.

488 1642 667 1691 ORDO
703 1641 1306 1691 COMMENDATIONIS
1338 1643 1593 1694 ANIMAE.

234 1727 402 1761 Primum
428 1728 607 1762 dicuntur
630 1729 794 1762 Litaniae
820 1729 957 1763 breves

419 1776 457 1809 in
482 1776 583 1810 hunc
608 1776 774 1810 modum.

193 1883 196 1894 Ι
231 1858 251 1883 22
279 1838 393 1891 yrie
413 1838 588 1879 eleison.

218 1902 249 1942 22²⁹.
319 1893 490 1934 Christe
510 1893 685 1934 eleison.

286 1950 287 1954 ’
319 1949 456 2000 Kyrie
476 1949 652 1990 eleison.

180 2003 339 2044 Sancta
357 2004 504 2053 Maria,
524 2016 602 2044 ora
621 2016 703 2056 pro
725 2016 790 2045 eo.

181 2057 344 2100 Omnes
377 2060 516 2100 sancti
547 2059 703 2109 Angeli
736 2065 779 2101 et
812 2059 1005 2100 Archan-

231 2114 327 2164 geli,
347 2117 471 2155 orate
490 2127 572 2166 pro
593 2127 657 2155 eo.

180 2168 336 2210 Sancte
357 2170 480 2219 Abel,

182 2223 333 2265 Omnis
354 2225 513 2266 chorus
533 2226 557 2265 J
559 2228 769 2274 ustorum,

180 2278 337 2321 Sancte
357 2281 591 2330 Abraham,

181 2333 338 2375 Sancte
357 2336 380 2375 J
384 2338 548 2377 oannes
567 2337 780 2388 Baptista,
917 2349 1006 2377 ora.

181 2389 338 2430 Sancte
356 2391 381 2429 J
384 2391 533 2442 oseph,
916 2405 1005 2432 ora.

182 2443 346 2485 Omnes
375 2447 514 2486 sancti
537 2447 805 2487 Patriarchae
833 2452 876 2488 et
901 2448 1005 2488 Pro-

232 2499 388 2550 phetae,
871 2505 1004 2543 orate.

180 2555 338 2595 Sancte
360 2555 498 2603 Petre,
917 2571 1006 2598 ora.

181 2610 339 2650 Sancte
356 2610 501 2658 Paule,
919 2626 1006 2653 ora.

181 2666 338 2706 Sancte
357 2665 543 2714 Andrea,

918 2183 1006 2211 Ora.

918 2239 1006 2267 Ora.

918 2294 1006 2322 Ol‘a.

918 2681 1005 2709 ora.
1033 2656 1037 2721 Ι
1060 2670 1218 2710 Sancte
1238 2669 1262 2709 J
1265 2671 1430 2709 oannes
1450 2667 1505 2708 de
1523 2667 1632 2716 Deo,

1057 1727 1218 1768 Sancte
1236 1727 1261 1767 J
1263 1729 1439 1776 oannes,
1800 1739 1889 1768 ora.

1060 1783 1224 1824 Omnes
1244 1783 1383 1824 sancti
1402 1782 1610 1835 Apostoli
1632 1787 1676 1824 et
1693 1783 1888 1833 Evange-

1111 1838 1236 1887 listae‚
1754 1840 1889 1879 orate.

1060 1894 1223 1935 Omnes
1243 1895 1382 1935 sancti
1401 1893 1619 1946 Discipuli
1636 1893 1825 1943 Domini,

1754 1950 1889 1990 orate.

1754 2006 1889 2046 orate.

1800 2072 1889 2100 ora.

1800 2127 1890 2156 ora:

1755 2172 1890 2211 orate.

1061 2005 1225 2046 Omnes
1246 2005 1386 2045 sancti
1403 2005 1680 2052 Innocentes‚

1059 2061 1218 2101 Sancte
1237 2060 1469 2112 Stephane,

1059 2115 1219 2156 Sancte
1238 2115 1457 2164 Laurenti,

1061 2170 1224 2211 Onmes
1244 2171 1384 2211 sancti
1401 2170 1632 2222 Martyres,

1059 2226 1218 2267 Sancte
1237 2226 1458 2275 Silvester,
1800 2238 1888 2266 ora.

1059 2281 1219 2322 Sancte
1240 2282 1438 2332 Gregori,
1800 2293 1889 2322 ora.

1059 2337 1217 2377 Sancte
1236 2339 1494 2387 Augustine‚
1799 2349 1888 2377 ora.

1060 2392 1224 2433 Omnes
1245 2393 1384 2433 sancti
1395 2391 1633 2433 Pontifices
1653 2396 1696 2432 et
1713 2391 1889 2432 Confes-

1112 2450 1246 2496 s6res,
1755 2449 1889 2488 orate.

1060 2503 1218 2544 Sancte
1238 2503 1488 2551 Benedicte,
1801 2515 1888 2543 ora.

1060 2558 1219 2599 Sancte
1237 2559 1482 2607 Francisce,

1060 2614 1219 2654 Sancte
1239 2614 1431 2662 Camille,

1802 2570 1889 2598 Ora.

1800 2626 1887 2654 Ora.

1800 2680 1887 2708 Ol‘a.
