2040 2944
756 197 931 232 Officium
955 198 1239 233 Defunctorum.

146 287 237 328 rael
263 301 289 329 a
316 288 494 338 saeculo,
524 294 568 331 et
594 303 733 343 usque
762 291 807 332 in
835 293 969 333 saecu-

145 344 248 386 lum:
265 345 290 370 *
308 345 394 395 fiat,
414 345 499 387 fiat.

195 406 410 458 Requiem
429 408 647 449 aeternam.

197 473 295 513 Ant.
322 474 436 512 Sana
459 472 648 515 Domine
672 474 859 515 animam
882 487 968 517 me-

146 540 226 577 am,
250 527 352 579 quia
369 529 551 580 peccavi
570 529 660 571 tibi.

197 595 295 636 Ant
323 593 469 635 Sitivit
486 594 510 621 *
530 594 672 636 anima
694 608 792 637 mea
811 595 867 637 ad
884 596 968 638 De-

144 662 217 690 um
235 649 399 691 vivum:
424 650 599 702 quando
619 652 805 702 veniam,
832 657 876 694 et
896 666 968 706 ap-

143 705 310 758 parebo
330 710 430 748 ante
448 706 604 749 faciem
622 708 822 750 Demini?

420 797 486 837 Ps·
478 796 615 837 11111118
636 798 695 836 41.

226 854 566 897 uemadmodum
612 856 833 899 desiderat
877 871 966 900 cer-

246 923 326 951 vus
352 911 409 953 ad
438 911 579 954 fontes
605 915 831 965 aquarum:
856 916 880 942 *
906 915 968 956 ita

144 965 364 1009 desiderat
383 968 527 1010 anima
545 982 642 1011 mea
661 970 718 1012 ad
735 975 780 1012 te
798 971 942 1014 Deus.¹,

194 1022 336 1065 Sitivit
359 1025 501 1066 anima
522 1039 620 1068 mea
642 1026 699 1068 ad
717 1027 860 1069 Deum
883 1029 966 1070 for-

142 1084 232 1122 tem
261 1080 423 1122 vivum:
449 1083 473 1109 *
500 1082 675 1134 quando
702 1084 891 1135 veniam,
924 1090 967 1127 et

143 1136 367 1189 apparebo
386 1142 486 1180 ante
504 1138 782 1182 faciemDei?

196 1192 389 1235 Fuerunt
412 1194 518 1235 mihi
543 1195 735 1237 lacrimae
759 1209 869 1239 meae
892 1211 966 1250 pa-

143 1262 221 1291 nes
255 1248 326 1291 die
358 1263 409 1291 ac
443 1256 586 1294 nocte:
617 1253 641 1280 *
674 1252 778 1294 dum
811 1253 968 1296 dicitur

142 1305 248 1346 mihi
269 1306 479 1358 quotidie:
504 1308 591 1350 Ubi
614 1313 681 1351 est
698 1309 819 1352 Deus
842 1310 966 1352 tuus?

195 1362 306 1404 Haec
332 1363 588 1406 recordatus
615 1378 729 1416 sum,
762 1372 805 1408 et
833 1366 967 1409 efludi

141 1418 186 1459 in
211 1431 282 1460 me
310 1420 498 1461 animam
524 1434 681 1464 meam:
709 1424 733 1450 *
762 1424 967 1475 quoniam

141 1475 337 1517 transibo
362 1476 407 1516 in
430 1476 576 1519 locum
599 1478 870 1521 tabernaculi
893 1481 966 1522 ad·

141 1531 369 1583 mirabilis,
387 1546 528 1586 usque
547 1533 604 1576 ad
623 1535 802 1577 domum
821 1537 914 1578 Dei.

194 1588 246 1628 In
263 1601 373 1631 voce
393 1590 713 1642 exsultationis,
738 1597 782 1634 et
800 1594 964 1635 confes-

143 1643 291 1685 sionis:
309 1646 334 1672 *
353 1658 486 1688 sonus
506 1647 734 1700 epulantis„

194 1700 338 1751 Quare
356 1702 493 1745 tristis
513 1716 559 1745 es
577 1705 721 1747 anima
738 1704 859 1747 mea?
878 1706 902 1732 *
922 1711 965 1747 61

143 1769 277 1810 quare
297 1758 533 1801 conturbas
551 1761 644 1802 me?

192 1814 331 1867 Spera
360 1816 405 1857 in
436 1817 550 1868 Deo,
584 1818 790 1871 queniam
821 1818 964 1860 adhuc

142 1871 386 1913 confitebor
420 1872 497 1914 illi:
533 1875 557 1902 *
594 1874 784 1917 salutare
820 1875 964 1917 vultus

141 1927 237 1977 mei,
257 1933 300 1970 et
317 1929 438 1970 Deus
458 1943 591 1972 meus.

191 1983 265 2026 Ad
282 1987 497 2038 meipsum
516 1988 658 2028 anima
675 2000 773 2029 mea
792 1993 961 2030 contur-

141 2040 245 2082 bata
272 2045 352 2082 est:
377 2042 401 2067 *
428 2045 665 2096 propterea
691 2057 858 2086 memor
885 2058 960 2086 ero

140 2097 204 2138 tui
232 2097 286 2138 de
313 2102 431 2139 terra
456 2098 677 2150 Jordanis,
709 2105 753 2142 et
778 2101 961 2143 Hermo-

140 2153 245 2194 niim
264 2166 289 2194 a
307 2159 455 2196 monte
473 2155 660 2198 medico.

191 2209 391 2262 Abyssus
419 2210 620 2263 abyssum
650 2215 842 2264 invocat,
867 2214 891 2240 *
918 2214 961 2254 in

139 2279 248 2308 voce
268 2269 585 2309 cataractarum
603 2271 786 2310 tuarum.

192 2322 348 2364 Omnia
368 2323 540 2364 excelsa
558 2329 643 2375 tua,
664 2330 707 2367 et
724 2326 882 2367 fluctus
899 2325 962 2366 tui

139 2379 163 2405 *
183 2391 314 2431 super
332 2391 402 2420 me
420 2380 695 2422 transierunt.

191 2434 244 2475 In
268 2434 338 2476 die
361 2434 584 2478 mandavit
602 2437 816 2478 Deminus
839 2437 962 2478 mise-

140 2490 375 2532 ricordiam
398 2505 535 2534 suam:
559 2494 582 2520 *
608 2498 651 2535 et
676 2498 806 2535 nocte
832 2493 962 2534 canti-

141 2559 239 2587 cum
258 2548 358 2599 ejus.

191 2602 327 2655 Apud
350 2617 420 2646 me
444 2606 585 2647 oratio
604 2606 702 2647 Deo
722 2605 823 2647 vitae
841 2617 962 2655 meae,

140 2660 164 2685 *
184 2658 328 2700 dicam
346 2660 458 2715 Deo:
475 2661 715 2714 Susceptor
733 2674 855 2703 meus
875 2674 932 2702 68.

193 2715 336 2764 Quare
356 2716 516 2759 oblitus
537 2731 583 2759 es
602 2716 710 2760 mei?
725 2719 749 2745 *
766 2723 810 2759 et
829 2730 963 2769 quare

1752 196 1845 240 [169]

1022 292 1305 334 contristatus
1336 292 1510 343 incedo,
1556 292 1660 335 dum
1693 293 1846 344 affligit

1021 361 1092 389 me
1111 348 1332 390 inimicus?

1072 404 1189 445 Dum
1215 398 1544 457 cOnfringuntur
1569 419 1671 447 ossa
1688 418 1802 456 mea,
1821 407 1845 431 *

1022 460 1396 529 exprobraverunt
1414 461 1522 503 mihi
1542 462 1616 515 qui
1636 461 1846 504 tribulant

1020 530 1090 558 me
1109 517 1269 558 inimici
1287 519 1384 559 mei.

1071 574 1189 614 Dum
1222 573 1372 616 dicunt
1403 574 1507 615 mihi
1538 587 1618 627 per
1650 575 1845 626 singulos

1021 629 1129 671 dies:
1161 629 1246 672 Ubi
1273 635 1339 672 est
1364 631 1485 673 Deus
1510 630 1633 672 tuus?
1659 634 1682 658 *
1710 643 1845 684 quare

1021 686 1158 728 tristis
1178 699 1226 728 es
1245 687 1387 729 anima
1405 700 1513 738 mea,
1534 693 1576 729 et
1597 701 1730 741 quare
1747 701 1844 730 con-

1023 742 1175 784 turbas
1193 742 1287 785 me?

1073 799 1211 852 Spera
1242 800 1286 840 in
1317 801 1428 850 Deo,
1463 801 1669 853 quoniam
1701 800 1844 842 adhuc

1022 856 1266 898 confitebor
1301 857 1375 897 illi:
1411 857 1435 883 *
1473 857 1664 899 salutare
1699 857 1844 899 vultus

1019 913 1115 963 mei,
1136 917 1179 954 et
1196 913 1317 955 Deus
1336 927 1469 955 meus.

1071 970 1286 1022 Requiem
1306 972 1524 1012 aeternam.

1070 1037 1169 1078 Ant.
1183 1035 1330 1076 sitivit
1350 1035 1493 1076 anima
1512 1048 1609 1077 mea
1629 1036 1685 1078 ad
1700 1037 1843 1078 Deum

1020 1091 1181 1132 vivum:
1202 1092 1376 1144 quando
1398 1092 1579 1147 veniam,
1600 1097 1643 1134 et
1662 1096 1843 1146 appare-

1018 1147 1077 1189 bo
1097 1153 1196 1190 ante
1215 1148 1369 1190 faciem
1389 1148 1589 1189 Domini?

1072 1209 1120 1260 Ψ
1138 1214 1206 1255 Ν6
1224 1212 1373 1255 tradas
1391 1213 1543 1255 bestiis
1565 1214 1729 1255 animas
1745 1227 1842 1256 con-

1019 1269 1192 1311 fitentes
1211 1269 1300 1312 tibi.
1336 1276 1385 1326 113.
1412 1271 1468 1312 Ε1
1493 1270 1657 1311 animas
1681 1274 1843 1323 paupe-

1018 1339 1161 1424 {ilnlelm
1159 1329 1335 1368 tuorum
1383 1340 1438 1368 ne
1483 1326 1755 1368 obliviscaris
1800 1328 1843 1368 in

1070 1446 1201 1486 Pater
1219 1448 1379 1486 noster.
1398 1449 1537 1485 totum
1557 1449 1737 1484 secreto.

1122 1517 1273 1557 Lectio
1294 1517 1360 1557 vii.
1580 1517 1663 1557 Job
1684 1518 1738 1557 17.

1029 1598 1031 1600 ·
1049 1606 1100 1639 {a
1121 1584 1277 1637 piritus
1291 1598 1414 1626 meus
1429 1585 1733 1636 attenuabitur,
1750 1586 1842 1628 dies

1024 1636 1110 1703 {0
1139 1641 1224 1682 mei
1257 1641 1586 1690 breviabuntur,
1625 1647 1670 1683 et
1701 1642 1842 1684 solum

1023 1688 1113 1723 Q
1137 1697 1243 1737 mihi
1296 1701 1498 1750 superest
1550 1698 1840 1750 sepulchrum.

1016 1751 1117 1793 Non
1136 1754 1334 1805 peccavi,
1357 1758 1400 1795 et
1417 1754 1460 1794 in
1479 1754 1840 1796 amaritudinibus

1016 1811 1213 1851 moratur
1240 1810 1393 1851 eculus
1416 1823 1550 1851 meus.
1585 1810 1745 1852 Libera
1769 1824 1840 1852 me

1016 1866 1221 1916 Domine,
1250 1871 1294 1908 et
1322 1879 1438 1920 pone
1462 1879 1532 1908 me
1557 1867 1676 1918 juxta
1700 1872 1761 1918 te,
1797 1872 1840 1909 et

1018 1922 1206 1973 cujusvis
1229 1936 1382 1964 manus
1405 1927 1570 1975 pugnet
1589 1928 1742 1965 contra
1759 1937 1839 1966 me.

1015 1979 1122 2020 Dies
1141 1980 1226 2021 mei
1244 1979 1524 2029 transierunt,
1549 1979 1838 2031 cogitationes

1016 2048 1127 2077 meae
1164 2035 1388 2089 dissipatae
1424 2040 1541 2086 sunt,
1583 2038 1838 2088 torquentes

1017 2105 1094 2133 cor
1126 2105 1280 2134 meum.
1322 2092 1510 2134 Noctem
1541 2093 1764 2134 verterunt
1794 2093 1837 2134 in

1017 2148 1146 2198 diem,
1192 2153 1236 2190 et
1279 2162 1451 2190 rursum
1495 2153 1598 2201 post
1634 2148 1837 2190 tenebras

1018 2217 1148 2257 spero
1168 2204 1321 2246 lucem.
1357 2205 1402 2246 Si
1425 2204 1687 2254 sustinuero,
1711 2205 1837 2246 infer-

1016 2274 1096 2301 nus
1117 2261 1273 2303 domus
1291 2274 1388 2302 mea
1408 2265 1489 2311 est,
1515 2265 1559 2302 et
1582 2261 1626 2301 in
1644 2261 1836 2303 tenebris

1017 2318 1151 2359 stravi
1181 2317 1388 2359 lectulum
1417 2329 1573 2358 meum.
1612 2317 1837 2359 Putredini

1016 2372 1119 2415 dixi:
1137 2375 1268 2415 Pater
1286 2386 1409 2414 meus
1428 2386 1490 2422 eS,
1508 2377 1646 2414 mater
1664 2386 1773 2424 mea,
1793 2379 1837 2415 et

1015 2443 1140 2471 soror
1157 2442 1265 2479 mea,
1283 2429 1515 2471 vermibus.
1543 2429 1628 2471 Ubi
1647 2434 1713 2471 est
1731 2443 1836 2481 ergo

1014 2499 1128 2527 nunc
1155 2486 1427 2538 praestolatio
1454 2499 1567 2535 mea,
1604 2491 1648 2527 et
1673 2487 1836 2539 patien-

999 2543 1120 2584 tiam
1137 2555 1279 2583 meam
1299 2542 1395 2594 quis
1415 2542 1685 2584 considerat?

1065 2604 1115 2643 R
1149 2603 1412 2644 Peccantem
1442 2615 1512 2644 me
1546 2602 1754 2654 quotidie,
1791 2605 1835 2664 et

1014 2671 1100 2700 non
1118 2671 1188 2699 me
1206 2659 1507 2711 poenitentem,
1534 2659 1665 2700 timor
1682 2660 1834 2698 mortls

1015 2715 1247 2757 conturbat
1278 2727 1362 2756 me:
1391 2719 1413 2743 *
1448 2715 1561 2766 Quia
1592 2715 1636 2754 in
1666 2712 1832 2753 inferno
