2040 2944
621 156 688 189 l)ie
717 155 765 189 17.
791 156 981 189 Octobris,
1027 157 1061 189 S.
1087 156 1288 198 Hcdwigis
1314 156 1463 190 Viduae.

182 257 265 297 viae
284 255 585 297 marchionum
604 255 704 305 filia,
729 254 860 296 animi
880 254 934 296 ab
954 255 1013 295 in-

182 315 313 354 eunte
337 313 468 354 aetate
493 310 844 353 moderationem
863 313 1013 363 protu-

181 369 242 410 lit.
260 367 419 409 Adhuc
435 368 550 409 enim
563 367 759 420 puellula
772 367 1014 420 puerilibus

181 425 410 474 abstinuit,
456 430 499 466 et
536 423 783 467 duodennis
819 426 1013 467 Henrico

180 482 376 523 Poloniae
401 481 502 523 duci
528 494 553 522 a
577 482 836 534 parentibus
858 481 1013 535 nuptui

179 537 352 588 tradita,
364 538 546 579 thalami
557 537 646 580 fide
660 544 811 581 sancte
827 541 1014 588 servata,

180 594 350 647 prolem
378 595 480 637 inde
508 597 761 648 susceptam
786 596 829 636 in
856 595 940 637 Dei
965 595 1013 637 ti-

179 653 302 693 more
332 651 532 694 erudivit.
568 652 626 694 Ut
650 658 797 694 autem
822 654 1013 694 commo-

180 706 277 749 dius
300 708 398 750 Deo
424 712 614 759 vacaret,
640 723 694 751 ex
718 709 815 762 pari
839 715 945 751 voto
971 714 1014 750 et

180 767 398 807 consensu
410 766 602 807 unanimi
617 765 674 807 ad
690 766 1014 818 separationem

178 821 296 862 thori
316 822 457 863 virum
475 823 658 865 induxit.
679 823 776 873 Quo
793 822 1014 871 defuneto,

178 878 276 930 ipsa
316 878 359 919 in
400 880 669 922 monasterio
715 879 1013 929 Trebnicensi‚

178 935 292 985 Deo,
326 948 457 988 quem
485 936 675 978 assiduis
707 936 914 989 precibus
943 949 1013 977 ex-

179 994 393 1043 oraverat,
410 993 662 1046 inspirante,
675 993 1013 1034 Cisterciensem

179 1047 340 1090 devota
360 1049 548 1103 sumpsit
568 1050 787 1099 habitum3
806 1050 849 1090 in
870 1052 1012 1102 eoque

178 1107 543 1159 contemplationi
562 1107 739 1156 intenta,
759 1106 919 1148 divinis
940 1107 1011 1148 Of-

176 1162 287 1204 ficiis
309 1168 353 1205 et
367 1164 601 1205 Missarum
620 1163 845 1206 solemniis
866 1176 891 1204 a
906 1163 1012 1205 solis

178 1224 277 1260 ortu
310 1219 367 1262 ad
398 1221 627 1262 meridiem
662 1232 802 1273 usque
835 1220 1012 1262 assidua

177 1278 397 1327 assistens,
409 1280 636 1330 antiquum
647 1277 826 1319 humani
840 1277 1011 1328 generis

177 1332 350 1375 hostem
370 1335 497 1376 fortis
518 1334 794 1388 contempsit.

231 1398 281 1448 R·.
321 1396 510 1449 Propter
542 1396 787 1446 veritatem,
820 1401 863 1437 et
894 1409 1010 1437 man-

179 1452 472 1503 suetudinem,
501 1458 544 1495 et
571 1453 795 1506 justitiam,
815 1456 837 1478 *
858 1453 914 1494 Et
939 1452 1010 1494 de-

180 1508 313 1551 ducet
348 1515 392 1551 te
424 1509 680 1552 mirabiliter
712 1509 894 1551 dextera
925 1514 1011 1551 tua.

179 1561 228 1612 Y.
247 1566 403 1618 Specie
423 1572 508 1617 tua,
529 1571 573 1608 et
590 1565 917 1619 pulchritudine
936 1571 1012 1608 tua

178 1622 370 1673 intende,
398 1626 614 1676 prospere
637 1622 848 1676 procede,
877 1627 921 1665 et
947 1635 1011 1665 re-

179 1692 275 1730 gna.
303 1680 360 1722 Et
380 1679 582 1722 deducet.

489 1749 640 1790 Lectio
662 1764 698 1789 v.

250 1811 377 1852 aeculi
403 1816 549 1853 autem
576 1811 854 1861 commercia,
881 1811 926 1853 ni
949 1811 1009 1854 di-

274 1870 392 1915 vina,
435 1868 505 1909 vel
541 1868 784 1910 animarum
821 1868 1010 1910 salutem

178 1927 459 1975 attingerent,
492 1923 643 1966 audire
671 1924 742 1966 vel
770 1924 894 1977 loqui
921 1939 1009 1968 non

179 1981 395 2023 sustinuit.
426 1981 664 2024 Prudentia
681 1982 725 2022 in
744 1982 927 2033 agendis
947 1983 1010 2024 sic

177 2039 369 2087 emicuit,
404 2044 451 2080 ut
483 2051 626 2091 neque
655 2041 863 2080 excessus
892 2044 1010 2081 esset

176 2094 219 2134 in
235 2094 381 2144 modo,
397 2108 478 2136 nec
493 2108 616 2137 error
631 2096 675 2136 in
691 2095 856 2145 ordine,
871 2096 1009 2138 comis

178 2150 350 2203 alioqui,
372 2157 415 2194 et
433 2155 661 2194 mansueta
684 2152 728 2193 in
747 2153 1009 2205 proximum.

178 2207 403 2249 Grandem
422 2214 570 2251 autem
590 2209 645 2251 de
665 2222 712 2251 se
727 2209 1009 2262 triumphum,

177 2264 343 2315 jejuniis
355 2270 400 2306 et
410 2265 580 2317 vigiliis,
591 2267 870 2319 vestiumque
885 2280 1008 2320 aspe-

177 2320 305 2362 ritate
344 2324 518 2364 austera
555 2336 731 2365 carnem
771 2325 1009 2374 macerans,

177 2378 435 2429 reportavit3
460 2378 561 2421 hinc
585 2379 912 2422 sublimioribus
932 2381 1007 2422 flo-

176 2446 276 2474 rens
305 2434 540 2477 virtutibus
567 2436 831 2487 christianis,
868 2437 1007 2478 consi—

176 2489 334 2530 liorum
344 2492 570 2542 gravitate,
581 2493 800 2545 animique
817 2492 1009 2535 candore

177 2550 221 2587 et
240 2546 386 2598 quiete
405 2547 448 2587 in
465 2549 670 2590 eximium
684 2549 903 2600 religiosae
917 2549 1006 2602 pie·

175 2602 279 2644 tatis
303 2603 444 2645 evasit
464 2605 700 2658 exemplar;
727 2605 930 2647 omnibus
959 2618 1006 2647 se

1066 253 1182 296 ultro
1209 253 1439 306 subjicere,
1468 258 1600 307 atque
1623 254 1780 296 viliora
1806 267 1900 308 prae

1066 311 1223 352 ceteris
1245 310 1509 353 monialibus
1529 311 1732 353 alacriter
1751 311 1900 353 munia

1067 366 1227 417 subire,
1280 367 1550 421 pauperibus
1601 368 1732 410 etiam
1782 368 1899 410 flexo

1065 436 1180 474 genu
1194 424 1453 474 ministrare,
1470 424 1748 477 leprosorum
1761 424 1900 477 pedes

1067 479 1244 523 abluere
1273 485 1317 523 et
1345 480 1553 531 osculari,
1577 480 1662 534 ipsi
1687 481 1899 523 familiare

1067 542 1174 587 erat,
1211 550 1354 590 neque
1391 537 1566 580 illorum
1598 537 1748 580 ulcera
1779 538 1899 580 sanie

1066 595 1286 636 manantia
1307 595 1373 636 sui
1392 595 1550 636 victrix
1570 593 1808 636 abhorruit.

1117 659 1166 698 R.
1203 660 1409 702 Dilexisti
1437 660 1662 712 justitiam,
1691 665 1735 702 et
1764 659 1898 703 odisti

1066 715 1361 768 iniquitatem:
1403 718 1425 741 *
1479 718 1721 770 Propterea
1773 717 1899 759 unxit

1066 777 1110 814 te
1137 773 1274 824 Deus,
1302 774 1424 816 Deus
1451 779 1564 825 tuUS,
1593 774 1692 816 oleo
1721 774 1898 816 laetitiae.

1066 823 1114 875 V.
1144 830 1334 883 Propter
1352 831 1599 882 veritatem,
1628 836 1672 873 et
1698 844 1897 873 mansue-

1066 885 1274 937 tudinem,
1295 892 1338 929 et
1356 888 1574 939 justitiam.
1602 888 1856 942 Propterea.

1365 958 1516 999 Lectio
1539 959 1589 997 vi.
1797 965 1801 967 ·

1064 1015 1236 1121 Mira
1250 1021 1331 1064 fuit
1346 1022 1437 1075 eius
1452 1022 1663 1076 patientia
1678 1023 1899 1076 animique

1192 1079 1454 1130 constantia3
1479 1082 1704 1133 praecipue
1730 1080 1900 1122 veroin

1064 1139 1206 1176 morte
1237 1135 1419 1178 Henrici
1455 1135 1580 1178 ducis
1616 1136 1785 1178 Silesiae
1822 1136 1900 1188 sui,

1066 1204 1196 1243 quem
1231 1194 1427 1234 materne
1461 1192 1690 1244 diligebat,
1722 1193 1820 1243 filii,
1855 1193 1899 1234 in

1064 1246 1181 1290 bello
1206 1261 1231 1290 a
1257 1249 1457 1291 Tartaris
1483 1250 1598 1300 caesi,
1627 1249 1798 1292 enituit:
1821 1252 1898 1303 po-

1034 1321 1036 1329 =
1064 1304 1151 1345 tius
1180 1305 1294 1346 enim
1321 1306 1485 1357 gratias
1508 1306 1618 1358 Deo,
1648 1319 1778 1359 quam
1805 1306 1898 1349 filio

1064 1360 1268 1403 lacrimas
1283 1361 1487 1405 reddidit.
1506 1362 1820 1405 Miraculorum
1835 1362 1900 1406 de-

1064 1418 1195 1470 nique
1237 1418 1375 1471 gloria
1411 1419 1678 1472 percrebuit;
1712 1423 1899 1473 puerum

1064 1475 1180 1515 enim
1199 1474 1459 1527 demersum,
1479 1481 1523 1519 et
1536 1476 1776 1519 molendini
1789 1476 1899 1519 rotis

1064 1531 1236 1573 allisum
1265 1537 1309 1574 et
1335 1546 1518 1586 prorsus
1544 1536 1751 1584 attritum,
1778 1533 1898 1575 invo-

1064 1590 1174 1639 cata,
1194 1589 1297 1631 vitae
1312 1591 1516 1642 restituit;
1537 1590 1710 1643 aliaque
1728 1590 1897 1644 praesti-

1063 1645 1126 1695 tit,
1145 1651 1194 1687 ut
1212 1645 1295 1688 rite
1313 1646 1366 1688 iis
1383 1647 1585 1689 Clemens
1602 1653 1783 1700 quartus
1798 1660 1898 1700 pro-

1064 1701 1191 1752 batis,
1216 1705 1469 1745 sanctorum
1492 1707 1676 1746 numero
1702 1717 1800 1746 eam
1824 1703 1897 1747 ad-

1065 1760 1302 1812 scripserit,
1328 1761 1508 1813 ejusque
1527 1761 1688 1803 festum
1707 1761 1749 1803 in
1770 1761 1898 1803 Polo-

1064 1815 1150 1865 nia,
1178 1815 1253 1858 ubi
1278 1819 1503 1870 praecipua
1527 1817 1809 1860 veneratione
1833 1817 1898 1860 uti

1063 1871 1257 1914 Patrona
1276 1873 1445 1924 colitur,
1465 1874 1536 1916 die
1557 1874 1726 1917 decima
1746 1875 1897 1927 quinta

1065 1928 1271 1971 Octobris
1335 1930 1550 1972 celebrari
1611 1931 1896 1982 concesserit3

1065 1984 1186 2037 quod
1205 1985 1364 2028 deinde
1388 1992 1436 2029 ut
1455 1985 1627 2029 decima
1645 1988 1835 2041 septima
1852 1987 1897 2028 in

1064 2046 1157 2083 tota
1192 2042 1392 2084 Ecclesia
1428 2043 1574 2095 fieret,
1614 2044 1896 2087 Innocentius

1063 2097 1321 2140 undecimus
1340 2099 1579 2153 ampliavit.

1119 2164 1169 2214 R1.
1186 2164 1339 2206 Fallax
1358 2166 1510 2217 gratia,
1532 2171 1575 2208 et
1590 2179 1703 2208 vana
1722 2170 1789 2208 est
1802 2165 1895 2220 pul-

1064 2218 1284 2263 chritudo:
1311 2220 1333 2245 *
1359 2221 1517 2282 Mulier
1549 2223 1708 2265 timens
1739 2223 1895 2274 Deum,

1063 2276 1159 2328 ipsa
1178 2276 1439 2320 laudabitur.
1468 2273 1518 2321 Y·
1541 2280 1655 2322 Date
1677 2279 1716 2321 ei
1735 2278 1790 2321 de
1810 2279 1895 2321 fru-

1064 2338 1138 2375 ctu
1169 2336 1377 2376 manuum
1407 2338 1599 2386 suarum,
1637 2341 1681 2378 et
1716 2335 1896 2379 laudent

1065 2402 1162 2431 eam
1187 2390 1230 2431 in
1255 2391 1397 2443 portis
1423 2393 1559 2445 opera
1584 2393 1686 2445 ejus.
1727 2392 1895 2434 Mulier.

1068 2446 1218 2489 Gloria
1236 2447 1367 2490 Patri.
1394 2448 1562 2491 Mulier.

1121 2519 1163 2552 In
1180 2518 1245 2552 III.
1260 2517 1370 2551 Noct.
1387 2515 1528 2550 Homil.
1546 2516 1583 2549 in
1601 2516 1746 2559 Evang.
1761 2517 1894 2553 Simile

1062 2568 1121 2599 est
1139 2574 1314 2608 regnum.
1339 2564 1386 2598 de
1409 2563 1492 2598 eod.
1511 2564 1616 2598 Coffi.
1637 2564 1662 2598 1.
1678 2564 1777 2600 loco.
1790 2566 1893 2612 [108]

1117 2618 1233 2661 Vesp.
1251 2616 1298 2650 de
1315 2627 1432 2660 sequ..
1454 2615 1537 2650 sine
1556 2618 1712 2650 coriiem.
1730 2616 1894 2660 praeced.
