2040 2944
783 205 991 237 Commune
1020 203 1229 245 Virginum.

146 301 280 342 decus
311 305 444 352 atque
479 303 786 341 ornamentum
819 299 973 351 gratiae

145 356 373 409 spiritalis,
409 356 512 398 laeta
536 356 731 406 indoles,
758 355 902 396 laudis
931 359 975 396 et

145 412 326 454 honeris
359 425 471 465 opus
501 415 720 464 integrum
748 417 884 463 atque
914 411 974 450 in-

146 472 415 521 corruptum,
435 469 519 510 Dei
538 469 684 519 imago
701 467 975 520 respondens

146 524 203 565 ad
218 524 554 565 sanctimoniam
563 524 754 573 Domini,
763 522 975 564 illustrior

145 580 293 632 pertio
318 580 463 632 gregis
484 580 657 622 Christi.
696 578 873 621 Gaudet
895 590 976 630 per

146 635 261 685 illas,
291 641 425 687 atque
458 636 503 676 in
527 636 613 677 illis
638 635 819 686 largiter
847 634 976 674 floret

147 691 361 733 Ecclesiae
379 692 533 733 matris
552 692 745 743 gloriosa
765 689 976 731 foecundi-

147 752 230 788 tas:
255 749 509 799 quantoque
527 748 628 800 plus
648 747 831 799 copiesa
848 746 976 796 virgi-

147 803 262 844 nitas
282 806 466 844 numero
487 815 567 844 suo
583 803 719 852 addit,
737 807 862 843 tanto
877 801 977 854 plus

147 858 356 910 gaudium
379 859 533 900 matris
559 859 765 910 augescit.
802 857 875 898 Ad
898 857 978 897 has

147 914 380 966 loquimur,
394 914 474 955 has
486 914 773 956 adhortamur
785 913 977 954 affectio-

147 983 203 1012 ne
212 971 362 1022 potius
372 983 503 1022 quam
511 972 749 1022 potestate:
759 982 848 1010 non
858 968 980 1020 quod

150 1026 350 1076 extremi,
380 1030 424 1067 et
442 1026 626 1076 minimi,
656 1031 701 1067 et
719 1024 979 1066 humilitatis

148 1086 314 1123 nostrae
345 1081 586 1123 admodum
618 1081 783 1122 censcii
812 1079 980 1131 aliquid

150 1137 208 1179 ad
228 1140 460 1179 censuram
479 1137 670 1179 licentiae
690 1136 980 1185 vindicemus3

152 1193 231 1235 sed
256 1193 375 1245 quod
399 1193 456 1234 ad
480 1192 823 1234 sollicitudinem
840 1191 980 1243 magis

152 1249 284 1298 cauti,
309 1249 410 1301 plus
437 1248 492 1290 de
513 1249 680 1290 diaboli
699 1248 981 1289 infestatione

151 1306 394 1347 timeamus.

204 1366 255 1416 R
285 1361 478 1413 Propter
505 1361 755 1409 veritatem,
791 1365 836 1401 et
864 1372 981 1400 man-

153 1416 451 1465 suetudinem,
480 1421 524 1458 et
540 1416 765 1468 justitiam:
784 1419 806 1443 *
826 1416 883 1456 Et
909 1415 981 1456 de-

155 1473 288 1515 ducet
321 1477 366 1514 te
397 1472 657 1514 mirabibter
686 1471 870 1513 dextera
896 1476 982 1512 tua.

152 1527 205 1579 V.
225 1529 382 1582 Specie
400 1533 477 1570 tua
495 1533 539 1570 et
558 1527 888 1581 pulchritudine
907 1532 983 1568 tua

154 1584 352 1635 intende,
376 1586 592 1636 prespere
616 1583 827 1637 procede,
855 1588 900 1625 et
919 1596 982 1624 re-

154 1653 250 1692 gna.
285 1642 353 1682 Et.

464 1693 618 1734 Lectio
639 1708 676 1733 v.

154 1748 365 1853 Neque
385 1752 527 1793 inanis
550 1751 647 1792 haec
667 1751 813 1792 cautio
833 1755 915 1800 est,
941 1755 985 1792 et

265 1821 378 1849 vana
398 1807 610 1856 formido,
636 1819 735 1858 quae
755 1806 812 1847 ad
830 1806 985 1847 salutis

155 1864 272 1905 viam
287 1863 488 1913 censulit,
508 1875 607 1915 quae
626 1862 846 1904 dominica
865 1867 910 1903 et
925 1862 985 1903 vi-

156 1919 263 1961 talia
282 1920 509 1972 praecepta
524 1918 730 1968 custodit,
749 1922 798 1959 ut
818 1930 917 1969 quae
938 1930 986 1959 se

157 1974 334 2016 Christo
345 1974 600 2023 dicaverint,
617 1979 662 2015 et
673 1986 699 2014 a
709 1973 874 2014 carnali
884 1985 985 2014 con-

157 2031 431 2083 cupiscentia
449 2030 719 2078 recedenteS,
737 2034 829 2071 tam
843 2042 985 2079 carne,

158 2099 290 2139 quam
309 2091 457 2128 mente
476 2099 523 2128 se
538 2086 635 2127 Deo
651 2085 863 2136 voverint,
885 2097 985 2126 con-

157 2145 377 2184 summent
402 2155 515 2195 opus
543 2155 670 2183 suum
695 2153 856 2192 magno
875 2143 985 2192 prae-

157 2198 247 2239 mio
280 2198 562 2239 destinatum:
595 2210 678 2239 nec
710 2197 857 2238 ornari
889 2197 986 2248 jam,

158 2258 234 2295 aut
251 2253 428 2306 placere
446 2256 668 2306 cuiquam,
687 2253 772 2293 nisi
792 2253 985 2293 Domino

159 2322 256 2359 suo,
274 2309 496 2359 studeant,
520 2323 547 2350 a
564 2322 652 2361 quo
673 2314 718 2350 et
736 2307 987 2349 mercedem

158 2365 420 2416 virginitatis
472 2367 753 2418 exspectant,
813 2363 987 2405 dicente

159 2420 273 2473 ipso:
292 2421 393 2462 Non
417 2434 569 2463 omnes
593 2421 772 2473 capiunt
791 2419 987 2468 verbum,

159 2476 239 2517 sed
277 2477 340 2517 illi
376 2477 535 2529 quibus
574 2477 726 2518 datum
760 2480 837 2517 est.
878 2475 987 2515 Sunt

160 2531 275 2572 enim
299 2533 536 2584 spad6nes,
567 2532 641 2585 qui
667 2545 722 2573 ex
747 2535 874 2583 utero
899 2543 986 2571 ma-

160 2587 240 2627 tris
268 2587 333 2628 sic
357 2589 450 2629 nati
478 2593 593 2630 sunt:
626 2593 670 2629 et
699 2591 800 2628 sunt
829 2586 986 2638 spado-

159 2654 254 2692 nes,
274 2643 350 2694 qui
367 2645 510 2685 coacti
529 2648 631 2685 sunt
650 2643 705 2684 ab
722 2641 986 2691 hominibus;
1018 2648 1021 2650 ’

160 2702 205 2739 et
228 2703 330 2739 sunt
354 2698 591 2751 spadenes,
619 2699 694 2750 qui
721 2700 891 2750 seipsos
920 2709 987 2738 ca-

314 2836 378 2860 Pars
394 2836 562 2860 Autumnalis.

1028 299 1278 339 straverunt
1304 303 1490 351 propter
1515 311 1699 348 regnum
1725 296 1856 338 coelo-

1027 366 1138 473 nul}
1167 410 1372 452 Dilexisti
1395 410 1625 462 justitiam,
1653 414 1697 450 et
1726 409 1859 450 odisti

1028 465 1322 516 iniquitatem:
1354 476 1375 499 *
1394 467 1640 518 Propterea
1664 466 1789 506 unxit
1814 470 1859 506 te

1028 521 1167 571 Deus,
1219 522 1339 563 Deus
1386 527 1488 563 tuus
1535 521 1634 562 eleo
1681 521 1859 562 laetitiae.

1035 579 1074 629 Υ
1080 617 1087 624 ,
1106 577 1295 630 Propter
1315 578 1566 627 veritatem,
1596 581 1639 617 et
1660 589 1859 617 mansue-

1028 633 1243 683 tudinem,
1273 639 1317 675 et
1345 634 1566 686 justitiam.
1606 634 1860 685 Propterea.

1336 708 1488 747 Lectio
1516 707 1565 747 vi.

1035 760 1233 864 Denuo
1261 771 1438 810 quoque
1462 771 1542 810 per
1566 758 1678 799 hanc
1702 758 1862 809 Angeli

1136 827 1291 856 vocem
1311 814 1594 857 continentiae
1613 827 1770 855 munus
1794 826 1860 854 os·
1914 821 1915 825 ’

1031 870 1247 920 tenditur,
1299 871 1528 921 virginitas
1581 869 1861 921 praedicatur.

1031 927 1091 967 Hi
1123 931 1241 975 sunt,
1280 927 1354 979 qui
1391 939 1490 967 cum
1523 925 1781 966 mulieribus
1814 938 1862 966 se

1032 995 1119 1024 non
1155 982 1566 1034 coinquinaverunt:
1603 982 1792 1032 virgines
1822 994 1862 1022 e-

1033 1039 1121 1079 nim
1139 1040 1490 1091 permanserunt:
1513 1037 1558 1077 hi
1583 1042 1684 1078 sunt
1704 1038 1779 1089 qui
1799 1050 1862 1078 se-

1035 1097 1227 1146 quuntur
1246 1094 1422 1144 Agnum
1449 1097 1729 1145 quocumque
1752 1093 1863 1134 ierit.

1032 1150 1189 1202 Neque
1210 1150 1325 1191 enim
1344 1154 1515 1191 tantum
1534 1149 1741 1189 masculis
1761 1161 1862 1189 con—

1033 1206 1230 1248 tinentiae
1257 1206 1445 1256 gratiam
1470 1205 1686 1246 Dominus
1714 1217 1864 1257 repro-

1033 1262 1186 1311 mittit,
1230 1266 1275 1303 et
1312 1262 1494 1302 feminas
1530 1261 1745 1313 praeterit:
1785 1260 1864 1302 sed

1035 1318 1243 1370 quoniam
1262 1317 1422 1358 femina
1440 1317 1524 1358 viri
1543 1317 1691 1369 pertio
1714 1321 1796 1366 est,
1821 1321 1864 1357 et

1036 1387 1090 1415 ex
1118 1386 1171 1415 eo
1200 1378 1377 1426 sumpta
1410 1378 1542 1424 atque
1570 1373 1758 1414 formata
1787 1377 1864 1422 est,

1034 1430 1080 1470 in
1094 1430 1334 1482 Scripturis
1356 1429 1447 1470 fere
1466 1429 1669 1470 omnibus
1690 1428 1746 1469 ad
1765 1441 1865 1480 pro-

1035 1485 1277 1538 toplastum
1286 1486 1408 1526 Deus
1423 1485 1630 1536 lequitur,
1648 1485 1750 1535 quia
1764 1488 1866 1524 sunt

1037 1541 1125 1583 duo
1155 1541 1200 1582 in
1229 1554 1360 1582 carne
1388 1553 1490 1589 una,
1523 1545 1567 1581 et
1595 1540 1640 1580 in
1667 1540 1864 1580 masculo

1037 1597 1166 1638 simul
1186 1597 1457 1647 significatur
1478 1601 1522 1637 et
1537 1597 1708 1637 femina.
1736 1595 1866 1646 Quod

1037 1653 1074 1693 si
1102 1653 1326 1694 Christum
1360 1652 1629 1693 continentia
1656 1652 1865 1703 sequitur,

1038 1713 1082 1750 et
1100 1721 1237 1760 regno
1253 1708 1338 1749 Dei
1357 1708 1586 1758 virginitas
1605 1707 1866 1748 destinatur:

1039 1764 1146 1816 quid
1166 1768 1234 1805 est
1253 1763 1338 1804 illis
1359 1776 1459 1804 cum
1477 1765 1653 1804 terreno
1672 1762 1803 1811 cultu,
1823 1766 1867 1803 et

1038 1833 1138 1861 eum
1163 1819 1448 1868 ornamentis,
1478 1818 1636 1870 quibus
1665 1818 1770 1859 dum
1791 1817 1866 1858 ho-

1037 1875 1228 1917 minibus
1260 1875 1436 1927 placere
1469 1874 1681 1925 gestiunt,
1722 1874 1867 1914 Deum

1039 1929 1290 1972 offendunt?

1090 1994 1140 2045 15.
1159 1991 1410 2032 Afferentur
1427 1989 1541 2040 Regi
1555 1989 1746 2040 virgines
1764 1993 1867 2041 post

1039 2060 1155 2096 eam,
1193 2047 1405 2099 preximae
1439 2046 1529 2097 ejus
1560 2050 1582 2073 *
1618 2044 1867 2085 Afferentur

1037 2103 1118 2144 tibi
1167 2103 1211 2143 in
1262 2102 1415 2143 laetitia
1468 2105 1512 2142 et
1563 2100 1866 2141 exsultatione.

1038 2157 1087 2207 V.
1134 2158 1290 2211 Specie
1333 2162 1410 2198 tua
1454 2161 1498 2198 et
1542 2155 1866 2208 pulchritudine

1038 2220 1114 2256 tua
1140 2213 1328 2263 intende,
1356 2215 1568 2265 prospere
1591 2211 1794 2263 procede,
1823 2216 1867 2252 et

1038 2283 1183 2322 regna.
1235 2269 1495 2310 Afferentur.
1550 2267 1702 2309 Gleria
1737 2267 1866 2308 Patri.

1039 2326 1299 2368 Afferentur.

1259 2403 1307 2440 In
1328 2402 1398 2440 111.
1422 2402 1644 2439 Nocturno.

1038 2468 1192 2512 Lectio
1215 2468 1356 2509 sancti
1374 2467 1601 2518 Evangelii
1625 2466 1866 2508 secundum

1270 2571 1272 2573 ¹
1320 2524 1590 2565 Matthaeum.

1142 2589 1294 2629 Lectio
1318 2588 1385 2627 vii.
1580 2587 1682 2637 Cap.
1707 2588 1760 2625 15).

1038 2636 1114 2741 In
1168 2640 1243 2681 illo
1298 2641 1518 2692 tempore:
1571 2639 1865 2679 Accesserunt

1113 2695 1170 2736 ad
1208 2696 1233 2736 J
1235 2708 1358 2737 esum
1395 2694 1603 2747 pharisaei
1645 2694 1864 2734 tentantes

1628 2820 1659 2852 G

1785 202 1856 245 [97]
1912 241 1913 244 ,
