2040 2944
801 204 862 238 Ad
887 204 1199 248 Completorium.

194 297 244 349 V.
281 300 475 352 Dignere
501 301 691 342 Demine
718 305 848 343 noete
875 301 971 343 ista.

143 360 193 411 R.
222 357 324 399 Sine
343 359 528 410 peccato
547 370 629 398 nos
649 357 882 400 custodire.

194 410 245 463 V.
256 413 464 457 Miserere
473 414 613 456 nostri
623 414 822 456 Domine.
841 416 891 468 R.
902 414 972 455 Mi-

146 472 291 512 serere
311 471 459 512 nostri.

194 524 245 576 V.
264 527 362 569 Fiat
380 526 681 570 misericordia
694 532 769 568 tua
782 528 970 570 Domine

145 597 278 636 super
295 596 388 626 nos.
409 587 460 638 R.
478 583 859 635 Quemadmodum
874 598 968 637 spe-

76 684 79 686 ,
144 640 336 682 ravimus
354 641 399 681 in
417 645 472 683 te.

195 694 244 746 V.
289 697 479 739 Domine
524 697 682 739 exaudi
727 698 970 739 orati6nem

143 766 296 795 meam.
331 755 382 807 R.
413 754 471 795 Et
498 753 663 796 clamor
690 767 813 796 meus
843 754 898 796 ad
926 759 970 797 te

143 811 298 852 veniat.

194 862 242 914 V.
253 867 470 909 Dominus
481 867 718 909 vobiscum.
739 870 787 921 R.
803 868 860 909 Et
871 881 969 909 eum

143 924 298 976 spiritu
315 928 404 965 tuo.

270 991 469 1035 Oremus.
678 994 839 1034 Oratio.

231 1055 340 1104 isita,
362 1051 611 1107 quaesumus
631 1055 829 1105 Domine,
850 1055 967 1097 habi-

243 1111 455 1153 tationem
473 1112 616 1161 istam,
636 1116 679 1153 et
698 1124 850 1154 omnes
868 1113 967 1153 insi-

141 1166 236 1208 dias
267 1167 430 1209 inimici
461 1167 516 1209 ab
550 1181 601 1209 ea
631 1167 760 1219 longe
790 1168 967 1221 repelle:

140 1223 299 1274 Angeli
328 1225 392 1265 tui
423 1225 563 1266 sancti
594 1223 791 1266 habitent
825 1225 868 1265 in
901 1238 967 1275 ea,

142 1280 216 1332 qui
234 1293 315 1321 nos
339 1281 383 1321 in
407 1293 517 1333 pace
537 1280 801 1331 custodiant,
828 1286 871 1323 et
895 1281 966 1323 be-

140 1335 330 1378 nedictio
354 1341 429 1378 tua
453 1338 508 1379 sit
532 1350 663 1390 super
682 1350 764 1379 nos
784 1351 967 1391 semper.

139 1392 224 1434 Per
242 1393 491 1435 Dominum.

190 1444 237 1495 V.
260 1450 494 1503 ‚Dominus
530 1450 769 1493 vobiscum.
827 1452 873 1502 R.
911 1452 968 1493 Et

140 1518 240 1547 cum
259 1507 415 1559 spiritu
434 1512 524 1549 tuo.

189 1557 238 1608 V.
257 1563 575 1605 Benedicamus
586 1564 789 1605 Domino.
809 1565 855 1616 R.
869 1565 966 1606 Deo

139 1620 315 1670 gratias.

196 1677 353 1717 Bened.
397 1677 637 1719 Benedicat
673 1682 716 1718 et
749 1677 967 1719 custediat

138 1745 219 1773 nos
244 1735 522 1786 omnipotens
547 1738 590 1775 et
609 1734 859 1775 misericors
878 1734 965 1775 Do-

138 1789 295 1840 minus,
314 1790 458 1839 Pater‚
484 1794 527 1832 et
545 1790 694 1840 Filius,
719 1795 762 1832 et
780 1790 965 1843 Spiritus

139 1850 327 1887 sanctus.
354 1845 402 1897 Rz.
425 1846 578 1888 Amen.

191 1923 238 1957 Et
254 1934 331 1957 non
349 1922 489 1957 dieitur
506 1924 698 1960 Fidelium
715 1925 868 1969 animae,
896 1925 963 1958 sed

139 1975 356 2010 immediate
381 1975 520 2010 dicitur
543 1987 708 2019 sequens
728 1977 962 2020 Antiphona.

190 2036 225 2070 A
242 2036 267 2070 I.
285 2036 401 2080 Vesp.
419 2036 523 2070 Festi
543 2036 599 2071 Ss.
617 2037 750 2071 Trinit.
774 2049 895 2081 usque
914 2039 962 2072 ad

139 2084 290 2118 Nonam
316 2084 476 2119 Sabbati
503 2089 589 2119 ante
613 2085 843 2120 Adventum.

420 2153 683 2206 Antiphona.

214 2225 310 2267 alve
338 2225 523 2276 Regina,
556 2230 695 2268 mater
722 2226 964 2268 misericor-

239 2281 335 2332 diae,
359 2282 458 2331 vita,
484 2281 671 2324 dulcedo
696 2288 739 2325 et
763 2296 866 2336 spes
890 2296 964 2324 no-

125 2342 239 2388 stra,
270 2337 400 2380 salve.
442 2338 514 2380 Ad
543 2344 586 2380 te
614 2338 864 2388 clamamus
894 2340 964 2380 ex-

137 2394 253 2436 sules
269 2394 348 2435 filii
362 2395 511 2436 Hevae.
536 2394 609 2436 Ad
623 2399 667 2436 te
682 2395 963 2447 suspiramus,

137 2453 360 2501 gementes
381 2456 424 2492 et
441 2451 595 2493 flentes
614 2451 658 2491 in
672 2450 755 2492 hac
769 2450 963 2492 lacrima-

137 2520 233 2548 rum
252 2507 376 2549 valle.
411 2508 489 2560 Eia
513 2520 629 2558 ergo,
653 2506 869 2548 advocata
888 2519 963 2547 no-

140 2567 242 2613 stra,
256 2563 355 2604 illos
370 2568 471 2605 tuos
486 2562 793 2605 misericordes
810 2562 963 2603 oculos

140 2618 197 2660 ad
220 2632 301 2661 nos
327 2622 545 2662 converte.
577 2620 633 2661 Et
655 2620 679 2660 J
682 2632 815 2667 esum,
836 2618 964 2660 bene-

141 2674 306 2717 dictum
330 2676 520 2718 fructum
543 2676 706 2718 ventris
735 2675 809 2724 tui,
837 2674 964 2716 nobis

1786 210 1850 244 129

1024 307 1128 355 post
1150 303 1234 345 hoc
1258 305 1456 346 exsilium
1481 306 1675 348 ostende.
1704 307 1741 348 Ο
1767 307 1849 349 cle·
1906 337 1910 339 >

1023 371 1158 427 mens,
1179 372 1205 401 o
1224 361 1309 414 pia,
1335 374 1362 402 o
1381 361 1523 404 dulcis
1542 363 1680 413 Virgo
1701 363 1849 405 Maria.

1072 415 1122 462 Y.
1172 416 1260 458 Ora
1295 431 1376 470 pro
1411 418 1540 460 nobis
1577 425 1727 462 sancta
1764 420 1848 462 Dei

1025 471 1235 514 Genitrix.
1280 473 1330 525 R.
1364 474 1423 516 Ut
1455 475 1574 526 digni
1609 476 1848 518 efficiamur

1022 529 1386 581 promissi6nibus
1407 531 1576 574 Christi.

1125 584 1324 628 Oremus.
1578 588 1742 629 Oratio.

1104 645 1353 695 mnipotens
1403 645 1666 696 sempiterne
1715 646 1847 695 Deus,

1133 699 1206 751 qui
1237 699 1442 751 gloriesae
1473 701 1666 752 Virginis
1695 702 1847 744 Matris

1023 755 1173 797 Mariae
1206 769 1368 809 corpus
1401 762 1444 799 et
1476 758 1677 807 animam,
1712 763 1759 800 ut
1787 759 1847 800 di-

1022 825 1155 863 gnum
1183 813 1280 854 Filii
1311 813 1375 854 tui
1407 813 1703 855 habitaculum
1734 815 1847 856 effici

1022 871 1277 920 mereretur,
1309 870 1473 922 Spiritu
1505 875 1656 912 sancto
1690 884 1846 924 coope-

1022 927 1161 976 rante,
1201 926 1478 979 praeparasti:
1521 926 1593 976 da,
1638 932 1686 968 ut
1727 929 1846 979 cujus

1022 983 1394 1024 comemoratione
1416 982 1628 1032 laetamur,
1656 985 1747 1036 ejus
1775 984 1848 1036 pia

1022 1039 1348 1090 intercessi6ne,
1364 1039 1418 1081 ab
1430 1040 1696 1081 instantibus
1710 1041 1846 1091 malis,

1023 1100 1067 1137 et
1103 1109 1127 1137 a
1167 1102 1310 1138 morte
1349 1098 1563 1149 perpetua
1602 1096 1847 1138 liberemur.

1020 1152 1105 1194 Per
1133 1152 1335 1195 eumdem
1360 1153 1581 1194 Christum
1609 1154 1846 1195 Deminum

1021 1214 1232 1250 nostrum.
1274 1208 1323 1259 R·-
1355 1209 1508 1250 Amen.

1069 1259 1118 1311 V.
1167 1266 1373 1307 Divinum
1421 1266 1627 1307 auxilium
1672 1269 1846 1308 maneat

1022 1335 1195 1376 semper
1219 1322 1458 1365 nobiscum.
1491 1325 1539 1376 R.
1565 1323 1718 1364 Amen.

1072 1382 1219 1415 Deinde
1246 1382 1383 1417 dicitur
1412 1389 1558 1418 secreto
1575 1384 1690 1419 Pater
1704 1387 1845 1421 noster.

1022 1434 1106 1467 Ave
1130 1433 1260 1468 Maria.
1283 1438 1318 1467 et
1344 1434 1482 1469 (Iredo.

1070 1480 1131 1513 Sic
1159 1480 1230 1512 die.
1257 1480 1561 1524 Completorium
1588 1493 1656 1525 per
1681 1484 1843 1518 Annum.

1073 1528 1111 1562 Si
1138 1532 1227 1570 post
1252 1528 1438 1572 Complet.
1466 1531 1682 1564 immediate
1711 1542 1844 1574 sequn-

1017 1583 1078 1612 tur
1101 1578 1241 1613 Matut..
1267 1582 1354 1611 tune
1380 1578 1440 1611 bis
1467 1579 1615 1612 dicatur
1644 1579 1754 1612 Pater
1776 1587 1842 1612 no-

1020 1627 1107 1658 ster.
1125 1627 1206 1659 Ave
1218 1624 1389 1660 Maria.et
1401 1625 1546 1660 Credo:
1567 1628 1654 1670 quia
1669 1628 1842 1670 Comple-

1018 1674 1167 1709 torium.
1187 1676 1289 1717 quod
1310 1679 1366 1709 est
1384 1675 1470 1708 finis
1489 1674 1624 1710 Officii.
1646 1675 1700 1709 sic
1720 1676 1843 1709 termi-

1018 1722 1100 1755 nari
1127 1722 1256 1758 debet.
1282 1728 1318 1757 et
1343 1729 1428 1756 ante
1454 1722 1680 1756 Matutinum
1708 1723 1841 1757 iterum

1018 1770 1202 1813 repetitur
1212 1781 1282 1813 pro
1296 1771 1487 1814 principio
1500 1770 1623 1804 Officii
1638 1782 1742 1814 sequ.
1755 1772 1840 1805 diei.

1069 1818 1293 1861 Antiphonti
1331 1819 1514 1862 praedicta
1553 1819 1692 1853 dicitur
1728 1820 1840 1853 etiam

1018 1867 1053 1900 in
1080 1867 1358 1905 finel.2111dum,
1385 1867 1539 1910 quando
1565 1867 1841 1901 discedendum

1017 1919 1074 1949 est
1105 1926 1124 1948 a
1157 1914 1301 1949 Choro:
1337 1915 1405 1949 sed
1438 1916 1469 1949 si
1504 1915 1721 1949 immediate
1753 1920 1841 1958 post

1016 1963 1145 1997 Matut.
1185 1964 1442 2007 subsequatur
1480 1964 1623 1998 Prima.
1666 1964 1725 1997 vel
1765 1964 1838 1997 alia

1016 2011 1137 2047 Hora,
1178 2011 1317 2045 dieitur
1358 2012 1395 2045 in
1430 2012 1501 2045 fine
1534 2012 1678 2046 ultimae
1714 2012 1839 2046 Horae.

1016 2059 1067 2093 ita
1101 2064 1141 2092 ut
1177 2059 1326 2093 dicatur
1361 2070 1526 2103 semper.
1563 2060 1735 2102 quando.
1770 2065 1839 2093 ter-

1015 2107 1157 2141 minata
1185 2107 1313 2150 aliqua
1340 2108 1455 2149 Horu,
1482 2107 1755 2141 discedendum
1783 2112 1839 2141 est

1016 2166 1035 2189 a
1074 2155 1218 2189 Choro:
1256 2160 1291 2189 et
1331 2160 1419 2190 tunc
1456 2158 1546 2199 post
1576 2149 1619 2195 Y.
1650 2155 1842 2190 Fidelium

1018 2205 1166 2241 animae.
1193 2210 1229 2239 et
1253 2204 1364 2239 Pater
1387 2208 1527 2239 noster.
1553 2210 1715 2241 secreto.
1747 2204 1838 2238 diei—

1014 2256 1074 2287 tur
1106 2248 1150 2294 V.
1174 2252 1362 2288 Deminus
1394 2252 1458 2287 det
1486 2251 1600 2286 nobis
1632 2262 1741 2286 suam
1771 2262 1838 2296 pa-

1018 2312 1110 2337 cem.
1135 2301 1178 2344 R.
1206 2301 1254 2336 Et
1276 2300 1396 2336 vitam
1420 2301 1611 2335 aeternam.
1640 2299 1774 2335 Amen.

1068 2348 1215 2383 Deinde
1249 2348 1433 2392 praedieta
1468 2348 1692 2391 Antiphonu
1728 2353 1763 2383 et
1802 2349 1834 2382 in

1012 2395 1084 2429 fine
1106 2395 1290 2432 Divinum
1310 2396 1495 2431 auxilium
1518 2398 1670 2431 maneat
1690 2406 1842 2440 semper

1017 2444 1228 2479 nobiscum.
1259 2445 1302 2488 R.
1332 2444 1467 2479 Amen.

1070 2489 1183 2522 Extra
1217 2489 1385 2523 Chorum
1422 2493 1547 2522 autem
1581 2489 1650 2522 die.
1689 2489 1724 2521 in
1763 2490 1834 2521 fine

1014 2536 1196 2573 Laudum.
1210 2537 1242 2570 si
1257 2542 1345 2571 tunc
1358 2536 1635 2570 terminandum
1652 2537 1699 2569 sit
1711 2535 1833 2569 Offici-

1014 2595 1091 2620 um:
1109 2585 1280 2628 alioquin
1299 2585 1335 2618 in
1351 2585 1422 2618 fine
1439 2585 1580 2618 ultimae
1595 2585 1720 2618 Horae.
1742 2583 1833 2616 Post

1014 2632 1110 2666 alias
1138 2643 1230 2667 vero
1255 2633 1397 2671 Horas.
1429 2632 1582 2676 quando
1614 2631 1833 2665 terminatur

1014 2679 1129 2722 Offie„
1148 2680 1218 2714 die.
1234 2684 1378 2715 tantum
1407 2679 1517 2716 Pater
1528 2681 1830 2715 noster.seeret0.

827 2751 1276 2780 ἡ-μθαεωέειεψᾲῆψ-
