2040 2944
205 219 255 254 50

774 218 881 251 Feria
901 217 1067 251 secunda
1088 215 1134 249 ad
1155 214 1313 248 Laudes.

207 316 284 358 tui:
319 316 342 341 *
379 320 421 356 et
464 313 614 366 spiritu
654 310 883 364 principali
924 322 1022 351 con-

208 372 331 412 firma
358 384 437 412 me.

258 427 438 469 Docebo
470 426 639 476 iniquos
672 423 763 464 vias
791 427 901 464 tuas:
929 423 952 448 *
981 427 1023 464 et

209 484 326 536 impii
353 482 407 524 ad
434 487 477 523 te
505 482 821 521 convertentur.

259 539 414 580 Libera
434 550 502 578 me
523 536 577 577 de
597 534 874 586 sanguinibus
893 534 1023 583 Deus,

208 597 325 637 Deus
353 594 501 635 salutis
528 605 654 634 meae:
677 594 700 616 *
725 597 767 633 et
791 590 1024 632 exsultabit

207 653 349 701 lingua
376 663 472 691 mea
499 649 702 700 justitiam
729 653 857 690 tuam.

258 707 452 749 Domine.
475 705 590 746 labia
612 718 708 746 mea
732 704 915 756 aperies:
938 704 962 728 *
981 708 1024 744 et

208 777 256 805 os
270 777 413 804 meum
428 761 696 803 annuntiabit
710 760 882 801 laudem
894 765 1023 801 tuam.

258 820 469 870 Quoniam
485 819 520 859 si
534 817 744 859 voluisses
755 816 1023 864 sacrificium,

207 875 423 918 dedissem
440 875 601 926 utique:
618 875 640 898 *
656 873 920 914 holocaustis
937 885 1025 914 non

207 931 502 974 delectaberis.

257 988 522 1029 Sacrificium
541 987 636 1028 Deo
666 987 840 1039 spiritus
869 985 1023 1026 contri-

207 1044 393 1086 bulatus:
412 1045 434 1069 *
454 1057 529 1085 cor
549 1046 792 1092 contritum,
821 1047 863 1083 et
891 1041 1023 1083 humi-

207 1101 355 1142 liatum
382 1100 500 1141 Deus
528 1113 614 1141 non
646 1099 870 1152 despicies.

259 1157 449 1207 Benigne
494 1156 560 1197 fac
600 1156 785 1197 Domine
826 1155 869 1195 in
910 1154 1023 1196 bona

207 1213 427 1254 voluntate
451 1218 524 1254 tua
543 1213 659 1254 Sion:
686 1214 709 1238 *
737 1218 784 1254 ut
812 1211 1023 1253 aedificen-

207 1275 275 1311 tur
302 1269 413 1310 muri
440 1269 688 1310 Jerusalem.

258 1326 381 1367 Tunc
409 1325 655 1378 acceptabis
684 1325 941 1366 sacrificium
966 1325 1022 1377 ju-

207 1382 346 1430 stitiae,
370 1382 621 1431 oblationes,
645 1387 687 1423 et
710 1381 978 1423 holocausta:
1001 1381 1023 1406 *

207 1444 313 1534 tuncl
336 1438 558 1491 imponent
583 1451 713 1490 super
741 1438 875 1480 altare
903 1443 1024 1480 tuum

208 1497 298 1536 vitu
317 1508 376 1535 os.

262 1563 355 1602 Ant.
385 1561 592 1602 Miserere
619 1561 703 1602 mei
730 1561 860 1602 Deus.

261 1627 354 1666 Ant.
384 1625 592 1677 intellige.

484 1712 678 1753 Psalmus
708 1714 742 1752 5.

206 1777 400 1883 Verba
427 1794 523 1822 mea
547 1781 721 1822 auribus
743 1782 919 1834 percipe
938 1782 1025 1823 Do-

326 1837 456 1886 mine,
495 1838 517 1863 *
556 1837 746 1888 intellige
791 1837 1025 1880 clamorem

206 1905 360 1934 meum.

258 1948 438 1990 Intende
475 1949 572 1990 voci
609 1950 816 1991 orationis
854 1963 975 1999 meae,
1003 1950 1026 1975 *

208 2018 284 2047 rex
312 2018 432 2046 meus
461 2011 503 2047 et
530 2006 648 2047 Deus
676 2019 808 2047 meus.

260 2062 471 2112 Quoniam
491 2061 546 2103 ad
565 2067 608 2104 te
629 2062 780 2104 orabo:
798 2064 821 2088 *
840 2062 1026 2105 Domine

208 2131 332 2159 mane
361 2117 566 2160 exaudies
594 2131 747 2160 vocem
773 2132 925 2160 meam.

259 2174 384 2216 Mane
421 2174 574 2216 astabo
607 2174 686 2217 tibi
720 2181 763 2217 et
796 2175 969 2218 videbo:
1003 2177 1026 2202 *

210 2231 410 2283 quoniam
437 2244 523 2273 non
551 2231 670 2273 Deus
698 2231 849 2273 volens
876 2232 1026 2285 iniqui—

207 2290 341 2329 tatem
368 2293 415 2329 tu
443 2300 498 2329 es.

259 2343 411 2396 Neque
443 2344 654 2386 habitabit
686 2346 803 2396 juxta
834 2350 878 2387 te
909 2345 1026 2387 mali-

208 2413 330 2450 gnus:
349 2402 372 2425 *
390 2413 530 2453 neque
550 2401 864 2453 permanebunt
883 2402 1026 2454 injusti

208 2462 306 2498 ante
335 2456 485 2498 oculos
511 2462 622 2499 tuos.

260 2512 399 2554 Odisti
419 2526 579 2562 omnes,
605 2515 677 2566 qui
698 2516 933 2566 operantur
951 2515 1026 2555 ini-

209 2569 432 2620 quitatem:
451 2570 473 2595 *
493 2569 651 2622 perdes
676 2583 835 2620 omnes,
865 2571 937 2623 qui
965 2570 1025 2611 lo-

209 2629 397 2677 quuntur
424 2625 707 2667 mendacium.

260 2682 411 2722 Virum
448 2683 702 2732 sanguinum
742 2688 784 2725 et
825 2682 1026 2724 dolosum

208 2737 524 2780 abominabitur
543 2738 768 2780 Dominus:
795 2740 818 2765 *
847 2751 929 2790 ego
955 2752 1025 2781 au-

1073 312 1161 349 tem
1197 306 1240 346 in
1276 302 1551 346 multitudine
1586 300 1898 343 misericordiae

1074 369 1171 405 tuae.

1126 417 1322 460 Introibo
1350 417 1394 457 in
1422 415 1600 457 domum
1625 419 1759 456 tuam:
1783 414 1807 440 *
1826 413 1898 455 ad-

1076 474 1213 517 orabo
1241 473 1298 515 ad
1320 471 1530 525 templum
1554 475 1752 512 sanctum
1775 475 1900 512 tuum

1075 532 1118 572 in
1145 531 1301 573 timore
1329 535 1416 571 tuo.

1126 591 1312 632 Domine
1328 589 1470 631 deduc
1484 600 1554 629 me
1570 588 1614 628 in
1633 587 1794 639 justitia
1811 591 1900 629 tua:

1075 650 1098 674 *
1122 653 1303 701 propter
1326 647 1522 687 inimicos
1545 656 1668 685 meos
1693 642 1832 694 dirige
1856 644 1900 685 in

1076 706 1313 757 conspectu
1340 708 1416 744 tuo
1446 702 1559 742 viam
1587 713 1740 742 meam.

1129 765 1342 815 Quoniam
1364 776 1451 804 non
1480 767 1546 804 est
1573 762 1616 802 in
1645 773 1722 802 ore
1750 762 1902 802 eorum

1077 822 1249 863 veritas:
1277 822 1300 846 *
1329 833 1405 861 cor
1434 821 1584 861 eorum
1612 830 1771 859 vanum
1799 822 1876 859 est.

1128 881 1415 935 Sepulchrum
1455 884 1610 933 patens
1652 883 1718 920 est
1753 883 1902 929 guttur

1077 942 1238 987 eorum,
1258 937 1413 988 linguis
1429 937 1517 978 suis
1533 935 1686 977 dolose
1703 934 1901 986 agebant,

1076 998 1099 1022 *
1127 995 1268 1048 judica
1296 994 1394 1035 illos
1422 993 1553 1035 Deus

1128 1055 1343 1097 Decidant
1375 1068 1400 1096 a
1433 1051 1769 1104 cogitationibus
1802 1052 1901 1102 suis,

1076 1112 1315 1155 secundum
1351 1109 1673 1152 multitudinem
1706 1109 1901 1162 impieta-

1075 1175 1168 1212 tum
1188 1171 1339 1211 eorum
1359 1166 1528 1220 expelle
1549 1179 1636 1216 eOS,
1653 1166 1676 1191 *
1697 1165 1902 1218 quoniam

1076 1227 1354 1268 irritaverunt
1380 1230 1424 1266 te
1451 1223 1650 1264 Domine.

1128 1287 1183 1329 Et
1210 1286 1411 1328 laetentur
1440 1296 1601 1333 omnes,
1631 1283 1705 1335 qui
1726 1286 1903 1335 sperant

1076 1345 1119 1385 in
1150 1348 1209 1393 te,
1237 1344 1260 1369 *
1288 1343 1331 1383 in
1364 1343 1575 1383 aeternum
1608 1338 1903 1381 exsultabunt:

1077 1406 1120 1443 et
1147 1399 1364 1442 habitabis
1391 1399 1435 1439 in
1464 1397 1536 1439 eis.

1128 1457 1184 1498 Et
1203 1455 1505 1507 gloriabuntur
1523 1454 1567 1494 in
1585 1458 1630 1495 te
1649 1465 1811 1502 omnes,
1831 1451 1905 1504 qui

1078 1513 1261 1564 diligunt
1292 1524 1452 1554 nomen
1481 1516 1619 1559 tuum,
1646 1510 1670 1535 *
1700 1508 1903 1562 quoniam

1076 1576 1124 1612 tu
1151 1568 1385 1611 benedices
1413 1568 1537 1620 justo.

1129 1630 1331 1679 Domine,
1362 1634 1411 1671 ut
1442 1633 1567 1670 scuto
1597 1627 1726 1669 bonae
1755 1625 1903 1668 volun-

1076 1687 1179 1730 tatis
1206 1692 1295 1729 tuae
1322 1687 1345 1711 *
1373 1684 1595 1727 coronasti
1620 1696 1712 1725 nos.

1130 1754 1228 1796 Ant.
1263 1751 1462 1802 Intellige
1495 1749 1732 1791 clamorem
1758 1761 1904 1790 meum

1077 1809 1275 1851 Domine.

1130 1870 1228 1910 Ant.
1265 1869 1383 1911 Deus
1414 1869 1535 1910 Deus
1566 1880 1690 1910 meus
1717 1867 1741 1893 *
1769 1865 1826 1908 ad
1858 1870 1903 1908 te

1079 1926 1134 1969 de
1162 1927 1258 1968 luce
1285 1925 1429 1978 vigilo.

1131 1987 1189 2020 Ps.
1218 1987 1319 2022 idem
1344 1992 1385 2021 ut
1409 1997 1527 2031 supra
1551 1986 1601 2021 15.

1132 2039 1227 2080 Ant.
1258 2040 1505 2081 Conversus
1534 2043 1610 2081 est.

1167 2112 1389 2153 Canticum
1419 2112 1544 2152 lsaiae
1573 2111 1818 2164 Prophetae.

1407 2172 1499 2216 Cap.
1527 2172 1575 2207 12.

1080 2229 1368 2339 Confitebor
1383 2230 1462 2272 tibi
1480 2229 1679 2279 Domine,
1700 2229 1904 2282 quoniam

1178 2287 1312 2329 iratus
1333 2300 1379 2328 es
1398 2286 1518 2328 mihi:
1537 2287 1560 2312 *
1580 2287 1818 2328 conversus
1838 2291 1904 2328 est

1079 2344 1198 2385 furor
1226 2349 1336 2393 tuus,
1365 2349 1408 2386 et
1437 2343 1688 2386 consolatus
1718 2355 1764 2384 es
1791 2355 1872 2384 me.

1130 2401 1244 2442 Ecce
1259 2401 1379 2442 Deus
1399 2400 1591 2442 salvator
1610 2412 1743 2449 meuS,
1758 2400 1781 2425 *
1796 2398 1903 2441 fidu-

1079 2457 1245 2499 cialiter
1273 2470 1410 2508 agam,
1439 2462 1482 2499 et
1509 2470 1598 2499 non
1623 2455 1799 2498 timebo.

1131 2514 1240 2564 Quia
1260 2513 1471 2555 fortitudo
1490 2526 1598 2563 mea,
1626 2517 1670 2554 et
1694 2511 1788 2553 laus
1806 2524 1904 2554 mea

1078 2571 1301 2619 Dominus,
1329 2571 1352 2596 *
1381 2575 1424 2611 et
1456 2570 1594 2612 factus
1627 2574 1694 2611 est
1724 2567 1829 2609 mihi
1860 2569 1903 2609 in

1079 2626 1274 2668 salutem.

1130 2683 1351 2724 Haurietis
1392 2696 1527 2735 aquas
1563 2684 1607 2724 in
1647 2681 1808 2734 gaudio
1849 2681 1903 2723 de

1079 2739 1269 2782 fontibus
1305 2739 1559 2781 Salvatoris:
1599 2740 1623 2765 *
1665 2744 1708 2781 et
1749 2738 1902 2780 dicetis
