2040 2944
560 193 735 228 Officium
763 195 935 229 votivum
962 196 1007 229 dc
1032 196 1221 230 Passionc
1246 198 1289 231 I).
1311 198 1354 231 N.
1377 198 1409 231 J.
1432 198 1470 232 C.

156 299 204 328 es
221 286 328 327 mihi
349 287 477 328 nimis
501 289 664 328 amara:
686 291 709 315 *
732 289 843 338 Quia
861 291 986 341 para-

142 342 213 384 .sti
239 355 415 384 crucem
442 343 661 385 Salvatori
687 349 776 385 tuo.
822 343 872 393 V.
906 346 987 386 Ρό-

155 398 258 450 pule
286 411 429 449 meuS,
463 398 569 450 quid
595 399 680 441 feci
709 400 809 451 tibi,
843 406 918 442 aut
944 401 988 441 in

156 467 244 506 quo
264 455 524 496 contristavi
542 455 608 496 te?
629 456 852 508 responde
871 456 987 497 mihi.

156 510 269 560 Quia
285 511 464 563 parasti.
519 553 521 555 ,

213 578 259 627 R.
284 577 323 617 ii.
350 575 445 626 Ego
471 574 605 617 eduxi
628 580 673 617 te
698 575 754 617 de
776 577 986 630 AEgyth

155 630 359 672 demerso
396 630 626 673 Phara6ne
672 632 717 673 in
752 633 874 674 Mare
919 646 985 674 ru-

154 686 294 737 brum,
314 691 359 728 et
373 691 474 728 ante
488 692 533 729 te
547 688 704 740 praeivi
722 689 767 729 in
782 689 987 730 columna

153 742 301 784 nubis:
327 745 350 768 *
377 743 435 785 Et
459 748 509 785 tu
532 757 603 785 me
626 744 847 786 tradidisti
872 746 985 797 prin-

155 798 326 851 cipibus
346 799 638 850 sacerdotum,
666 805 710 842 et
733 813 804 843 me
824 801 987 843 duxisti

154 854 212 896 ad
251 856 508 908 praetOrium
543 856 684 898 Pilati.
734 852 783 902 V
816 858 986 910 Popule

154 923 297 960 meus,
330 910 437 963 quid
468 912 553 953 feci
584 912 683 962 tibi,
715 918 791 954 aut
821 913 866 954 in
900 926 986 966 quo

155 967 414 1009 contristavi
439 966 506 1009 te?
533 968 755 1021 responde
779 969 895 1010 mihi.
930 970 988 1011 Et

153 1026 202 1064 tu
230 1035 311 1065 me.
722 1034 733 1042 ·

206 1087 256 1138 R.
280 1087 335 1126 iii.
366 1087 463 1139 Ego
487 1094 674 1142 propter
698 1093 743 1131 te
770 1089 988 1141 flagellavi

155 1143 399 1195 AEgyptum
426 1157 525 1185 cum
550 1145 854 1197 primogenitis
880 1146 987 1187 suis:

153 1199 176 1222 *
195 1199 254 1240 Et
270 1203 319 1240 tu
336 1213 408 1241 me
426 1200 695 1251 flagellatum
713 1201 943 1252 tradidisti,
961 1198 983 1222 *

156 1255 241 1304 Qui
275 1259 500 1308 tamquam
537 1269 675 1308 agnus
712 1270 862 1299 coram
892 1263 986 1299 ton-

156 1310 287 1353 dente
307 1324 355 1353 se
376 1312 585 1363 obmutui,
606 1318 649 1355 et
665 1326 754 1355 non
768 1314 922 1366 aperui
937 1326 987 1355 os

155 1379 311 1408 meum.
344 1364 394 1414 V.
424 1369 594 1421 Popule
617 1382 753 1419 meus⁷
778 1369 884 1422 quid
904 1370 988 1411 feci

154 1421 246 1472 tibi,
270 1428 346 1464 aut
367 1423 412 1464 in
434 1437 522 1476 quo
547 1426 807 1467 contristavi
829 1424 896 1467 te?
921 1438 985 1468 re-

156 1478 328 1530 sponde
351 1480 467 1521 mihi.
504 1481 561 1523 Et
583 1486 641 1523 tu.
685 1482 838 1523 Gloria
856 1482 987 1524 Patri.

155 1534 241 1584 Qui
259 1539 496 1588 tamquam.

384 1614 434 1653 In
453 1614 504 1653 11.
524 1614 748 1653 Nocturno.

207 1676 308 1716 Ant.
336 1677 507 1721 Inimici
524 1680 622 1721 mei.

425 1742 624 1782 Psalmus
642 1742 714 1780 40.

162 1806 224 1851 T)...
249 1805 393 1845 catus
412 1805 487 1856 qui
508 1805 711 1856 intelligit
733 1818 867 1858 super
891 1807 986 1856 ege-

169 1852 262 1912 “3⁴''
285 1873 406 1910 num,
437 1865 481 1902 et
507 1864 766 1913 pauperem:
793 1864 817 1888 *
845 1861 889 1901 in
917 1861 987 1902 die

172 1915 176 1926 '
196 1910 262 1937 ΞΛ
284 1915 400 1956 mala
416 1915 622 1959 liberabit
642 1930 742 1959 eum
760 1918 987 1958 Dominus.

207 1970 423 2013 D6minus
451 1975 684 2015 conservet
711 1987 827 2023 eum,
857 1978 901 2014 et
927 1973 985 2013 vi-

155 2026 304 2068 vificet
329 2039 439 2078 eum,
464 2033 508 2070 et
530 2028 711 2071 beatum
734 2030 866 2071 faciat
887 2042 987 2070 eum

155 2081 199 2122 in
226 2086 362 2123 terra:
393 2084 418 2109 *
452 2089 496 2125 et
522 2097 611 2126 non
641 2085 788 2127 tradat
817 2098 916 2127 eum
943 2085 987 2125 in

156 2138 348 2179 animam
374 2139 650 2182 inimi06rum
678 2142 779 2193 ejus.

207 2193 423 2235 D6minus
456 2208 587 2248 opem
617 2197 730 2239 ferat
761 2197 822 2238 illi
855 2210 988 2249 super

154 2248 318 2290 lectum
347 2249 513 2292 doloris
542 2253 652 2304 ejus:
684 2255 708 2280 *
735 2253 987 2294 universum

155 2309 343 2368 stratum
358 2307 448 2357 ejus
466 2309 653 2350 versasti
670 2309 713 2350 in
732 2309 987 2350 infirmitate

156 2372 259 2410 ejus.

207 2416 304 2467 Ego
324 2416 428 2458 dixi:
452 2419 641 2460 Domine
659 2420 868 2461 miserere
886 2420 986 2460 mei:

154 2471 180 2496 *
208 2484 314 2513 sana
347 2474 535 2515 animam
562 2488 725 2525 meam,
758 2476 859 2527 quia
886 2488 986 2527 pec-

157 2527 253 2568 cavi
279 2528 371 2569 tibi.

207 2583 378 2625 Inimici
399 2585 486 2626 mei
509 2585 712 2628 dixerunt
734 2587 850 2627 mala
867 2586 986 2626 mihi:

156 2638 180 2664 *
204 2638 391 2688 Quando
414 2641 636 2691 morietur,
661 2647 706 2683 et
728 2642 889 2694 peribit
911 2655 985 2683 no-

155 2707 255 2736 men
284 2694 396 2747 ejus?

1775 196 1867 240 [235]

1091 289 1148 330 Et
1178 290 1215 331 si
1249 291 1574 342 ingrediebatur
1608 296 1656 333 ut
1688 291 1868 341 videret,

1039 358 1152 386 vana
1178 346 1458 398 loquebatur,
1492 348 1515 373 *
1545 360 1622 397 cor
1650 348 1740 398 ejus
1769 361 1868 389 con-

1038 403 1237 453 gregavit
1264 403 1540 455 iniquitatem
1567 404 1661 445 sibi.

1090 458 1408 508 Egrediebatur
1436 460 1570 510 foras,
1597 462 1621 486 *
1651 465 1694 502 et
1719 461 1868 514 loque-

1038 512 1168 554 batur
1187 515 1230 554 in
1248 515 1452 567 idipsum.

1092 570 1868 615 Adversummesusurrabantomnes

1038 627 1200 667 inimici
1226 627 1325 668 mei:
1351 629 1374 653 *
1400 627 1633 669 adversum
1658 642 1728 670 me
1753 630 1867 679 cogi-

1037 682 1190 724 tabant
1217 683 1332 723 mala
1359 683 1474 724 mihi.

1089 738 1289 780 Verbum
1320 739 1516 791 iniquum
1551 741 1868 783 constituerunt

1039 794 1272 836 adversum
1290 808 1374 836 me:
1394 797 1417 821 *
1436 796 1662 849 Numquid
1680 797 1753 849 qui
1768 797 1866 838 dor-

1038 851 1117 892 mit
1135 863 1223 892 non
1243 851 1417 902 adjiciet
1435 858 1483 893 ut
1502 852 1724 904 resurgat?

1090 907 1262 948 Etenim
1281 907 1414 949 homo
1432 909 1554 960 pacis
1573 922 1695 959 meae,
1716 909 1760 949 in
1780 922 1867 961 quo

1038 963 1227 1014 speravi:
1250 964 1273 989 *
1297 964 1371 1016 qui
1394 964 1554 1006 edebat
1577 978 1713 1017 panes
1733 978 1867 1015 meos,

1037 1019 1334 1069 magnificavit
1362 1033 1495 1072 super
1519 1034 1590 1062 me
1617 1022 1867 1074 supplanta-

1038 1074 1212 1116 tionem.

1095 1131 1166 1172 Tu
1183 1136 1328 1174 autem
1342 1131 1531 1174 D6mine
1548 1134 1755 1175 miserere
1771 1133 1867 1183 mei,

1040 1192 1083 1228 et
1119 1189 1332 1230 resuscita
1363 1202 1448 1231 me:
1489 1191 1512 1216 *
1550 1195 1593 1231 et
1628 1190 1867 1231 retribuam

1039 1255 1112 1283 eis.

1090 1300 1141 1339 In
1155 1299 1241 1341 hoc
1260 1302 1448 1351 cogn6vi
1468 1302 1674 1354 quoniam
1690 1302 1868 1343 voluisti

1039 1368 1127 1396 me:
1154 1356 1178 1381 *
1207 1358 1415 1408 quoniam
1442 1371 1530 1400 non
1557 1358 1766 1409 gaudebit
1794 1358 1868 1398 ini-

1038 1414 1177 1453 micus
1205 1425 1328 1454 meus
1357 1428 1490 1467 super
1516 1428 1596 1456 me.

1090 1468 1163 1509 Me
1191 1474 1339 1510 autem
1365 1476 1550 1523 propter
1576 1471 1869 1512 innocentiam

1039 1525 1288 1576 suscepisti:
1316 1527 1340 1552 *
1368 1531 1412 1567 et
1436 1527 1705 1568 confirmasti
1730 1539 1800 1567 me
1826 1526 1869 1566 in

1040 1582 1281 1632 conspectu
1308 1586 1385 1623 tuo
1413 1583 1457 1623 in
1486 1585 1710 1624 aeternum.

1091 1636 1358 1678 Benedictus
1373 1639 1587 1679 Dominus
1599 1639 1721 1680 Deus
1732 1638 1870 1679 Israel

1039 1703 1069 1786 ἓ
1093 1691 1257 1787 εεέἓιύο
1287 1697 1331 1734 et
1355 1706 1494 1746 usque
1522 1694 1565 1734 in
1594 1694 1818 1735 saeculum:
1846 1694 1869 1719 *

1072 1751 1126 1797 at,
1187 1753 1241 1789 at.

1091 1809 1190 1849 Ant.
1218 1812 1387 1854 Inimici
1414 1815 1499 1856 mei
1528 1814 1730 1855 dixerunt
1752 1814 1867 1854 mala

1038 1867 1157 1907 mihi:
1186 1868 1372 1917 Quando
1396 1871 1617 1920 morietur,
1642 1874 1686 1911 et
1708 1869 1869 1922 peribit

1038 1935 1200 1964 nomen
1220 1923 1334 1975 ejus?

1090 1987 1189 2027 Ant.
1219 1988 1362 2029 Alieni
1380 1990 1717 2031 insurrexerunt.

1309 2069 1507 2109 Psalmus
1528 2069 1592 2107 53.

1129 2152 1206 2180 eus
1229 2141 1274 2181 in
1299 2141 1475 2182 n6mine
1500 2146 1576 2181 tuo
1605 2140 1774 2181 salvum
1797 2152 1868 2181 me

1142 2195 1227 2238 fac:
1246 2198 1270 2224 *
1290 2202 1334 2238 et
1361 2197 1406 2237 in
1432 2197 1594 2237 virtute
1621 2201 1698 2237 tua
1726 2195 1868 2247 judica

1038 2265 1120 2293 me.

1090 2309 1211 2349 Deus
1232 2308 1391 2349 exaudi
1410 2308 1654 2349 oraticnem
1672 2320 1829 2349 meam:
1844 2308 1868 2333 *

1040 2364 1217 2405 auribus
1236 2364 1415 2416 percipe
1434 2363 1570 2405 verba
1588 2364 1677 2404 oris
1695 2364 1792 2404 mei.

1092 2419 1308 2469 Quoniam
1359 2419 1488 2460 alieni
1538 2419 1867 2460 insurrexerunt

1041 2475 1274 2515 adversum
1287 2488 1368 2524 me,
1388 2479 1432 2515 et
1447 2474 1585 2516 fortes
1602 2475 1867 2527 quaesierunt

1040 2530 1229 2571 animam
1264 2543 1422 2571 meam:
1449 2530 1473 2555 *
1502 2535 1546 2572 et
1581 2543 1669 2571 non
1705 2541 1866 2581 propo-

1040 2588 1219 2627 suerunt
1254 2586 1398 2627 Deum
1436 2591 1536 2628 ante
1583 2587 1866 2637 conspectum

1040 2655 1176 2683 suum.

1090 2698 1207 2738 Ecce
1235 2697 1350 2738 enim
1377 2698 1499 2739 Deus
1527 2697 1702 2748 adjuvat
1728 2707 1813 2735 me:
1841 2694 1864 2720 *
