2040 2944
655 203 757 238 Infra
782 204 1077 241 Hebdomadam
1102 208 1123 242 i.
1149 208 1336 244 Octobris.

1788 214 1851 250 167

147 293 317 338 ducetis
343 296 400 338 ad
418 310 499 339 vos
524 310 674 340 omnes
698 299 889 341 factores
914 300 971 342 le-

144 351 225 402 gis:
251 357 295 394 et
313 353 535 396 vindicate
558 354 794 397 vindictam
817 357 972 409 populi

144 409 290 450 vestri.
347 410 596 453 Retribaite
641 411 972 454 retributionem

146 463 379 516 Gentibus,
412 471 457 508 et
487 467 700 510 intendite
731 468 775 509 in
808 471 970 521 praece-

143 525 268 572 ptum
298 522 419 574 legis.
458 524 516 566 Et
548 524 773 567 benedixit
801 538 894 575 eos,
927 530 971 567 et

144 579 375 630 appesitus
395 585 463 622 est
481 580 538 623 ad
556 586 707 634 patres
726 594 841 623 suos.

192 639 244 691 Κ.
271 635 537 689 Congregati
556 643 666 680 sunt.
685 639 771 679 162.

372 742 532 779 Feria
564 743 740 781 Sexta.

181 796 251 837 De
269 795 382 837 libro
402 795 544 848 primo
563 796 929 839 Machabaeorum.

215 857 368 900 Lectio
389 860 411 899 i.
506 879 508 881 -
572 861 674 913 Cap.
689 863 725 901 2.
740 875 777 910 g.
795 868 836 903 et
852 864 887 903 ,3.

149 932 190 1006 1²
204 917 966 1029 θὲἓὲῗὲἓῗωῗῒἔᾶἑῖῗέἒὲξὲἓὲἓὲ

139 1035 280 1072 sexto:
313 1036 356 1073 et
382 1032 580 1085 sepultus
607 1038 674 1075 est
699 1048 724 1076 a
750 1034 850 1075 filiis
877 1036 966 1076 suis

138 1087 182 1127 in
218 1088 462 1140 sepulchris
499 1095 674 1142 patrum
712 1094 891 1133 suorum
922 1093 965 1134 in

139 1143 308 1194 Modin‚
343 1150 387 1186 et
411 1145 673 1198 planxerunt
698 1160 796 1189 eum
824 1150 965 1191 omnis

138 1200 276 1242 Israel
294 1202 473 1254 planctu
495 1216 666 1254 magno.
698 1204 755 1246 Et
778 1206 966 1247 surrexit

137 1256 163 1297 J
164 1256 291 1308 udas,
321 1258 395 1311 qui
418 1259 659 1302 vocabatur
682 1261 964 1317 Machaba'eus

137 1313 253 1355 filius
286 1315 376 1366 ejus
408 1328 491 1368 pro
525 1329 593 1358 eo:
626 1322 670 1359 et
701 1317 965 1370 adjuvabant

138 1382 238 1411 eum
272 1383 423 1413 omnes
457 1372 614 1415 fratres
647 1375 753 1426 ejus:
798 1380 842 1417 et
874 1376 963 1417 uni-

136 1427 269 1476 versi,
310 1428 383 1480 qui
422 1441 469 1470 se
503 1431 818 1482 conjunxerant
849 1433 964 1485 patri

137 1483 245 1535 ejus,
271 1488 315 1526 et
338 1485 654 1537 praeliabantur
677 1488 879 1541 praelium
902 1490 963 1530 Is-

114 1540 227 1586 ,rael
246 1554 345 1582 cum
368 1541 531 1584 laetitia.
566 1544 623 1586 Et
650 1543 849 1587 dilatavit
872 1546 962 1598 glo-

135 1596 245 1638 riam
278 1598 447 1651 pepulo
480 1612 572 1641 suo.
612 1601 670 1642 Et
703 1606 962 1654 persecutus

135 1658 203 1695 est
221 1654 394 1707 iniquos
413 1660 695 1708 persertitans
715 1671 807 1699 eos:
827 1664 871 1700 et
889 1661 962 1712 qui

135 1710 457 1754 conturbabant
480 1713 693 1766 populum
712 1727 854 1765 suum,
884 1729 961 1757 eos

135 1766 361 1809 succendit
381 1768 583 1810 flammis:
610 1774 653 1811 et
676 1771 842 1823 repulsi
861 1778 961 1814 sunt

134 1822 295 1864 inimici
332 1825 423 1875 ejus
458 1837 552 1877 prae
583 1826 740 1868 timore
773 1828 880 1880 ejus,
917 1833 961 1870 et

132 1890 285 1920 omnes
308 1881 499 1933 operarii
523 1881 765 1934 iniquitatis
787 1890 958 1927 contur-

130 1933 223 1976 bati
252 1942 368 1978 sunt:
401 1942 446 1978 et
478 1937 645 1980 directa
674 1945 741 1982 est
769 1940 887 1982 salus
915 1942 959 1982 in

130 2003 261 2032 manu
281 1993 383 2044 ejus.

185 2049 237 2102 R.
259 2049 478 2102 Impetum
497 2051 781 2093 inimicorum.
801 2054 887 2094 163.

440 2111 592 2153 Lectio
609 2112 648 2151 ii.

210 2171 229 2208 t
252 2167 545 2210 exacerbabat
567 2181 693 2221 reges
711 2171 888 2221 multOS,
915 2175 958 2212 et

225 2223 477 2265 laetificabat
503 2225 642 2268 Jacob
674 2227 716 2267 in
751 2227 957 2279 operibus

131 2279 237 2329 suis,
267 2285 310 2321 et
334 2280 378 2321 in
403 2281 613 2322 saeculum
636 2283 847 2324 memoria
866 2284 957 2334 ejus

130 2334 174 2375 in
198 2334 515 2378 benedictione.
556 2337 613 2378 Et
636 2338 958 2390 perambulavit

131 2391 330 2433 civitates
350 2393 375 2433 J
376 2392 479 2442 uda,
509 2398 553 2434 et
578 2393 772 2446 perdidit
795 2395 956 2447 impios

131 2459 186 2488 ex
215 2448 296 2499 eis,
329 2454 373 2490 et
405 2449 561 2491 avertit
588 2450 697 2491 iram
725 2450 780 2491 ab
808 2450 956 2491 Israel.

129 2503 186 2544 Et
209 2505 457 2547 nominatus
483 2511 549 2547 est
572 2518 712 2558 usque
738 2506 795 2547 ad
813 2508 955 2547 novis-

131 2560 289 2601 simum
311 2566 458 2611 terrae,
487 2567 530 2603 et
556 2562 837 2613 congregavit
859 2575 955 2615 per-

132 2618 295 2658 euntes.
322 2618 379 2659 Et
394 2619 678 2670 congregavit
693 2618 955 2671 Apollonius

132 2671 309 2722 Gentes,
325 2678 369 2715 et
383 2687 408 2715 a
422 2675 616 2716 Samaria
630 2675 836 2716 virtutem
849 2674 954 2715 mul-

129 2732 220 2769 tam
239 2733 283 2770 et
300 2742 504 2781 magnam
517 2730 576 2772 ad
589 2730 840 2773 bellandum
854 2743 953 2772 con-

1023 306 1092 343 tra
1114 302 1261 344 Israel.
1302 305 1359 347 Et
1385 307 1592 357 cognovit
1617 308 1769 360 Judas,
1804 315 1848 351 et

1025 358 1128 399 exiit
1156 359 1330 402 Obviam
1355 362 1433 404 illi:
1466 368 1509 404 et
1536 365 1771 416 percussit,
1804 371 1848 408 et

1024 414 1186 456 occidit
1204 416 1338 458 illum:
1363 423 1406 460 et
1429 419 1681 462 ceciderunt
1699 422 1845 464 vulne-

1023 470 1106 512 rati
1130 472 1269 522 multi,
1295 479 1339 516 et
1363 475 1519 528 reliqui
1543 476 1755 528 fugerunt.
1790 481 1847 521 Et

1024 528 1194 580 accepit
1223 530 1364 582 spolia
1391 533 1556 574 earum:
1585 539 1629 575 et
1652 535 1845 586 gladium

1022 583 1247 635 Apollonii
1280 586 1460 629 abstulit
1493 589 1645 640 Judas,
1678 597 1721 634 et
1752 598 1846 635 erat

1021 652 1220 691 pugnans
1238 642 1283 683 in
1302 656 1355 685 eo
1376 645 1576 686 omnibus
1596 646 1762 690 diebus.

1074 700 1124 752 R.
1153 698 1442 752 Congregatae
1463 706 1572 743 sunt.
1592 704 1677 745 163.

1323 758 1474 801 Lectio
1496 761 1548 800 iii.

1100 815 1119 852 t
1153 812 1311 854 cecidit
1344 814 1475 856 timor
1501 815 1643 866 Judae,
1680 831 1731 859 ac
1762 818 1843 861 fra-

1116 873 1231 910 trum
1263 871 1372 922 ejus,
1415 876 1459 912 et
1489 872 1678 915 formido
1713 887 1844 927 super

1021 935 1173 966 omnes
1204 932 1358 976 gentes
1390 927 1434 968 in
1467 928 1650 971 circuitu
1682 933 1843 973 eorum.

1019 981 1076 1022 Et
1093 983 1292 1034 pervenit
1317 984 1372 1025 ad
1395 997 1544 1035 regem
1563 999 1723 1028 nomen
1743 989 1843 1039 ejus,

1019 1042 1063 1079 et
1095 1037 1150 1080 de
1181 1040 1343 1091 praeliis
1375 1041 1501 1082 Judae
1533 1044 1767 1086 narrabant
1799 1058 1842 1087 o-

1018 1108 1141 1136 mnes
1177 1102 1341 1146 gentes.
1400 1098 1459 1140 Ut
1497 1099 1662 1141 audivit
1698 1107 1843 1143 autem

1018 1163 1096 1192 rex
1115 1152 1359 1195 Antiochus
1380 1158 1603 1197 sermenes
1622 1156 1742 1207 istos,
1762 1158 1841 1199 ira-

1016 1211 1088 1248 tus
1108 1214 1176 1250 est
1195 1210 1354 1252 animo:
1380 1216 1423 1252 et
1442 1213 1574 1262 misit,
1600 1218 1643 1255 et
1664 1227 1841 1266 congre-

1017 1265 1136 1314 gavit
1156 1267 1395 1308 exercitum
1413 1268 1603 1310 universi
1624 1271 1745 1321 regni
1765 1271 1840 1321 sui,

1017 1325 1160 1363 castra
1179 1322 1308 1365 fortia
1328 1324 1471 1366 valde:
1492 1330 1535 1366 et
1551 1326 1722 1378 aperuit
1737 1329 1840 1368 aera-

1016 1376 1127 1433 rium
1148 1391 1288 1430 suum,
1318 1385 1360 1422 et
1385 1380 1506 1423 dedit
1529 1382 1747 1434 stipendia
1770 1396 1840 1424 ex-

1016 1434 1169 1475 ercitui
1188 1435 1231 1476 in
1252 1449 1426 1478 annum:
1453 1443 1495 1480 et
1514 1438 1739 1481 mandavit
1756 1439 1840 1480 illis

1015 1494 1063 1531 ut
1083 1496 1231 1533 essent
1248 1494 1392 1545 parati
1412 1493 1468 1535 ad
1488 1495 1642 1536 emnia.

1070 1548 1119 1600 Κ.
1144 1548 1241 1590 Tua
1260 1555 1326 1592 est
1346 1551 1552 1602 potentia.
1573 1553 1660 1593 163.

1263 1658 1290 1694 S
1316 1669 1341 1694 a
1364 1659 1390 1695 b
1416 1660 1442 1695 b
1467 1671 1492 1696 a
1515 1664 1531 1695 t
1555 1671 1591 1696 0.

1058 1709 1123 1748 De
1142 1708 1254 1751 libro
1273 1711 1416 1763 primo
1435 1712 1798 1754 Machabaeorum.

1093 1769 1244 1810 Lectio
1265 1771 1287 1809 i.
1569 1772 1670 1824 Cap.
1686 1772 1722 1811 3.
1738 1771 1761 1810 f.

1020 1834 1118 1877 *ss'fat
1145 1831 1255 1873 vidit
1279 1832 1432 1882 Judas,
1475 1838 1518 1875 et
1544 1834 1699 1875 fratres
1728 1835 1836 1886 ejus,

1022 1888 1084 1923 [ὦ
1126 1887 1227 1938 quia
1259 1889 1549 1942 multiplicata
1579 1896 1680 1932 sunt
1711 1891 1836 1941 mala,

1012 1948 1056 1983 et
1085 1944 1302 1986 exercitus
1334 1946 1615 1999 applicabant
1643 1945 1699 1988 ad
1727 1947 1835 1988 fines

1012 2002 1181 2042 eorum:
1214 2006 1257 2043 et
1284 2004 1583 2054 cognoverunt
1610 2003 1745 2044 verba
1772 2017 1835 2045 re-

1010 2056 1092 2107 gis,
1123 2070 1220 2109 quae
1248 2058 1471 2101 mandavit
1498 2059 1663 2112 p6pulo
1690 2060 1834 2101 facere

1010 2113 1054 2153 in
1074 2113 1311 2165 interitum,
1337 2120 1381 2156 et
1400 2115 1834 2157 consummationem:

1011 2174 1055 2210 et
1088 2169 1291 2224 dixerunt
1322 2173 1622 2224 unusquisque
1650 2171 1707 2212 ad
1733 2174 1833 2224 pro-

1009 2226 1173 2267 ximum
1200 2240 1345 2268 suum:
1371 2228 1602 2278 Erigamus
1630 2227 1832 2279 dejectio-

1009 2295 1109 2323 nem
1139 2283 1294 2335 populi
1326 2283 1481 2333 nostri,
1515 2288 1558 2325 et
1589 2285 1832 2336 pugnemus

1007 2350 1091 2390 pro
1111 2339 1278 2390 populo
1297 2345 1468 2389 nostro,
1499 2344 1543 2380 et
1569 2340 1731 2381 sanctis
1756 2353 1831 2381 no-

1008 2393 1120 2435 stris.
1156 2394 1213 2435 Et
1239 2396 1530 2446 congregatus
1556 2400 1624 2437 est
1647 2397 1830 2437 conven-

1006 2455 1076 2492 tus
1095 2454 1143 2491 ut
1163 2454 1309 2491 essent
1327 2451 1470 2503 parati
1487 2451 1531 2492 in
1550 2451 1764 2503 praelium:
1787 2457 1831 2494 et

1006 2511 1054 2547 ut
1077 2507 1268 2556 orarent,
1297 2511 1341 2548 et
1365 2509 1566 2559 peterent
1587 2507 1829 2548 misericor-

1007 2561 1140 2611 diam,
1166 2566 1211 2603 et
1234 2563 1547 2604 miserationes.
1582 2564 1639 2605 Et
1657 2563 1682 2603 J
1685 2566 1826 2604 erusa-

1005 2618 1092 2659 lem
1109 2631 1197 2659 non
1215 2617 1511 2669 habitabatur,
1538 2619 1617 2660 sed
1637 2624 1730 2660 erat
1748 2618 1825 2659 sic-

1005 2679 1054 2715 ut
1082 2674 1320 2715 desertum:
1351 2688 1438 2716 non
1468 2680 1562 2716 erat
1590 2675 1663 2726 qui
1689 2674 1825 2724 ingre-

1006 2730 1182 2772 deretur
1221 2735 1265 2772 et
1307 2731 1588 2782 egrederetur
1623 2730 1678 2772 de
1713 2729 1826 2771 natis
