<?xml version="1.0" encoding="UTF-8"?>
<!DOCTYPE html PUBLIC "-//W3C//DTD XHTML 1.0 Transitional//EN"
    "http://www.w3.org/TR/xhtml1/DTD/xhtml1-transitional.dtd">
<html xmlns="http://www.w3.org/1999/xhtml" xml:lang="en" lang="en">
 <head>
  <title>
</title>
<meta http-equiv="Content-Type" content="text/html;charset=utf-8" />
  <meta name='ocr-system' content='tesseract 3.04.00' />
  <meta name='ocr-capabilities' content='ocr_page ocr_carea ocr_par ocr_line ocrx_word'/>
</head>
<body>
  <div class='ocr_page' id='page_1' title='image "./p4breviariumroma00cathuoft_0496.png"; bbox 0 0 2040 2944; ppageno 0'>
   <div class='ocr_carea' id='block_1_1' title="bbox 159 300 998 1592">
    <p class='ocr_par' dir='ltr' id='par_1_1' title="bbox 159 300 998 1592">
     <span class='ocr_line' id='line_1_1' title="bbox 161 300 992 354; baseline -0.008 -8"><span class='ocrx_word' id='word_1_1' title='bbox 161 305 406 346; x_wconf 80' lang='lat' dir='ltr'>exclamare</span> <span class='ocrx_word' id='word_1_2' title='bbox 445 302 597 354; x_wconf 88' lang='lat' dir='ltr'>coepit:</span> <span class='ocrx_word' id='word_1_3' title='bbox 643 302 681 342; x_wconf 95' lang='lat' dir='ltr'>O</span> <span class='ocrx_word' id='word_1_4' title='bbox 719 300 837 342; x_wconf 89' lang='lat' dir='ltr'>bona</span> <span class='ocrx_word' id='word_1_5' title='bbox 874 312 992 347; x_wconf 91' lang='lat' dir='ltr'>crux,</span> 
     </span>
     <span class='ocr_line' id='line_1_2' title="bbox 162 355 993 414; baseline -0.01 -11"><span class='ocrx_word' id='word_1_6' title='bbox 162 374 260 414; x_wconf 86' lang='lat' dir='ltr'>quae</span> <span class='ocrx_word' id='word_1_7' title='bbox 284 360 489 402; x_wconf 88' lang='lat' dir='ltr'>decorem</span> <span class='ocrx_word' id='word_1_8' title='bbox 514 371 568 400; x_wconf 92' lang='lat' dir='ltr'>ex</span> <span class='ocrx_word' id='word_1_9' title='bbox 587 357 795 399; x_wconf 84' lang='lat' dir='ltr'>membris</span> <span class='ocrx_word' id='word_1_10' title='bbox 814 355 993 398; x_wconf 92' lang='lat' dir='ltr'>Domini</span> 
     </span>
     <span class='ocr_line' id='line_1_3' title="bbox 161 412 993 469; baseline -0.007 -11"><span class='ocrx_word' id='word_1_11' title='bbox 161 417 404 469; x_wconf 83' lang='lat' dir='ltr'>suscepisti,</span> <span class='ocrx_word' id='word_1_12' title='bbox 425 414 499 457; x_wconf 90' lang='lat' dir='ltr'>diu</span> <span class='ocrx_word' id='word_1_13' title='bbox 521 414 784 463; x_wconf 78' lang='lat' dir='ltr'>desiderata,</span> <span class='ocrx_word' id='word_1_14' title='bbox 805 412 993 454; x_wconf 83' lang='lat' dir='ltr'>sollicite</span> 
     </span>
     <span class='ocr_line' id='line_1_4' title="bbox 161 471 993 523; baseline -0.007 -8"><span class='ocrx_word' id='word_1_15' title='bbox 161 476 315 522; x_wconf 83' lang='lat' dir='ltr'>amata,</span> <span class='ocrx_word' id='word_1_16' title='bbox 338 473 431 514; x_wconf 91' lang='lat' dir='ltr'>sine</span> <span class='ocrx_word' id='word_1_17' title='bbox 450 471 774 513; x_wconf 91' lang='lat' dir='ltr'>intermissione</span> <span class='ocrx_word' id='word_1_18' title='bbox 795 471 993 523; x_wconf 88' lang='lat' dir='ltr'>quaesita,</span> 
     </span>
     <span class='ocr_line' id='line_1_5' title="bbox 161 527 993 581; baseline -0.005 -10"><span class='ocrx_word' id='word_1_19' title='bbox 161 535 204 572; x_wconf 91' lang='lat' dir='ltr'>et</span> <span class='ocrx_word' id='word_1_20' title='bbox 229 527 465 581; x_wconf 76' lang='lat' dir='ltr'>aliquando</span> <span class='ocrx_word' id='word_1_21' title='bbox 493 527 686 581; x_wconf 89' lang='lat' dir='ltr'>cupienti</span> <span class='ocrx_word' id='word_1_22' title='bbox 712 527 858 568; x_wconf 80' lang='lat' dir='ltr'>animo</span> <span class='ocrx_word' id='word_1_23' title='bbox 882 538 993 579; x_wconf 83' lang='lat' dir='ltr'>prae·</span> 
     </span>
     <span class='ocr_line' id='line_1_6' title="bbox 161 582 993 639; baseline -0.005 -12"><span class='ocrx_word' id='word_1_24' title='bbox 161 588 331 639; x_wconf 82' lang='lat' dir='ltr'>parata:</span> <span class='ocrx_word' id='word_1_25' title='bbox 365 585 520 638; x_wconf 80' lang='lat' dir='ltr'>accipe</span> <span class='ocrx_word' id='word_1_26' title='bbox 548 597 619 626; x_wconf 93' lang='lat' dir='ltr'>me</span> <span class='ocrx_word' id='word_1_27' title='bbox 648 583 703 625; x_wconf 88' lang='lat' dir='ltr'>ab</span> <span class='ocrx_word' id='word_1_28' title='bbox 731 582 993 631; x_wconf 89' lang='lat' dir='ltr'>hominibus,</span> 
     </span>
     <span class='ocr_line' id='line_1_7' title="bbox 160 642 994 693; baseline -0.005 -9"><span class='ocrx_word' id='word_1_29' title='bbox 160 649 204 684; x_wconf 89' lang='lat' dir='ltr'>et</span> <span class='ocrx_word' id='word_1_30' title='bbox 223 642 360 684; x_wconf 84' lang='lat' dir='ltr'>redde</span> <span class='ocrx_word' id='word_1_31' title='bbox 379 655 449 683; x_wconf 93' lang='lat' dir='ltr'>me</span> <span class='ocrx_word' id='word_1_32' title='bbox 469 643 683 693; x_wconf 84' lang='lat' dir='ltr'>magistro</span> <span class='ocrx_word' id='word_1_33' title='bbox 703 653 821 681; x_wconf 88' lang='lat' dir='ltr'>meo:</span> <span class='ocrx_word' id='word_1_34' title='bbox 846 645 895 681; x_wconf 88' lang='lat' dir='ltr'>ut</span> <span class='ocrx_word' id='word_1_35' title='bbox 913 652 994 692; x_wconf 92' lang='lat' dir='ltr'>per</span> 
     </span>
     <span class='ocr_line' id='line_1_8' title="bbox 159 695 994 751; baseline -0.005 -10"><span class='ocrx_word' id='word_1_36' title='bbox 159 705 204 741; x_wconf 90' lang='lat' dir='ltr'>te</span> <span class='ocrx_word' id='word_1_37' title='bbox 222 712 292 740; x_wconf 92' lang='lat' dir='ltr'>me</span> <span class='ocrx_word' id='word_1_38' title='bbox 312 699 515 751; x_wconf 85' lang='lat' dir='ltr'>recipiat,</span> <span class='ocrx_word' id='word_1_39' title='bbox 545 698 618 750; x_wconf 91' lang='lat' dir='ltr'>qui</span> <span class='ocrx_word' id='word_1_40' title='bbox 642 710 722 750; x_wconf 92' lang='lat' dir='ltr'>per</span> <span class='ocrx_word' id='word_1_41' title='bbox 745 702 790 738; x_wconf 90' lang='lat' dir='ltr'>te</span> <span class='ocrx_word' id='word_1_42' title='bbox 809 709 879 738; x_wconf 92' lang='lat' dir='ltr'>me</span> <span class='ocrx_word' id='word_1_43' title='bbox 899 695 994 738; x_wconf 92' lang='lat' dir='ltr'>red-</span> 
     </span>
     <span class='ocr_line' id='line_1_9' title="bbox 161 753 995 808; baseline -0.005 -11"><span class='ocrx_word' id='word_1_44' title='bbox 161 757 276 798; x_wconf 86' lang='lat' dir='ltr'>emit.</span> <span class='ocrx_word' id='word_1_45' title='bbox 317 757 475 808; x_wconf 89' lang='lat' dir='ltr'>Itaque</span> <span class='ocrx_word' id='word_1_46' title='bbox 505 755 623 796; x_wconf 90' lang='lat' dir='ltr'>cruci</span> <span class='ocrx_word' id='word_1_47' title='bbox 653 754 810 795; x_wconf 85' lang='lat' dir='ltr'>affixus</span> <span class='ocrx_word' id='word_1_48' title='bbox 838 758 920 795; x_wconf 91' lang='lat' dir='ltr'>est:</span> <span class='ocrx_word' id='word_1_49' title='bbox 951 753 995 793; x_wconf 93' lang='lat' dir='ltr'>in</span> 
     </span>
     <span class='ocr_line' id='line_1_10' title="bbox 162 810 996 865; baseline -0.005 -10"><span class='ocrx_word' id='word_1_50' title='bbox 162 826 247 865; x_wconf 92' lang='lat' dir='ltr'>qua</span> <span class='ocrx_word' id='word_1_51' title='bbox 294 812 477 854; x_wconf 80' lang='lat' dir='ltr'>biduum</span> <span class='ocrx_word' id='word_1_52' title='bbox 523 812 650 853; x_wconf 88' lang='lat' dir='ltr'>vivus</span> <span class='ocrx_word' id='word_1_53' title='bbox 689 810 904 864; x_wconf 90' lang='lat' dir='ltr'>pendens,</span> <span class='ocrx_word' id='word_1_54' title='bbox 951 814 996 851; x_wconf 90' lang='lat' dir='ltr'>et</span> 
     </span>
     <span class='ocr_line' id='line_1_11' title="bbox 162 868 995 921; baseline -0.004 -11"><span class='ocrx_word' id='word_1_55' title='bbox 162 869 323 911; x_wconf 88' lang='lat' dir='ltr'>Christi</span> <span class='ocrx_word' id='word_1_56' title='bbox 342 869 475 910; x_wconf 93' lang='lat' dir='ltr'>fidem</span> <span class='ocrx_word' id='word_1_57' title='bbox 493 868 740 921; x_wconf 78' lang='lat' dir='ltr'>praedicare</span> <span class='ocrx_word' id='word_1_58' title='bbox 755 879 995 919; x_wconf 88' lang='lat' dir='ltr'><strong>numquam</strong></span> 
     </span>
     <span class='ocr_line' id='line_1_12' title="bbox 160 924 995 975; baseline -0.004 -8"><span class='ocrx_word' id='word_1_59' title='bbox 160 927 467 975; x_wconf 83' lang='lat' dir='ltr'>intermittens,</span> <span class='ocrx_word' id='word_1_60' title='bbox 489 925 547 967; x_wconf 91' lang='lat' dir='ltr'>ad</span> <span class='ocrx_word' id='word_1_61' title='bbox 565 938 666 967; x_wconf 91' lang='lat' dir='ltr'>eum</span> <span class='ocrx_word' id='word_1_62' title='bbox 685 924 904 975; x_wconf 78' lang='lat' dir='ltr'>migravit,</span> <span class='ocrx_word' id='word_1_63' title='bbox 925 936 995 964; x_wconf 93' lang='lat' dir='ltr'>cu-</span> 
     </span>
     <span class='ocr_line' id='line_1_13' title="bbox 161 981 994 1034; baseline -0.004 -10"><span class='ocrx_word' id='word_1_64' title='bbox 161 984 226 1034; x_wconf 90' lang='lat' dir='ltr'>jus</span> <span class='ocrx_word' id='word_1_65' title='bbox 271 983 427 1024; x_wconf 91' lang='lat' dir='ltr'>mortis</span> <span class='ocrx_word' id='word_1_66' title='bbox 469 981 801 1023; x_wconf 80' lang='lat' dir='ltr'>similitudinem</span> <span class='ocrx_word' id='word_1_67' title='bbox 837 993 994 1022; x_wconf 86' lang='lat' dir='ltr'>concu—</span> 
     </span>
     <span class='ocr_line' id='line_1_14' title="bbox 160 1037 996 1093; baseline -0.004 -12"><span class='ocrx_word' id='word_1_68' title='bbox 160 1042 312 1093; x_wconf 90' lang='lat' dir='ltr'>pierat.</span> <span class='ocrx_word' id='word_1_69' title='bbox 359 1040 468 1090; x_wconf 90' lang='lat' dir='ltr'>Quae</span> <span class='ocrx_word' id='word_1_70' title='bbox 500 1039 645 1080; x_wconf 91' lang='lat' dir='ltr'>omnia</span> <span class='ocrx_word' id='word_1_71' title='bbox 672 1037 923 1091; x_wconf 71' lang='lat' dir='ltr'>presbyteri</span> <span class='ocrx_word' id='word_1_72' title='bbox 953 1042 996 1079; x_wconf 92' lang='lat' dir='ltr'>et</span> 
     </span>
     <span class='ocr_line' id='line_1_15' title="bbox 161 1094 996 1148; baseline -0.005 -9"><span class='ocrx_word' id='word_1_73' title='bbox 161 1097 337 1139; x_wconf 81' lang='lat' dir='ltr'>diaconi</span> <span class='ocrx_word' id='word_1_74' title='bbox 367 1096 563 1147; x_wconf 81' lang='lat' dir='ltr'>Achajae,</span> <span class='ocrx_word' id='word_1_75' title='bbox 597 1095 672 1148; x_wconf 91' lang='lat' dir='ltr'>qui</span> <span class='ocrx_word' id='word_1_76' title='bbox 705 1096 796 1148; x_wconf 91' lang='lat' dir='ltr'>ejus</span> <span class='ocrx_word' id='word_1_77' title='bbox 828 1094 996 1147; x_wconf 90' lang='lat' dir='ltr'>passio-</span> 
     </span>
     <span class='ocr_line' id='line_1_16' title="bbox 160 1152 996 1206; baseline -0.004 -11"><span class='ocrx_word' id='word_1_78' title='bbox 160 1167 261 1196; x_wconf 94' lang='lat' dir='ltr'>nem</span> <span class='ocrx_word' id='word_1_79' title='bbox 281 1153 567 1206; x_wconf 87' lang='lat' dir='ltr'>scripserunt,</span> <span class='ocrx_word' id='word_1_80' title='bbox 593 1165 640 1194; x_wconf 91' lang='lat' dir='ltr'>se</span> <span class='ocrx_word' id='word_1_81' title='bbox 660 1152 721 1194; x_wconf 92' lang='lat' dir='ltr'>ita</span> <span class='ocrx_word' id='word_1_82' title='bbox 739 1157 789 1193; x_wconf 89' lang='lat' dir='ltr'>ut</span> <span class='ocrx_word' id='word_1_83' title='bbox 808 1163 996 1193; x_wconf 90' lang='lat' dir='ltr'>comme-</span> 
     </span>
     <span class='ocr_line' id='line_1_17' title="bbox 161 1208 996 1259; baseline -0.004 -7"><span class='ocrx_word' id='word_1_84' title='bbox 161 1213 333 1252; x_wconf 79' lang='lat' dir='ltr'>morata</span> <span class='ocrx_word' id='word_1_85' title='bbox 354 1215 468 1259; x_wconf 90' lang='lat' dir='ltr'>sunt,</span> <span class='ocrx_word' id='word_1_86' title='bbox 494 1209 670 1251; x_wconf 86' lang='lat' dir='ltr'>audisse</span> <span class='ocrx_word' id='word_1_87' title='bbox 691 1214 734 1251; x_wconf 91' lang='lat' dir='ltr'>et</span> <span class='ocrx_word' id='word_1_88' title='bbox 753 1208 916 1250; x_wconf 89' lang='lat' dir='ltr'>vidisse</span> <span class='ocrx_word' id='word_1_89' title='bbox 935 1213 996 1249; x_wconf 89' lang='lat' dir='ltr'>te-</span> 
     </span>
     <span class='ocr_line' id='line_1_18' title="bbox 163 1265 996 1319; baseline -0.004 -11"><span class='ocrx_word' id='word_1_90' title='bbox 163 1270 346 1309; x_wconf 79' lang='lat' dir='ltr'>stantur.</span> <span class='ocrx_word' id='word_1_91' title='bbox 399 1267 505 1319; x_wconf 89' lang='lat' dir='ltr'>Ejus</span> <span class='ocrx_word' id='word_1_92' title='bbox 535 1279 637 1308; x_wconf 91' lang='lat' dir='ltr'>ossa</span> <span class='ocrx_word' id='word_1_93' title='bbox 665 1266 855 1319; x_wconf 90' lang='lat' dir='ltr'>primum</span> <span class='ocrx_word' id='word_1_94' title='bbox 886 1265 996 1306; x_wconf 91' lang='lat' dir='ltr'>Con-</span> 
     </span>
     <span class='ocr_line' id='line_1_19' title="bbox 164 1322 997 1376; baseline -0.004 -11"><span class='ocrx_word' id='word_1_95' title='bbox 164 1326 356 1365; x_wconf 85' lang='lat' dir='ltr'>stantino</span> <span class='ocrx_word' id='word_1_96' title='bbox 389 1324 655 1376; x_wconf 89' lang='lat' dir='ltr'>imperatore</span> <span class='ocrx_word' id='word_1_97' title='bbox 689 1322 997 1364; x_wconf 87' lang='lat' dir='ltr'>Constantino-</span> 
     </span>
     <span class='ocr_line' id='line_1_20' title="bbox 163 1378 998 1433; baseline -0.004 -12"><span class='ocrx_word' id='word_1_98' title='bbox 163 1380 312 1433; x_wconf 90' lang='lat' dir='ltr'>polim,</span> <span class='ocrx_word' id='word_1_99' title='bbox 333 1379 493 1421; x_wconf 84' lang='lat' dir='ltr'>deinde</span> <span class='ocrx_word' id='word_1_100' title='bbox 510 1379 765 1431; x_wconf 72' lang='lat' dir='ltr'>Amzilphim</span> <span class='ocrx_word' id='word_1_101' title='bbox 784 1378 998 1420; x_wconf 64' lang='lat' dir='ltr'>translata</span> 
     </span>
     <span class='ocr_line' id='line_1_21' title="bbox 165 1434 997 1488; baseline -0.002 -11"><span class='ocrx_word' id='word_1_102' title='bbox 165 1441 276 1477; x_wconf 90' lang='lat' dir='ltr'>sunt.</span> <span class='ocrx_word' id='word_1_103' title='bbox 319 1436 480 1488; x_wconf 87' lang='lat' dir='ltr'>Caput,</span> <span class='ocrx_word' id='word_1_104' title='bbox 513 1436 594 1477; x_wconf 91' lang='lat' dir='ltr'>Pio</span> <span class='ocrx_word' id='word_1_105' title='bbox 624 1434 820 1477; x_wconf 80' lang='lat' dir='ltr'>secundo</span> <span class='ocrx_word' id='word_1_106' title='bbox 849 1435 997 1477; x_wconf 90' lang='lat' dir='ltr'>Ponti-</span> 
     </span>
     <span class='ocr_line' id='line_1_22' title="bbox 165 1492 998 1542; baseline -0.001 -8"><span class='ocrx_word' id='word_1_107' title='bbox 165 1493 264 1542; x_wconf 92' lang='lat' dir='ltr'>fice,</span> <span class='ocrx_word' id='word_1_108' title='bbox 297 1493 487 1534; x_wconf 86' lang='lat' dir='ltr'>Romam</span> <span class='ocrx_word' id='word_1_109' title='bbox 515 1492 712 1542; x_wconf 80' lang='lat' dir='ltr'>allatum,</span> <span class='ocrx_word' id='word_1_110' title='bbox 744 1492 789 1533; x_wconf 90' lang='lat' dir='ltr'>in</span> <span class='ocrx_word' id='word_1_111' title='bbox 816 1492 998 1534; x_wconf 85' lang='lat' dir='ltr'>basilica</span> 
     </span>
     <span class='ocr_line' id='line_1_23' title="bbox 165 1549 829 1592; baseline -0.002 -1"><span class='ocrx_word' id='word_1_112' title='bbox 165 1550 305 1591; x_wconf 89' lang='lat' dir='ltr'>sancti</span> <span class='ocrx_word' id='word_1_113' title='bbox 323 1550 445 1592; x_wconf 92' lang='lat' dir='ltr'>Petri</span> <span class='ocrx_word' id='word_1_114' title='bbox 464 1549 731 1591; x_wconf 78' lang='lat' dir='ltr'>collocatum</span> <span class='ocrx_word' id='word_1_115' title='bbox 752 1554 829 1591; x_wconf 90' lang='lat' dir='ltr'>est.</span> 
     </span>
    </p>
   </div>
   <div class='ocr_carea' id='block_1_2' title="bbox 163 1614 1000 2120">
    <p class='ocr_par' dir='ltr' id='par_1_2' title="bbox 163 1614 1000 2120">
     <span class='ocr_line' id='line_1_24' title="bbox 216 1614 998 1670; baseline -0.003 -12"><span class='ocrx_word' id='word_1_116' title='bbox 216 1621 267 1670; x_wconf 68' lang='lat' dir='ltr'>R.</span> <span class='ocrx_word' id='word_1_117' title='bbox 286 1615 490 1669; x_wconf 81' lang='lat' dir='ltr'>Expandi</span> <span class='ocrx_word' id='word_1_118' title='bbox 508 1628 666 1656; x_wconf 89' lang='lat' dir='ltr'>manus</span> <span class='ocrx_word' id='word_1_119' title='bbox 680 1627 802 1656; x_wconf 89' lang='lat' dir='ltr'>meas</span> <span class='ocrx_word' id='word_1_120' title='bbox 815 1619 911 1657; x_wconf 91' lang='lat' dir='ltr'>tota</span> <span class='ocrx_word' id='word_1_121' title='bbox 927 1614 998 1656; x_wconf 91' lang='lat' dir='ltr'>die</span> 
     </span>
     <span class='ocr_line' id='line_1_25' title="bbox 165 1671 997 1725; baseline -0.002 -11"><span class='ocrx_word' id='word_1_122' title='bbox 165 1673 209 1714; x_wconf 92' lang='lat' dir='ltr'>in</span> <span class='ocrx_word' id='word_1_123' title='bbox 235 1685 365 1714; x_wconf 90' lang='lat' dir='ltr'>cruce</span> <span class='ocrx_word' id='word_1_124' title='bbox 389 1672 446 1714; x_wconf 87' lang='lat' dir='ltr'>ad</span> <span class='ocrx_word' id='word_1_125' title='bbox 469 1672 685 1725; x_wconf 91' lang='lat' dir='ltr'>populum</span> <span class='ocrx_word' id='word_1_126' title='bbox 709 1684 797 1713; x_wconf 92' lang='lat' dir='ltr'>non</span> <span class='ocrx_word' id='word_1_127' title='bbox 817 1671 997 1713; x_wconf 90' lang='lat' dir='ltr'>creden-</span> 
     </span>
     <span class='ocr_line' id='line_1_26' title="bbox 163 1727 994 1779; baseline -0.004 -8"><span class='ocrx_word' id='word_1_128' title='bbox 163 1734 269 1779; x_wconf 87' lang='lat' dir='ltr'>tem,</span> <span class='ocrx_word' id='word_1_129' title='bbox 302 1729 382 1771; x_wconf 91' lang='lat' dir='ltr'>sed</span> <span class='ocrx_word' id='word_1_130' title='bbox 414 1728 791 1771; x_wconf 78' lang='lat' dir='ltr'>contradicentem</span> <span class='ocrx_word' id='word_1_131' title='bbox 822 1727 945 1769; x_wconf 85' lang='lat' dir='ltr'>mihi:</span> <span class='ocrx_word' id='word_1_132' title='bbox 973 1731 994 1753; x_wconf 84' lang='lat'>*</span> 
     </span>
     <span class='ocr_line' id='line_1_27' title="bbox 166 1783 999 1836; baseline -0.002 -9"><span class='ocrx_word' id='word_1_133' title='bbox 166 1786 250 1836; x_wconf 89' lang='lat' dir='ltr'>Qui</span> <span class='ocrx_word' id='word_1_134' title='bbox 270 1785 496 1827; x_wconf 81' lang='lat' dir='ltr'>ambulant</span> <span class='ocrx_word' id='word_1_135' title='bbox 514 1785 608 1827; x_wconf 90' lang='lat' dir='ltr'>vias</span> <span class='ocrx_word' id='word_1_136' title='bbox 626 1798 714 1827; x_wconf 94' lang='lat' dir='ltr'>non</span> <span class='ocrx_word' id='word_1_137' title='bbox 734 1785 892 1834; x_wconf 87' lang='lat' dir='ltr'>bonas,</span> <span class='ocrx_word' id='word_1_138' title='bbox 919 1783 999 1826; x_wconf 92' lang='lat' dir='ltr'>sed</span> 
     </span>
     <span class='ocr_line' id='line_1_28' title="bbox 165 1839 998 1895; baseline -0.002 -11"><span class='ocrx_word' id='word_1_139' title='bbox 165 1846 269 1895; x_wconf 84' lang='lat' dir='ltr'>post</span> <span class='ocrx_word' id='word_1_140' title='bbox 297 1845 482 1895; x_wconf 77' lang='lat' dir='ltr'>peccata</span> <span class='ocrx_word' id='word_1_141' title='bbox 509 1855 599 1883; x_wconf 91' lang='lat' dir='ltr'>sua.</span> <span class='ocrx_word' id='word_1_142' title='bbox 642 1839 693 1891; x_wconf 56' lang='lat' dir='ltr'>Y.</span> <span class='ocrx_word' id='word_1_143' title='bbox 722 1842 844 1883; x_wconf 91' lang='lat' dir='ltr'>Deus</span> <span class='ocrx_word' id='word_1_144' title='bbox 872 1841 998 1882; x_wconf 92' lang='lat' dir='ltr'>ultio-</span> 
     </span>
     <span class='ocr_line' id='line_1_29' title="bbox 165 1897 999 1946; baseline -0.002 -6"><span class='ocrx_word' id='word_1_145' title='bbox 165 1912 268 1940; x_wconf 92' lang='lat' dir='ltr'>num</span> <span class='ocrx_word' id='word_1_146' title='bbox 296 1899 530 1946; x_wconf 92' lang='lat' dir='ltr'>Dominus,</span> <span class='ocrx_word' id='word_1_147' title='bbox 558 1898 680 1940; x_wconf 92' lang='lat' dir='ltr'>Deus</span> <span class='ocrx_word' id='word_1_148' title='bbox 708 1898 925 1940; x_wconf 91' lang='lat' dir='ltr'>ultionum</span> <span class='ocrx_word' id='word_1_149' title='bbox 951 1897 999 1938; x_wconf 89' lang='lat' dir='ltr'>li-</span> 
     </span>
     <span class='ocr_line' id='line_1_30' title="bbox 166 1954 998 2007; baseline 0 -11"><span class='ocrx_word' id='word_1_150' title='bbox 166 1955 272 1997; x_wconf 89' lang='lat' dir='ltr'>bere</span> <span class='ocrx_word' id='word_1_151' title='bbox 293 1955 395 2006; x_wconf 80' lang='lat' dir='ltr'>egit:</span> <span class='ocrx_word' id='word_1_152' title='bbox 417 1955 613 1997; x_wconf 79' lang='lat' dir='ltr'>exaltare</span> <span class='ocrx_word' id='word_1_153' title='bbox 635 1955 710 2007; x_wconf 94' lang='lat' dir='ltr'>qui</span> <span class='ocrx_word' id='word_1_154' title='bbox 728 1954 896 2007; x_wconf 81' lang='lat' dir='ltr'>judicas</span> <span class='ocrx_word' id='word_1_155' title='bbox 915 1959 998 1996; x_wconf 92' lang='lat' dir='ltr'>ter-</span> 
     </span>
     <span class='ocr_line' id='line_1_31' title="bbox 165 2011 1000 2065; baseline -0.002 -12"><span class='ocrx_word' id='word_1_156' title='bbox 165 2026 270 2063; x_wconf 87' lang='lat' dir='ltr'>ram,</span> <span class='ocrx_word' id='word_1_157' title='bbox 284 2011 421 2054; x_wconf 91' lang='lat' dir='ltr'>redde</span> <span class='ocrx_word' id='word_1_158' title='bbox 437 2012 770 2054; x_wconf 88' lang='lat' dir='ltr'>retributionem</span> <span class='ocrx_word' id='word_1_159' title='bbox 785 2011 1000 2065; x_wconf 90' lang='lat' dir='ltr'>superbis.</span> 
     </span>
     <span class='ocr_line' id='line_1_32' title="bbox 166 2069 718 2120; baseline 0 -10"><span class='ocrx_word' id='word_1_160' title='bbox 166 2070 262 2120; x_wconf 86' lang='lat' dir='ltr'>Qui.</span> <span class='ocrx_word' id='word_1_161' title='bbox 293 2069 445 2111; x_wconf 89' lang='lat' dir='ltr'>Gloria</span> <span class='ocrx_word' id='word_1_162' title='bbox 462 2069 595 2110; x_wconf 91' lang='lat' dir='ltr'>Patri.</span> <span class='ocrx_word' id='word_1_163' title='bbox 623 2069 718 2120; x_wconf 92' lang='lat' dir='ltr'>Qui.</span> 
     </span>
    </p>
   </div>
   <div class='ocr_carea' id='block_1_3' title="bbox 392 2157 776 2198">
    <p class='ocr_par' dir='ltr' id='par_1_3' title="bbox 392 2157 776 2198">
     <span class='ocr_line' id='line_1_33' title="bbox 392 2157 776 2198; baseline -0.003 -2"><span class='ocrx_word' id='word_1_164' title='bbox 392 2157 443 2196; x_wconf 87' lang='lat' dir='ltr'>In</span> <span class='ocrx_word' id='word_1_165' title='bbox 460 2158 531 2197; x_wconf 91' lang='lat'>111.</span> <span class='ocrx_word' id='word_1_166' title='bbox 551 2158 776 2198; x_wconf 78' lang='lat' dir='ltr'>Nocturno.</span> 
     </span>
    </p>
   </div>
   <div class='ocr_carea' id='block_1_4' title="bbox 166 2219 1000 2790">
    <p class='ocr_par' dir='ltr' id='par_1_4' title="bbox 166 2219 999 2499">
     <span class='ocr_line' id='line_1_34' title="bbox 221 2219 999 2274; baseline 0.001 -14"><span class='ocrx_word' id='word_1_167' title='bbox 221 2221 321 2262; x_wconf 86' lang='lat' dir='ltr'>Ant.</span> <span class='ocrx_word' id='word_1_168' title='bbox 344 2221 443 2263; x_wconf 92' lang='lat' dir='ltr'>Non</span> <span class='ocrx_word' id='word_1_169' title='bbox 462 2234 533 2263; x_wconf 91' lang='lat' dir='ltr'>me</span> <span class='ocrx_word' id='word_1_170' title='bbox 552 2223 783 2274; x_wconf 88' lang='lat' dir='ltr'>permittas</span> <span class='ocrx_word' id='word_1_171' title='bbox 797 2219 999 2270; x_wconf 88' lang='lat' dir='ltr'>Domine,</span> 
     </span>
     <span class='ocr_line' id='line_1_35' title="bbox 168 2277 999 2331; baseline 0 -13"><span class='ocrx_word' id='word_1_172' title='bbox 168 2278 376 2319; x_wconf 81' lang='lat' dir='ltr'>famulum</span> <span class='ocrx_word' id='word_1_173' title='bbox 396 2283 519 2320; x_wconf 88' lang='lat' dir='ltr'>tuum</span> <span class='ocrx_word' id='word_1_174' title='bbox 543 2291 569 2320; x_wconf 92' lang='lat' dir='ltr'>a</span> <span class='ocrx_word' id='word_1_175' title='bbox 587 2283 631 2319; x_wconf 90' lang='lat' dir='ltr'>te</span> <span class='ocrx_word' id='word_1_176' title='bbox 655 2277 868 2331; x_wconf 79' lang='lat' dir='ltr'>separari:</span> <span class='ocrx_word' id='word_1_177' title='bbox 893 2281 999 2319; x_wconf 91' lang='lat' dir='ltr'>tem·</span> 
     </span>
     <span class='ocr_line' id='line_1_36' title="bbox 167 2333 998 2387; baseline -0.001 -12"><span class='ocrx_word' id='word_1_178' title='bbox 167 2347 251 2387; x_wconf 86' lang='lat' dir='ltr'>pus</span> <span class='ocrx_word' id='word_1_179' title='bbox 297 2340 365 2376; x_wconf 90' lang='lat' dir='ltr'>est</span> <span class='ocrx_word' id='word_1_180' title='bbox 409 2340 457 2376; x_wconf 88' lang='lat' dir='ltr'>ut</span> <span class='ocrx_word' id='word_1_181' title='bbox 498 2333 829 2377; x_wconf 79' lang='lat' dir='ltr'>commendetur</span> <span class='ocrx_word' id='word_1_182' title='bbox 868 2340 998 2377; x_wconf 88' lang='lat' dir='ltr'>terrae</span> 
     </span>
     <span class='ocr_line' id='line_1_37' title="bbox 169 2391 999 2443; baseline -0.001 -11"><span class='ocrx_word' id='word_1_183' title='bbox 169 2403 330 2443; x_wconf 92' lang='lat' dir='ltr'>corpus</span> <span class='ocrx_word' id='word_1_184' title='bbox 348 2404 513 2442; x_wconf 87' lang='lat' dir='ltr'>meum,</span> <span class='ocrx_word' id='word_1_185' title='bbox 542 2397 587 2433; x_wconf 91' lang='lat' dir='ltr'>et</span> <span class='ocrx_word' id='word_1_186' title='bbox 609 2404 680 2433; x_wconf 92' lang='lat' dir='ltr'>me</span> <span class='ocrx_word' id='word_1_187' title='bbox 705 2391 763 2432; x_wconf 89' lang='lat' dir='ltr'>ad</span> <span class='ocrx_word' id='word_1_188' title='bbox 786 2396 831 2433; x_wconf 92' lang='lat' dir='ltr'>te</span> <span class='ocrx_word' id='word_1_189' title='bbox 850 2393 999 2432; x_wconf 86' lang='lat' dir='ltr'>venire</span> 
     </span>
     <span class='ocr_line' id='line_1_38' title="bbox 166 2446 328 2499; baseline -0.006 -11"><span class='ocrx_word' id='word_1_190' title='bbox 166 2446 328 2499; x_wconf 76' lang='lat' dir='ltr'>jubeas.</span> 
     </span>
    </p>

    <p class='ocr_par' dir='ltr' id='par_1_5' title="bbox 168 2508 999 2672">
     <span class='ocr_line' id='line_1_39' title="bbox 224 2508 998 2561; baseline 0.005 -15"><span class='ocrx_word' id='word_1_191' title='bbox 224 2508 324 2548; x_wconf 86' lang='lat' dir='ltr'>Ant.</span> <span class='ocrx_word' id='word_1_192' title='bbox 358 2508 557 2550; x_wconf 77' lang='lat' dir='ltr'>Andreas</span> <span class='ocrx_word' id='word_1_193' title='bbox 580 2521 687 2551; x_wconf 90' lang='lat' dir='ltr'>vero</span> <span class='ocrx_word' id='word_1_194' title='bbox 711 2508 899 2560; x_wconf 82' lang='lat' dir='ltr'>rogabat</span> <span class='ocrx_word' id='word_1_195' title='bbox 920 2510 998 2561; x_wconf 92' lang='lat' dir='ltr'>po-</span> 
     </span>
     <span class='ocr_line' id='line_1_40' title="bbox 170 2563 999 2628; baseline 0 -23"><span class='ocrx_word' id='word_1_196' title='bbox 170 2563 340 2628; x_wconf 80' lang='lat' dir='ltr'>pulum,</span> <span class='ocrx_word' id='word_1_197' title='bbox 372 2569 421 2605; x_wconf 92' lang='lat' dir='ltr'>ut</span> <span class='ocrx_word' id='word_1_198' title='bbox 451 2577 538 2606; x_wconf 93' lang='lat' dir='ltr'>non</span> <span class='ocrx_word' id='word_1_199' title='bbox 570 2565 805 2618; x_wconf 91' lang='lat' dir='ltr'>impediret</span> <span class='ocrx_word' id='word_1_200' title='bbox 832 2565 999 2618; x_wconf 88' lang='lat' dir='ltr'>passio-</span> 
     </span>
     <span class='ocr_line' id='line_1_41' title="bbox 168 2622 438 2672; baseline 0 -11"><span class='ocrx_word' id='word_1_201' title='bbox 168 2633 269 2663; x_wconf 91' lang='lat' dir='ltr'>nem</span> <span class='ocrx_word' id='word_1_202' title='bbox 288 2622 438 2672; x_wconf 77' lang='lat' dir='ltr'>ipsius.</span> 
     </span>
    </p>

    <p class='ocr_par' dir='ltr' id='par_1_6' title="bbox 169 2681 1000 2790">
     <span class='ocr_line' id='line_1_42' title="bbox 226 2681 999 2733; baseline 0 -11"><span class='ocrx_word' id='word_1_203' title='bbox 226 2681 325 2723; x_wconf 86' lang='lat' dir='ltr'>Ant.</span> <span class='ocrx_word' id='word_1_204' title='bbox 362 2682 525 2733; x_wconf 86' lang='lat' dir='ltr'>Accipe</span> <span class='ocrx_word' id='word_1_205' title='bbox 552 2694 622 2723; x_wconf 92' lang='lat' dir='ltr'>me</span> <span class='ocrx_word' id='word_1_206' title='bbox 651 2682 706 2724; x_wconf 94' lang='lat' dir='ltr'>ab</span> <span class='ocrx_word' id='word_1_207' title='bbox 737 2681 999 2728; x_wconf 86' lang='lat' dir='ltr'>hominibus,</span> 
     </span>
     <span class='ocr_line' id='line_1_43' title="bbox 169 2737 1000 2790; baseline -0.002 -10"><span class='ocrx_word' id='word_1_208' title='bbox 169 2743 212 2780; x_wconf 89' lang='lat' dir='ltr'>et</span> <span class='ocrx_word' id='word_1_209' title='bbox 231 2737 369 2780; x_wconf 86' lang='lat' dir='ltr'>redde</span> <span class='ocrx_word' id='word_1_210' title='bbox 389 2750 459 2779; x_wconf 92' lang='lat' dir='ltr'>me</span> <span class='ocrx_word' id='word_1_211' title='bbox 479 2740 689 2788; x_wconf 85' lang='lat' dir='ltr'>magistro</span> <span class='ocrx_word' id='word_1_212' title='bbox 708 2751 826 2780; x_wconf 90' lang='lat' dir='ltr'>meo:</span> <span class='ocrx_word' id='word_1_213' title='bbox 852 2742 902 2779; x_wconf 87' lang='lat' dir='ltr'>ut</span> <span class='ocrx_word' id='word_1_214' title='bbox 919 2750 1000 2790; x_wconf 92' lang='lat' dir='ltr'>per</span> 
     </span>
    </p>
   </div>
   <div class='ocr_carea' id='block_1_5' title="bbox 629 197 1408 240">
    <p class='ocr_par' dir='ltr' id='par_1_7' title="bbox 629 197 1408 240">
     <span class='ocr_line' id='line_1_44' title="bbox 629 197 1408 240; baseline -0.004 -7"><span class='ocrx_word' id='word_1_215' title='bbox 629 199 700 233; x_wconf 83' lang='lat' dir='ltr'>Die</span> <span class='ocrx_word' id='word_1_216' title='bbox 725 199 784 232; x_wconf 77' lang='lat'>30.</span> <span class='ocrx_word' id='word_1_217' title='bbox 810 198 908 231; x_wconf 78' lang='lat' dir='ltr'>Nov.</span> <span class='ocrx_word' id='word_1_218' title='bbox 956 198 990 231; x_wconf 78' lang='lat' dir='ltr'>S.</span> <span class='ocrx_word' id='word_1_219' title='bbox 1019 197 1188 231; x_wconf 77' lang='lat' dir='ltr'>Andreae</span> <span class='ocrx_word' id='word_1_220' title='bbox 1212 197 1408 240; x_wconf 76' lang='lat' dir='ltr'>Apostoli.</span> 
     </span>
    </p>
   </div>
   <div class='ocr_carea' id='block_1_6' title="bbox 160 255 1883 384">
    <p class='ocr_par' dir='ltr' id='par_1_8' title="bbox 160 255 1883 384">
     <span class='ocr_line' id='line_1_45' title="bbox 160 255 1883 384; baseline -0.002 0"><span class='ocrx_word' id='word_1_221' title='bbox 160 261 161 384; x_wconf 95' lang='lat' dir='ltr'> </span> <span class='ocrx_word' id='word_1_222' title='bbox 1755 255 1883 381; x_wconf 95' lang='lat' dir='ltr'>  </span> 
     </span>
    </p>
   </div>
   <div class='ocr_carea' id='block_1_7' title="bbox 1044 292 1881 577">
    <p class='ocr_par' dir='ltr' id='par_1_9' title="bbox 1044 292 1879 404">
     <span class='ocr_line' id='line_1_46' title="bbox 1044 292 1879 349; baseline -0.004 -11"><span class='ocrx_word' id='word_1_223' title='bbox 1044 302 1088 338; x_wconf 92' lang='lat' dir='ltr'>te</span> <span class='ocrx_word' id='word_1_224' title='bbox 1107 309 1177 338; x_wconf 90' lang='lat' dir='ltr'>me</span> <span class='ocrx_word' id='word_1_225' title='bbox 1196 296 1397 349; x_wconf 86' lang='lat' dir='ltr'>recipiat,</span> <span class='ocrx_word' id='word_1_226' title='bbox 1427 296 1502 348; x_wconf 94' lang='lat' dir='ltr'>qui</span> <span class='ocrx_word' id='word_1_227' title='bbox 1526 308 1606 348; x_wconf 92' lang='lat' dir='ltr'>per</span> <span class='ocrx_word' id='word_1_228' title='bbox 1625 300 1670 337; x_wconf 92' lang='lat' dir='ltr'>te</span> <span class='ocrx_word' id='word_1_229' title='bbox 1689 307 1760 336; x_wconf 92' lang='lat' dir='ltr'>me</span> <span class='ocrx_word' id='word_1_230' title='bbox 1782 292 1879 335; x_wconf 92' lang='lat' dir='ltr'>red-</span> 
     </span>
     <span class='ocr_line' id='line_1_47' title="bbox 1046 353 1363 404; baseline -0.003 -10"><span class='ocrx_word' id='word_1_231' title='bbox 1046 353 1160 403; x_wconf 88' lang='lat' dir='ltr'>emit,</span> <span class='ocrx_word' id='word_1_232' title='bbox 1179 353 1363 404; x_wconf 73' lang='lat' dir='ltr'>allehiJa.</span> 
     </span>
    </p>

    <p class='ocr_par' dir='ltr' id='par_1_10' title="bbox 1045 406 1881 577">
     <span class='ocr_line' id='line_1_48' title="bbox 1100 406 1879 457; baseline -0.005 -6"><span class='ocrx_word' id='word_1_233' title='bbox 1100 406 1150 457; x_wconf 68' lang='lat' dir='ltr'>V.</span> <span class='ocrx_word' id='word_1_234' title='bbox 1190 410 1332 451; x_wconf 90' lang='lat' dir='ltr'>Nimis</span> <span class='ocrx_word' id='word_1_235' title='bbox 1369 408 1575 450; x_wconf 77' lang='lat' dir='ltr'>honorati</span> <span class='ocrx_word' id='word_1_236' title='bbox 1613 412 1714 449; x_wconf 92' lang='lat' dir='ltr'>sunt</span> <span class='ocrx_word' id='word_1_237' title='bbox 1751 407 1879 448; x_wconf 91' lang='lat' dir='ltr'>amici</span> 
     </span>
     <span class='ocr_line' id='line_1_49' title="bbox 1045 464 1881 520; baseline -0.006 -11"><span class='ocrx_word' id='word_1_238' title='bbox 1045 467 1108 508; x_wconf 91' lang='lat' dir='ltr'>tui</span> <span class='ocrx_word' id='word_1_239' title='bbox 1123 468 1257 509; x_wconf 90' lang='lat' dir='ltr'>Deus.</span> <span class='ocrx_word' id='word_1_240' title='bbox 1289 469 1340 520; x_wconf 70' lang='lat' dir='ltr'>R.</span> <span class='ocrx_word' id='word_1_241' title='bbox 1356 466 1498 507; x_wconf 92' lang='lat' dir='ltr'>Nimis</span> <span class='ocrx_word' id='word_1_242' title='bbox 1518 464 1796 506; x_wconf 79' lang='lat' dir='ltr'>confortatus</span> <span class='ocrx_word' id='word_1_243' title='bbox 1813 468 1881 505; x_wconf 90' lang='lat' dir='ltr'>est</span> 
     </span>
     <span class='ocr_line' id='line_1_50' title="bbox 1045 524 1506 577; baseline -0.004 -12"><span class='ocrx_word' id='word_1_244' title='bbox 1045 524 1320 577; x_wconf 79' lang='lat' dir='ltr'>principatus</span> <span class='ocrx_word' id='word_1_245' title='bbox 1340 525 1506 565; x_wconf 91' lang='lat' dir='ltr'>eorum.</span> 
     </span>
    </p>
   </div>
   <div class='ocr_carea' id='block_1_8' title="bbox 1055 597 1881 699">
    <p class='ocr_par' dir='ltr' id='par_1_11' title="bbox 1055 597 1881 699">
     <span class='ocr_line' id='line_1_51' title="bbox 1055 597 1881 651; baseline -0.005 -8"><span class='ocrx_word' id='word_1_246' title='bbox 1055 601 1212 643; x_wconf 78' lang='lat' dir='ltr'>Lectio</span> <span class='ocrx_word' id='word_1_247' title='bbox 1234 601 1375 642; x_wconf 89' lang='lat' dir='ltr'>sancti</span> <span class='ocrx_word' id='word_1_248' title='bbox 1388 599 1618 651; x_wconf 86' lang='lat' dir='ltr'>Evangelii</span> <span class='ocrx_word' id='word_1_249' title='bbox 1636 597 1881 640; x_wconf 78' lang='lat' dir='ltr'>secundum</span> 
     </span>
     <span class='ocr_line' id='line_1_52' title="bbox 1331 657 1603 699; baseline -0.007 0"><span class='ocrx_word' id='word_1_250' title='bbox 1331 657 1603 699; x_wconf 81' lang='lat' dir='ltr'>Matthaeum.</span> 
     </span>
    </p>
   </div>
   <div class='ocr_carea' id='block_1_9' title="bbox 1126 718 1803 770">
    <p class='ocr_par' dir='ltr' id='par_1_12' title="bbox 1126 718 1803 770">
     <span class='ocr_line' id='line_1_53' title="bbox 1126 718 1803 770; baseline -0.004 -10"><span class='ocrx_word' id='word_1_251' title='bbox 1126 720 1280 761; x_wconf 89' lang='lat' dir='ltr'>Lectio</span> <span class='ocrx_word' id='word_1_252' title='bbox 1301 719 1371 761; x_wconf 88' lang='lat' dir='ltr'>vii.</span> <span class='ocrx_word' id='word_1_253' title='bbox 1595 718 1699 770; x_wconf 91' lang='lat' dir='ltr'>Cap.</span> <span class='ocrx_word' id='word_1_254' title='bbox 1714 719 1752 758; x_wconf 87' lang='grc'>4.</span> <span class='ocrx_word' id='word_1_255' title='bbox 1769 730 1803 758; x_wconf 94' lang='lat' dir='ltr'>c.</span> 
     </span>
    </p>
   </div>
   <div class='ocr_carea' id='block_1_10' title="bbox 1046 776 1883 1059">
    <p class='ocr_par' dir='ltr' id='par_1_13' title="bbox 1046 776 1883 1059">
     <span class='ocr_line' id='line_1_54' title="bbox 1046 776 1883 882; baseline 0.001 -61"><span class='ocrx_word' id='word_1_256' title='bbox 1046 776 1122 882; x_wconf 89' lang='lat' dir='ltr'>In</span> <span class='ocrx_word' id='word_1_257' title='bbox 1147 780 1222 821; x_wconf 92' lang='lat' dir='ltr'>illo</span> <span class='ocrx_word' id='word_1_258' title='bbox 1246 782 1464 833; x_wconf 91' lang='lat' dir='ltr'>tempore:</span> <span class='ocrx_word' id='word_1_259' title='bbox 1489 779 1736 822; x_wconf 89' lang='lat' dir='ltr'>Ambulans</span> <span class='ocrx_word' id='word_1_260' title='bbox 1754 779 1883 822; x_wconf 90' lang='lat' dir='ltr'>Jesus</span> 
     </span>
     <span class='ocr_line' id='line_1_55' title="bbox 1114 836 1883 889; baseline 0 -11"><span class='ocrx_word' id='word_1_261' title='bbox 1114 838 1232 889; x_wconf 91' lang='lat' dir='ltr'>juxta</span> <span class='ocrx_word' id='word_1_262' title='bbox 1251 850 1372 878; x_wconf 89' lang='lat' dir='ltr'>mare</span> <span class='ocrx_word' id='word_1_263' title='bbox 1393 836 1607 887; x_wconf 80' lang='lat' dir='ltr'>Galilaeae,</span> <span class='ocrx_word' id='word_1_264' title='bbox 1634 836 1745 878; x_wconf 87' lang='lat' dir='ltr'>vidit</span> <span class='ocrx_word' id='word_1_265' title='bbox 1769 836 1883 878; x_wconf 90' lang='lat' dir='ltr'>duos</span> 
     </span>
     <span class='ocr_line' id='line_1_56' title="bbox 1048 893 1882 946; baseline 0 -12"><span class='ocrx_word' id='word_1_266' title='bbox 1048 893 1221 943; x_wconf 90' lang='lat' dir='ltr'>fratres,</span> <span class='ocrx_word' id='word_1_267' title='bbox 1241 893 1480 943; x_wconf 82' lang='lat' dir='ltr'>Simonem,</span> <span class='ocrx_word' id='word_1_268' title='bbox 1506 893 1581 946; x_wconf 91' lang='lat' dir='ltr'>qui</span> <span class='ocrx_word' id='word_1_269' title='bbox 1600 895 1786 935; x_wconf 78' lang='lat' dir='ltr'>vocatur</span> <span class='ocrx_word' id='word_1_270' title='bbox 1803 893 1882 935; x_wconf 91' lang='lat' dir='ltr'>Pe—</span> 
     </span>
     <span class='ocr_line' id='line_1_57' title="bbox 1050 949 1883 1001; baseline 0.001 -10"><span class='ocrx_word' id='word_1_271' title='bbox 1050 955 1155 1000; x_wconf 90' lang='lat' dir='ltr'>trus,</span> <span class='ocrx_word' id='word_1_272' title='bbox 1175 954 1218 991; x_wconf 92' lang='lat' dir='ltr'>et</span> <span class='ocrx_word' id='word_1_273' title='bbox 1234 949 1460 992; x_wconf 92' lang='lat' dir='ltr'>Andream</span> <span class='ocrx_word' id='word_1_274' title='bbox 1475 950 1656 992; x_wconf 90' lang='lat' dir='ltr'>fratrem</span> <span class='ocrx_word' id='word_1_275' title='bbox 1671 951 1774 1001; x_wconf 87' lang='lat' dir='ltr'>ejus,</span> <span class='ocrx_word' id='word_1_276' title='bbox 1788 950 1883 992; x_wconf 92' lang='lat' dir='ltr'>mit-</span> 
     </span>
     <span class='ocr_line' id='line_1_58' title="bbox 1048 1006 1806 1059; baseline -0.001 -11"><span class='ocrx_word' id='word_1_277' title='bbox 1048 1009 1193 1049; x_wconf 87' lang='lat' dir='ltr'>tentes</span> <span class='ocrx_word' id='word_1_278' title='bbox 1212 1011 1306 1048; x_wconf 91' lang='lat' dir='ltr'>rete</span> <span class='ocrx_word' id='word_1_279' title='bbox 1325 1006 1369 1048; x_wconf 91' lang='lat' dir='ltr'>in</span> <span class='ocrx_word' id='word_1_280' title='bbox 1389 1019 1521 1048; x_wconf 90' lang='lat' dir='ltr'>mare.</span> <span class='ocrx_word' id='word_1_281' title='bbox 1548 1006 1606 1048; x_wconf 89' lang='lat' dir='ltr'>Et</span> <span class='ocrx_word' id='word_1_282' title='bbox 1624 1006 1806 1059; x_wconf 91' lang='lat' dir='ltr'>reliqua.</span> 
     </span>
    </p>
   </div>
   <div class='ocr_carea' id='block_1_11' title="bbox 1050 1075 1889 2786">
    <p class='ocr_par' dir='ltr' id='par_1_14' title="bbox 1099 1075 1841 1186">
     <span class='ocr_line' id='line_1_59' title="bbox 1099 1075 1841 1130; baseline 0.001 -13"><span class='ocrx_word' id='word_1_283' title='bbox 1099 1076 1289 1118; x_wconf 91' lang='lat' dir='ltr'>Homilia</span> <span class='ocrx_word' id='word_1_284' title='bbox 1310 1076 1450 1118; x_wconf 90' lang='lat' dir='ltr'>sancti</span> <span class='ocrx_word' id='word_1_285' title='bbox 1470 1075 1675 1128; x_wconf 89' lang='lat' dir='ltr'>Gregorii</span> <span class='ocrx_word' id='word_1_286' title='bbox 1693 1077 1841 1130; x_wconf 86' lang='lat' dir='ltr'>Papae.</span> 
     </span>
     <span class='ocr_line' id='line_1_60' title="bbox 1204 1135 1727 1186; baseline -0.002 -15"><span class='ocrx_word' id='word_1_287' title='bbox 1204 1137 1377 1186; x_wconf 83' lang='lat' dir='ltr'>Homilia</span> <span class='ocrx_word' id='word_1_288' title='bbox 1393 1137 1424 1171; x_wconf 79' lang='lat'>5.</span> <span class='ocrx_word' id='word_1_289' title='bbox 1445 1137 1484 1171; x_wconf 89' lang='lat' dir='ltr'>in</span> <span class='ocrx_word' id='word_1_290' title='bbox 1500 1135 1727 1179; x_wconf 83' lang='lat' dir='ltr'>Evangelia.</span> 
     </span>
    </p>

    <p class='ocr_par' dir='ltr' id='par_1_15' title="bbox 1050 1189 1889 1984">
     <span class='ocr_line' id='line_1_61' title="bbox 1055 1189 1886 1242; baseline -0.002 -10"><span class='ocrx_word' id='word_1_291' title='bbox 1055 1197 1118 1231; x_wconf 58' lang='lat' dir='ltr'>&#39;Q</span> <span class='ocrx_word' id='word_1_292' title='bbox 1138 1197 1186 1242; x_wconf 52' lang='lat' dir='ltr'>²253?ss</span> <span class='ocrx_word' id='word_1_293' title='bbox 1203 1190 1370 1240; x_wconf 90' lang='lat' dir='ltr'>udistis,</span> <span class='ocrx_word' id='word_1_294' title='bbox 1379 1190 1538 1232; x_wconf 90' lang='lat' dir='ltr'>fratres</span> <span class='ocrx_word' id='word_1_295' title='bbox 1547 1189 1771 1239; x_wconf 84' lang='lat' dir='ltr'>carissimi,</span> <span class='ocrx_word' id='word_1_296' title='bbox 1782 1190 1886 1242; x_wconf 88' lang='lat' dir='ltr'>quia</span> 
     </span>
     <span class='ocr_line' id='line_1_62' title="bbox 1055 1241 1886 1313; baseline 0.004 -28"><span class='ocrx_word' id='word_1_297' title='bbox 1055 1241 1189 1313; x_wconf 40' lang='lat' dir='ltr'>&#39;lj‘ssv</span> <span class='ocrx_word' id='word_1_298' title='bbox 1221 1247 1278 1289; x_wconf 89' lang='lat' dir='ltr'>ad</span> <span class='ocrx_word' id='word_1_299' title='bbox 1319 1250 1448 1288; x_wconf 88' lang='lat' dir='ltr'>unius</span> <span class='ocrx_word' id='word_1_300' title='bbox 1487 1247 1692 1300; x_wconf 89' lang='lat' dir='ltr'>jussionis</span> <span class='ocrx_word' id='word_1_301' title='bbox 1728 1259 1886 1288; x_wconf 88' lang='lat' dir='ltr'>vocem</span> 
     </span>
     <span class='ocr_line' id='line_1_63' title="bbox 1108 1298 1886 1346; baseline -0.003 -0.053"><span class='ocrx_word' id='word_1_302' title='bbox 1089 1298 1169 1321; x_wconf 57' lang='grc'>“</span> <span class='ocrx_word' id='word_1_303' title='bbox 1220 1305 1378 1346; x_wconf 91' lang='lat' dir='ltr'>Petrus</span> <span class='ocrx_word' id='word_1_304' title='bbox 1412 1309 1456 1346; x_wconf 90' lang='lat' dir='ltr'>et</span> <span class='ocrx_word' id='word_1_305' title='bbox 1484 1303 1688 1345; x_wconf 87' lang='lat' dir='ltr'>Andreas</span> <span class='ocrx_word' id='word_1_306' title='bbox 1720 1303 1886 1345; x_wconf 84' lang='lat' dir='ltr'>relictis</span> 
     </span>
     <span class='ocr_line' id='line_1_64' title="bbox 1051 1360 1886 1414; baseline -0.002 -11"><span class='ocrx_word' id='word_1_307' title='bbox 1051 1362 1218 1405; x_wconf 91' lang='lat' dir='ltr'>retibus</span> <span class='ocrx_word' id='word_1_308' title='bbox 1239 1361 1381 1403; x_wconf 79' lang='lat' dir='ltr'>secuti</span> <span class='ocrx_word' id='word_1_309' title='bbox 1404 1365 1506 1402; x_wconf 90' lang='lat' dir='ltr'>sunt</span> <span class='ocrx_word' id='word_1_310' title='bbox 1525 1360 1886 1414; x_wconf 89' lang='lat' dir='ltr'>Redemptorem.</span> 
     </span>
     <span class='ocr_line' id='line_1_65' title="bbox 1050 1417 1885 1461; baseline -0.004 0"><span class='ocrx_word' id='word_1_311' title='bbox 1050 1419 1183 1461; x_wconf 91' lang='lat' dir='ltr'>Nulla</span> <span class='ocrx_word' id='word_1_312' title='bbox 1202 1431 1308 1460; x_wconf 91' lang='lat' dir='ltr'>vero</span> <span class='ocrx_word' id='word_1_313' title='bbox 1333 1417 1449 1459; x_wconf 90' lang='lat' dir='ltr'>hunc</span> <span class='ocrx_word' id='word_1_314' title='bbox 1473 1418 1618 1459; x_wconf 78' lang='lat' dir='ltr'>facere</span> <span class='ocrx_word' id='word_1_315' title='bbox 1640 1417 1787 1459; x_wconf 89' lang='lat' dir='ltr'>adhuc</span> <span class='ocrx_word' id='word_1_316' title='bbox 1809 1417 1885 1458; x_wconf 92' lang='lat' dir='ltr'>mi-</span> 
     </span>
     <span class='ocr_line' id='line_1_66' title="bbox 1051 1473 1886 1525; baseline -0.002 -7"><span class='ocrx_word' id='word_1_317' title='bbox 1051 1475 1203 1518; x_wconf 64' lang='lat' dir='ltr'>reicula</span> <span class='ocrx_word' id='word_1_318' title='bbox 1234 1474 1454 1525; x_wconf 82' lang='lat' dir='ltr'>viderant3</span> <span class='ocrx_word' id='word_1_319' title='bbox 1499 1474 1607 1515; x_wconf 91' lang='lat' dir='ltr'>nihil</span> <span class='ocrx_word' id='word_1_320' title='bbox 1643 1474 1700 1516; x_wconf 94' lang='lat' dir='ltr'>ab</span> <span class='ocrx_word' id='word_1_321' title='bbox 1738 1486 1792 1516; x_wconf 91' lang='lat' dir='ltr'>eo</span> <span class='ocrx_word' id='word_1_322' title='bbox 1829 1473 1886 1516; x_wconf 91' lang='lat' dir='ltr'>de</span> 
     </span>
     <span class='ocr_line' id='line_1_67' title="bbox 1051 1530 1886 1586; baseline -0.004 -12"><span class='ocrx_word' id='word_1_323' title='bbox 1051 1533 1237 1586; x_wconf 79' lang='lat' dir='ltr'>praemio</span> <span class='ocrx_word' id='word_1_324' title='bbox 1270 1533 1450 1573; x_wconf 83' lang='lat' dir='ltr'>aeternae</span> <span class='ocrx_word' id='word_1_325' title='bbox 1480 1530 1781 1573; x_wconf 82' lang='lat' dir='ltr'>retributionis</span> <span class='ocrx_word' id='word_1_326' title='bbox 1814 1543 1886 1572; x_wconf 93' lang='lat' dir='ltr'>au-</span> 
     </span>
     <span class='ocr_line' id='line_1_68' title="bbox 1052 1587 1887 1632; baseline -0.005 0"><span class='ocrx_word' id='word_1_327' title='bbox 1052 1590 1237 1632; x_wconf 87' lang='lat' dir='ltr'>dierant:</span> <span class='ocrx_word' id='word_1_328' title='bbox 1257 1594 1300 1631; x_wconf 89' lang='lat' dir='ltr'>et</span> <span class='ocrx_word' id='word_1_329' title='bbox 1318 1594 1467 1631; x_wconf 90' lang='lat' dir='ltr'>tamen</span> <span class='ocrx_word' id='word_1_330' title='bbox 1486 1587 1543 1630; x_wconf 88' lang='lat' dir='ltr'>ad</span> <span class='ocrx_word' id='word_1_331' title='bbox 1558 1601 1692 1630; x_wconf 93' lang='lat' dir='ltr'>unum</span> <span class='ocrx_word' id='word_1_332' title='bbox 1706 1587 1887 1629; x_wconf 90' lang='lat' dir='ltr'>Domini</span> 
     </span>
     <span class='ocr_line' id='line_1_69' title="bbox 1051 1643 1886 1701; baseline -0.004 -12"><span class='ocrx_word' id='word_1_333' title='bbox 1051 1649 1346 1701; x_wconf 82' lang='lat' dir='ltr'>praeceptum,</span> <span class='ocrx_word' id='word_1_334' title='bbox 1378 1644 1465 1687; x_wconf 90' lang='lat' dir='ltr'>hoc</span> <span class='ocrx_word' id='word_1_335' title='bbox 1499 1643 1621 1697; x_wconf 94' lang='lat' dir='ltr'>quod</span> <span class='ocrx_word' id='word_1_336' title='bbox 1652 1643 1886 1698; x_wconf 90' lang='lat' dir='ltr'>possidere</span> 
     </span>
     <span class='ocr_line' id='line_1_70' title="bbox 1051 1702 1888 1754; baseline -0.004 -8"><span class='ocrx_word' id='word_1_337' title='bbox 1051 1703 1326 1754; x_wconf 64' lang='lat' dir='ltr'>videbantur,</span> <span class='ocrx_word' id='word_1_338' title='bbox 1341 1702 1467 1744; x_wconf 88' lang='lat' dir='ltr'>obliti</span> <span class='ocrx_word' id='word_1_339' title='bbox 1482 1707 1593 1744; x_wconf 90' lang='lat' dir='ltr'>sunt.</span> <span class='ocrx_word' id='word_1_340' title='bbox 1617 1702 1791 1752; x_wconf 89' lang='lat' dir='ltr'>Quanta</span> <span class='ocrx_word' id='word_1_341' title='bbox 1804 1713 1888 1743; x_wconf 89' lang='lat' dir='ltr'>nos</span> 
     </span>
     <span class='ocr_line' id='line_1_71' title="bbox 1052 1758 1887 1814; baseline -0.004 -11"><span class='ocrx_word' id='word_1_342' title='bbox 1052 1762 1143 1814; x_wconf 87' lang='lat' dir='ltr'>ejus</span> <span class='ocrx_word' id='word_1_343' title='bbox 1176 1760 1388 1802; x_wconf 75' lang='lat' dir='ltr'>miracula</span> <span class='ocrx_word' id='word_1_344' title='bbox 1417 1758 1636 1810; x_wconf 91' lang='lat' dir='ltr'>videmus,</span> <span class='ocrx_word' id='word_1_345' title='bbox 1675 1763 1785 1811; x_wconf 92' lang='lat' dir='ltr'>quot</span> <span class='ocrx_word' id='word_1_346' title='bbox 1812 1758 1887 1800; x_wconf 87' lang='lat' dir='ltr'>fla-</span> 
     </span>
     <span class='ocr_line' id='line_1_72' title="bbox 1051 1816 1888 1869; baseline -0.004 -10"><span class='ocrx_word' id='word_1_347' title='bbox 1051 1817 1178 1869; x_wconf 88' lang='lat' dir='ltr'>gellis</span> <span class='ocrx_word' id='word_1_348' title='bbox 1198 1817 1449 1868; x_wconf 85' lang='lat' dir='ltr'>affligimur,</span> <span class='ocrx_word' id='word_1_349' title='bbox 1475 1816 1652 1869; x_wconf 85' lang='lat' dir='ltr'>quantis</span> <span class='ocrx_word' id='word_1_350' title='bbox 1670 1816 1888 1857; x_wconf 76' lang='lat' dir='ltr'>minarum</span> 
     </span>
     <span class='ocr_line' id='line_1_73' title="bbox 1052 1873 1889 1927; baseline -0.004 -11"><span class='ocrx_word' id='word_1_351' title='bbox 1052 1874 1366 1927; x_wconf 79' lang='lat' dir='ltr'>asperitatibus</span> <span class='ocrx_word' id='word_1_352' title='bbox 1382 1873 1667 1924; x_wconf 89' lang='lat' dir='ltr'>deterremur,</span> <span class='ocrx_word' id='word_1_353' title='bbox 1682 1877 1727 1915; x_wconf 90' lang='lat' dir='ltr'>et</span> <span class='ocrx_word' id='word_1_354' title='bbox 1741 1877 1889 1914; x_wconf 89' lang='lat' dir='ltr'>tamen</span> 
     </span>
     <span class='ocr_line' id='line_1_74' title="bbox 1052 1927 1800 1984; baseline -0.004 -11"><span class='ocrx_word' id='word_1_355' title='bbox 1052 1933 1287 1973; x_wconf 73' lang='lat' dir='ltr'>vocantem</span> <span class='ocrx_word' id='word_1_356' title='bbox 1308 1931 1434 1984; x_wconf 91' lang='lat' dir='ltr'>sequi</span> <span class='ocrx_word' id='word_1_357' title='bbox 1454 1927 1800 1973; x_wconf 86' lang='lat' dir='ltr'>contemnimus?</span> 
     </span>
    </p>

    <p class='ocr_par' dir='ltr' id='par_1_16' title="bbox 1051 1985 1889 2546">
     <span class='ocr_line' id='line_1_75' title="bbox 1107 1985 1889 2044; baseline -0.005 -13"><span class='ocrx_word' id='word_1_358' title='bbox 1107 1993 1158 2044; x_wconf 73' lang='lat' dir='ltr'>R.</span> <span class='ocrx_word' id='word_1_359' title='bbox 1176 1988 1332 2030; x_wconf 82' lang='lat' dir='ltr'>Oravit</span> <span class='ocrx_word' id='word_1_360' title='bbox 1351 1993 1529 2030; x_wconf 88' lang='lat' dir='ltr'>sanctus</span> <span class='ocrx_word' id='word_1_361' title='bbox 1549 1985 1764 2037; x_wconf 88' lang='lat' dir='ltr'>Andreas,</span> <span class='ocrx_word' id='word_1_362' title='bbox 1783 1985 1889 2028; x_wconf 92' lang='lat' dir='ltr'>dum</span> 
     </span>
     <span class='ocr_line' id='line_1_76' title="bbox 1052 2044 1887 2098; baseline -0.004 -12"><span class='ocrx_word' id='word_1_363' title='bbox 1052 2047 1295 2098; x_wconf 90' lang='lat' dir='ltr'>respiceret</span> <span class='ocrx_word' id='word_1_364' title='bbox 1321 2045 1366 2086; x_wconf 89' lang='lat' dir='ltr'>in</span> <span class='ocrx_word' id='word_1_365' title='bbox 1391 2044 1569 2095; x_wconf 88' lang='lat' dir='ltr'>coelum,</span> <span class='ocrx_word' id='word_1_366' title='bbox 1599 2048 1643 2086; x_wconf 93' lang='lat' dir='ltr'>et</span> <span class='ocrx_word' id='word_1_367' title='bbox 1666 2055 1777 2085; x_wconf 89' lang='lat' dir='ltr'>voce</span> <span class='ocrx_word' id='word_1_368' title='bbox 1799 2055 1887 2084; x_wconf 92' lang='lat' dir='ltr'>ma-</span> 
     </span>
     <span class='ocr_line' id='line_1_77' title="bbox 1051 2099 1888 2154; baseline -0.005 -10"><span class='ocrx_word' id='word_1_369' title='bbox 1051 2115 1138 2154; x_wconf 89' lang='lat' dir='ltr'>gna</span> <span class='ocrx_word' id='word_1_370' title='bbox 1162 2102 1368 2144; x_wconf 81' lang='lat' dir='ltr'>clamavit</span> <span class='ocrx_word' id='word_1_371' title='bbox 1393 2107 1436 2144; x_wconf 90' lang='lat' dir='ltr'>et</span> <span class='ocrx_word' id='word_1_372' title='bbox 1459 2101 1586 2144; x_wconf 84' lang='lat' dir='ltr'>dixit:</span> <span class='ocrx_word' id='word_1_373' title='bbox 1611 2101 1680 2143; x_wconf 91' lang='lat' dir='ltr'>Tu</span> <span class='ocrx_word' id='word_1_374' title='bbox 1698 2113 1746 2142; x_wconf 90' lang='lat' dir='ltr'>es</span> <span class='ocrx_word' id='word_1_375' title='bbox 1765 2099 1888 2141; x_wconf 94' lang='lat' dir='ltr'>Deus</span> 
     </span>
     <span class='ocr_line' id='line_1_78' title="bbox 1051 2155 1889 2212; baseline -0.005 -12"><span class='ocrx_word' id='word_1_376' title='bbox 1051 2171 1194 2209; x_wconf 90' lang='lat' dir='ltr'>meus,</span> <span class='ocrx_word' id='word_1_377' title='bbox 1226 2172 1357 2212; x_wconf 89' lang='lat' dir='ltr'>quem</span> <span class='ocrx_word' id='word_1_378' title='bbox 1385 2158 1491 2200; x_wconf 90' lang='lat' dir='ltr'>vidi:</span> <span class='ocrx_word' id='word_1_379' title='bbox 1523 2171 1579 2200; x_wconf 92' lang='lat' dir='ltr'>ne</span> <span class='ocrx_word' id='word_1_380' title='bbox 1607 2170 1678 2199; x_wconf 92' lang='lat' dir='ltr'>me</span> <span class='ocrx_word' id='word_1_381' title='bbox 1704 2155 1889 2209; x_wconf 75' lang='lat' dir='ltr'>patiaris</span> 
     </span>
     <span class='ocr_line' id='line_1_79' title="bbox 1053 2211 1888 2269; baseline -0.006 -12"><span class='ocrx_word' id='word_1_382' title='bbox 1053 2215 1109 2258; x_wconf 90' lang='lat' dir='ltr'>ab</span> <span class='ocrx_word' id='word_1_383' title='bbox 1147 2216 1283 2269; x_wconf 89' lang='lat' dir='ltr'>impio</span> <span class='ocrx_word' id='word_1_384' title='bbox 1321 2215 1465 2268; x_wconf 78' lang='lat' dir='ltr'>judice</span> <span class='ocrx_word' id='word_1_385' title='bbox 1503 2214 1685 2268; x_wconf 84' lang='lat' dir='ltr'>deponi:</span> <span class='ocrx_word' id='word_1_386' title='bbox 1720 2214 1744 2239; x_wconf 85' lang='grc'>*</span> <span class='ocrx_word' id='word_1_387' title='bbox 1776 2211 1888 2262; x_wconf 91' lang='lat' dir='ltr'>Quia</span> 
     </span>
     <span class='ocr_line' id='line_1_80' title="bbox 1052 2269 1887 2321; baseline -0.006 -7"><span class='ocrx_word' id='word_1_388' title='bbox 1052 2272 1262 2314; x_wconf 78' lang='lat' dir='ltr'>virtutem</span> <span class='ocrx_word' id='word_1_389' title='bbox 1312 2277 1478 2314; x_wconf 79' lang='lat' dir='ltr'>sanctae</span> <span class='ocrx_word' id='word_1_390' title='bbox 1528 2271 1672 2314; x_wconf 89' lang='lat' dir='ltr'>crucis</span> <span class='ocrx_word' id='word_1_391' title='bbox 1716 2269 1887 2321; x_wconf 87' lang='lat' dir='ltr'>agnovi.</span> 
     </span>
     <span class='ocr_line' id='line_1_81' title="bbox 1058 2325 1887 2382; baseline -0.006 -12"><span class='ocrx_word' id='word_1_392' title='bbox 1058 2325 1108 2377; x_wconf 71' lang='lat' dir='ltr'>V.</span> <span class='ocrx_word' id='word_1_393' title='bbox 1128 2329 1198 2370; x_wconf 95' lang='lat' dir='ltr'>Tu</span> <span class='ocrx_word' id='word_1_394' title='bbox 1222 2342 1269 2371; x_wconf 92' lang='lat' dir='ltr'>es</span> <span class='ocrx_word' id='word_1_395' title='bbox 1293 2331 1504 2382; x_wconf 85' lang='lat' dir='ltr'>magister</span> <span class='ocrx_word' id='word_1_396' title='bbox 1528 2340 1653 2370; x_wconf 90' lang='lat' dir='ltr'>meus</span> <span class='ocrx_word' id='word_1_397' title='bbox 1673 2325 1887 2375; x_wconf 85' lang='lat' dir='ltr'>Christus,</span> 
     </span>
     <span class='ocr_line' id='line_1_82' title="bbox 1055 2382 1888 2438; baseline -0.006 -11"><span class='ocrx_word' id='word_1_398' title='bbox 1055 2398 1186 2438; x_wconf 91' lang='lat' dir='ltr'>quem</span> <span class='ocrx_word' id='word_1_399' title='bbox 1207 2385 1355 2436; x_wconf 79' lang='lat' dir='ltr'>dilexi,</span> <span class='ocrx_word' id='word_1_400' title='bbox 1376 2398 1508 2438; x_wconf 91' lang='lat' dir='ltr'>quem</span> <span class='ocrx_word' id='word_1_401' title='bbox 1527 2382 1730 2436; x_wconf 86' lang='lat' dir='ltr'>cognovi,</span> <span class='ocrx_word' id='word_1_402' title='bbox 1756 2394 1888 2434; x_wconf 89' lang='lat' dir='ltr'>quem</span> 
     </span>
     <span class='ocr_line' id='line_1_83' title="bbox 1052 2437 1887 2483; baseline -0.006 0"><span class='ocrx_word' id='word_1_403' title='bbox 1052 2442 1282 2483; x_wconf 84' lang='lat' dir='ltr'>confessus</span> <span class='ocrx_word' id='word_1_404' title='bbox 1328 2455 1439 2483; x_wconf 91' lang='lat' dir='ltr'>sum:</span> <span class='ocrx_word' id='word_1_405' title='bbox 1488 2437 1798 2482; x_wconf 72' lang='lat' dir='ltr'>tantummodo</span> <span class='ocrx_word' id='word_1_406' title='bbox 1842 2438 1887 2478; x_wconf 91' lang='lat' dir='ltr'>in</span> 
     </span>
     <span class='ocr_line' id='line_1_84' title="bbox 1052 2496 1698 2546; baseline -0.005 -7"><span class='ocrx_word' id='word_1_407' title='bbox 1052 2498 1137 2540; x_wconf 87' lang='lat' dir='ltr'>ista</span> <span class='ocrx_word' id='word_1_408' title='bbox 1155 2511 1266 2540; x_wconf 88' lang='lat' dir='ltr'>voce</span> <span class='ocrx_word' id='word_1_409' title='bbox 1285 2497 1446 2540; x_wconf 81' lang='lat' dir='ltr'>exaudi</span> <span class='ocrx_word' id='word_1_410' title='bbox 1464 2509 1546 2538; x_wconf 90' lang='lat' dir='ltr'>me.</span> <span class='ocrx_word' id='word_1_411' title='bbox 1574 2496 1698 2546; x_wconf 84' lang='lat' dir='ltr'>Quia.</span> 
     </span>
    </p>

    <p class='ocr_par' dir='ltr' id='par_1_17' title="bbox 1053 2560 1887 2786">
     <span class='ocr_line' id='line_1_85' title="bbox 1342 2560 1600 2603; baseline -0.012 0"><span class='ocrx_word' id='word_1_412' title='bbox 1342 2561 1494 2603; x_wconf 87' lang='lat' dir='ltr'>Lectio</span> <span class='ocrx_word' id='word_1_413' title='bbox 1516 2560 1600 2601; x_wconf 83' lang='lat' dir='ltr'>viii.</span> 
     </span>
     <span class='ocr_line' id='line_1_86' title="bbox 1058 2616 1886 2721; baseline -0.002 -57"><span class='ocrx_word' id='word_1_414' title='bbox 1058 2616 1129 2721; x_wconf 89' lang='lat' dir='ltr'>In</span> <span class='ocrx_word' id='word_1_415' title='bbox 1149 2622 1276 2666; x_wconf 82' lang='lat' dir='ltr'>coelo&#39;</span> <span class='ocrx_word' id='word_1_416' title='bbox 1283 2623 1370 2675; x_wconf 90' lang='lat' dir='ltr'>jam</span> <span class='ocrx_word' id='word_1_417' title='bbox 1388 2621 1525 2672; x_wconf 89' lang='lat' dir='ltr'>sedet,</span> <span class='ocrx_word' id='word_1_418' title='bbox 1546 2621 1621 2674; x_wconf 92' lang='lat' dir='ltr'>qui</span> <span class='ocrx_word' id='word_1_419' title='bbox 1635 2621 1691 2663; x_wconf 93' lang='lat' dir='ltr'>de</span> <span class='ocrx_word' id='word_1_420' title='bbox 1707 2633 1886 2663; x_wconf 87' lang='lat' dir='ltr'>conver-</span> 
     </span>
     <span class='ocr_line' id='line_1_87' title="bbox 1115 2677 1886 2730; baseline -0.006 -7"><span class='ocrx_word' id='word_1_421' title='bbox 1115 2682 1239 2723; x_wconf 91' lang='lat' dir='ltr'>sione</span> <span class='ocrx_word' id='word_1_422' title='bbox 1261 2692 1343 2721; x_wconf 91' lang='lat' dir='ltr'>nos</span> <span class='ocrx_word' id='word_1_423' title='bbox 1363 2678 1588 2720; x_wconf 64' lang='lat' dir='ltr'>Admonet:</span> <span class='ocrx_word' id='word_1_424' title='bbox 1614 2679 1700 2730; x_wconf 90' lang='lat' dir='ltr'>jam</span> <span class='ocrx_word' id='word_1_425' title='bbox 1718 2679 1819 2730; x_wconf 89' lang='lat' dir='ltr'>jugo</span> <span class='ocrx_word' id='word_1_426' title='bbox 1838 2677 1886 2718; x_wconf 90' lang='lat' dir='ltr'>fi-</span> 
     </span>
     <span class='ocr_line' id='line_1_88' title="bbox 1053 2733 1887 2786; baseline -0.005 -7"><span class='ocrx_word' id='word_1_427' title='bbox 1053 2737 1125 2779; x_wconf 90' lang='lat' dir='ltr'>dei</span> <span class='ocrx_word' id='word_1_428' title='bbox 1162 2736 1276 2779; x_wconf 88' lang='lat' dir='ltr'>colla</span> <span class='ocrx_word' id='word_1_429' title='bbox 1305 2735 1514 2777; x_wconf 90' lang='lat' dir='ltr'>Gentium</span> <span class='ocrx_word' id='word_1_430' title='bbox 1548 2733 1765 2784; x_wconf 81' lang='lat' dir='ltr'>subdidit,</span> <span class='ocrx_word' id='word_1_431' title='bbox 1801 2734 1887 2786; x_wconf 86' lang='lat' dir='ltr'>jam</span> 
     </span>
    </p>
   </div>
   <div class='ocr_carea' id='block_1_12' title="bbox 1047 1194 1202 1334">
    <p class='ocr_par' dir='ltr' id='par_1_18' title="bbox 1047 1194 1202 1334">
     <span class='ocr_line' id='line_1_89' title="bbox 1047 1194 1202 1334; baseline 0.032 -58"><span class='ocrx_word' id='word_1_432' title='bbox 1047 1194 1202 1334; x_wconf 95' lang='lat' dir='ltr'>    </span> 
     </span>
    </p>
   </div>
  </div>
 </body>
</html>
