2040 2944
362 153 433 215 Die
461 181 512 214 18.
538 181 635 214 Now
683 180 725 213 In
750 179 883 213 Dedic.
905 178 1023 212 Basil.
1049 178 1105 212 Ss.
1130 180 1267 222 Apost.
1293 178 1394 212 Petri
1424 183 1459 211 ct
1484 178 1604 211 l'auli.

127 282 274 322 ratore
305 276 737 328 magnificentissime
770 274 958 317 aedifica-

126 341 217 378 tam
232 333 463 377 dedicavit.
487 334 606 383 Quas
621 331 826 374 basilicas
840 330 959 372 idem

126 393 370 445 imperator
394 389 543 431 multis
568 388 749 442 praediis
775 387 957 430 attribu-

126 449 184 491 tis
201 446 499 500 locupletavit,
524 458 575 487 ac
597 444 852 486 muneribus
871 457 959 485 am-

127 504 336 558 plissimis
356 502 596 545 exornavit.

185 575 236 626 R.
251 575 289 616 Ο
315 587 446 627 quam
468 572 730 615 metuendus
751 576 818 613 est
836 571 960 612 locus

128 631 230 674 iste:
258 631 279 655 *
296 631 414 673 Vere
433 643 522 672 non
546 634 614 671 est
631 629 703 670 hic
723 626 853 678 aliud,
876 627 961 668 nisi

130 688 287 730 domus
306 687 400 737 Dei,
426 692 470 729 et
486 690 617 739 porta
635 685 748 727 coeli.
783 678 832 729 V.
849 684 960 725 Haec

130 750 198 787 est
225 745 382 786 domus
410 743 589 784 Domini
616 742 798 783 firmiter
826 739 959 782 aedifi—

130 804 243 852 cata,
274 801 387 843 bene
419 798 602 841 fundata
633 804 700 840 est
728 810 862 851 supra
890 797 958 837 fir-

130 871 247 900 mam
265 862 450 910 petram.
478 856 607 898 Vere.

434 931 586 973 Lectio
606 931 660 971 vi.

215 1018 317 1048 orro
342 1004 604 1046 Vaticanam
635 1004 863 1046 basilicam
891 1016 960 1045 ve-

250 1065 415 1105 tustate
447 1061 707 1115 jampridem
744 1060 961 1103 collaben-

130 1118 232 1169 tem,
257 1132 309 1161 ac
331 1120 571 1172 propterea
594 1118 834 1159 multorum
853 1118 964 1159 Pon-

131 1174 298 1218 tificum
327 1176 495 1228 pietate
522 1174 654 1216 latius
687 1187 738 1215 ac
769 1173 964 1225 magnifi—

133 1233 302 1274 centius
348 1245 372 1274 a
416 1231 711 1273 fundamentis
761 1232 964 1280 erectam,

131 1289 336 1331 Urbanus
373 1291 558 1331 octavus
592 1287 676 1329 hac
709 1286 865 1330 eadem
900 1299 964 1328 re-

133 1347 334 1388 currente
371 1344 442 1387 die
479 1345 581 1386 anni
618 1344 837 1386 millesimi
870 1357 963 1386 sex-

133 1402 359 1444 centesimi
388 1401 587 1453 vigesimi
617 1401 748 1451 sexti,
781 1401 966 1443 solemni

132 1459 220 1500 ritu
252 1458 540 1501 consecravit.
585 1457 823 1500 Basilicam
858 1470 965 1499 vero

134 1515 394 1565 Ostiensem,
413 1528 547 1568 quum
566 1513 662 1556 dira
680 1514 871 1556 incendii
888 1514 966 1564 vis,

133 1583 246 1613 anno
269 1571 501 1613 millesimo
522 1571 885 1622 octingentesimo
907 1571 965 1611 vi-

133 1628 302 1679 gesimo
326 1628 458 1670 tertio
477 1628 652 1681 penitus
672 1630 965 1681 consumpsis-

135 1688 214 1734 set,
239 1684 461 1726 indefessa
489 1686 678 1738 quatuor
700 1685 967 1726 Pontificum

135 1753 242 1782 cura
267 1740 541 1794 splendidius
567 1753 698 1793 quam
724 1743 853 1783 antea
877 1743 965 1783 ere-

136 1801 263 1846 ctam,
287 1802 332 1838 et
351 1796 406 1839 ab
425 1797 604 1839 interitu
622 1797 758 1839 veluti
776 1797 966 1839 vindica—

134 1857 241 1903 tam,
268 1854 374 1895 Pius
401 1866 542 1895 nonus
570 1854 967 1906 auspicatissimam

134 1915 291 1952 nactus
316 1910 595 1952 occasionem
619 1923 706 1963 qua
731 1910 891 1962 dogma
911 1910 966 1952 de

134 1966 423 2009 Immaculata
440 1966 586 2009 beatae
606 1967 757 2009 Mariae
771 1967 968 2019 Virginis

137 2023 439 2076 Conceptione
457 2036 598 2077 nuper
614 2023 669 2066 ab
683 2024 784 2077 ipso
799 2023 968 2077 procla-

135 2082 320 2130 matum,
352 2081 574 2132 ingentem
605 2080 892 2123 cardinalium
925 2086 969 2123 et

137 2137 450 2189 episcoporum
473 2139 703 2179 numerum
729 2150 784 2179 ex
804 2137 969 2179 dissitis

137 2193 268 2235 etiam
312 2193 518 2236 catholici
558 2194 678 2236 orbis
715 2194 969 2246 regionibus

137 2249 326 2291 Romam
341 2252 593 2301 attraxerat,
613 2249 684 2292 die
700 2250 872 2292 decima
884 2251 969 2292 De-

136 2305 324 2348 cembris
344 2307 445 2348 anni
463 2306 683 2348 millesimi
702 2307 969 2359 octingente-

137 2362 234 2403 simi
267 2363 618 2415 quinquagesimi
652 2363 813 2416 quarti,
848 2368 971 2405 tanta

136 2418 432 2461 circumdatus
442 2422 785 2472 purpuratorum
794 2425 971 2473 patrum

137 2478 181 2516 et
225 2475 469 2518 antistitum
515 2478 682 2518 corona
717 2476 971 2518 solemniter

137 2529 368 2581 dedicavit,
393 2533 575 2585 ejusque
595 2532 864 2575 celebritatis
882 2545 969 2573 me-

137 2586 324 2683 mgriam
354 2588 438 2630 hac
470 2588 542 2631 die
578 2589 862 2631 recolendam
898 2588 970 2630 de-

138 2654 185 2683 cr
214 2642 286 2684 vit.

193 2704 387 2759 R.'Mane
406 2720 601 2760 surgens.
621 2709 719 2762 [118]

1236 275 1285 313 In
1303 275 1374 312 ΠΙ.
1395 273 1427 311 N
1432 274 1617 310 ooturno.

1016 335 1167 376 Lectio
1193 334 1332 376 sancti
1350 333 1577 385 Evangelii
1603 333 1846 375 secundum

1339 391 1515 432 Lucam.

1094 453 1245 494 Lectio
1267 454 1333 493 vii.
1588 454 1691 504 Cup.
1711 453 1767 490 w.
1896 493 1899 506 -,

1014 508 1091 615 In
1116 512 1192 554 illo
1218 514 1434 566 tempore:
1461 514 1692 564 Ingressus
1718 512 1743 553 J
1746 525 1846 554 esus

1079 569 1418 622 perambulabat
1441 570 1464 611 J
1468 569 1628 611 ericho.
1660 569 1718 611 Et
1743 581 1846 611 ecce

1014 626 1081 668 vir
1106 626 1282 668 nomine
1309 626 1537 667 Zachaeus:
1566 631 1610 668 et
1638 626 1710 668 hic
1733 626 1847 678 prin-

1016 695 1122 736 ceps
1156 688 1250 725 erat
1280 682 1636 735 publicanorum,
1673 688 1717 724 et
1751 682 1848 734 ipse

1016 738 1153 781 dives.
1180 740 1236 780 Et
1254 739 1433 791 reliqua.

1068 813 1255 854 Homilia
1275 814 1414 855 sancti
1435 813 1637 864 Gregorii
1656 813 1803 866 Papae.

1143 881 1224 914 Lib.
1250 880 1301 914 27.
1330 880 1543 921 Moralium,
1571 889 1652 921 cap.
1677 879 1727 912 27.

1288 934 1377 972 post
1399 929 1578 963 medium.

1028 995 1092 1037 ’2:41
1123 983 1136 1023 i
1159 983 1375 1025 veraciter
1401 983 1622 1036 sapientes
1650 997 1762 1034 esse,
1790 990 1849 1027 at-

1023 1035 1114 1105 &1
1142 1053 1226 1092 que
1242 1040 1383 1092 ipsam
1396 1041 1656 1093 sapientiam
1667 1046 1852 1083 contem-

1023 1080 1114 1124 Q!
1139 1097 1253 1150 plari
1281 1097 1549 1149 appetimus,
1583 1097 1742 1139 stultos
1769 1110 1851 1139 nos

1018 1154 1240 1195 humiliter
1256 1157 1588 1204 cognoscamus.
1615 1154 1851 1207 Relinqua-

1017 1223 1115 1251 mus
1138 1210 1314 1251 noxiam
1334 1210 1604 1263 sapientiam,
1631 1211 1852 1252 discamus

1018 1266 1285 1309 laudabilem
1304 1267 1562 1309 fatuitatem.
1596 1267 1711 1308 Hinc
1732 1268 1852 1320 quip-

1019 1337 1076 1377 pe
1101 1324 1315 1376 scriptum
1334 1328 1414 1365 est:
1439 1324 1581 1366 Stulta
1599 1323 1752 1366 mundi
1771 1324 1852 1366 ele-

1019 1381 1082 1432 git
1109 1381 1248 1430 DeuS,
1278 1385 1326 1422 ut
1354 1381 1595 1423 confundat
1623 1381 1854 1433 sapientes.

1019 1438 1135 1479 Hinc
1159 1451 1333 1479 rursum
1353 1438 1529 1480 dicitur:
1554 1438 1599 1480 Si
1620 1438 1717 1491 quis
1736 1437 1853 1480 vide-

1020 1499 1092 1536 tur
1116 1495 1229 1536 inter
1254 1507 1335 1536 vos
1364 1495 1541 1547 sapiens
1570 1507 1668 1536 esse
1696 1495 1741 1535 in
1768 1494 1855 1536 hoc

1021 1551 1197 1601 saeculo,
1222 1551 1382 1593 stultus
1406 1551 1494 1602 fiat,
1518 1557 1566 1593 ut
1590 1552 1647 1593 sit
1667 1552 1855 1604 sapiens.

1021 1608 1136 1650 Hinc
1182 1608 1448 1659 evangelicae
1484 1608 1682 1650 historiae
1719 1608 1855 1650 verba

1021 1667 1255 1707 testantur:
1289 1665 1391 1716 quia
1420 1665 1634 1706 Zachaeus
1668 1677 1767 1706 cum
1795 1665 1854 1705 vi-

1022 1721 1127 1763 dere
1150 1734 1244 1774 prae
1263 1721 1393 1763 turba
1413 1721 1520 1762 nihil
1540 1727 1704 1774 posset,
1731 1723 1854 1774 syco—

1021 1778 1136 1819 mori
1163 1778 1369 1819 arborem
1397 1778 1611 1827 ascendit‚
1644 1783 1692 1819 ut
1718 1782 1855 1819 trans-

1023 1837 1199 1876 euntem
1216 1834 1456 1876 Dominum
1480 1836 1690 1876 cerneret.
1723 1834 1855 1886 Syco-

1021 1903 1173 1932 morus
1194 1891 1358 1944 quippe
1378 1891 1488 1932 ficus
1509 1891 1630 1932 fatua
1650 1890 1821 1932 dicitur.

1074 1957 1124 2008 R.
1142 1957 1314 1998 Domus
1332 1969 1441 2006 mea,
1463 1956 1621 1998 domus
1642 1956 1855 1997 orationis

1022 2013 1265 2063 vocabitur,
1291 2013 1397 2054 dicit
1415 2013 1647 2054 Dominus:
1672 2012 1715 2052 in
1740 2025 1792 2054 ea
1812 2025 1855 2054 o-

1022 2070 1135 2110 mnis
1155 2070 1229 2122 qui
1249 2069 1372 2122 petit,
1393 2069 1568 2122 accipit3
1589 2074 1633 2110 et
1650 2069 1723 2121 qui
1739 2081 1854 2120 quae-

1021 2127 1088 2176 rit,
1108 2127 1288 2168 invenit:
1302 2128 1324 2149 *
1342 2127 1399 2168 Et
1413 2126 1609 2178 pulsanti
1624 2125 1856 2177 aperietur.

1022 2178 1074 2231 V.
1092 2183 1245 2232 Petite,
1268 2188 1312 2224 et
1331 2182 1569 2234 accipietis:
1595 2181 1791 2234 quaerite,
1811 2187 1856 2223 et

1022 2239 1264 2281 invenietis.
1293 2239 1350 2281 Et
1368 2239 1575 2292 pulsanti.

1313 2307 1464 2349 Lectio
1485 2307 1568 2346 viii.

1108 2373 1261 2415 usillus
1297 2375 1446 2426 itaque
1481 2372 1696 2415 Zachaeus
1733 2376 1855 2427 syco-

1126 2442 1299 2471 morum
1319 2429 1465 2479 subiit,
1485 2434 1529 2471 et
1543 2429 1782 2472 Dominum
1797 2432 1855 2472 vi-

1024 2485 1103 2527 dit:
1129 2486 1231 2538 quia
1258 2485 1332 2538 qui
1355 2485 1508 2528 mundi
1533 2486 1762 2529 stultitiam
1780 2487 1856 2528 hu·

1022 2542 1184 2583 militer
1204 2542 1379 2594 eligunt,
1398 2542 1484 2595 ipsi
1497 2542 1581 2585 Dei
1596 2543 1855 2595 sapientiam

1023 2598 1241 2650 subtiliter
1274 2599 1638 2651 contemplantur.
1687 2599 1855 2640 Pusilli-

1024 2657 1161 2696 tatem
1186 2667 1377 2706 namque
1403 2661 1600 2698 nostram
1626 2655 1683 2697 ad
1707 2654 1854 2696 viden-

1025 2709 1129 2752 dum
1164 2711 1402 2752 Dominum
1447 2711 1577 2754 turba
1617 2709 1855 2764 praepedit:
