2028 2964
160 203 254 231 Beatis
271 203 394 230 nondum
412 202 590 235 canonizatis,
607 201 674 228 nihil
687 201 800 236 propria
814 200 979 228 auctoritate

160 242 356 275 constituatur,
379 242 428 268 sed
451 241 564 268 omnino
581 240 742 267 consulatur
758 238 844 267 Sacra
862 239 978 266 Rituum

160 280 350 314 congregatio.
918 317 923 323 ·

212 320 361 346 Decretum
379 326 491 353 quoque
509 325 597 352 nuper
615 318 718 344 editum
744 325 828 351 super
846 317 979 344 electione

158 357 323 385 Sanctorum
342 358 369 384 in
389 359 537 390 Patronos,
554 361 581 383 et
599 357 772 390 impressum,
792 356 905 383 omnino
923 363 979 382 ser-

159 402 247 423 vetur.

211 436 245 466 Et
259 436 318 462 haec
331 436 423 462 omnia
436 434 565 467 decrevit,
579 434 685 466 statuit,
701 438 729 461 et
738 434 889 466 mandavit,
903 433 979 460 inno-

159 475 251 502 vando
269 482 366 508 poenas
385 474 595 502 Constitutionis
614 473 642 500 S.
660 473 705 500 Pii
718 473 751 500 V.
770 473 930 507 respective.

1083 202 1168 229 Facta
1195 202 1308 229 demum
1330 202 1466 230 relatione
1492 203 1595 230 horum
1613 203 1801 232 Decretorum
1820 204 1864 233 Ss.

1032 241 1066 267 D.
1082 241 1114 268 N.
1131 241 1246 269 Urbano
1261 241 1347 275 Papae
1356 241 1444 275 VIII„
1458 249 1491 269 ea
1504 242 1631 269 laudavit
1644 245 1672 269 et
1685 244 1864 278 approbavit,

1031 283 1115 313 atque
1133 280 1169 306 ab
1188 280 1318 306 omnibus
1336 280 1440 314 ubique
1458 281 1512 308 sub
1530 281 1674 315 praedictis
1691 282 1784 316 poenis
1807 290 1863 309 ser-

1031 318 1091 345 vari
1110 319 1255 352 praecepit:
1279 326 1388 346 necnon
1410 320 1440 346 in
1462 320 1544 347 novis
1561 320 1714 347 Breviariis
1732 321 1768 348 de
1787 329 1863 348 man-

1030 357 1096 383 dato
1114 357 1275 384 Sanctitatis
1293 357 1358 385 Suae
1376 358 1571 393 imprimendis
1589 359 1692 394 apponi
1712 359 1800 394 jussit.

1082 396 1136 422 Die
1155 397 1194 422 13.
1214 396 1343 423 ²Ianuarii
1364 398 1439 425 1631.

1134 435 1210 461 Loco
1225 442 1243 470 †
1259 434 1355 469 sigilli.

1133 473 1166 502 T.
1181 473 1375 511 Tegrimius‚
1389 477 1545 511 Episcopus
1559 478 1705 511 Assisien„
1718 478 1822 506 Secret.

538 557 766 591 E-JUSDEM
789 557 886 591 PRO
911 556 1125 592 SANCTIS
1149 556 1220 590 AD
1244 542 1467 590 LIBITUM.

203 648 237 669 ψη
263 637 342 664 adem
362 636 446 663 Sacra
465 636 581 663 Rituum
601 636 798 670 Congregatio‚
817 636 911 663 habita
931 637 976 664 die

209 673 243 706 “s'}
280 676 303 702 2.
318 675 481 702 Decembris
500 677 578 708 1673,
600 676 697 702 statuit
715 683 750 702 ex
767 676 899 703 mandato
918 676 976 703 Cle-

170 706 171 709 *
279 714 379 741 mentis
403 715 437 741 X.
462 715 543 741 Festa
566 715 731 742 Sanctorum
755 715 791 742 ad
813 715 922 742 libitum
947 715 974 741 in

156 758 297 789 posterum
316 761 370 780 non
390 761 450 780 esse
464 753 665 787 transferenda,
683 754 706 780 si
725 761 821 781 eorum
838 754 975 780 festivitas

155 793 257 819 incidat
279 792 308 818 in
326 793 399 819 diem
418 793 605 825 Dominicam,
627 793 671 819 vel
691 793 811 827 aliquem
834 793 907 819 diem
926 793 975 820 Fe-

154 835 261 858 storum
279 831 435 865 mobilium,
452 832 501 858 sed
520 835 586 858 tunc
602 832 650 858 illo
668 839 741 858 anno
759 840 855 860 eorum
874 832 973 859 Officia

154 877 215 897 esse
241 870 401 897 omittenda.
446 871 527 903 Quod
554 871 645 905 ipsum
671 875 768 905 postea
795 871 973 898 Innocentius

155 910 232 943 Papa
246 909 295 936 XI.
314 909 341 935 in
355 909 573 943 Congregatione
591 910 686 936 habita
705 910 745 936 24.
764 910 891 937 Januarii
907 910 974 937 1682

153 948 274 982 generali
301 949 412 975 decreto
437 949 626 982 confirmavit,
656 953 683 975 et
710 949 834 976 extendit
859 949 974 983 insuper

153 986 237 1014 etiam
255 987 291 1014 ad
310 987 428 1014 Octavas
451 991 478 1014 et
496 988 627 1015 Natalitia
645 987 823 1022 Sanctorum,
846 988 881 1015 de
903 996 973 1023 prae-

1028 639 1109 671 cepto
1133 636 1161 663 in
1185 637 1278 671 aliqua
1298 637 1444 672 Religione
1466 639 1511 666 vel
1530 639 1667 674 Dioecesi,
1692 649 1727 668 ex
1751 641 1861 670 indulto

1028 675 1191 710 Apostolico
1207 677 1358 704 recitanda.
1390 678 1434 704 Ita
1450 682 1482 706 ut
1494 687 1530 706 ne
1543 679 1658 713 quidem
1673 681 1755 707 dictis
1769 681 1861 708 Pestis

1028 714 1072 740 vel
1088 715 1201 741 Octavis
1215 715 1299 743 Festa
1316 716 1352 743 ad
1370 717 1481 744 libitum
1500 721 1566 745 tunc
1585 719 1736 747 incidentia
1749 721 1859 754 possint

1027 753 1147 787 recitari,
1165 754 1215 780 sed
1234 755 1324 782 omitti
1342 763 1461 790 prorsus
1480 757 1608 784 debeant.

1078 793 1210 819 Permisit
1224 797 1325 828 tamen,
1343 798 1375 822 ut
1388 795 1503 822 Festum
1517 797 1684 824 translatum
1698 798 1776 832 quod
1790 799 1861 826 alias

1027 839 1060 858 eo
1079 831 1123 858 die
1141 832 1340 860 celebrandum
1361 834 1443 868 foret,
1462 835 1491 861 in
1509 835 1594 863 alium
1614 837 1689 863 diem
1703 845 1761 864 non
1774 837 1860 873 impe-

1026 870 1115 896 ditum
1134 871 1334 899 transferatur:
1352 873 1420 900 item
1438 877 1470 901 ut
1488 875 1587 902 eodem
1606 875 1652 902 die
1665 876 1757 903 omitti
1770 877 1861 911 possit

1027 909 1157 935 Officium
1178 910 1263 936 semel
1282 919 1333 945 per
1350 912 1558 940 hebdomadam
1582 918 1631 941 aut
1649 923 1774 943 mensem
1792 917 1860 943 reci-

1027 948 1143 974 tandum
1162 956 1196 975 ex
1214 949 1324 976 indulto
1342 950 1516 987 Apostolico,
1535 956 1567 979 ut
1584 953 1624 980 ita
1641 954 1720 981 locus
1737 955 1775 982 sit
1792 956 1861 983 cele-

1027 987 1135 1014 brando
1153 987 1255 1015 Officio
1274 989 1310 1015 ad
1330 989 1449 1017 libitum.

225 1071 449 1106 EIUSDEM
475 1073 570 1107 PRO
595 1073 808 1109 SANCTIS
831 1074 885 1108 IN
911 1075 1317 1112 MARTYROLOGIO
1343 1077 1451 1113 NON
1474 1078 1783 1115 DESCRIPTIS.

168 1158 197 1198 ,s
211 1146 334 1200 *fficia
355 1146 518 1174 Sanctorum
540 1147 647 1174 ratione
668 1148 815 1183 Corporis,
838 1157 887 1176 seu
912 1149 974 1176 insi-

187 1186 225 1213 v-*L
254 1191 255 1203 ¹
277 1185 338 1218 gnis
352 1185 499 1219 Reliquiae,
522 1186 676 1220 recitanda,
698 1195 733 1214 ex
752 1189 872 1215 Decreto
891 1188 917 1215 S.
939 1189 973 1215 R.

171 1199 245 1242 K“)'
279 1224 505 1258 Congregationis
539 1226 578 1252 11.
610 1226 728 1259 Augusti
760 1228 825 1254 1691
859 1228 973 1261 intelligi

153 1262 253 1289 debere
267 1263 301 1289 de
311 1262 418 1289 Sanctis
432 1263 577 1291 dumtaxat
590 1264 618 1291 in
633 1265 830 1300 Martyrologio
845 1267 973 1293 Romano

153 1301 310 1336 descriptis,
334 1306 362 1328 et
385 1302 537 1330 dummodo
560 1307 668 1330 constet
691 1305 726 1331 de
744 1305 889 1332 identitate
907 1306 973 1332 Cor-

152 1340 242 1374 poris,
266 1348 315 1367 seu
339 1341 475 1375 Reliquiae
499 1341 613 1376 insignis
638 1343 769 1370 illiusmet
792 1343 900 1377 Sancti,
924 1344 971 1378 qui

153 1379 291 1413 reperitur
316 1380 343 1406 in
368 1380 564 1414 Martyrologio
588 1382 715 1408 Romano
742 1383 910 1417 descriptus:
938 1383 972 1409 de

152 1418 250 1444 ceteris
267 1422 359 1445 autem
377 1418 485 1445 Sanctis
503 1419 531 1446 in
549 1420 682 1454 praedicto
700 1421 898 1456 Martyrologio
917 1430 972 1449 non

152 1456 306 1491 descriptis,
323 1460 371 1484 aut
388 1457 489 1491 quibus
508 1466 524 1484 a
537 1458 637 1485 Sancta
651 1458 722 1486 Sede
735 1468 791 1487 non
811 1460 895 1487 fuerit
913 1469 972 1495 spe-

152 1495 258 1522 cialiter
280 1503 453 1530 concessum,
480 1497 579 1524 Officia
602 1498 712 1525 recitari
736 1503 763 1526 et
784 1499 884 1526 Missas
907 1500 973 1526 cele-

154 1534 228 1560 brari
251 1539 411 1568 vetuerunt,
435 1543 490 1562 non
514 1537 642 1564 obstante
666 1538 742 1571 quod
764 1538 889 1573 ipsorum
907 1539 973 1566 Cor—

1026 1155 1104 1182 pora,
1122 1148 1166 1174 vel
1185 1149 1307 1183 insignes
1321 1149 1460 1184 Reliquiae
1478 1151 1507 1177 in
1521 1151 1653 1180 Ecclesiis
1666 1159 1861 1183 asserventur:

1026 1187 1129 1221 quibus
1143 1191 1236 1226 tamen
1250 1189 1286 1215 ab
1296 1189 1455 1216 Ordinariis
1465 1189 1592 1218 locorum
1605 1193 1770 1227 approbatis
1783 1194 1860 1222 debi-

1026 1230 1082 1252 tam
1107 1226 1230 1254 fidelium
1255 1228 1464 1255 venerationem
1490 1232 1586 1263 (prout
1608 1231 1744 1259 hactenus
1766 1240 1861 1261 serva·

1026 1269 1084 1292 tum
1103 1268 1157 1298 est)
1182 1266 1369 1293 exhibendam
1391 1275 1453 1294 esse
1470 1273 1653 1304 censuerunt,
1678 1272 1729 1298 sed
1753 1273 1861 1307 absque

1026 1305 1126 1332 Officio
1151 1308 1178 1332 et
1202 1305 1301 1339 Missa,
1327 1307 1380 1332 sub
1403 1307 1496 1340 poenis
1520 1307 1555 1334 de
1579 1317 1636 1336 non
1660 1310 1860 1339 satisfaciendo

1025 1347 1166 1378 praecepto
1190 1344 1326 1371 recitandi
1352 1344 1499 1380 Officium,
1523 1347 1642 1382 aliisque
1665 1349 1694 1376 in
1718 1349 1860 1378 Constitu-

1026 1382 1100 1409 tione
1118 1382 1144 1410 S.
1164 1383 1208 1410 Pii
1223 1383 1256 1411 V.
1276 1383 1422 1411 contentis.
1459 1385 1513 1412 Die
1532 1387 1573 1413 11.
1591 1387 1714 1422 Augusti
1734 1390 1815 1424 1691,
1833 1393 1861 1418 et

1025 1420 1223 1449 Sanctissimus
1247 1422 1416 1457 approbavit
1439 1423 1486 1450 die
1510 1425 1551 1453 19.
1577 1426 1708 1458 Octobris
1735 1428 1860 1463 ejusdem

1025 1461 1091 1487 anni
1112 1461 1186 1488 1691.

1130 1500 1206 1528 Loco
1222 1507 1238 1536 †
1252 1501 1348 1536 Sigilli.

1306 1538 1336 1568 J.
1350 1541 1572 1579 Vallomanus,
1581 1549 1607 1576 S.
1623 1550 1657 1576 R.
1672 1550 1702 1577 C.
1717 1550 1820 1579 Secret.

404 1685 682 1727 DECRETA
711 1688 1057 1734 GENERALIA
1087 1695 1266 1738 CIRCA
1294 1699 1604 1743 RUBRICAS.

157 1759 269 1832 '6¹32
284 1780 331 1798 um
357 1772 506 1800 Sacrorum
537 1774 653 1802 Rituum
685 1776 897 1811 Congregationi
928 1779 973 1806 de-

157 1812 266 1866 T&
302 1811 384 1838 misse
407 1813 590 1846 supplicatum
614 1814 698 1842 fuerit
720 1817 864 1850 sequentia
886 1818 972 1846 dubia

158 1855 192 1875 γὲ
209 1873 212 1874 ⁷
248 1864 252 1867 «
301 1850 453 1878 declarare:

203 1888 336 1916 Primum.
358 1889 413 1922 An,
426 1897 488 1916 cum
502 1890 596 1917 multis
609 1891 884 1929 congregationibus,
898 1896 971 1923 Reli-

150 1926 291 1960 gionibus,
315 1927 373 1954 sive
392 1929 532 1962 Ecclesiis‚
555 1930 598 1956 vel
621 1930 787 1959 Nationibus
809 1940 970 1962 concessum

151 1965 187 1992 sit
204 1974 220 1992 a
238 1965 338 1994 Sancta
356 1966 426 1994 Sede
445 1967 618 2002 Apostolica‚
642 1973 672 1996 ut
690 1971 786 2005 semel,
805 1972 848 1998 vel
867 1973 971 2006 pluries

151 2003 179 2030 in
203 2004 316 2038 singulis
339 2005 535 2040 hebdomadis,
561 2008 605 2034 vel
631 2009 773 2036 mensibus
797 2011 972 2040 celebrentur

150 2043 227 2069 varia
242 2043 339 2070 Officia
354 2052 404 2078 per
416 2053 527 2079 annum,
542 2054 568 2073 v.
581 2055 615 2079 g.,
633 2047 668 2073 de
681 2047 861 2077 Sanctissimo
874 2050 970 2079 Sacra-

151 2085 251 2114 mento,
267 2083 309 2108 vel
323 2083 357 2109 de
370 2083 486 2117 Sanctis,
500 2085 528 2111 in
542 2085 640 2112 diebus
654 2094 710 2113 non
723 2087 862 2122 impeditis
876 2090 970 2125 aliquo

151 2119 233 2146 Festo
251 2120 352 2155 duplici
367 2122 410 2148 vel
429 2123 609 2157 semiduplici,
627 2125 707 2152 liceat
720 2126 855 2159 ejusmodi
870 2128 970 2156 Officia

151 2157 241 2185 facere
259 2160 341 2186 etiam
364 2161 392 2187 in
414 2161 513 2189 diebus
530 2167 633 2190 sanctae
652 2164 890 2201 Quadragesimae,
912 2168 969 2195 Ad-

150 2201 257 2230 ventus,
275 2198 449 2233 Vigiliarum,
467 2204 494 2227 et
513 2201 640 2234 Quatuor
658 2203 841 2238 Temporum,
861 2206 969 2234 etiamsi

149 2235 184 2261 dc
202 2236 245 2262 his
263 2237 360 2264 diebus
378 2239 452 2265 nulla
471 2240 506 2267 sit
526 2240 598 2267 facta
616 2242 742 2275 specialis
756 2245 858 2270 mentio
878 2245 905 2272 in
924 2246 970 2272 ali-

150 2273 253 2308 quibus
271 2275 433 2304 Offlciorum
451 2279 696 2308 concessionibus?

200 2312 365 2341 Secundum.
401 2315 446 2343 An
467 2317 525 2344 dies
543 2318 693 2352 impeditus
707 2321 789 2348 Festo
808 2323 911 2357 duplici
925 2325 969 2352 vel

148 2351 317 2386 semiduplici
334 2361 385 2387 pro
399 2354 479 2382 dictis
492 2357 592 2383 officiis
607 2358 763 2392 recitandis,
782 2361 970 2396 intelligantur

147 2389 230 2416 etiam
244 2391 303 2417 dies
317 2391 344 2418 in
358 2393 460 2426 quibus
473 2397 631 2429 ponendum
646 2402 688 2424 est
697 2398 828 2427 Officium
842 2401 876 2427 de
887 2402 968 2429 Festo

147 2427 250 2462 duplici
261 2430 302 2456 vel
313 2431 483 2466 semiduplici
497 2435 639 2468 translato,
653 2438 887 2470 quemadmodum
903 2442 969 2468 dici-

147 2469 195 2492 tur
216 2474 377 2502 responsum
402 2470 487 2499 fuisse
510 2474 574 2500 olim
597 2482 613 2501 a
635 2474 718 2502 Sacra
737 2477 968 2513 congregatione:

147 2503 229 2538 Quod
251 2506 352 2534 scilicet
371 2509 482 2537 Festum
506 2512 608 2547 duplex
626 2515 669 2540 vel
693 2516 866 2551 semiduplex
885 2519 967 2546 etiam

147 2544 324 2578 translatum,
348 2554 453 2575 necnon
477 2550 536 2577 dies
555 2551 667 2579 Octavae
685 2554 721 2581 sit
739 2555 799 2582 dies
818 2556 968 2591 impeditus

146 2586 273 2616 respectu
292 2584 387 2612 talium
407 2587 590 2617 Officiorum?

197 2621 332 2655 Tertium.
373 2625 418 2652 An
442 2627 592 2661 Regulares
616 2630 720 2665 absque
746 2634 857 2667 speciali
882 2635 965 2669 privi—

145 2659 228 2694 legio,
251 2662 300 2688 sed
324 2663 384 2690 sola
406 2667 654 2696 communicatione
672 2670 878 2706 privilegiorum
901 2674 966 2701 alia-

1024 1790 1086 1810 rum
1106 1784 1292 1819 Religionum,
1310 1786 1420 1820 possint
1438 1788 1544 1815 addere
1560 1796 1665 1817 nomen
1677 1789 1773 1818 Sancti
1786 1791 1860 1819 Fun-

1024 1822 1132 1849 datoris
1155 1823 1183 1850 in
1205 1824 1339 1859 Litaniis,
1361 1829 1390 1852 et
1408 1826 1572 1855 Confiteor?
1595 1828 1719 1863 itemque
1741 1830 1860 1858 recitare

1025 1861 1126 1889 Officia
1143 1866 1171 1889 et
1189 1863 1290 1891 Missas
1308 1872 1456 1892 concessas
1473 1866 1536 1894 aliis
1554 1867 1768 1902 Religionibus?

1074 1908 1226 1937 Sacrorum
1240 1911 1358 1939 Rituum
1372 1913 1471 1940 eadem
1485 1913 1680 1949 Congregatio,
1698 1916 1735 1943 ad
1749 1916 1860 1945 relatio-

1023 1955 1087 1974 nem
1106 1949 1327 1977 Eminentissimi
1345 1954 1373 1978 et
1390 1951 1630 1980 Reverendissimi
1644 1954 1760 1982 Domini
1774 1955 1860 1984 Card.

1023 1986 1181 2022 Colloredo,
1199 1989 1358 2023 respondit:

1073 2034 1120 2062 Ad
1138 2035 1270 2071 primum,
1288 2038 1432 2073 Negative,
1450 2042 1478 2066 et
1495 2039 1656 2074 huiusmodi
1674 2041 1783 2069 indulta
1801 2050 1859 2070 non

1022 2073 1126 2100 habere
1149 2075 1242 2102 locum
1266 2076 1295 2103 in
1319 2077 1409 2104 Feriis
1432 2077 1597 2113 Adventus,
1619 2079 1858 2116 Quadrageshnae,

1022 2112 1151 2145 Quatuor
1170 2115 1356 2150 Temporum,
1379 2116 1558 2152 Vigiliarum,
1581 2118 1641 2146 sive
1664 2127 1728 2146 cum
1747 2120 1859 2154 jejunio,

1022 2151 1081 2178 sive
1100 2153 1208 2187 absque
1225 2154 1340 2189 jejunio,
1364 2163 1416 2183 nec
1434 2156 1464 2183 in
1483 2157 1565 2184 Feria
1584 2158 1707 2185 secunda
1725 2159 1857 2193 Rogatio—

1022 2198 1103 2224 num,
1126 2200 1177 2219 nec
1198 2193 1227 2220 in
1250 2193 1297 2220 illa
1315 2194 1397 2221 Feria
1420 2195 1449 2222 in
1467 2204 1524 2230 qua
1542 2197 1698 2224 secundum
1716 2197 1858 2225 Rubricas

1021 2229 1058 2256 sit
1076 2232 1270 2265 reponendum
1289 2233 1421 2260 Officium
1441 2234 1607 2264 Dominieae.

1074 2277 1121 2304 Ad
1139 2280 1302 2314 secundum,
1321 2280 1510 2309 Affirmative.

1074 2325 1120 2352 Ad
1139 2327 1261 2361 tertium,
1280 2328 1415 2362 Negative
1433 2329 1462 2356 in
1480 2330 1620 2358 omnibus.

1074 2373 1109 2399 Et
1127 2373 1166 2400 ita
1185 2375 1347 2409 declaravit,
1365 2384 1398 2403 ac
1416 2378 1524 2404 servari
1543 2378 1641 2405 voluit.
1678 2378 1721 2405 Ac
1739 2378 1856 2412 insuper

1021 2414 1052 2437 ut
1079 2411 1305 2448 Declarationes‚
1333 2423 1383 2442 seu
1411 2416 1532 2444 Decreta
1559 2417 1695 2452 praedicta
1722 2417 1855 2444 omnibus

1021 2449 1204 2485 innotescant,
1223 2453 1298 2488 typis
1316 2462 1349 2481 ca
1367 2454 1491 2489 imprimi
1509 2456 1663 2483 mandavit.

1074 2506 1127 2533 Die
1145 2507 1186 2534 20.
1205 2509 1299 2536 Martii
1319 2511 1394 2537 1706.

1199 2567 1248 2604 G.
1274 2568 1398 2606 Card.
1423 2569 1673 2619 Carpineus.

1123 2625 1200 2652 Loco
1215 2627 1232 2654 †
1247 2625 1343 2659 Sigilli.

1196 2672 1231 2701 B.
1245 2673 1436 2710 Inghirami,
1450 2676 1510 2703 Sac.
1526 2677 1582 2703 Rit.
1597 2678 1697 2713 Congr.
1713 2679 1815 2706 Secrct.

889 2736 1113 2771 Q*-
