<?xml version="1.0" encoding="UTF-8"?>
<!DOCTYPE html PUBLIC "-//W3C//DTD XHTML 1.0 Transitional//EN"
    "http://www.w3.org/TR/xhtml1/DTD/xhtml1-transitional.dtd">
<html xmlns="http://www.w3.org/1999/xhtml" xml:lang="en" lang="en">
 <head>
  <title>
</title>
<meta http-equiv="Content-Type" content="text/html;charset=utf-8" />
  <meta name='ocr-system' content='tesseract 3.04.00' />
  <meta name='ocr-capabilities' content='ocr_page ocr_carea ocr_par ocr_line ocrx_word'/>
</head>
<body>
  <div class='ocr_page' id='page_1' title='image "./p4breviariumroma00cathuoft_0848.png"; bbox 0 0 2040 2944; ppageno 0'>
   <div class='ocr_carea' id='block_1_1' title="bbox 183 165 1520 213">
    <p class='ocr_par' dir='ltr' id='par_1_1' title="bbox 183 165 1520 213">
     <span class='ocr_line' id='line_1_1' title="bbox 183 165 1520 213; baseline -0.005 -7"><span class='ocrx_word' id='word_1_1' title='bbox 183 172 226 206; x_wconf 78' lang='lat'><strong>4*</strong></span> <span class='ocrx_word' id='word_1_2' title='bbox 591 171 621 203; x_wconf 84' lang='grc'><strong>3.</strong></span> <span class='ocrx_word' id='word_1_3' title='bbox 647 171 749 213; x_wconf 85' lang='lat' dir='ltr'><strong>Sept.</strong></span> <span class='ocrx_word' id='word_1_4' title='bbox 797 168 831 203; x_wconf 99' lang='lat' dir='ltr'><strong>S.</strong></span> <span class='ocrx_word' id='word_1_5' title='bbox 856 168 1057 202; x_wconf 76' lang='lat' dir='ltr'>Elisabeth</span> <span class='ocrx_word' id='word_1_6' title='bbox 1083 168 1174 210; x_wconf 78' lang='lat' dir='ltr'><strong>Reg.</strong></span> <span class='ocrx_word' id='word_1_7' title='bbox 1199 166 1408 210; x_wconf 79' lang='lat' dir='ltr'><strong>Portugall.</strong></span> <span class='ocrx_word' id='word_1_8' title='bbox 1433 165 1520 200; x_wconf 89' lang='lat' dir='ltr'><strong>Vid.</strong></span> 
     </span>
    </p>
   </div>
   <div class='ocr_carea' id='block_1_2' title="bbox 183 228 1900 242">
    <p class='ocr_par' dir='ltr' id='par_1_2' title="bbox 183 228 1900 242">
     <span class='ocr_line' id='line_1_2' title="bbox 183 228 1900 242; baseline 0 2702"><span class='ocrx_word' id='word_1_9' title='bbox 183 228 1900 242; x_wconf 95' lang='lat' dir='ltr'><strong> </strong></span> 
     </span>
    </p>
   </div>
   <div class='ocr_carea' id='block_1_3' title="bbox 185 265 1022 2749">
    <p class='ocr_par' dir='ltr' id='par_1_3' title="bbox 185 265 1015 544">
     <span class='ocr_line' id='line_1_3' title="bbox 186 265 1013 319; baseline -0.001 -10"><span class='ocrx_word' id='word_1_10' title='bbox 186 267 379 310; x_wconf 85' lang='lat' dir='ltr'><strong>exercitu</strong></span> <span class='ocrx_word' id='word_1_11' title='bbox 410 266 650 319; x_wconf 84' lang='lat' dir='ltr'><strong>trajiciens,</strong></span> <span class='ocrx_word' id='word_1_12' title='bbox 681 266 825 319; x_wconf 90' lang='lat' dir='ltr'><strong>primo</strong></span> <span class='ocrx_word' id='word_1_13' title='bbox 856 265 1013 318; x_wconf 79' lang='lat' dir='ltr'><strong>praelio</strong></span> 
     </span>
     <span class='ocr_line' id='line_1_4' title="bbox 186 322 1015 374; baseline -0.004 -8"><span class='ocrx_word' id='word_1_14' title='bbox 186 325 428 366; x_wconf 87' lang='lat' dir='ltr'><strong>Saracenos</strong></span> <span class='ocrx_word' id='word_1_15' title='bbox 463 322 642 374; x_wconf 84' lang='lat' dir='ltr'><strong>fugavit.</strong></span> <span class='ocrx_word' id='word_1_16' title='bbox 695 322 783 364; x_wconf 90' lang='lat' dir='ltr'><strong>Sed</strong></span> <span class='ocrx_word' id='word_1_17' title='bbox 825 335 925 364; x_wconf 92' lang='lat' dir='ltr'><strong>cum</strong></span> <span class='ocrx_word' id='word_1_18' title='bbox 960 335 1015 364; x_wconf 85' lang='lat' dir='ltr'><strong>ex</strong></span> 
     </span>
     <span class='ocr_line' id='line_1_5' title="bbox 185 378 1013 433; baseline -0.002 -12"><span class='ocrx_word' id='word_1_19' title='bbox 185 379 435 433; x_wconf 66' lang='lat' dir='ltr'><strong>pestilentia</strong></span> <span class='ocrx_word' id='word_1_20' title='bbox 464 391 623 430; x_wconf 87' lang='lat' dir='ltr'><strong>magna</strong></span> <span class='ocrx_word' id='word_1_21' title='bbox 654 378 841 420; x_wconf 90' lang='lat' dir='ltr'><strong>militum</strong></span> <span class='ocrx_word' id='word_1_22' title='bbox 871 378 1013 420; x_wconf 91' lang='lat' dir='ltr'><strong>multi-</strong></span> 
     </span>
     <span class='ocr_line' id='line_1_6' title="bbox 185 435 1015 488; baseline -0.002 -10"><span class='ocrx_word' id='word_1_23' title='bbox 185 435 294 478; x_wconf 91' lang='lat' dir='ltr'><strong>tudo</strong></span> <span class='ocrx_word' id='word_1_24' title='bbox 319 436 535 488; x_wconf 86' lang='lat' dir='ltr'><strong>periisset,</strong></span> <span class='ocrx_word' id='word_1_25' title='bbox 558 435 700 478; x_wconf 85' lang='lat' dir='ltr'><strong>victus</strong></span> <span class='ocrx_word' id='word_1_26' title='bbox 722 435 819 488; x_wconf 90' lang='lat' dir='ltr'><strong>ipse</strong></span> <span class='ocrx_word' id='word_1_27' title='bbox 842 437 1015 488; x_wconf 89' lang='lat' dir='ltr'><strong>captus-</strong></span> 
     </span>
     <span class='ocr_line' id='line_1_7' title="bbox 187 499 379 544; baseline 0 -10"><span class='ocrx_word' id='word_1_28' title='bbox 187 506 271 544; x_wconf 92' lang='lat' dir='ltr'><strong>que</strong></span> <span class='ocrx_word' id='word_1_29' title='bbox 301 499 379 535; x_wconf 90' lang='lat' dir='ltr'><strong>est.</strong></span> 
     </span>
    </p>

    <p class='ocr_par' dir='ltr' id='par_1_4' title="bbox 186 548 1017 932">
     <span class='ocr_line' id='line_1_8' title="bbox 239 548 1015 605; baseline -0.004 -13"><span class='ocrx_word' id='word_1_30' title='bbox 239 554 290 605; x_wconf 72' lang='lat' dir='ltr'><strong>R.</strong></span> <span class='ocrx_word' id='word_1_31' title='bbox 314 550 563 591; x_wconf 90' lang='lat' dir='ltr'><strong>Honestum</strong></span> <span class='ocrx_word' id='word_1_32' title='bbox 590 549 692 591; x_wconf 89' lang='lat' dir='ltr'><strong>fecit</strong></span> <span class='ocrx_word' id='word_1_33' title='bbox 719 548 842 590; x_wconf 88' lang='lat' dir='ltr'><strong>illum</strong></span> <span class='ocrx_word' id='word_1_34' title='bbox 866 549 1015 590; x_wconf 90' lang='lat' dir='ltr'><strong>Domi-</strong></span> 
     </span>
     <span class='ocr_line' id='line_1_9' title="bbox 186 605 1016 656; baseline -0.001 -9"><span class='ocrx_word' id='word_1_35' title='bbox 186 619 278 656; x_wconf 90' lang='lat' dir='ltr'><strong>nus,</strong></span> <span class='ocrx_word' id='word_1_36' title='bbox 304 611 348 648; x_wconf 92' lang='lat' dir='ltr'><strong>et</strong></span> <span class='ocrx_word' id='word_1_37' title='bbox 366 605 607 648; x_wconf 90' lang='lat' dir='ltr'><strong>custodivit</strong></span> <span class='ocrx_word' id='word_1_38' title='bbox 626 618 726 647; x_wconf 92' lang='lat' dir='ltr'><strong>eum</strong></span> <span class='ocrx_word' id='word_1_39' title='bbox 746 605 800 647; x_wconf 91' lang='lat' dir='ltr'><strong>ab</strong></span> <span class='ocrx_word' id='word_1_40' title='bbox 819 606 1016 654; x_wconf 78' lang='lat' dir='ltr'><strong>inimicis,</strong></span> 
     </span>
     <span class='ocr_line' id='line_1_10' title="bbox 187 662 1015 705; baseline -0.001 -1"><span class='ocrx_word' id='word_1_41' title='bbox 187 668 231 704; x_wconf 94' lang='lat' dir='ltr'><strong>et</strong></span> <span class='ocrx_word' id='word_1_42' title='bbox 259 676 284 704; x_wconf 89' lang='lat' dir='ltr'><strong>a</strong></span> <span class='ocrx_word' id='word_1_43' title='bbox 312 662 621 705; x_wconf 90' lang='lat' dir='ltr'><strong>seductoribus</strong></span> <span class='ocrx_word' id='word_1_44' title='bbox 647 662 808 704; x_wconf 86' lang='lat' dir='ltr'><strong>tutavit</strong></span> <span class='ocrx_word' id='word_1_45' title='bbox 832 663 968 703; x_wconf 88' lang='lat' dir='ltr'><strong>illum:</strong></span> <span class='ocrx_word' id='word_1_46' title='bbox 993 663 1015 689; x_wconf 87' lang='lat'>*</span> 
     </span>
     <span class='ocr_line' id='line_1_11' title="bbox 186 719 1016 762; baseline -0.001 -1"><span class='ocrx_word' id='word_1_47' title='bbox 186 720 242 762; x_wconf 88' lang='lat' dir='ltr'><strong>Et</strong></span> <span class='ocrx_word' id='word_1_48' title='bbox 275 719 399 762; x_wconf 86' lang='lat' dir='ltr'><strong>dedit</strong></span> <span class='ocrx_word' id='word_1_49' title='bbox 426 719 489 761; x_wconf 91' lang='lat' dir='ltr'><strong>illi</strong></span> <span class='ocrx_word' id='word_1_50' title='bbox 519 719 765 762; x_wconf 86' lang='lat' dir='ltr'><strong>claritatem</strong></span> <span class='ocrx_word' id='word_1_51' title='bbox 796 721 1016 761; x_wconf 78' lang='lat' dir='ltr'><strong>aeternam.</strong></span> 
     </span>
     <span class='ocr_line' id='line_1_12' title="bbox 188 774 1017 829; baseline -0.002 -10"><span class='ocrx_word' id='word_1_52' title='bbox 188 774 239 826; x_wconf 65' lang='lat' dir='ltr'><strong>V.</strong></span> <span class='ocrx_word' id='word_1_53' title='bbox 268 774 439 818; x_wconf 85' lang='lat' dir='ltr'><strong>Justum</strong></span> <span class='ocrx_word' id='word_1_54' title='bbox 472 775 656 819; x_wconf 83' lang='lat' dir='ltr'><strong>deduxit</strong></span> <span class='ocrx_word' id='word_1_55' title='bbox 687 777 904 818; x_wconf 90' lang='lat' dir='ltr'><strong>Dominus</strong></span> <span class='ocrx_word' id='word_1_56' title='bbox 936 789 1017 829; x_wconf 92' lang='lat' dir='ltr'><strong>per</strong></span> 
     </span>
     <span class='ocr_line' id='line_1_13' title="bbox 188 833 1017 884; baseline 0 -10"><span class='ocrx_word' id='word_1_57' title='bbox 188 833 280 875; x_wconf 85' lang='lat' dir='ltr'><strong>vias</strong></span> <span class='ocrx_word' id='word_1_58' title='bbox 305 838 460 883; x_wconf 86' lang='grc'><strong>100138,</strong></span> <span class='ocrx_word' id='word_1_59' title='bbox 481 839 524 876; x_wconf 90' lang='grc'><strong>01</strong></span> <span class='ocrx_word' id='word_1_60' title='bbox 544 833 736 876; x_wconf 89' lang='lat' dir='ltr'><strong>ostendit</strong></span> <span class='ocrx_word' id='word_1_61' title='bbox 754 833 817 874; x_wconf 91' lang='lat' dir='ltr'><strong>illi</strong></span> <span class='ocrx_word' id='word_1_62' title='bbox 835 846 1017 884; x_wconf 85' lang='lat' dir='ltr'><strong>regnum</strong></span> 
     </span>
     <span class='ocr_line' id='line_1_14' title="bbox 188 889 517 932; baseline 0.006 -2"><span class='ocrx_word' id='word_1_63' title='bbox 188 890 282 931; x_wconf 90' lang='lat' dir='ltr'><strong>Dei.</strong></span> <span class='ocrx_word' id='word_1_64' title='bbox 309 890 366 932; x_wconf 90' lang='lat' dir='ltr'><strong>Et</strong></span> <span class='ocrx_word' id='word_1_65' title='bbox 385 889 517 932; x_wconf 85' lang='lat' dir='ltr'><strong>dedit.</strong></span> 
     </span>
    </p>

    <p class='ocr_par' dir='ltr' id='par_1_5' title="bbox 498 946 912 990">
     <span class='ocr_line' id='line_1_15' title="bbox 498 946 912 990; baseline 0.007 -3"><span class='ocrx_word' id='word_1_66' title='bbox 498 946 650 987; x_wconf 87' lang='lat' dir='ltr'><strong>Lectio</strong></span> <span class='ocrx_word' id='word_1_67' title='bbox 670 959 707 985; x_wconf 86' lang='lat' dir='ltr'><strong>v.</strong></span> <span class='ocrx_word' id='word_1_68' title='bbox 906 983 912 990; x_wconf 93' lang='lat'><strong>.</strong></span> 
     </span>
    </p>

    <p class='ocr_par' dir='ltr' id='par_1_6' title="bbox 191 1001 1017 1107">
     <span class='ocr_line' id='line_1_16' title="bbox 191 1001 1017 1107; baseline -0.002 -61"><span class='ocrx_word' id='word_1_69' title='bbox 191 1001 387 1107; x_wconf 82' lang='lat' dir='ltr'><strong>Rebus</strong></span> <span class='ocrx_word' id='word_1_70' title='bbox 436 1006 594 1057; x_wconf 91' lang='lat' dir='ltr'><strong>postea</strong></span> <span class='ocrx_word' id='word_1_71' title='bbox 643 1017 742 1046; x_wconf 94' lang='lat' dir='ltr'><strong>cum</strong></span> <span class='ocrx_word' id='word_1_72' title='bbox 791 1004 1017 1046; x_wconf 79' lang='lat' dir='ltr'><strong>Saracenis</strong></span> 
     </span>
    </p>

    <p class='ocr_par' dir='ltr' id='par_1_7' title="bbox 187 1061 1019 1681">
     <span class='ocr_line' id='line_1_17' title="bbox 305 1061 1017 1113; baseline 0 -11"><span class='ocrx_word' id='word_1_73' title='bbox 305 1061 582 1113; x_wconf 92' lang='lat' dir='ltr'><strong>compositis,</strong></span> <span class='ocrx_word' id='word_1_74' title='bbox 627 1061 738 1102; x_wconf 91' lang='lat' dir='ltr'><strong>liber</strong></span> <span class='ocrx_word' id='word_1_75' title='bbox 783 1073 862 1102; x_wconf 86' lang='lat' dir='ltr'><strong>rex</strong></span> <span class='ocrx_word' id='word_1_76' title='bbox 898 1073 1017 1103; x_wconf 82' lang='lat' dir='ltr'><strong>exer-</strong></span> 
     </span>
     <span class='ocr_line' id='line_1_18' title="bbox 188 1117 1018 1170; baseline 0 -12"><span class='ocrx_word' id='word_1_77' title='bbox 188 1118 388 1170; x_wconf 89' lang='lat' dir='ltr'><strong>citusque</strong></span> <span class='ocrx_word' id='word_1_78' title='bbox 405 1117 646 1159; x_wconf 85' lang='lat' dir='ltr'><strong>dimittitur.</strong></span> <span class='ocrx_word' id='word_1_79' title='bbox 675 1118 877 1170; x_wconf 87' lang='lat' dir='ltr'><strong>Quinque</strong></span> <span class='ocrx_word' id='word_1_80' title='bbox 895 1118 1018 1159; x_wconf 89' lang='lat' dir='ltr'><strong>annis</strong></span> 
     </span>
     <span class='ocr_line' id='line_1_19' title="bbox 187 1174 1018 1227; baseline 0.002 -13"><span class='ocrx_word' id='word_1_81' title='bbox 187 1175 231 1214; x_wconf 90' lang='lat' dir='ltr'><strong>in</strong></span> <span class='ocrx_word' id='word_1_82' title='bbox 261 1174 439 1216; x_wconf 76' lang='lat' dir='ltr'><strong>Oriente</strong></span> <span class='ocrx_word' id='word_1_83' title='bbox 468 1177 777 1224; x_wconf 77' lang='lat' dir='ltr'><strong>commoratus,</strong></span> <span class='ocrx_word' id='word_1_84' title='bbox 803 1174 1018 1227; x_wconf 90' lang='lat' dir='ltr'><strong>plurimos</strong></span> 
     </span>
     <span class='ocr_line' id='line_1_20' title="bbox 190 1231 1018 1273; baseline -0.001 -1"><span class='ocrx_word' id='word_1_85' title='bbox 190 1231 461 1273; x_wconf 81' lang='lat' dir='ltr'><strong>Christianos</strong></span> <span class='ocrx_word' id='word_1_86' title='bbox 498 1244 523 1272; x_wconf 90' lang='lat' dir='ltr'><strong>a</strong></span> <span class='ocrx_word' id='word_1_87' title='bbox 560 1231 849 1273; x_wconf 88' lang='lat' dir='ltr'><strong>barbarorum</strong></span> <span class='ocrx_word' id='word_1_88' title='bbox 886 1232 1018 1273; x_wconf 90' lang='lat' dir='ltr'><strong>servi-</strong></span> 
     </span>
     <span class='ocr_line' id='line_1_21' title="bbox 188 1287 1017 1337; baseline 0.001 -8"><span class='ocrx_word' id='word_1_89' title='bbox 188 1290 282 1329; x_wconf 86' lang='lat' dir='ltr'><strong>tute</strong></span> <span class='ocrx_word' id='word_1_90' title='bbox 306 1287 503 1337; x_wconf 87' lang='lat' dir='ltr'><strong>redemit,</strong></span> <span class='ocrx_word' id='word_1_91' title='bbox 527 1287 689 1329; x_wconf 88' lang='lat' dir='ltr'><strong>multos</strong></span> <span class='ocrx_word' id='word_1_92' title='bbox 713 1288 844 1330; x_wconf 86' lang='lat' dir='ltr'><strong>etiam</strong></span> <span class='ocrx_word' id='word_1_93' title='bbox 867 1287 1017 1330; x_wconf 81' lang='lat' dir='ltr'><strong>infide-</strong></span> 
     </span>
     <span class='ocr_line' id='line_1_22' title="bbox 188 1343 1018 1397; baseline 0.002 -13"><span class='ocrx_word' id='word_1_94' title='bbox 188 1343 252 1385; x_wconf 95' lang='lat' dir='ltr'><strong>les</strong></span> <span class='ocrx_word' id='word_1_95' title='bbox 269 1343 325 1385; x_wconf 86' lang='lat' dir='ltr'><strong>ad</strong></span> <span class='ocrx_word' id='word_1_96' title='bbox 337 1344 498 1385; x_wconf 90' lang='lat' dir='ltr'><strong>Christi</strong></span> <span class='ocrx_word' id='word_1_97' title='bbox 513 1344 647 1386; x_wconf 91' lang='lat' dir='ltr'><strong>fidem</strong></span> <span class='ocrx_word' id='word_1_98' title='bbox 662 1345 895 1386; x_wconf 91' lang='lat' dir='ltr'><strong>convertit:</strong></span> <span class='ocrx_word' id='word_1_99' title='bbox 908 1358 1018 1397; x_wconf 89' lang='lat' dir='ltr'><strong>prae-</strong></span> 
     </span>
     <span class='ocr_line' id='line_1_23' title="bbox 189 1400 1019 1452; baseline 0.001 -10"><span class='ocrx_word' id='word_1_100' title='bbox 189 1402 310 1443; x_wconf 88' lang='lat' dir='ltr'><strong>terea</strong></span> <span class='ocrx_word' id='word_1_101' title='bbox 330 1401 498 1452; x_wconf 79' lang='lat' dir='ltr'><strong>aliquot</strong></span> <span class='ocrx_word' id='word_1_102' title='bbox 519 1400 868 1443; x_wconf 89' lang='lat' dir='ltr'><strong>Christianorum</strong></span> <span class='ocrx_word' id='word_1_103' title='bbox 886 1401 1019 1443; x_wconf 89' lang='lat' dir='ltr'><strong>urbes</strong></span> 
     </span>
     <span class='ocr_line' id='line_1_24' title="bbox 190 1457 1019 1510; baseline 0.002 -12"><span class='ocrx_word' id='word_1_104' title='bbox 190 1457 342 1499; x_wconf 90' lang='lat' dir='ltr'><strong>refecit</strong></span> <span class='ocrx_word' id='word_1_105' title='bbox 357 1457 446 1498; x_wconf 90' lang='lat' dir='ltr'><strong>suis</strong></span> <span class='ocrx_word' id='word_1_106' title='bbox 461 1457 721 1510; x_wconf 85' lang='lat' dir='ltr'><strong>sumptibus.</strong></span> <span class='ocrx_word' id='word_1_107' title='bbox 737 1458 918 1500; x_wconf 90' lang='lat' dir='ltr'><strong>Interim</strong></span> <span class='ocrx_word' id='word_1_108' title='bbox 932 1472 1019 1500; x_wconf 92' lang='lat' dir='ltr'><strong>ma-</strong></span> 
     </span>
     <span class='ocr_line' id='line_1_25' title="bbox 189 1514 1019 1568; baseline 0.001 -12"><span class='ocrx_word' id='word_1_109' title='bbox 189 1519 257 1556; x_wconf 91' lang='lat' dir='ltr'><strong>ter</strong></span> <span class='ocrx_word' id='word_1_110' title='bbox 286 1515 376 1565; x_wconf 86' lang='lat' dir='ltr'><strong>ejus</strong></span> <span class='ocrx_word' id='word_1_111' title='bbox 403 1514 562 1567; x_wconf 85' lang='lat' dir='ltr'><strong>migrat</strong></span> <span class='ocrx_word' id='word_1_112' title='bbox 590 1527 614 1556; x_wconf 92' lang='lat' dir='ltr'><strong>e</strong></span> <span class='ocrx_word' id='word_1_113' title='bbox 642 1515 750 1557; x_wconf 91' lang='lat' dir='ltr'><strong>vita:</strong></span> <span class='ocrx_word' id='word_1_114' title='bbox 780 1528 915 1568; x_wconf 89' lang='lat' dir='ltr'><strong>quare</strong></span> <span class='ocrx_word' id='word_1_115' title='bbox 944 1515 1019 1557; x_wconf 92' lang='lat' dir='ltr'><strong>do-</strong></span> 
     </span>
     <span class='ocr_line' id='line_1_26' title="bbox 190 1571 1019 1622; baseline 0.002 -10"><span class='ocrx_word' id='word_1_116' title='bbox 190 1584 310 1612; x_wconf 92' lang='lat' dir='ltr'><strong>mum</strong></span> <span class='ocrx_word' id='word_1_117' title='bbox 333 1571 477 1613; x_wconf 90' lang='lat' dir='ltr'><strong>redire</strong></span> <span class='ocrx_word' id='word_1_118' title='bbox 499 1571 681 1622; x_wconf 86' lang='lat' dir='ltr'><strong>cogitur,</strong></span> <span class='ocrx_word' id='word_1_119' title='bbox 706 1571 782 1614; x_wconf 93' lang='lat' dir='ltr'><strong>ubi</strong></span> <span class='ocrx_word' id='word_1_120' title='bbox 804 1577 949 1614; x_wconf 87' lang='lat' dir='ltr'><strong>totum</strong></span> <span class='ocrx_word' id='word_1_121' title='bbox 972 1586 1019 1614; x_wconf 91' lang='lat' dir='ltr'><strong>se</strong></span> 
     </span>
     <span class='ocr_line' id='line_1_27' title="bbox 190 1626 696 1681; baseline 0 -12"><span class='ocrx_word' id='word_1_122' title='bbox 190 1626 312 1670; x_wconf 86' lang='lat' dir='ltr'><strong>dedit</strong></span> <span class='ocrx_word' id='word_1_123' title='bbox 331 1628 510 1681; x_wconf 90' lang='lat' dir='ltr'><strong>pietatis</strong></span> <span class='ocrx_word' id='word_1_124' title='bbox 530 1628 696 1670; x_wconf 86' lang='lat' dir='ltr'><strong>officiis.</strong></span> 
     </span>
    </p>

    <p class='ocr_par' dir='ltr' id='par_1_8' title="bbox 190 1685 1021 1963">
     <span class='ocr_line' id='line_1_28' title="bbox 245 1685 1021 1741; baseline -0.001 -12"><span class='ocrx_word' id='word_1_125' title='bbox 245 1690 293 1741; x_wconf 64' lang='lat' dir='ltr'><strong>Rv.</strong></span> <span class='ocrx_word' id='word_1_126' title='bbox 334 1685 512 1726; x_wconf 90' lang='lat' dir='ltr'><strong>Amavit</strong></span> <span class='ocrx_word' id='word_1_127' title='bbox 556 1698 656 1726; x_wconf 92' lang='lat' dir='ltr'><strong>eum</strong></span> <span class='ocrx_word' id='word_1_128' title='bbox 697 1686 933 1735; x_wconf 91' lang='lat' dir='ltr'><strong>Dominus,</strong></span> <span class='ocrx_word' id='word_1_129' title='bbox 977 1691 1021 1728; x_wconf 93' lang='lat' dir='ltr'><strong>et</strong></span> 
     </span>
     <span class='ocr_line' id='line_1_29' title="bbox 191 1742 1021 1794; baseline 0.004 -12"><span class='ocrx_word' id='word_1_130' title='bbox 191 1742 363 1784; x_wconf 90' lang='lat' dir='ltr'><strong>ornavit</strong></span> <span class='ocrx_word' id='word_1_131' title='bbox 382 1755 499 1783; x_wconf 87' lang='lat' dir='ltr'><strong>eum:</strong></span> <span class='ocrx_word' id='word_1_132' title='bbox 527 1742 686 1784; x_wconf 90' lang='lat' dir='ltr'><strong>stolam</strong></span> <span class='ocrx_word' id='word_1_133' title='bbox 705 1742 858 1794; x_wconf 78' lang='lat' dir='ltr'><strong>gloriae</strong></span> <span class='ocrx_word' id='word_1_134' title='bbox 880 1743 1021 1785; x_wconf 88' lang='lat' dir='ltr'><strong>induit</strong></span> 
     </span>
     <span class='ocr_line' id='line_1_30' title="bbox 191 1799 1019 1853; baseline 0.004 -14"><span class='ocrx_word' id='word_1_135' title='bbox 191 1811 302 1848; x_wconf 92' lang='lat' dir='ltr'><strong>eum,</strong></span> <span class='ocrx_word' id='word_1_136' title='bbox 321 1803 343 1826; x_wconf 91' lang='lat'>*</span> <span class='ocrx_word' id='word_1_137' title='bbox 362 1799 418 1841; x_wconf 90' lang='lat' dir='ltr'><strong>Et</strong></span> <span class='ocrx_word' id='word_1_138' title='bbox 437 1799 494 1841; x_wconf 88' lang='lat' dir='ltr'><strong>ad</strong></span> <span class='ocrx_word' id='word_1_139' title='bbox 512 1805 665 1853; x_wconf 90' lang='lat' dir='ltr'><strong>portas</strong></span> <span class='ocrx_word' id='word_1_140' title='bbox 684 1799 878 1852; x_wconf 84' lang='lat' dir='ltr'><strong>paradisi</strong></span> <span class='ocrx_word' id='word_1_141' title='bbox 897 1813 1019 1842; x_wconf 93' lang='lat' dir='ltr'><strong>coro-</strong></span> 
     </span>
     <span class='ocr_line' id='line_1_31' title="bbox 191 1854 1020 1906; baseline 0.004 -11"><span class='ocrx_word' id='word_1_142' title='bbox 191 1855 311 1897; x_wconf 88' lang='lat' dir='ltr'><strong>navit</strong></span> <span class='ocrx_word' id='word_1_143' title='bbox 326 1868 436 1897; x_wconf 90' lang='lat' dir='ltr'><strong>eum.</strong></span> <span class='ocrx_word' id='word_1_144' title='bbox 457 1854 509 1906; x_wconf 64' lang='lat' dir='ltr'><strong>V.</strong></span> <span class='ocrx_word' id='word_1_145' title='bbox 523 1856 671 1898; x_wconf 90' lang='lat' dir='ltr'><strong>Induit</strong></span> <span class='ocrx_word' id='word_1_146' title='bbox 690 1869 790 1898; x_wconf 90' lang='lat' dir='ltr'><strong>eum</strong></span> <span class='ocrx_word' id='word_1_147' title='bbox 805 1857 1020 1898; x_wconf 81' lang='lat' dir='ltr'><strong>Dominus</strong></span> 
     </span>
     <span class='ocr_line' id='line_1_32' title="bbox 190 1910 1020 1963; baseline 0.004 -11"><span class='ocrx_word' id='word_1_148' title='bbox 190 1910 372 1953; x_wconf 89' lang='lat' dir='ltr'><strong>loricam</strong></span> <span class='ocrx_word' id='word_1_149' title='bbox 396 1912 514 1963; x_wconf 89' lang='lat' dir='ltr'><strong>fidei,</strong></span> <span class='ocrx_word' id='word_1_150' title='bbox 543 1918 587 1955; x_wconf 92' lang='lat' dir='ltr'><strong>et</strong></span> <span class='ocrx_word' id='word_1_151' title='bbox 610 1914 782 1955; x_wconf 85' lang='lat' dir='ltr'><strong>ornavit</strong></span> <span class='ocrx_word' id='word_1_152' title='bbox 806 1926 916 1955; x_wconf 92' lang='lat' dir='ltr'><strong>eum.</strong></span> <span class='ocrx_word' id='word_1_153' title='bbox 953 1914 1020 1955; x_wconf 89' lang='lat' dir='ltr'><strong>Et.</strong></span> 
     </span>
    </p>

    <p class='ocr_par' dir='ltr' id='par_1_9' title="bbox 494 1971 721 2013">
     <span class='ocr_line' id='line_1_33' title="bbox 494 1971 721 2013; baseline -0.009 -1"><span class='ocrx_word' id='word_1_154' title='bbox 494 1972 647 2013; x_wconf 88' lang='lat' dir='ltr'><strong>Lectio</strong></span> <span class='ocrx_word' id='word_1_155' title='bbox 668 1971 721 2011; x_wconf 87' lang='lat' dir='ltr'><strong>vi.</strong></span> 
     </span>
    </p>

    <p class='ocr_par' dir='ltr' id='par_1_10' title="bbox 193 2022 1021 2128">
     <span class='ocr_line' id='line_1_34' title="bbox 193 2022 1021 2128; baseline 0.004 -63"><span class='ocrx_word' id='word_1_156' title='bbox 193 2022 390 2128; x_wconf 83' lang='lat' dir='ltr'><strong>Multa</strong></span> <span class='ocrx_word' id='word_1_157' title='bbox 414 2025 651 2068; x_wconf 81' lang='lat' dir='ltr'><strong>aedificavit</strong></span> <span class='ocrx_word' id='word_1_158' title='bbox 674 2027 952 2077; x_wconf 90' lang='lat' dir='ltr'><strong>monasteria,</strong></span> <span class='ocrx_word' id='word_1_159' title='bbox 977 2032 1021 2068; x_wconf 92' lang='lat' dir='ltr'><strong>et</strong></span> 
     </span>
    </p>

    <p class='ocr_par' dir='ltr' id='par_1_11' title="bbox 192 2083 1022 2749">
     <span class='ocr_line' id='line_1_35' title="bbox 311 2083 1022 2135; baseline 0.003 -13"><span class='ocrx_word' id='word_1_160' title='bbox 311 2085 557 2135; x_wconf 88' lang='lat' dir='ltr'><strong>pauperum</strong></span> <span class='ocrx_word' id='word_1_161' title='bbox 567 2083 773 2135; x_wconf 88' lang='lat' dir='ltr'><strong>hospitia:</strong></span> <span class='ocrx_word' id='word_1_162' title='bbox 785 2083 1022 2125; x_wconf 90' lang='lat' dir='ltr'><strong>beneficen-</strong></span> 
     </span>
     <span class='ocr_line' id='line_1_36' title="bbox 192 2137 1020 2192; baseline 0.004 -14"><span class='ocrx_word' id='word_1_163' title='bbox 192 2137 253 2178; x_wconf 88' lang='lat' dir='ltr'><strong>tia</strong></span> <span class='ocrx_word' id='word_1_164' title='bbox 285 2140 464 2188; x_wconf 86' lang='lat' dir='ltr'><strong>egentes</strong></span> <span class='ocrx_word' id='word_1_165' title='bbox 501 2138 777 2181; x_wconf 86' lang='lat' dir='ltr'><strong>sublevabat:</strong></span> <span class='ocrx_word' id='word_1_166' title='bbox 814 2140 1020 2192; x_wconf 88' lang='lat' dir='ltr'><strong>frequens</strong></span> 
     </span>
     <span class='ocr_line' id='line_1_37' title="bbox 192 2193 1021 2249; baseline 0.005 -15"><span class='ocrx_word' id='word_1_167' title='bbox 192 2193 363 2236; x_wconf 85' lang='lat' dir='ltr'><strong>visebat</strong></span> <span class='ocrx_word' id='word_1_168' title='bbox 391 2198 599 2246; x_wconf 86' lang='lat' dir='ltr'><strong>aegrotos,</strong></span> <span class='ocrx_word' id='word_1_169' title='bbox 626 2196 784 2247; x_wconf 90' lang='lat' dir='ltr'><strong>quibus</strong></span> <span class='ocrx_word' id='word_1_170' title='bbox 811 2197 906 2249; x_wconf 91' lang='lat' dir='ltr'><strong>ipse</strong></span> <span class='ocrx_word' id='word_1_171' title='bbox 933 2209 1021 2238; x_wconf 91' lang='lat' dir='ltr'><strong>non</strong></span> 
     </span>
     <span class='ocr_line' id='line_1_38' title="bbox 194 2249 1020 2306; baseline 0.007 -17"><span class='ocrx_word' id='word_1_172' title='bbox 194 2249 336 2290; x_wconf 86' lang='lat' dir='ltr'><strong>solum</strong></span> <span class='ocrx_word' id='word_1_173' title='bbox 362 2251 451 2292; x_wconf 90' lang='lat' dir='ltr'><strong>suis</strong></span> <span class='ocrx_word' id='word_1_174' title='bbox 477 2252 726 2304; x_wconf 77' lang='lat' dir='ltr'><strong>sumptibus</strong></span> <span class='ocrx_word' id='word_1_175' title='bbox 751 2253 896 2294; x_wconf 90' lang='lat' dir='ltr'><strong>omnia</strong></span> <span class='ocrx_word' id='word_1_176' title='bbox 920 2266 1020 2306; x_wconf 89' lang='lat' dir='ltr'><strong>sup-</strong></span> 
     </span>
     <span class='ocr_line' id='line_1_39' title="bbox 193 2305 1021 2363; baseline 0.007 -17"><span class='ocrx_word' id='word_1_177' title='bbox 193 2305 441 2358; x_wconf 86' lang='lat' dir='ltr'><strong>peditabat,</strong></span> <span class='ocrx_word' id='word_1_178' title='bbox 477 2308 557 2350; x_wconf 91' lang='lat' dir='ltr'><strong>sed</strong></span> <span class='ocrx_word' id='word_1_179' title='bbox 590 2310 738 2359; x_wconf 88' lang='lat' dir='ltr'><strong>etiam,</strong></span> <span class='ocrx_word' id='word_1_180' title='bbox 776 2323 875 2362; x_wconf 87' lang='lat' dir='ltr'><strong>quae</strong></span> <span class='ocrx_word' id='word_1_181' title='bbox 908 2323 1021 2363; x_wconf 90' lang='lat' dir='ltr'><strong>opus</strong></span> 
     </span>
     <span class='ocr_line' id='line_1_40' title="bbox 194 2365 1021 2412; baseline 0.01 -10"><span class='ocrx_word' id='word_1_182' title='bbox 194 2369 329 2412; x_wconf 84' lang='lat' dir='ltr'><strong>erant,</strong></span> <span class='ocrx_word' id='word_1_183' title='bbox 346 2365 547 2407; x_wconf 85' lang='lat' dir='ltr'><strong>manibus</strong></span> <span class='ocrx_word' id='word_1_184' title='bbox 561 2366 848 2409; x_wconf 87' lang='lat' dir='ltr'><strong>ministrabat.</strong></span> <span class='ocrx_word' id='word_1_185' title='bbox 876 2368 1021 2410; x_wconf 90' lang='lat' dir='ltr'><strong>Vesti-</strong></span> 
     </span>
     <span class='ocr_line' id='line_1_41' title="bbox 193 2419 1021 2476; baseline 0.008 -17"><span class='ocrx_word' id='word_1_186' title='bbox 193 2423 241 2460; x_wconf 94' lang='lat' dir='ltr'><strong>tu</strong></span> <span class='ocrx_word' id='word_1_187' title='bbox 259 2419 427 2471; x_wconf 85' lang='lat' dir='ltr'><strong>vulgari</strong></span> <span class='ocrx_word' id='word_1_188' title='bbox 446 2422 662 2472; x_wconf 91' lang='lat' dir='ltr'><strong>utebatur,</strong></span> <span class='ocrx_word' id='word_1_189' title='bbox 683 2423 825 2465; x_wconf 92' lang='lat' dir='ltr'><strong>cilicio</strong></span> <span class='ocrx_word' id='word_1_190' title='bbox 851 2437 902 2465; x_wconf 86' lang='lat' dir='ltr'><strong>ac</strong></span> <span class='ocrx_word' id='word_1_191' title='bbox 921 2425 1021 2476; x_wconf 90' lang='lat' dir='ltr'><strong>jeju-</strong></span> 
     </span>
     <span class='ocr_line' id='line_1_42' title="bbox 194 2475 1021 2531; baseline 0.008 -15"><span class='ocrx_word' id='word_1_192' title='bbox 194 2475 267 2517; x_wconf 93' lang='lat' dir='ltr'><strong>nio</strong></span> <span class='ocrx_word' id='word_1_193' title='bbox 288 2488 449 2529; x_wconf 89' lang='lat' dir='ltr'><strong>corpus</strong></span> <span class='ocrx_word' id='word_1_194' title='bbox 469 2478 642 2521; x_wconf 86' lang='lat' dir='ltr'><strong>assidue</strong></span> <span class='ocrx_word' id='word_1_195' title='bbox 662 2480 895 2531; x_wconf 89' lang='lat' dir='ltr'><strong>affligebat.</strong></span> <span class='ocrx_word' id='word_1_196' title='bbox 934 2482 1021 2523; x_wconf 90' lang='lat' dir='ltr'><strong>Sed</strong></span> 
     </span>
     <span class='ocr_line' id='line_1_43' title="bbox 195 2535 1021 2586; baseline 0.006 -12"><span class='ocrx_word' id='word_1_197' title='bbox 195 2545 294 2574; x_wconf 89' lang='lat' dir='ltr'><strong>cum</strong></span> <span class='ocrx_word' id='word_1_198' title='bbox 319 2535 476 2574; x_wconf 86' lang='lat' dir='ltr'><strong>iterum</strong></span> <span class='ocrx_word' id='word_1_199' title='bbox 502 2537 830 2586; x_wconf 87' lang='lat' dir='ltr'><strong>transmisisset,</strong></span> <span class='ocrx_word' id='word_1_200' title='bbox 859 2537 1021 2579; x_wconf 91' lang='lat' dir='ltr'><strong>bellum</strong></span> 
     </span>
     <span class='ocr_line' id='line_1_44' title="bbox 194 2589 1022 2644; baseline 0.008 -15"><span class='ocrx_word' id='word_1_201' title='bbox 194 2589 422 2630; x_wconf 85' lang='lat' dir='ltr'><strong>Saracenis</strong></span> <span class='ocrx_word' id='word_1_202' title='bbox 447 2589 656 2640; x_wconf 82' lang='lat' dir='ltr'><strong>illaturus,</strong></span> <span class='ocrx_word' id='word_1_203' title='bbox 680 2594 853 2644; x_wconf 88' lang='lat' dir='ltr'><strong>jamque</strong></span> <span class='ocrx_word' id='word_1_204' title='bbox 877 2600 1022 2636; x_wconf 88' lang='lat' dir='ltr'><strong>castra</strong></span> 
     </span>
     <span class='ocr_line' id='line_1_45' title="bbox 194 2645 1021 2703; baseline 0.008 -17"><span class='ocrx_word' id='word_1_205' title='bbox 194 2645 237 2686; x_wconf 91' lang='lat' dir='ltr'><strong>in</strong></span> <span class='ocrx_word' id='word_1_206' title='bbox 259 2648 411 2687; x_wconf 90' lang='lat' dir='ltr'><strong>eorum</strong></span> <span class='ocrx_word' id='word_1_207' title='bbox 436 2649 677 2699; x_wconf 89' lang='lat' dir='ltr'><strong>conspectu</strong></span> <span class='ocrx_word' id='word_1_208' title='bbox 696 2652 929 2701; x_wconf 78' lang='lat' dir='ltr'><strong>posuisset,</strong></span> <span class='ocrx_word' id='word_1_209' title='bbox 947 2664 1021 2703; x_wconf 91' lang='lat' dir='ltr'><strong>pe-</strong></span> 
     </span>
     <span class='ocr_line' id='line_1_46' title="bbox 195 2702 1022 2749; baseline 0.006 -5"><span class='ocrx_word' id='word_1_210' title='bbox 195 2702 385 2744; x_wconf 84' lang='lat' dir='ltr'><strong>stilentia</strong></span> <span class='ocrx_word' id='word_1_211' title='bbox 418 2702 608 2745; x_wconf 88' lang='lat' dir='ltr'><strong>decessit</strong></span> <span class='ocrx_word' id='word_1_212' title='bbox 633 2704 677 2744; x_wconf 90' lang='lat' dir='ltr'><strong>in</strong></span> <span class='ocrx_word' id='word_1_213' title='bbox 702 2705 777 2747; x_wconf 90' lang='lat' dir='ltr'><strong>illa</strong></span> <span class='ocrx_word' id='word_1_214' title='bbox 805 2707 1022 2749; x_wconf 87' lang='lat' dir='ltr'><strong>oratione:</strong></span> 
     </span>
    </p>
   </div>
   <div class='ocr_carea' id='block_1_4' title="bbox 1066 264 1899 888">
    <p class='ocr_par' dir='ltr' id='par_1_12' title="bbox 1066 264 1899 888">
     <span class='ocr_line' id='line_1_47' title="bbox 1066 264 1895 318; baseline 0 -11"><span class='ocrx_word' id='word_1_215' title='bbox 1066 265 1264 308; x_wconf 87' lang='lat' dir='ltr'><strong>Introibo</strong></span> <span class='ocrx_word' id='word_1_216' title='bbox 1283 265 1328 306; x_wconf 91' lang='lat' dir='ltr'><strong>in</strong></span> <span class='ocrx_word' id='word_1_217' title='bbox 1348 264 1528 307; x_wconf 90' lang='lat' dir='ltr'><strong>domum</strong></span> <span class='ocrx_word' id='word_1_218' title='bbox 1541 269 1678 318; x_wconf 85' lang='lat' dir='ltr'><strong>tuam;</strong></span> <span class='ocrx_word' id='word_1_219' title='bbox 1697 264 1895 307; x_wconf 87' lang='lat' dir='ltr'><strong>adorabo</strong></span> 
     </span>
     <span class='ocr_line' id='line_1_48' title="bbox 1068 323 1895 375; baseline 0 -10"><span class='ocrx_word' id='word_1_220' title='bbox 1068 323 1125 365; x_wconf 89' lang='lat' dir='ltr'><strong>ad</strong></span> <span class='ocrx_word' id='word_1_221' title='bbox 1142 323 1356 375; x_wconf 90' lang='lat' dir='ltr'><strong>templum</strong></span> <span class='ocrx_word' id='word_1_222' title='bbox 1371 326 1573 364; x_wconf 86' lang='lat' dir='ltr'><strong>sanctum</strong></span> <span class='ocrx_word' id='word_1_223' title='bbox 1585 327 1720 373; x_wconf 90' lang='lat' dir='ltr'><strong>tuum,</strong></span> <span class='ocrx_word' id='word_1_224' title='bbox 1736 326 1781 365; x_wconf 88' lang='lat' dir='ltr'><strong>et</strong></span> <span class='ocrx_word' id='word_1_225' title='bbox 1795 336 1895 365; x_wconf 91' lang='lat' dir='ltr'><strong>con·</strong></span> 
     </span>
     <span class='ocr_line' id='line_1_49' title="bbox 1067 378 1896 432; baseline 0 -11"><span class='ocrx_word' id='word_1_226' title='bbox 1067 379 1228 421; x_wconf 91' lang='lat' dir='ltr'><strong>fitebor</strong></span> <span class='ocrx_word' id='word_1_227' title='bbox 1258 378 1423 421; x_wconf 90' lang='lat' dir='ltr'><strong>nomini</strong></span> <span class='ocrx_word' id='word_1_228' title='bbox 1453 383 1543 421; x_wconf 92' lang='lat' dir='ltr'><strong>tuo.</strong></span> <span class='ocrx_word' id='word_1_229' title='bbox 1596 379 1703 431; x_wconf 90' lang='lat' dir='ltr'><strong>Ejus</strong></span> <span class='ocrx_word' id='word_1_230' title='bbox 1734 391 1896 432; x_wconf 87' lang='lat' dir='ltr'><strong>corpus</strong></span> 
     </span>
     <span class='ocr_line' id='line_1_50' title="bbox 1067 435 1897 490; baseline -0.001 -11"><span class='ocrx_word' id='word_1_231' title='bbox 1067 439 1226 490; x_wconf 88' lang='lat' dir='ltr'><strong>postea</strong></span> <span class='ocrx_word' id='word_1_232' title='bbox 1239 436 1460 478; x_wconf 87' lang='lat' dir='ltr'><strong>Lutetiam</strong></span> <span class='ocrx_word' id='word_1_233' title='bbox 1472 435 1743 478; x_wconf 81' lang='lat' dir='ltr'><strong>Parisiorum</strong></span> <span class='ocrx_word' id='word_1_234' title='bbox 1759 441 1897 478; x_wconf 87' lang='lat' dir='ltr'><strong>trans-</strong></span> 
     </span>
     <span class='ocr_line' id='line_1_51' title="bbox 1068 491 1898 545; baseline 0 -11"><span class='ocrx_word' id='word_1_235' title='bbox 1068 493 1205 535; x_wconf 89' lang='lat' dir='ltr'><strong>latum</strong></span> <span class='ocrx_word' id='word_1_236' title='bbox 1234 497 1318 543; x_wconf 91' lang='lat' dir='ltr'><strong>est,</strong></span> <span class='ocrx_word' id='word_1_237' title='bbox 1348 492 1469 545; x_wconf 93' lang='lat' dir='ltr'><strong>quod</strong></span> <span class='ocrx_word' id='word_1_238' title='bbox 1495 493 1539 533; x_wconf 91' lang='lat' dir='ltr'><strong>in</strong></span> <span class='ocrx_word' id='word_1_239' title='bbox 1567 491 1730 535; x_wconf 86' lang='lat' dir='ltr'><strong>celebri</strong></span> <span class='ocrx_word' id='word_1_240' title='bbox 1758 493 1898 535; x_wconf 88' lang='lat' dir='ltr'><strong>sancti</strong></span> 
     </span>
     <span class='ocr_line' id='line_1_52' title="bbox 1068 548 1898 603; baseline 0.001 -13"><span class='ocrx_word' id='word_1_241' title='bbox 1068 549 1270 603; x_wconf 75' lang='lat' dir='ltr'><strong>Dionysii</strong></span> <span class='ocrx_word' id='word_1_242' title='bbox 1283 548 1452 602; x_wconf 79' lang='lat' dir='ltr'><strong>templo</strong></span> <span class='ocrx_word' id='word_1_243' title='bbox 1471 551 1722 592; x_wconf 88' lang='lat' dir='ltr'><strong>asservatur</strong></span> <span class='ocrx_word' id='word_1_244' title='bbox 1737 554 1781 591; x_wconf 94' lang='lat' dir='ltr'><strong>et</strong></span> <span class='ocrx_word' id='word_1_245' title='bbox 1796 549 1898 591; x_wconf 92' lang='lat' dir='ltr'><strong>coli-</strong></span> 
     </span>
     <span class='ocr_line' id='line_1_53' title="bbox 1068 606 1898 659; baseline 0.001 -12"><span class='ocrx_word' id='word_1_246' title='bbox 1068 611 1157 657; x_wconf 86' lang='lat' dir='ltr'><strong>tur;</strong></span> <span class='ocrx_word' id='word_1_247' title='bbox 1183 611 1316 659; x_wconf 90' lang='lat' dir='ltr'><strong>caput</strong></span> <span class='ocrx_word' id='word_1_248' title='bbox 1339 619 1445 648; x_wconf 92' lang='lat' dir='ltr'><strong>vero</strong></span> <span class='ocrx_word' id='word_1_249' title='bbox 1470 606 1514 647; x_wconf 91' lang='lat' dir='ltr'><strong>in</strong></span> <span class='ocrx_word' id='word_1_250' title='bbox 1537 619 1663 648; x_wconf 90' lang='lat' dir='ltr'><strong>sacra</strong></span> <span class='ocrx_word' id='word_1_251' title='bbox 1687 606 1784 648; x_wconf 78' lang='lat' dir='ltr'><strong>aede</strong></span> <span class='ocrx_word' id='word_1_252' title='bbox 1803 619 1898 648; x_wconf 90' lang='lat' dir='ltr'><strong>san-</strong></span> 
     </span>
     <span class='ocr_line' id='line_1_54' title="bbox 1070 662 1899 716; baseline -0.001 -11"><span class='ocrx_word' id='word_1_253' title='bbox 1070 667 1152 705; x_wconf 90' lang='lat' dir='ltr'><strong>ctae</strong></span> <span class='ocrx_word' id='word_1_254' title='bbox 1169 662 1372 716; x_wconf 88' lang='lat' dir='ltr'><strong>Capellae.</strong></span> <span class='ocrx_word' id='word_1_255' title='bbox 1399 663 1503 716; x_wconf 90' lang='lat' dir='ltr'><strong>Ipse</strong></span> <span class='ocrx_word' id='word_1_256' title='bbox 1521 663 1664 704; x_wconf 88' lang='lat' dir='ltr'><strong>clarus</strong></span> <span class='ocrx_word' id='word_1_257' title='bbox 1677 663 1899 705; x_wconf 90' lang='lat' dir='ltr'><strong>miraculis</strong></span> 
     </span>
     <span class='ocr_line' id='line_1_55' title="bbox 1070 719 1897 773; baseline 0 -12"><span class='ocrx_word' id='word_1_258' title='bbox 1070 733 1095 761; x_wconf 90' lang='lat' dir='ltr'><strong>a</strong></span> <span class='ocrx_word' id='word_1_259' title='bbox 1122 719 1353 762; x_wconf 88' lang='lat' dir='ltr'><strong>Bonifacio</strong></span> <span class='ocrx_word' id='word_1_260' title='bbox 1384 720 1507 773; x_wconf 92' lang='lat' dir='ltr'><strong>Papa</strong></span> <span class='ocrx_word' id='word_1_261' title='bbox 1539 722 1700 763; x_wconf 89' lang='lat' dir='ltr'><strong>octavo</strong></span> <span class='ocrx_word' id='word_1_262' title='bbox 1730 720 1776 761; x_wconf 92' lang='lat' dir='ltr'><strong>in</strong></span> <span class='ocrx_word' id='word_1_263' title='bbox 1803 733 1897 762; x_wconf 88' lang='lat' dir='ltr'><strong>san-</strong></span> 
     </span>
     <span class='ocr_line' id='line_1_56' title="bbox 1070 777 1770 820; baseline -0.003 -1"><span class='ocrx_word' id='word_1_264' title='bbox 1070 780 1243 820; x_wconf 88' lang='lat' dir='ltr'><strong>ctorum</strong></span> <span class='ocrx_word' id='word_1_265' title='bbox 1259 780 1488 819; x_wconf 90' lang='lat' dir='ltr'><strong>numerum</strong></span> <span class='ocrx_word' id='word_1_266' title='bbox 1507 782 1575 820; x_wconf 89' lang='lat' dir='ltr'><strong>est</strong></span> <span class='ocrx_word' id='word_1_267' title='bbox 1594 777 1770 820; x_wconf 88' lang='lat' dir='ltr'><strong>relatus.</strong></span> 
     </span>
     <span class='ocr_line' id='line_1_57' title="bbox 1124 833 1462 888; baseline -0.003 -12"><span class='ocrx_word' id='word_1_268' title='bbox 1124 836 1178 888; x_wconf 71' lang='lat' dir='ltr'><strong>R.</strong></span> <span class='ocrx_word' id='word_1_269' title='bbox 1199 835 1290 877; x_wconf 88' lang='lat' dir='ltr'><strong>Iste</strong></span> <span class='ocrx_word' id='word_1_270' title='bbox 1316 833 1462 876; x_wconf 92' lang='lat' dir='ltr'><strong>homo.</strong></span> 
     </span>
    </p>
   </div>
   <div class='ocr_carea' id='block_1_5' title="bbox 1124 888 1899 944">
    <p class='ocr_par' dir='ltr' id='par_1_13' title="bbox 1124 888 1899 944">
     <span class='ocr_line' id='line_1_58' title="bbox 1124 888 1899 944; baseline -0.004 -6"><span class='ocrx_word' id='word_1_271' title='bbox 1124 903 1169 938; x_wconf 84' lang='lat' dir='ltr'><strong>In</strong></span> <span class='ocrx_word' id='word_1_272' title='bbox 1185 902 1250 937; x_wconf 91' lang='lat'><strong>111.</strong></span> <span class='ocrx_word' id='word_1_273' title='bbox 1267 902 1376 936; x_wconf 83' lang='lat' dir='ltr'><strong>Noet.</strong></span> <span class='ocrx_word' id='word_1_274' title='bbox 1394 901 1536 936; x_wconf 79' lang='lat' dir='ltr'><strong>Homii.</strong></span> <span class='ocrx_word' id='word_1_275' title='bbox 1555 901 1594 935; x_wconf 75' lang='lat' dir='ltr'><strong>in</strong></span> <span class='ocrx_word' id='word_1_276' title='bbox 1610 888 1756 944; x_wconf 74' lang='lat' dir='ltr'><strong>Evang&#39;.</strong></span> <span class='ocrx_word' id='word_1_277' title='bbox 1773 900 1899 936; x_wconf 84' lang='lat' dir='ltr'><strong>Homo</strong></span> 
     </span>
    </p>
   </div>
   <div class='ocr_carea' id='block_1_6' title="bbox 1072 948 1966 994">
    <p class='ocr_par' dir='ltr' id='par_1_14' title="bbox 1072 948 1966 994">
     <span class='ocr_line' id='line_1_59' title="bbox 1072 948 1966 994; baseline -0.002 -9"><span class='ocrx_word' id='word_1_278' title='bbox 1072 950 1241 994; x_wconf 85' lang='lat' dir='ltr'><strong>quidam.</strong></span> <span class='ocrx_word' id='word_1_279' title='bbox 1270 955 1310 985; x_wconf 88' lang='lat' dir='ltr'><strong>ut</strong></span> <span class='ocrx_word' id='word_1_280' title='bbox 1334 950 1374 984; x_wconf 90' lang='lat' dir='ltr'><strong>in</strong></span> <span class='ocrx_word' id='word_1_281' title='bbox 1397 950 1509 984; x_wconf 88' lang='lat' dir='ltr'><strong>Brcv.</strong></span> <span class='ocrx_word' id='word_1_282' title='bbox 1533 949 1574 983; x_wconf 91' lang='lat' dir='ltr'><strong>in</strong></span> <span class='ocrx_word' id='word_1_283' title='bbox 1598 949 1697 984; x_wconf 87' lang='lat' dir='ltr'><strong>festo</strong></span> <span class='ocrx_word' id='word_1_284' title='bbox 1720 948 1755 984; x_wconf 93' lang='lat' dir='ltr'><strong>S.</strong></span> <span class='ocrx_word' id='word_1_285' title='bbox 1772 948 1903 993; x_wconf 86' lang='lat' dir='ltr'><strong>Steph.</strong></span> <span class='ocrx_word' id='word_1_286' title='bbox 1962 969 1966 974; x_wconf 70' lang='lat'><strong><em>‹</em></strong></span> 
     </span>
    </p>
   </div>
   <div class='ocr_carea' id='block_1_7' title="bbox 1074 998 1903 1274">
    <p class='ocr_par' dir='ltr' id='par_1_15' title="bbox 1074 998 1570 1043">
     <span class='ocr_line' id='line_1_60' title="bbox 1074 998 1570 1043; baseline -0.004 -9"><span class='ocrx_word' id='word_1_287' title='bbox 1074 1001 1164 1043; x_wconf 64' lang='lat' dir='ltr'><strong>Reg.</strong></span> <span class='ocrx_word' id='word_1_288' title='bbox 1191 999 1299 1034; x_wconf 90' lang='lat' dir='ltr'><strong>Conf.</strong></span> <span class='ocrx_word' id='word_1_289' title='bbox 1326 999 1388 1033; x_wconf 87' lang='lat' dir='ltr'><strong>dic</strong></span> <span class='ocrx_word' id='word_1_290' title='bbox 1412 999 1442 1032; x_wconf 83' lang='lat'><strong>2.</strong></span> <span class='ocrx_word' id='word_1_291' title='bbox 1468 998 1570 1041; x_wconf 85' lang='lat' dir='ltr'><strong>Sept.</strong></span> 
     </span>
    </p>

    <p class='ocr_par' dir='ltr' id='par_1_16' title="bbox 1074 1046 1903 1224">
     <span class='ocr_line' id='line_1_61' title="bbox 1126 1046 1903 1090; baseline -0.003 -8"><span class='ocrx_word' id='word_1_292' title='bbox 1126 1048 1258 1083; x_wconf 84' lang='lat' dir='ltr'><strong>Lectio</strong></span> <span class='ocrx_word' id='word_1_293' title='bbox 1290 1048 1339 1082; x_wconf 83' lang='lat' dir='ltr'><strong>ix.</strong></span> <span class='ocrx_word' id='word_1_294' title='bbox 1372 1047 1419 1081; x_wconf 89' lang='lat' dir='ltr'><strong>de</strong></span> <span class='ocrx_word' id='word_1_295' title='bbox 1451 1047 1487 1081; x_wconf 90' lang='lat' dir='ltr'><strong>S.</strong></span> <span class='ocrx_word' id='word_1_296' title='bbox 1520 1046 1709 1090; x_wconf 72' lang='lat' dir='ltr'><strong>AEgydio,</strong></span> <span class='ocrx_word' id='word_1_297' title='bbox 1746 1046 1792 1080; x_wconf 90' lang='lat' dir='ltr'><strong>de</strong></span> <span class='ocrx_word' id='word_1_298' title='bbox 1826 1055 1903 1089; x_wconf 91' lang='lat' dir='ltr'><strong>quo</strong></span> 
     </span>
     <span class='ocr_line' id='line_1_62' title="bbox 1074 1095 1881 1138; baseline -0.005 -6"><span class='ocrx_word' id='word_1_299' title='bbox 1074 1108 1208 1132; x_wconf 86' lang='lat' dir='ltr'><strong>comm.</strong></span> <span class='ocrx_word' id='word_1_300' title='bbox 1234 1097 1273 1130; x_wconf 91' lang='lat' dir='ltr'><strong>in</strong></span> <span class='ocrx_word' id='word_1_301' title='bbox 1297 1096 1428 1138; x_wconf 90' lang='lat' dir='ltr'><strong>Laud.,</strong></span> <span class='ocrx_word' id='word_1_302' title='bbox 1454 1106 1498 1130; x_wconf 87' lang='lat' dir='ltr'><strong>ac</strong></span> <span class='ocrx_word' id='word_1_303' title='bbox 1522 1095 1579 1130; x_wconf 83' lang='lat' dir='ltr'><strong>Ss.</strong></span> <span class='ocrx_word' id='word_1_304' title='bbox 1597 1095 1673 1129; x_wconf 91' lang='lat' dir='ltr'><strong>XII</strong></span> <span class='ocrx_word' id='word_1_305' title='bbox 1695 1095 1881 1129; x_wconf 85' lang='lat' dir='ltr'><strong>Fratrum.</strong></span> 
     </span>
     <span class='ocr_line' id='line_1_63' title="bbox 1255 1170 1716 1224; baseline -0.002 -12"><span class='ocrx_word' id='word_1_306' title='bbox 1255 1171 1340 1213; x_wconf 92' lang='lat' dir='ltr'><strong>Die</strong></span> <span class='ocrx_word' id='word_1_307' title='bbox 1367 1173 1404 1212; x_wconf 87' lang='lat'><strong>3.</strong></span> <span class='ocrx_word' id='word_1_308' title='bbox 1432 1170 1716 1224; x_wconf 83' lang='lat' dir='ltr'><strong>Septembris.</strong></span> 
     </span>
    </p>

    <p class='ocr_par' dir='ltr' id='par_1_17' title="bbox 1279 1232 1701 1274">
     <span class='ocr_line' id='line_1_64' title="bbox 1279 1232 1701 1274; baseline -0.002 -7"><span class='ocrx_word' id='word_1_309' title='bbox 1279 1234 1386 1274; x_wconf 74' lang='lat' dir='ltr'><strong>(Dies</strong></span> <span class='ocrx_word' id='word_1_310' title='bbox 1405 1244 1479 1267; x_wconf 83' lang='lat' dir='ltr'><strong>ass.</strong></span> <span class='ocrx_word' id='word_1_311' title='bbox 1499 1243 1547 1267; x_wconf 88' lang='lat' dir='ltr'><strong>ex</strong></span> <span class='ocrx_word' id='word_1_312' title='bbox 1561 1233 1594 1267; x_wconf 83' lang='lat' dir='ltr'><strong>S.</strong></span> <span class='ocrx_word' id='word_1_313' title='bbox 1612 1232 1701 1274; x_wconf 87' lang='lat' dir='ltr'><strong>Jul.)</strong></span> 
     </span>
    </p>
   </div>
   <div class='ocr_carea' id='block_1_8' title="bbox 1073 1287 1904 1340">
    <p class='ocr_par' dir='ltr' id='par_1_18' title="bbox 1073 1287 1904 1340">
     <span class='ocr_line' id='line_1_65' title="bbox 1073 1287 1904 1340; baseline 0.002 -12"><span class='ocrx_word' id='word_1_314' title='bbox 1073 1288 1116 1329; x_wconf 88' lang='lat' dir='ltr'><strong>S.</strong></span> <span class='ocrx_word' id='word_1_315' title='bbox 1134 1287 1396 1330; x_wconf 76' lang='lat' dir='ltr'><strong>Elisabeth</strong></span> <span class='ocrx_word' id='word_1_316' title='bbox 1416 1290 1523 1339; x_wconf 85' lang='lat' dir='ltr'><strong>Reg.</strong></span> <span class='ocrx_word' id='word_1_317' title='bbox 1546 1289 1790 1340; x_wconf 89' lang='lat' dir='ltr'><strong>Portugall.‚</strong></span> <span class='ocrx_word' id='word_1_318' title='bbox 1805 1289 1904 1330; x_wconf 89' lang='lat' dir='ltr'><strong>Vid.</strong></span> 
     </span>
    </p>
   </div>
   <div class='ocr_carea' id='block_1_9' title="bbox 1358 1350 1620 1393">
    <p class='ocr_par' dir='ltr' id='par_1_19' title="bbox 1358 1350 1620 1393">
     <span class='ocr_line' id='line_1_66' title="bbox 1358 1350 1620 1393; baseline -0.004 -8"><span class='ocrx_word' id='word_1_319' title='bbox 1358 1350 1620 1393; x_wconf 81' lang='lat' dir='ltr'><strong>Semiduplex.</strong></span> 
     </span>
    </p>
   </div>
   <div class='ocr_carea' id='block_1_10' title="bbox 1275 1146 1899 1153">
    <p class='ocr_par' dir='ltr' id='par_1_20' title="bbox 1275 1146 1899 1153">
     <span class='ocr_line' id='line_1_67' title="bbox 1275 1146 1899 1153; baseline 0 0"><span class='ocrx_word' id='word_1_320' title='bbox 1275 1146 1899 1153; x_wconf 95' lang='lat' dir='ltr'><strong> </strong></span> 
     </span>
    </p>
   </div>
   <div class='ocr_carea' id='block_1_11' title="bbox 1075 1408 1905 1628">
    <p class='ocr_par' dir='ltr' id='par_1_21' title="bbox 1075 1408 1905 1628">
     <span class='ocr_line' id='line_1_68' title="bbox 1292 1408 1682 1459; baseline 0.003 -9"><span class='ocrx_word' id='word_1_321' title='bbox 1292 1409 1354 1450; x_wconf 88' lang='lat' dir='ltr'><strong>In</strong></span> <span class='ocrx_word' id='word_1_322' title='bbox 1373 1409 1409 1450; x_wconf 91' lang='grc' dir='ltr'><strong>Ι.</strong></span> <span class='ocrx_word' id='word_1_323' title='bbox 1429 1408 1682 1459; x_wconf 79' lang='lat' dir='ltr'><strong>vesperis.</strong></span> 
     </span>
     <span class='ocr_line' id='line_1_69' title="bbox 1126 1470 1905 1515; baseline 0 -11"><span class='ocrx_word' id='word_1_324' title='bbox 1126 1471 1212 1505; x_wconf 81' lang='lat' dir='ltr'><strong>Ant.</strong></span> <span class='ocrx_word' id='word_1_325' title='bbox 1246 1476 1282 1505; x_wconf 86' lang='lat' dir='ltr'><strong>et</strong></span> <span class='ocrx_word' id='word_1_326' title='bbox 1311 1471 1435 1515; x_wconf 85' lang='lat' dir='ltr'><strong>Capit.</strong></span> <span class='ocrx_word' id='word_1_327' title='bbox 1469 1472 1515 1506; x_wconf 91' lang='lat' dir='ltr'><strong>de</strong></span> <span class='ocrx_word' id='word_1_328' title='bbox 1545 1471 1664 1506; x_wconf 86' lang='lat' dir='ltr'><strong>Laud.</strong></span> <span class='ocrx_word' id='word_1_329' title='bbox 1693 1470 1740 1506; x_wconf 80' lang='lat'><strong>8*</strong></span> <span class='ocrx_word' id='word_1_330' title='bbox 1773 1470 1835 1504; x_wconf 87' lang='lat' dir='ltr'><strong>Ps.</strong></span> <span class='ocrx_word' id='word_1_331' title='bbox 1863 1474 1905 1504; x_wconf 95' lang='lat' dir='ltr'><strong>ut</strong></span> 
     </span>
     <span class='ocr_line' id='line_1_70' title="bbox 1075 1519 1748 1564; baseline 0.003 -11"><span class='ocrx_word' id='word_1_332' title='bbox 1075 1520 1114 1554; x_wconf 88' lang='grc'><strong>111</strong></span> <span class='ocrx_word' id='word_1_333' title='bbox 1138 1519 1164 1554; x_wconf 90' lang='grc' dir='ltr'><strong>Ι.</strong></span> <span class='ocrx_word' id='word_1_334' title='bbox 1190 1520 1374 1563; x_wconf 76' lang='lat' dir='ltr'><strong>Vesperis</strong></span> <span class='ocrx_word' id='word_1_335' title='bbox 1399 1520 1446 1554; x_wconf 87' lang='lat' dir='ltr'><strong>de</strong></span> <span class='ocrx_word' id='word_1_336' title='bbox 1471 1520 1618 1555; x_wconf 89' lang='lat' dir='ltr'><strong>Comm.</strong></span> <span class='ocrx_word' id='word_1_337' title='bbox 1643 1520 1748 1564; x_wconf 87' lang='lat' dir='ltr'><strong>Virg.</strong></span> 
     </span>
     <span class='ocr_line' id='line_1_71' title="bbox 1385 1577 1598 1628; baseline 0 -11"><span class='ocrx_word' id='word_1_338' title='bbox 1385 1577 1598 1628; x_wconf 89' lang='lat' dir='ltr'><strong>Hymnus.</strong></span> 
     </span>
    </p>
   </div>
   <div class='ocr_carea' id='block_1_12' title="bbox 1073 1634 1905 2752">
    <p class='ocr_par' dir='ltr' id='par_1_22' title="bbox 1076 1634 1902 1742">
     <span class='ocr_line' id='line_1_72' title="bbox 1076 1634 1902 1742; baseline -0.004 -63"><span class='ocrx_word' id='word_1_339' title='bbox 1076 1636 1313 1742; x_wconf 90' lang='lat' dir='ltr'><strong>Domare</strong></span> <span class='ocrx_word' id='word_1_340' title='bbox 1354 1635 1503 1736; x_wconf 57' lang='lat' dir='ltr'><strong>C‘ssrdis</strong></span> <span class='ocrx_word' id='word_1_341' title='bbox 1539 1638 1731 1689; x_wconf 84' lang='lat' dir='ltr'><strong>impetus</strong></span> <span class='ocrx_word' id='word_1_342' title='bbox 1765 1634 1902 1677; x_wconf 87' lang='lat' dir='ltr'><strong>Elisa-</strong></span> 
     </span>
     <span class='ocr_line' id='line_1_73' title="bbox 1417 1693 1491 1735; baseline -0.014 0"><span class='ocrx_word' id='word_1_343' title='bbox 1417 1693 1491 1735; x_wconf 90' lang='lat' dir='ltr'><strong>eth</strong></span> 
     </span>
    </p>

    <p class='ocr_par' dir='ltr' id='par_1_23' title="bbox 1125 1749 1639 1803">
     <span class='ocr_line' id='line_1_74' title="bbox 1125 1749 1639 1803; baseline -0.004 -11"><span class='ocrx_word' id='word_1_344' title='bbox 1125 1751 1285 1801; x_wconf 91' lang='lat' dir='ltr'><strong>Fortis,</strong></span> <span class='ocrx_word' id='word_1_345' title='bbox 1304 1751 1522 1803; x_wconf 90' lang='lat' dir='ltr'><strong>inopsque</strong></span> <span class='ocrx_word' id='word_1_346' title='bbox 1541 1749 1639 1791; x_wconf 91' lang='lat' dir='ltr'><strong>Deo</strong></span> 
     </span>
    </p>

    <p class='ocr_par' dir='ltr' id='par_1_24' title="bbox 1125 1805 1693 1859">
     <span class='ocr_line' id='line_1_75' title="bbox 1125 1805 1693 1859; baseline -0.004 -11"><span class='ocrx_word' id='word_1_347' title='bbox 1125 1807 1310 1857; x_wconf 89' lang='lat' dir='ltr'><strong>Servire‚</strong></span> <span class='ocrx_word' id='word_1_348' title='bbox 1330 1819 1466 1858; x_wconf 88' lang='lat' dir='ltr'><strong>regno</strong></span> <span class='ocrx_word' id='word_1_349' title='bbox 1486 1805 1693 1859; x_wconf 77' lang='lat' dir='ltr'><strong>praetulit.</strong></span> 
     </span>
    </p>

    <p class='ocr_par' dir='ltr' id='par_1_25' title="bbox 1075 1860 1870 1916">
     <span class='ocr_line' id='line_1_76' title="bbox 1075 1860 1870 1916; baseline -0.003 -12"><span class='ocrx_word' id='word_1_350' title='bbox 1075 1864 1144 1904; x_wconf 88' lang='lat' dir='ltr'><strong>En</strong></span> <span class='ocrx_word' id='word_1_351' title='bbox 1163 1864 1341 1915; x_wconf 84' lang='lat' dir='ltr'><strong>fulgidis</strong></span> <span class='ocrx_word' id='word_1_352' title='bbox 1361 1865 1540 1916; x_wconf 88' lang='lat' dir='ltr'><strong>recepta</strong></span> <span class='ocrx_word' id='word_1_353' title='bbox 1559 1862 1660 1904; x_wconf 91' lang='grc'><strong>00011</strong></span> <span class='ocrx_word' id='word_1_354' title='bbox 1680 1860 1870 1912; x_wconf 86' lang='lat' dir='ltr'><strong>sedibus,</strong></span> 
     </span>
    </p>

    <p class='ocr_par' dir='ltr' id='par_1_26' title="bbox 1126 1920 1587 1974">
     <span class='ocr_line' id='line_1_77' title="bbox 1126 1920 1587 1974; baseline -0.002 -12"><span class='ocrx_word' id='word_1_355' title='bbox 1126 1920 1408 1974; x_wconf 80' lang='lat' dir='ltr'><strong>Sidereaeque</strong></span> <span class='ocrx_word' id='word_1_356' title='bbox 1429 1920 1587 1962; x_wconf 91' lang='lat' dir='ltr'><strong>domus</strong></span> 
     </span>
    </p>

    <p class='ocr_par' dir='ltr' id='par_1_27' title="bbox 1125 1975 1663 2028">
     <span class='ocr_line' id='line_1_78' title="bbox 1125 1975 1663 2028; baseline -0.002 -10"><span class='ocrx_word' id='word_1_357' title='bbox 1125 1977 1277 2020; x_wconf 90' lang='lat' dir='ltr'><strong>Ditata</strong></span> <span class='ocrx_word' id='word_1_358' title='bbox 1297 1978 1460 2020; x_wconf 89' lang='lat' dir='ltr'><strong>sanctis</strong></span> <span class='ocrx_word' id='word_1_359' title='bbox 1479 1975 1663 2028; x_wconf 88' lang='lat' dir='ltr'><strong>gaudiis.</strong></span> 
     </span>
    </p>

    <p class='ocr_par' dir='ltr' id='par_1_28' title="bbox 1081 2031 1905 2086">
     <span class='ocr_line' id='line_1_79' title="bbox 1081 2031 1905 2086; baseline -0.007 -8"><span class='ocrx_word' id='word_1_360' title='bbox 1081 2038 1204 2078; x_wconf 91' lang='lat' dir='ltr'><strong>Nunc</strong></span> <span class='ocrx_word' id='word_1_361' title='bbox 1223 2040 1378 2086; x_wconf 85' lang='lat' dir='ltr'><strong>regnat</strong></span> <span class='ocrx_word' id='word_1_362' title='bbox 1395 2035 1509 2076; x_wconf 92' lang='lat' dir='ltr'><strong>inter</strong></span> <span class='ocrx_word' id='word_1_363' title='bbox 1532 2033 1703 2076; x_wconf 70' lang='lat' dir='ltr'><strong>coelites</strong></span> <span class='ocrx_word' id='word_1_364' title='bbox 1721 2031 1905 2081; x_wconf 90' lang='lat' dir='ltr'><strong>beatior,</strong></span> 
     </span>
    </p>

    <p class='ocr_par' dir='ltr' id='par_1_29' title="bbox 1126 2089 1696 2145">
     <span class='ocr_line' id='line_1_80' title="bbox 1126 2089 1696 2145; baseline -0.009 -10"><span class='ocrx_word' id='word_1_365' title='bbox 1126 2095 1183 2135; x_wconf 90' lang='lat' dir='ltr'><strong>Et</strong></span> <span class='ocrx_word' id='word_1_366' title='bbox 1202 2091 1364 2145; x_wconf 90' lang='lat' dir='ltr'><strong>premit</strong></span> <span class='ocrx_word' id='word_1_367' title='bbox 1383 2092 1511 2141; x_wconf 86' lang='lat' dir='ltr'><strong>astra,</strong></span> <span class='ocrx_word' id='word_1_368' title='bbox 1532 2089 1696 2132; x_wconf 90' lang='lat' dir='ltr'><strong>docens</strong></span> 
     </span>
    </p>

    <p class='ocr_par' dir='ltr' id='par_1_30' title="bbox 1128 2146 1756 2201">
     <span class='ocr_line' id='line_1_81' title="bbox 1128 2146 1756 2201; baseline -0.01 -9"><span class='ocrx_word' id='word_1_369' title='bbox 1128 2152 1237 2201; x_wconf 88' lang='lat' dir='ltr'><strong>Quae</strong></span> <span class='ocrx_word' id='word_1_370' title='bbox 1256 2161 1361 2191; x_wconf 89' lang='lat' dir='ltr'><strong>vera</strong></span> <span class='ocrx_word' id='word_1_371' title='bbox 1380 2149 1466 2190; x_wconf 89' lang='lat' dir='ltr'><strong>sint</strong></span> <span class='ocrx_word' id='word_1_372' title='bbox 1484 2147 1608 2199; x_wconf 87' lang='lat' dir='ltr'><strong>regni</strong></span> <span class='ocrx_word' id='word_1_373' title='bbox 1627 2146 1756 2188; x_wconf 89' lang='lat' dir='ltr'><strong>bona.</strong></span> 
     </span>
    </p>

    <p class='ocr_par' dir='ltr' id='par_1_31' title="bbox 1082 2202 1815 2260">
     <span class='ocr_line' id='line_1_82' title="bbox 1082 2202 1815 2260; baseline -0.007 -12"><span class='ocrx_word' id='word_1_374' title='bbox 1082 2208 1195 2250; x_wconf 82' lang='lat' dir='ltr'><strong>Patri</strong></span> <span class='ocrx_word' id='word_1_375' title='bbox 1214 2208 1426 2260; x_wconf 86' lang='lat' dir='ltr'><strong>potestas,</strong></span> <span class='ocrx_word' id='word_1_376' title='bbox 1444 2204 1647 2256; x_wconf 90' lang='lat' dir='ltr'><strong>Filioque</strong></span> <span class='ocrx_word' id='word_1_377' title='bbox 1665 2202 1815 2254; x_wconf 85' lang='lat' dir='ltr'><strong>gloria,</strong></span> 
     </span>
    </p>

    <p class='ocr_par' dir='ltr' id='par_1_32' title="bbox 1126 2261 1640 2317">
     <span class='ocr_line' id='line_1_83' title="bbox 1126 2261 1640 2317; baseline -0.01 -11"><span class='ocrx_word' id='word_1_378' title='bbox 1126 2265 1484 2317; x_wconf 91' lang='lat' dir='ltr'><strong>Perpetuumque</strong></span> <span class='ocrx_word' id='word_1_379' title='bbox 1504 2261 1640 2302; x_wconf 90' lang='lat' dir='ltr'><strong>decus</strong></span> 
     </span>
    </p>

    <p class='ocr_par' dir='ltr' id='par_1_33' title="bbox 1126 2317 1834 2370">
     <span class='ocr_line' id='line_1_84' title="bbox 1126 2317 1834 2370; baseline -0.01 -8"><span class='ocrx_word' id='word_1_380' title='bbox 1126 2321 1226 2363; x_wconf 89' lang='lat' dir='ltr'><strong>Tibi</strong></span> <span class='ocrx_word' id='word_1_381' title='bbox 1246 2320 1302 2361; x_wconf 90' lang='lat' dir='ltr'><strong>sit</strong></span> <span class='ocrx_word' id='word_1_382' title='bbox 1321 2319 1434 2360; x_wconf 91' lang='lat' dir='ltr'><strong>alme</strong></span> <span class='ocrx_word' id='word_1_383' title='bbox 1453 2318 1653 2370; x_wconf 90' lang='lat' dir='ltr'><strong>Spiritus.</strong></span> <span class='ocrx_word' id='word_1_384' title='bbox 1680 2317 1834 2357; x_wconf 78' lang='grc' dir='ltr'><strong>Α111011.</strong></span> 
     </span>
    </p>

    <p class='ocr_par' dir='ltr' id='par_1_34' title="bbox 1074 2371 1904 2532">
     <span class='ocr_line' id='line_1_85' title="bbox 1129 2371 1904 2428; baseline -0.006 -11"><span class='ocrx_word' id='word_1_385' title='bbox 1129 2376 1179 2425; x_wconf 66' lang='lat' dir='ltr'><strong>V.</strong></span> <span class='ocrx_word' id='word_1_386' title='bbox 1209 2377 1298 2419; x_wconf 90' lang='lat' dir='ltr'><strong>Ora</strong></span> <span class='ocrx_word' id='word_1_387' title='bbox 1331 2388 1414 2428; x_wconf 91' lang='lat' dir='ltr'><strong>pro</strong></span> <span class='ocrx_word' id='word_1_388' title='bbox 1446 2374 1574 2416; x_wconf 92' lang='lat' dir='ltr'><strong>nobis</strong></span> <span class='ocrx_word' id='word_1_389' title='bbox 1606 2373 1737 2416; x_wconf 89' lang='lat' dir='ltr'><strong>beata</strong></span> <span class='ocrx_word' id='word_1_390' title='bbox 1768 2371 1904 2413; x_wconf 88' lang='lat' dir='ltr'><strong>Elisa-</strong></span> 
     </span>
     <span class='ocr_line' id='line_1_86' title="bbox 1074 2430 1903 2487; baseline -0.008 -11"><span class='ocrx_word' id='word_1_391' title='bbox 1074 2435 1191 2477; x_wconf 87' lang='lat' dir='ltr'><strong>beth.</strong></span> <span class='ocrx_word' id='word_1_392' title='bbox 1234 2435 1282 2487; x_wconf 58' lang='lat' dir='ltr'><strong>Ra</strong></span> <span class='ocrx_word' id='word_1_393' title='bbox 1309 2433 1368 2475; x_wconf 85' lang='lat' dir='ltr'><strong>Ut</strong></span> <span class='ocrx_word' id='word_1_394' title='bbox 1395 2431 1514 2484; x_wconf 84' lang='lat' dir='ltr'><strong>digni</strong></span> <span class='ocrx_word' id='word_1_395' title='bbox 1539 2430 1780 2473; x_wconf 81' lang='lat' dir='ltr'><strong>efficiamur</strong></span> <span class='ocrx_word' id='word_1_396' title='bbox 1802 2441 1903 2482; x_wconf 92' lang='lat' dir='ltr'><strong>pro-</strong></span> 
     </span>
     <span class='ocr_line' id='line_1_87' title="bbox 1074 2488 1551 2532; baseline -0.008 0"><span class='ocrx_word' id='word_1_397' title='bbox 1074 2490 1356 2532; x_wconf 83' lang='lat' dir='ltr'><strong>missionibus</strong></span> <span class='ocrx_word' id='word_1_398' title='bbox 1377 2488 1551 2530; x_wconf 90' lang='lat' dir='ltr'><strong>Christi.</strong></span> 
     </span>
    </p>

    <p class='ocr_par' dir='ltr' id='par_1_35' title="bbox 1073 2543 1905 2703">
     <span class='ocr_line' id='line_1_88' title="bbox 1130 2543 1905 2598; baseline -0.005 -11"><span class='ocrx_word' id='word_1_399' title='bbox 1130 2547 1198 2587; x_wconf 83' lang='lat' dir='ltr'><strong>Ad</strong></span> <span class='ocrx_word' id='word_1_400' title='bbox 1219 2547 1389 2598; x_wconf 76' lang='lat' dir='ltr'><strong>Magnif.</strong></span> <span class='ocrx_word' id='word_1_401' title='bbox 1410 2547 1509 2586; x_wconf 86' lang='lat' dir='ltr'><strong>Ant.</strong></span> <span class='ocrx_word' id='word_1_402' title='bbox 1529 2546 1586 2585; x_wconf 89' lang='lat' dir='ltr'><strong>Et</strong></span> <span class='ocrx_word' id='word_1_403' title='bbox 1602 2555 1718 2584; x_wconf 91' lang='lat' dir='ltr'><strong>nunc</strong></span> <span class='ocrx_word' id='word_1_404' title='bbox 1736 2543 1761 2570; x_wconf 85' lang='lat'>*</span> <span class='ocrx_word' id='word_1_405' title='bbox 1778 2553 1905 2593; x_wconf 87' lang='lat' dir='ltr'><strong>reges</strong></span> 
     </span>
     <span class='ocr_line' id='line_1_89' title="bbox 1074 2598 1904 2655; baseline -0.007 -9"><span class='ocrx_word' id='word_1_406' title='bbox 1074 2604 1314 2655; x_wconf 85' lang='lat' dir='ltr'><strong>intelligite,</strong></span> <span class='ocrx_word' id='word_1_407' title='bbox 1342 2602 1573 2645; x_wconf 90' lang='lat' dir='ltr'><strong>erudimini</strong></span> <span class='ocrx_word' id='word_1_408' title='bbox 1601 2600 1675 2653; x_wconf 91' lang='lat' dir='ltr'><strong>qui</strong></span> <span class='ocrx_word' id='word_1_409' title='bbox 1702 2598 1904 2652; x_wconf 88' lang='lat' dir='ltr'><strong>judicatis</strong></span> 
     </span>
     <span class='ocr_line' id='line_1_90' title="bbox 1073 2667 1246 2703; baseline -0.012 0"><span class='ocrx_word' id='word_1_410' title='bbox 1073 2667 1246 2703; x_wconf 89' lang='lat' dir='ltr'><strong>terram.</strong></span> 
     </span>
    </p>

    <p class='ocr_par' dir='ltr' id='par_1_36' title="bbox 1131 2713 1721 2752">
     <span class='ocr_line' id='line_1_91' title="bbox 1131 2713 1721 2752; baseline -0.005 0"><span class='ocrx_word' id='word_1_411' title='bbox 1131 2718 1263 2752; x_wconf 88' lang='lat' dir='ltr'><strong>Oratio</strong></span> <span class='ocrx_word' id='word_1_412' title='bbox 1289 2722 1331 2752; x_wconf 90' lang='lat' dir='ltr'><strong>ut</strong></span> <span class='ocrx_word' id='word_1_413' title='bbox 1354 2717 1452 2751; x_wconf 85' lang='lat' dir='ltr'><strong>infra</strong></span> <span class='ocrx_word' id='word_1_414' title='bbox 1477 2716 1516 2750; x_wconf 91' lang='lat' dir='ltr'><strong>in</strong></span> <span class='ocrx_word' id='word_1_415' title='bbox 1540 2715 1660 2750; x_wconf 85' lang='lat' dir='ltr'><strong>Laud.</strong></span> <span class='ocrx_word' id='word_1_416' title='bbox 1676 2713 1721 2749; x_wconf 75' lang='lat'><strong>9*</strong></span> 
     </span>
    </p>
   </div>
  </div>
 </body>
</html>
