2040 2944
203 189 271 232 [24]

202 284 336 324 vitam
355 283 515 331 mundi,
544 288 588 325 et
606 284 804 336 pervenit
823 282 879 324 ad
898 282 1026 323 coele··

203 340 286 380 stia
306 352 447 390 regna.
475 340 712 382 Fundatus.

257 398 411 439 Bened.
443 397 699 447 Unigenitus
717 397 800 438 Dei
820 397 966 438 Filius.

506 455 656 494 Lectio
679 454 715 493 ii.

280 517 298 553 t
322 525 435 553 nunc
460 524 562 553 ecce
587 523 668 561 ego
695 511 786 552 scio
815 511 915 563 quia
939 514 1024 552 am-

292 568 406 621 plius
430 581 517 609 non
536 567 739 609 videbitis
765 568 920 608 faciem
939 580 1026 608 me-

199 638 268 666 am
296 638 376 666 vos
406 637 575 673 omnes,
605 637 684 677 per
711 637 821 676 quos
845 624 1026 665 transivi

199 681 444 734 praedicans
477 694 658 732 regnum
690 681 783 722 Dei.
829 681 1025 733 Quapro-

198 743 297 791 pter
329 740 555 779 contestor
582 750 663 778 vos
695 737 907 778 hodierna
942 736 1024 787 die,

199 795 301 846 quia
332 794 521 836 mundus
554 807 649 834 sum
683 807 707 834 a
740 794 949 843 sanguine
981 795 1025 834 ό-

197 852 371 892 mnium.
404 851 505 892 Non
526 850 639 892 enim
659 850 899 899 subterfugi
922 852 1025 902 que-

197 908 339 949 minus
377 907 675 948 annuntiarem
716 919 844 948 omne
886 909 1024 948 consi-

197 964 302 1005 lium
330 965 413 1005 Dei
446 964 583 1005 vobis.
628 963 856 1005 Attendite
888 963 1025 1013 vobis,

198 1026 241 1062 et
260 1021 464 1062 universo
488 1020 618 1071 gregi,
647 1021 689 1060 in
715 1033 803 1072 quo
827 1033 908 1062 vos
932 1020 1024 1072 Spi-

197 1078 305 1118 ritus
329 1082 506 1119 sanctus
530 1077 679 1129 posuit
704 1079 937 1129 episcopos
961 1079 1023 1118 re-

196 1146 299 1184 gere
327 1134 569 1175 Ecclesiam
594 1134 692 1182 Dei,
722 1146 853 1185 quam
881 1133 1024 1185 acqui-

197 1190 298 1231 sivit
322 1191 531 1241 sanguine
556 1203 647 1231 suo.
683 1190 778 1240 Ego
803 1190 894 1231 scio
920 1192 1024 1242 que-

196 1248 311 1287 niam
335 1246 558 1288 intrabunt
581 1251 685 1299 post
709 1246 1023 1288 discessiOnem

195 1316 337 1344 meam
352 1303 443 1355 lupi
459 1305 641 1356 rapaces
656 1303 699 1343 in
714 1315 805 1352 vos,
824 1315 912 1344 non
927 1316 1023 1355 par-

197 1362 345 1401 centes
365 1360 498 1411 gregi.
532 1360 589 1400 Et
609 1372 662 1401 ex
682 1359 807 1400 vobis
826 1359 933 1412 ipsis
953 1372 1023 1400 ex-

196 1419 375 1466 surgent
390 1416 469 1456 viri
489 1416 720 1467 loquentes
738 1418 957 1468 perversa,
977 1420 1025 1457 ut

196 1472 417 1513 abducant
437 1471 676 1524 discipulos
699 1477 803 1525 post
826 1485 884 1514 se.
919 1473 1023 1513 Pro-

194 1533 293 1581 pter
328 1528 447 1580 quod
479 1529 656 1580 vigilate
683 1529 894 1570 memeria
925 1529 1023 1570 reti-

195 1586 362 1627 nentes:
383 1585 588 1636 queniam
603 1598 683 1638 per
697 1585 929 1626 triennium
948 1598 1022 1626 no-

195 1646 265 1683 cte
290 1646 334 1683 et
358 1641 428 1682 die
453 1654 540 1683 non
565 1642 749 1691 cessavi,
778 1654 877 1682 cum
901 1641 1023 1683 lacri-

195 1697 276 1738 mis
321 1710 504 1739 monens
554 1700 908 1750 unumquemque
952 1711 1022 1740 ve·

197 1758 345 1795 strum.

249 1810 298 1848 R·.
328 1811 354 1851 J
356 1815 479 1852 ustus
507 1810 770 1861 germinabit
802 1811 913 1853 sicut
945 1811 1022 1852 lili·

194 1880 282 1907 um:
307 1867 328 1887 ¹⁸
353 1867 409 1908 Et
429 1867 604 1909 florebit
626 1868 670 1908 in
690 1869 901 1909 aeternum
921 1873 1022 1910 ante

194 1923 442 1964 Dominum.
478 1917 526 1968 Y.
559 1924 787 1965 Plantatus
815 1924 858 1964 in
887 1924 1020 1966 domo

193 1979 385 2029 Demini,
421 1980 464 2020 in
493 1980 613 2021 atriis
643 1979 799 2021 domus
831 1981 915 2023 Dei
946 1994 1020 2023 no-

195 2036 284 2077 stri.
312 2036 378 2077 Et.

252 2088 408 2130 Bened.
438 2090 623 2145 Spiritus
643 2094 781 2136 sancti
801 2093 951 2144 gratia.

492 2147 642 2187 Lectio
664 2148 715 2186 iii.

276 2210 294 2246 t
316 2218 431 2246 nunc
455 2207 713 2248 commendo
737 2219 818 2248 vos
842 2207 951 2256 Deo,
979 2212 1023 2249 et

305 2261 440 2302 verbo
469 2263 620 2311 gratiae
648 2263 800 2316 ipsius,
845 2264 918 2315 qui
945 2276 1021 2316 po-

194 2321 290 2357 tens
318 2323 386 2358 est
410 2317 645 2369 aedificare,
683 2325 726 2361 et
754 2319 859 2361 dare
887 2319 1021 2362 haere-

197 2371 378 2414 ditatem
415 2374 458 2414 in
491 2376 771 2418 sanctificatis
809 2376 1021 2417 omnibus.

195 2427 437 2478 Argentum
466 2435 509 2471 et
537 2444 705 2482 aurum,
751 2437 825 2474 aut
853 2437 1022 2474 vestem

194 2484 352 2525 nullius
373 2488 617 2539 concupivi,
650 2489 763 2530 sicut
782 2489 865 2541 ipsi
885 2489 1021 2530 scitis:

197 2541 400 2592 quoniam
437 2541 492 2583 ad
530 2556 595 2593 ea,
637 2557 736 2596 quae
771 2544 876 2585 mihi
909 2557 1021 2597 opus

195 2602 333 2645 erant,
362 2602 405 2638 et
429 2597 495 2638 his
517 2600 589 2650 qui
608 2614 778 2642 mecum
802 2605 918 2650 sunt,
945 2601 1020 2641 mi-

194 2653 488 2695 nistraverunt
521 2668 673 2697 manus
706 2657 813 2698 istae.
864 2657 1020 2698 Omnia

195 2709 365 2751 ostendi
395 2709 539 2760 vobis,
577 2713 782 2763 quoniam
810 2713 873 2755 sic
901 2712 1018 2754 labo-

768 190 977 223 Communc
1004 189 1115 223 unius
1142 189 1331 233 Martyris.

1080 283 1238 330 rantes,
1261 284 1438 334 opertet
1457 285 1680 336 suscipere
1699 283 1907 333 infirmos,

1081 351 1132 379 ac
1161 338 1409 380 meminisse
1437 338 1559 381 verbi
1587 339 1764 381 Domini
1791 340 1815 381 J
1819 353 1907 390 esu,

1081 395 1287 446 quoniam
1323 395 1418 447 ipse
1456 394 1579 437 dixit:
1624 396 1802 438 Beatius
1840 402 1907 438 est

1080 451 1217 502 magis
1254 451 1379 501 dare,
1423 464 1554 503 quam
1590 454 1800 505 accipere.
1851 454 1908 495 Et

1080 520 1178 549 cum
1197 507 1293 549 haec
1312 507 1508 557 dixisset,
1544 509 1701 561 p6sitis
1723 509 1907 559 genibus

1081 564 1170 605 suis
1191 564 1334 606 oravit
1353 577 1452 606 cum
1473 564 1674 606 Omnibus
1692 565 1787 606 illis.
1818 566 1906 607 Ma—

1080 634 1190 671 gnus
1210 626 1355 662 autem
1376 621 1505 662 fletus
1526 621 1668 663 factus
1688 626 1754 663 est
1773 623 1906 663 omni-

1080 690 1167 718 um:
1187 682 1230 719 et
1244 677 1584 730 procumbentes
1600 691 1732 731 super
1747 678 1907 720 collum

1079 734 1212 783 Pauli,
1241 734 1553 775 osculabantur
1573 747 1683 783 eum,
1707 734 1908 777 dolentes

1079 791 1266 832 maxime
1298 791 1342 831 in
1374 790 1530 840 verbo,
1575 791 1693 843 quod
1727 791 1907 842 dixerat,

1081 848 1286 899 quoniam
1310 847 1498 900 amplius
1523 847 1677 889 faciem
1704 849 1794 899 ejus
1819 860 1906 890 non

1079 909 1226 945 essent
1249 905 1394 945 visuri.
1428 905 1484 946 Et
1507 904 1785 951 deducebant
1808 917 1906 946 eum

1079 959 1135 1001 ad
1154 973 1320 1002 navem.

1136 1029 1181 1079 Rg.
1208 1027 1298 1067 Iste
1318 1026 1526 1076 cognevit
1544 1025 1764 1077 justitiam,
1785 1030 1828 1067 et
1847 1026 1906 1067 vi-

1079 1082 1143 1124 dit
1173 1082 1388 1124 mirabilia
1420 1095 1592 1132 magna,
1631 1087 1675 1123 et
1707 1082 1907 1123 exoravit

1081 1139 1367 1180 Altissimum:
1394 1143 1416 1165 *
1445 1139 1502 1180 Et
1533 1139 1733 1180 inventus
1764 1144 1831 1180 est
1862 1139 1906 1180 in

1078 1199 1260 1237 numero
1281 1198 1544 1238 sanctorum.
1573 1193 1619 1243 Y.
1641 1195 1731 1237 Iste
1751 1200 1818 1237 est
1833 1195 1907 1247 qui

1079 1253 1340 1305 contempsit
1368 1253 1502 1294 vitam
1533 1251 1699 1301 mundi,
1737 1257 1781 1293 et
1811 1265 1906 1305 per-

1078 1309 1196 1350 venit
1215 1309 1270 1350 ad
1286 1309 1483 1350 coelestia
1503 1321 1646 1360 regna.
1666 1309 1732 1350 Et.
1753 1308 1906 1350 Gloria

1076 1365 1206 1406 Patri.
1234 1366 1301 1407 Et.

1303 1438 1350 1475 In
1379 1438 1428 1476 II.
1458 1438 1680 1478 Nocturno.

1133 1507 1168 1546 A
1176 1513 1232 1546 nt.
1249 1505 1345 1546 Filii
1359 1505 1583 1547 heminum
1594 1507 1617 1532 *
1628 1507 1787 1548 scitote
1805 1507 1906 1559 quia

1076 1560 1170 1602 Dfis
1191 1567 1391 1603 sanctum
1411 1575 1538 1604 suum
1557 1563 1818 1605 mirificavit.

1366 1634 1562 1674 Psalmus
1583 1635 1619 1673 4.

1084 1696 1267 1733 f
1299 1693 1551 1735 invocarem
1581 1694 1805 1736 exaudivit
1836 1707 1906 1737 me

1211 1749 1332 1790 Deus
1355 1751 1532 1802 justitiae
1557 1763 1684 1795 meae:
1712 1752 1736 1778 *
1762 1753 1806 1793 in
1833 1751 1905 1794 tri-

1211 1805 1433 1849 bulatione
1454 1808 1646 1852 dilatasti
1665 1809 1780 1850 mihi.

1126 1863 1334 1905 Miserere
1353 1865 1449 1915 mei,
1465 1866 1488 1891 *
1508 1872 1552 1908 et
1572 1865 1730 1908 exaudi
1745 1866 1904 1907 oratio-

1075 1932 1175 1961 nem
1194 1932 1348 1961 meam.

1127 1976 1224 2017 Filii
1258 1976 1483 2019 heminum
1515 1982 1746 2032 usquequo
1783 1979 1905 2031 gravi

1076 2031 1232 2074 corde?
1261 2034 1284 2059 *
1312 2039 1361 2075 ut
1393 2035 1499 2086 quid
1532 2035 1709 2087 diligitis
1741 2036 1904 2077 vanita-

1075 2094 1174 2138 tem,
1204 2094 1247 2131 et
1268 2091 1462 2142 quaeritis
1482 2091 1782 2134 mendacium?

1126 2146 1182 2188 Et
1219 2147 1375 2189 scitote
1413 2149 1620 2200 queniam
1658 2148 1905 2190 mirificavit

1075 2203 1289 2244 Dominus
1314 2210 1513 2246 sanctum
1537 2218 1678 2246 suum:
1703 2205 1727 2230 *
1753 2204 1903 2246 Domi-

1075 2272 1156 2300 nus
1190 2259 1396 2302 exaudiet
1427 2275 1497 2303 me
1526 2275 1626 2303 cum
1653 2261 1901 2302 clamavero

1075 2315 1132 2357 ad
1152 2329 1261 2358 eum.

1126 2374 1384 2423 Irascimini,
1419 2379 1462 2416 et
1489 2375 1623 2416 nolite
1650 2375 1851 2427 peccare:
1879 2376 1903 2401 *

1077 2443 1174 2482 quae
1200 2429 1342 2472 dicitis
1367 2431 1409 2471 in
1435 2430 1641 2472 cordibus
1664 2431 1832 2480 vestris,
1859 2431 1902 2472 in

1075 2485 1290 2527 cubilibus
1310 2487 1468 2528 vestris
1491 2487 1842 2539 compungimini.

1126 2543 1378 2584 Sacrificate
1416 2543 1678 2584 sacrificium
1714 2543 1902 2595 justitiae,

1076 2604 1119 2640 et
1146 2601 1322 2651 sperate
1349 2599 1391 2639 in
1419 2599 1621 2640 Domino.
1641 2600 1664 2625 *
1688 2600 1814 2641 Multi
1842 2599 1902 2642 di-

1074 2661 1191 2697 cunt:
1220 2655 1326 2705 Quis
1345 2655 1537 2697 ostendit
1556 2656 1684 2698 nobis
1703 2655 1842 2698 bona?

1125 2712 1351 2763 Signatum
1380 2717 1447 2753 est
1478 2725 1610 2765 super
1642 2725 1724 2754 nos
1755 2713 1900 2754 lumen
