<?xml version="1.0" encoding="UTF-8"?>
<!DOCTYPE html PUBLIC "-//W3C//DTD XHTML 1.0 Transitional//EN"
    "http://www.w3.org/TR/xhtml1/DTD/xhtml1-transitional.dtd">
<html xmlns="http://www.w3.org/1999/xhtml" xml:lang="en" lang="en">
 <head>
  <title>
</title>
<meta http-equiv="Content-Type" content="text/html;charset=utf-8" />
  <meta name='ocr-system' content='tesseract 3.04.00' />
  <meta name='ocr-capabilities' content='ocr_page ocr_carea ocr_par ocr_line ocrx_word'/>
</head>
<body>
  <div class='ocr_page' id='page_1' title='image "./p4breviariumroma00cathuoft_0628.png"; bbox 0 0 2040 2944; ppageno 0'>
   <div class='ocr_carea' id='block_1_1' title="bbox 638 182 1462 221">
    <p class='ocr_par' dir='ltr' id='par_1_1' title="bbox 638 182 1462 221">
     <span class='ocr_line' id='line_1_1' title="bbox 638 182 1462 221; baseline -0.007 0"><span class='ocrx_word' id='word_1_1' title='bbox 638 187 739 221; x_wconf 88' lang='lat' dir='ltr'>Infra</span> <span class='ocrx_word' id='word_1_2' title='bbox 765 186 949 220; x_wconf 76' lang='lat' dir='ltr'>Octavum</span> <span class='ocrx_word' id='word_1_3' title='bbox 975 183 1242 218; x_wconf 83' lang='lat' dir='ltr'>Dedicationis</span> <span class='ocrx_word' id='word_1_4' title='bbox 1268 182 1462 216; x_wconf 78' lang='lat' dir='ltr'>Ecclesiae.</span> 
     </span>
    </p>
   </div>
   <div class='ocr_carea' id='block_1_2' title="bbox 188 283 1027 1714">
    <p class='ocr_par' dir='ltr' id='par_1_2' title="bbox 195 283 1020 505">
     <span class='ocr_line' id='line_1_2' title="bbox 195 283 1020 339; baseline -0.006 -10"><span class='ocrx_word' id='word_1_5' title='bbox 195 287 348 329; x_wconf 86' lang='lat' dir='ltr'>lancea</span> <span class='ocrx_word' id='word_1_6' title='bbox 362 288 629 339; x_wconf 89' lang='lat' dir='ltr'>persecutor,</span> <span class='ocrx_word' id='word_1_7' title='bbox 645 289 689 326; x_wconf 91' lang='lat' dir='ltr'>et</span> <span class='ocrx_word' id='word_1_8' title='bbox 703 283 815 326; x_wconf 85' lang='lat' dir='ltr'>fudit</span> <span class='ocrx_word' id='word_1_9' title='bbox 830 284 1020 337; x_wconf 91' lang='lat' dir='ltr'>pretium</span> 
     </span>
     <span class='ocr_line' id='line_1_3' title="bbox 196 341 698 394; baseline -0.006 -10"><span class='ocrx_word' id='word_1_10' title='bbox 196 348 394 386; x_wconf 92' lang='lat' dir='ltr'>nostrum</span> <span class='ocrx_word' id='word_1_11' title='bbox 413 341 698 394; x_wconf 89' lang='lat' dir='ltr'>Redemptor.</span> 
     </span>
     <span class='ocr_line' id='line_1_4' title="bbox 251 396 924 453; baseline -0.004 -12"><span class='ocrx_word' id='word_1_12' title='bbox 251 402 301 453; x_wconf 90' lang='lat' dir='ltr'>R.</span> <span class='ocrx_word' id='word_1_13' title='bbox 324 399 362 440; x_wconf 93' lang='lat' dir='ltr'>O</span> <span class='ocrx_word' id='word_1_14' title='bbox 384 411 514 451; x_wconf 91' lang='lat' dir='ltr'>quam</span> <span class='ocrx_word' id='word_1_15' title='bbox 532 396 800 439; x_wconf 87' lang='lat' dir='ltr'>metuendus.</span> <span class='ocrx_word' id='word_1_16' title='bbox 828 396 924 449; x_wconf 89' lang='lat'>[118]</span> 
     </span>
     <span class='ocr_line' id='line_1_5' title="bbox 496 464 720 505; baseline -0.004 -1"><span class='ocrx_word' id='word_1_17' title='bbox 496 464 647 505; x_wconf 81' lang='lat' dir='ltr'>Lectio</span> <span class='ocrx_word' id='word_1_18' title='bbox 668 464 720 503; x_wconf 77' lang='lat' dir='ltr'>vi.</span> 
     </span>
    </p>

    <p class='ocr_par' dir='ltr' id='par_1_3' title="bbox 274 523 1022 576">
     <span class='ocr_line' id='line_1_6' title="bbox 274 523 1022 576; baseline -0.005 -9"><span class='ocrx_word' id='word_1_19' title='bbox 274 529 393 567; x_wconf 92' lang='lat' dir='ltr'>antet</span> <span class='ocrx_word' id='word_1_20' title='bbox 416 524 614 566; x_wconf 90' lang='lat' dir='ltr'>Christus</span> <span class='ocrx_word' id='word_1_21' title='bbox 638 523 926 576; x_wconf 87' lang='lat' dir='ltr'>Redemptor,</span> <span class='ocrx_word' id='word_1_22' title='bbox 953 535 1022 574; x_wconf 91' lang='lat' dir='ltr'>ge-</span> 
     </span>
    </p>

    <p class='ocr_par' dir='ltr' id='par_1_4' title="bbox 188 579 1027 1643">
     <span class='ocr_line' id='line_1_7' title="bbox 285 579 1024 630; baseline -0.004 -7"><span class='ocrx_word' id='word_1_23' title='bbox 285 587 375 624; x_wconf 90' lang='lat' dir='ltr'>mat</span> <span class='ocrx_word' id='word_1_24' title='bbox 393 582 417 622; x_wconf 83' lang='lat' dir='ltr'>J</span> <span class='ocrx_word' id='word_1_25' title='bbox 419 581 529 623; x_wconf 91' lang='lat' dir='ltr'>udas</span> <span class='ocrx_word' id='word_1_26' title='bbox 547 580 766 630; x_wconf 87' lang='lat' dir='ltr'>venditor,</span> <span class='ocrx_word' id='word_1_27' title='bbox 794 579 1024 621; x_wconf 92' lang='lat' dir='ltr'>erubescat</span> 
     </span>
     <span class='ocr_line' id='line_1_8' title="bbox 195 635 1023 691; baseline -0.005 -10"><span class='ocrx_word' id='word_1_28' title='bbox 195 640 219 681; x_wconf 86' lang='lat' dir='ltr'><strong>J</strong></span> <span class='ocrx_word' id='word_1_29' title='bbox 223 639 376 681; x_wconf 81' lang='lat' dir='ltr'>udaeus</span> <span class='ocrx_word' id='word_1_30' title='bbox 401 643 585 691; x_wconf 83' lang='lat' dir='ltr'><strong>emptor.</strong></span> <span class='ocrx_word' id='word_1_31' title='bbox 625 638 740 678; x_wconf 88' lang='lat' dir='ltr'>Ecce</span> <span class='ocrx_word' id='word_1_32' title='bbox 764 635 900 678; x_wconf 91' lang='lat' dir='ltr'>Judas</span> <span class='ocrx_word' id='word_1_33' title='bbox 923 638 1023 678; x_wconf 87' lang='lat' dir='ltr'>ven-</span> 
     </span>
     <span class='ocr_line' id='line_1_9' title="bbox 197 693 1022 746; baseline -0.004 -9"><span class='ocrx_word' id='word_1_34' title='bbox 197 695 324 746; x_wconf 83' lang='lat' dir='ltr'>didit,</span> <span class='ocrx_word' id='word_1_35' title='bbox 352 695 377 736; x_wconf 88' lang='lat' dir='ltr'>J</span> <span class='ocrx_word' id='word_1_36' title='bbox 380 694 533 736; x_wconf 82' lang='lat' dir='ltr'>udaeus</span> <span class='ocrx_word' id='word_1_37' title='bbox 559 695 679 744; x_wconf 92' lang='lat' dir='ltr'>emit,</span> <span class='ocrx_word' id='word_1_38' title='bbox 707 693 870 734; x_wconf 92' lang='lat' dir='ltr'>malum</span> <span class='ocrx_word' id='word_1_39' title='bbox 893 695 1022 745; x_wconf 88' lang='lat' dir='ltr'>nego-</span> 
     </span>
     <span class='ocr_line' id='line_1_10' title="bbox 196 749 1023 803; baseline -0.005 -9"><span class='ocrx_word' id='word_1_40' title='bbox 196 753 304 794; x_wconf 89' lang='lat' dir='ltr'>tium</span> <span class='ocrx_word' id='word_1_41' title='bbox 324 753 522 803; x_wconf 85' lang='lat' dir='ltr'>egerunt,</span> <span class='ocrx_word' id='word_1_42' title='bbox 548 751 677 792; x_wconf 91' lang='lat' dir='ltr'>ambo</span> <span class='ocrx_word' id='word_1_43' title='bbox 702 749 894 792; x_wconf 87' lang='lat' dir='ltr'>damnati</span> <span class='ocrx_word' id='word_1_44' title='bbox 913 754 1023 799; x_wconf 91' lang='lat' dir='ltr'>sunt,</span> 
     </span>
     <span class='ocr_line' id='line_1_11' title="bbox 197 805 1024 862; baseline -0.004 -12"><span class='ocrx_word' id='word_1_45' title='bbox 197 811 368 862; x_wconf 86' lang='lat' dir='ltr'>seipsos</span> <span class='ocrx_word' id='word_1_46' title='bbox 407 807 694 861; x_wconf 91' lang='lat' dir='ltr'>perdiderunt</span> <span class='ocrx_word' id='word_1_47' title='bbox 736 805 938 847; x_wconf 90' lang='lat' dir='ltr'>venditor</span> <span class='ocrx_word' id='word_1_48' title='bbox 981 811 1024 847; x_wconf 90' lang='lat' dir='ltr'>et</span> 
     </span>
     <span class='ocr_line' id='line_1_12' title="bbox 188 865 1023 918; baseline -0.005 -11"><span class='ocrx_word' id='word_1_49' title='bbox 188 870 381 918; x_wconf 90' lang='lat' dir='ltr'>emptor.</span> <span class='ocrx_word' id='word_1_50' title='bbox 403 865 534 906; x_wconf 90' lang='lat' dir='ltr'>Dicat</span> <span class='ocrx_word' id='word_1_51' title='bbox 551 877 654 915; x_wconf 91' lang='lat' dir='ltr'>ergo</span> <span class='ocrx_word' id='word_1_52' title='bbox 670 867 803 916; x_wconf 91' lang='lat' dir='ltr'>caput</span> <span class='ocrx_word' id='word_1_53' title='bbox 816 867 1023 912; x_wconf 90' lang='lat' dir='ltr'>nostrum,</span> 
     </span>
     <span class='ocr_line' id='line_1_13' title="bbox 197 921 1023 975; baseline -0.004 -12"><span class='ocrx_word' id='word_1_54' title='bbox 197 922 316 964; x_wconf 90' lang='lat' dir='ltr'>dicat</span> <span class='ocrx_word' id='word_1_55' title='bbox 333 934 414 975; x_wconf 92' lang='lat' dir='ltr'>pro</span> <span class='ocrx_word' id='word_1_56' title='bbox 435 924 622 974; x_wconf 90' lang='lat' dir='ltr'>corpore</span> <span class='ocrx_word' id='word_1_57' title='bbox 643 923 806 970; x_wconf 85' lang='lat' dir='ltr'>occiso,</span> <span class='ocrx_word' id='word_1_58' title='bbox 830 932 911 972; x_wconf 92' lang='lat' dir='ltr'>pro</span> <span class='ocrx_word' id='word_1_59' title='bbox 931 921 1023 961; x_wconf 92' lang='lat' dir='ltr'>cor-</span> 
     </span>
     <span class='ocr_line' id='line_1_14' title="bbox 197 976 1024 1031; baseline -0.005 -11"><span class='ocrx_word' id='word_1_60' title='bbox 197 991 306 1031; x_wconf 91' lang='lat' dir='ltr'>pore</span> <span class='ocrx_word' id='word_1_61' title='bbox 338 977 552 1020; x_wconf 88' lang='lat' dir='ltr'>dedicato.</span> <span class='ocrx_word' id='word_1_62' title='bbox 601 977 749 1027; x_wconf 91' lang='lat' dir='ltr'>Dicat,</span> <span class='ocrx_word' id='word_1_63' title='bbox 781 976 1024 1018; x_wconf 86' lang='lat' dir='ltr'>audiamus:</span> 
     </span>
     <span class='ocr_line' id='line_1_15' title="bbox 199 1034 1023 1083; baseline -0.004 -7"><span class='ocrx_word' id='word_1_64' title='bbox 199 1034 463 1077; x_wconf 83' lang='lat' dir='ltr'>Conscidisti</span> <span class='ocrx_word' id='word_1_65' title='bbox 490 1047 666 1076; x_wconf 92' lang='lat' dir='ltr'>saccum</span> <span class='ocrx_word' id='word_1_66' title='bbox 693 1046 857 1083; x_wconf 89' lang='lat' dir='ltr'>meum,</span> <span class='ocrx_word' id='word_1_67' title='bbox 886 1037 930 1074; x_wconf 86' lang='lat' dir='ltr'>et</span> <span class='ocrx_word' id='word_1_68' title='bbox 957 1045 1023 1074; x_wconf 89' lang='lat' dir='ltr'>ac-</span> 
     </span>
     <span class='ocr_line' id='line_1_16' title="bbox 200 1089 1024 1136; baseline -0.005 -3"><span class='ocrx_word' id='word_1_69' title='bbox 200 1092 373 1133; x_wconf 80' lang='lat' dir='ltr'>cinxisti</span> <span class='ocrx_word' id='word_1_70' title='bbox 390 1104 460 1133; x_wconf 92' lang='lat' dir='ltr'>me</span> <span class='ocrx_word' id='word_1_71' title='bbox 479 1091 645 1133; x_wconf 81' lang='lat' dir='ltr'>laetitia:</span> <span class='ocrx_word' id='word_1_72' title='bbox 676 1090 722 1132; x_wconf 92' lang='lat' dir='ltr'>id</span> <span class='ocrx_word' id='word_1_73' title='bbox 746 1095 828 1136; x_wconf 88' lang='lat' dir='ltr'>est,</span> <span class='ocrx_word' id='word_1_74' title='bbox 859 1089 1024 1131; x_wconf 91' lang='lat' dir='ltr'>consci-</span> 
     </span>
     <span class='ocr_line' id='line_1_17' title="bbox 200 1146 1023 1196; baseline -0.004 -6"><span class='ocrx_word' id='word_1_75' title='bbox 200 1148 303 1190; x_wconf 82' lang='lat' dir='ltr'>disti</span> <span class='ocrx_word' id='word_1_76' title='bbox 320 1148 635 1190; x_wconf 62' lang='lat' dir='ltr'>mortalitatem</span> <span class='ocrx_word' id='word_1_77' title='bbox 653 1160 807 1196; x_wconf 91' lang='lat' dir='ltr'>meam,</span> <span class='ocrx_word' id='word_1_78' title='bbox 828 1151 871 1188; x_wconf 89' lang='lat' dir='ltr'>et</span> <span class='ocrx_word' id='word_1_79' title='bbox 885 1146 1023 1188; x_wconf 93' lang='lat' dir='ltr'>accin-</span> 
     </span>
     <span class='ocr_line' id='line_1_18' title="bbox 199 1203 1024 1247; baseline -0.005 0"><span class='ocrx_word' id='word_1_80' title='bbox 199 1206 302 1247; x_wconf 81' lang='lat' dir='ltr'>xisti</span> <span class='ocrx_word' id='word_1_81' title='bbox 322 1218 393 1247; x_wconf 91' lang='lat' dir='ltr'>me</span> <span class='ocrx_word' id='word_1_82' title='bbox 419 1204 747 1246; x_wconf 89' lang='lat' dir='ltr'>immortalitate</span> <span class='ocrx_word' id='word_1_83' title='bbox 773 1208 815 1245; x_wconf 93' lang='lat' dir='ltr'>et</span> <span class='ocrx_word' id='word_1_84' title='bbox 833 1203 1024 1244; x_wconf 91' lang='lat' dir='ltr'>incorru-</span> 
     </span>
     <span class='ocr_line' id='line_1_19' title="bbox 199 1260 1025 1314; baseline -0.005 -11"><span class='ocrx_word' id='word_1_85' title='bbox 199 1262 360 1314; x_wconf 89' lang='lat' dir='ltr'>ptione.</span> <span class='ocrx_word' id='word_1_86' title='bbox 396 1262 455 1303; x_wconf 91' lang='lat' dir='ltr'>Ut</span> <span class='ocrx_word' id='word_1_87' title='bbox 483 1266 629 1303; x_wconf 90' lang='lat' dir='ltr'>cantet</span> <span class='ocrx_word' id='word_1_88' title='bbox 651 1260 732 1302; x_wconf 92' lang='lat' dir='ltr'>tibi</span> <span class='ocrx_word' id='word_1_89' title='bbox 755 1260 893 1311; x_wconf 89' lang='lat' dir='ltr'>gloria</span> <span class='ocrx_word' id='word_1_90' title='bbox 918 1272 1025 1309; x_wconf 92' lang='lat' dir='ltr'>mea,</span> 
     </span>
     <span class='ocr_line' id='line_1_20' title="bbox 201 1316 1026 1370; baseline -0.005 -10"><span class='ocrx_word' id='word_1_91' title='bbox 201 1323 244 1360; x_wconf 90' lang='lat' dir='ltr'>et</span> <span class='ocrx_word' id='word_1_92' title='bbox 263 1331 350 1360; x_wconf 92' lang='lat' dir='ltr'>non</span> <span class='ocrx_word' id='word_1_93' title='bbox 371 1321 651 1370; x_wconf 88' lang='lat' dir='ltr'>compungar.</span> <span class='ocrx_word' id='word_1_94' title='bbox 685 1316 801 1367; x_wconf 81' lang='lat' dir='ltr'>Quid</span> <span class='ocrx_word' id='word_1_95' title='bbox 820 1321 901 1365; x_wconf 89' lang='lat' dir='ltr'>est,</span> <span class='ocrx_word' id='word_1_96' title='bbox 924 1316 1026 1357; x_wconf 92' lang='lat' dir='ltr'>Non</span> 
     </span>
     <span class='ocr_line' id='line_1_21' title="bbox 201 1373 1026 1428; baseline -0.005 -11"><span class='ocrx_word' id='word_1_97' title='bbox 201 1373 494 1428; x_wconf 87' lang='lat' dir='ltr'>compungar?</span> <span class='ocrx_word' id='word_1_98' title='bbox 528 1375 625 1415; x_wconf 88' lang='lat' dir='ltr'>Jam</span> <span class='ocrx_word' id='word_1_99' title='bbox 657 1379 809 1415; x_wconf 92' lang='lat' dir='ltr'>contra</span> <span class='ocrx_word' id='word_1_100' title='bbox 841 1385 910 1414; x_wconf 92' lang='lat' dir='ltr'>me</span> <span class='ocrx_word' id='word_1_101' title='bbox 938 1385 1026 1413; x_wconf 94' lang='lat' dir='ltr'>non</span> 
     </span>
     <span class='ocr_line' id='line_1_22' title="bbox 201 1429 1026 1483; baseline -0.005 -10"><span class='ocrx_word' id='word_1_102' title='bbox 201 1432 312 1473; x_wconf 91' lang='lat' dir='ltr'>ferat</span> <span class='ocrx_word' id='word_1_103' title='bbox 336 1431 535 1472; x_wconf 89' lang='lat' dir='ltr'>lanceam</span> <span class='ocrx_word' id='word_1_104' title='bbox 558 1433 835 1483; x_wconf 89' lang='lat' dir='ltr'>persecutor,</span> <span class='ocrx_word' id='word_1_105' title='bbox 862 1429 921 1471; x_wconf 84' lang='lat' dir='ltr'>Ut</span> <span class='ocrx_word' id='word_1_106' title='bbox 938 1441 1026 1470; x_wconf 95' lang='lat' dir='ltr'>non</span> 
     </span>
     <span class='ocr_line' id='line_1_23' title="bbox 202 1486 1026 1541; baseline -0.004 -12"><span class='ocrx_word' id='word_1_107' title='bbox 202 1491 482 1541; x_wconf 90' lang='lat' dir='ltr'>compungar.</span> <span class='ocrx_word' id='word_1_108' title='bbox 505 1487 702 1530; x_wconf 89' lang='lat' dir='ltr'>Christus</span> <span class='ocrx_word' id='word_1_109' title='bbox 717 1486 831 1528; x_wconf 88' lang='lat' dir='ltr'>enim</span> <span class='ocrx_word' id='word_1_110' title='bbox 845 1498 1026 1536; x_wconf 83' lang='lat' dir='ltr'>surgens</span> 
     </span>
     <span class='ocr_line' id='line_1_24' title="bbox 203 1543 1027 1596; baseline -0.004 -10"><span class='ocrx_word' id='word_1_111' title='bbox 203 1557 227 1585; x_wconf 89' lang='lat' dir='ltr'>a</span> <span class='ocrx_word' id='word_1_112' title='bbox 242 1545 436 1594; x_wconf 90' lang='lat' dir='ltr'>mortuis,</span> <span class='ocrx_word' id='word_1_113' title='bbox 451 1545 536 1596; x_wconf 88' lang='lat' dir='ltr'>jam</span> <span class='ocrx_word' id='word_1_114' title='bbox 546 1557 633 1586; x_wconf 92' lang='lat' dir='ltr'>non</span> <span class='ocrx_word' id='word_1_115' title='bbox 642 1543 837 1593; x_wconf 91' lang='lat' dir='ltr'>moritur,</span> <span class='ocrx_word' id='word_1_116' title='bbox 854 1547 898 1584; x_wconf 90' lang='lat' dir='ltr'>et</span> <span class='ocrx_word' id='word_1_117' title='bbox 908 1555 1027 1584; x_wconf 91' lang='lat' dir='ltr'>mors</span> 
     </span>
     <span class='ocr_line' id='line_1_25' title="bbox 202 1600 831 1643; baseline -0.003 -1"><span class='ocrx_word' id='word_1_118' title='bbox 202 1600 264 1642; x_wconf 92' lang='lat' dir='ltr'>illi</span> <span class='ocrx_word' id='word_1_119' title='bbox 283 1601 398 1643; x_wconf 91' lang='lat' dir='ltr'>ultra</span> <span class='ocrx_word' id='word_1_120' title='bbox 415 1613 504 1642; x_wconf 91' lang='lat' dir='ltr'>non</span> <span class='ocrx_word' id='word_1_121' title='bbox 524 1600 831 1643; x_wconf 84' lang='lat' dir='ltr'>dominabitur.</span> 
     </span>
    </p>

    <p class='ocr_par' dir='ltr' id='par_1_5' title="bbox 256 1656 796 1714">
     <span class='ocr_line' id='line_1_26' title="bbox 256 1656 796 1714; baseline -0.004 -15"><span class='ocrx_word' id='word_1_122' title='bbox 256 1662 306 1714; x_wconf 85' lang='lat' dir='ltr'>R.</span> <span class='ocrx_word' id='word_1_123' title='bbox 331 1658 459 1699; x_wconf 88' lang='lat' dir='ltr'>Mane</span> <span class='ocrx_word' id='word_1_124' title='bbox 479 1670 672 1708; x_wconf 72' lang='lat' dir='ltr'>surgens,</span> <span class='ocrx_word' id='word_1_125' title='bbox 699 1656 796 1709; x_wconf 87' lang='lat'>[118]</span> 
     </span>
    </p>
   </div>
   <div class='ocr_carea' id='block_1_3' title="bbox 428 1730 811 1780">
    <p class='ocr_par' dir='ltr' id='par_1_6' title="bbox 428 1730 811 1780">
     <span class='ocr_line' id='line_1_27' title="bbox 428 1730 811 1780; baseline 0 -1"><span class='ocrx_word' id='word_1_126' title='bbox 428 1740 477 1779; x_wconf 89' lang='lat' dir='ltr'>In</span> <span class='ocrx_word' id='word_1_127' title='bbox 497 1740 567 1779; x_wconf 92' lang='lat'>111.</span> <span class='ocrx_word' id='word_1_128' title='bbox 590 1730 811 1780; x_wconf 71' lang='lat' dir='ltr'>Noctumo.</span> 
     </span>
    </p>
   </div>
   <div class='ocr_carea' id='block_1_4' title="bbox 207 1794 1030 1895">
    <p class='ocr_par' dir='ltr' id='par_1_7' title="bbox 207 1794 1030 1895">
     <span class='ocr_line' id='line_1_28' title="bbox 207 1794 1030 1894; baseline -0.005 -54"><span class='ocrx_word' id='word_1_129' title='bbox 207 1797 358 1841; x_wconf 78' lang='lat' dir='ltr'>Lectio</span> <span class='ocrx_word' id='word_1_130' title='bbox 384 1795 765 1894; x_wconf 55' lang='lat' dir='ltr'>sanctillfflvangeffi</span> <span class='ocrx_word' id='word_1_131' title='bbox 791 1794 1030 1837; x_wconf 90' lang='lat' dir='ltr'>secundum</span> 
     </span>
     <span class='ocr_line' id='line_1_29' title="bbox 567 1865 705 1895; baseline 0.007 -1"><span class='ocrx_word' id='word_1_132' title='bbox 567 1865 705 1895; x_wconf 90' lang='lat' dir='ltr'>ucam.</span> 
     </span>
    </p>
   </div>
   <div class='ocr_carea' id='block_1_5' title="bbox 204 1918 1031 2249">
    <p class='ocr_par' dir='ltr' id='par_1_8' title="bbox 204 1918 1031 2249">
     <span class='ocr_line' id='line_1_30' title="bbox 308 1918 925 1969; baseline -0.003 -11"><span class='ocrx_word' id='word_1_133' title='bbox 308 1918 459 1958; x_wconf 92' lang='lat' dir='ltr'>Lectio</span> <span class='ocrx_word' id='word_1_134' title='bbox 482 1918 549 1957; x_wconf 79' lang='lat' dir='ltr'>vii.</span> <span class='ocrx_word' id='word_1_135' title='bbox 750 1918 851 1969; x_wconf 91' lang='lat' dir='ltr'>Cap.</span> <span class='ocrx_word' id='word_1_136' title='bbox 867 1918 925 1957; x_wconf 83' lang='lat'>19.</span> 
     </span>
     <span class='ocr_line' id='line_1_31' title="bbox 204 1966 1030 2073; baseline 0.001 -62"><span class='ocrx_word' id='word_1_137' title='bbox 204 1966 279 2073; x_wconf 88' lang='lat' dir='ltr'>In</span> <span class='ocrx_word' id='word_1_138' title='bbox 307 1970 381 2011; x_wconf 88' lang='lat' dir='ltr'>illo</span> <span class='ocrx_word' id='word_1_139' title='bbox 408 1971 621 2022; x_wconf 91' lang='lat' dir='ltr'>tempore:</span> <span class='ocrx_word' id='word_1_140' title='bbox 651 1971 879 2021; x_wconf 83' lang='lat' dir='ltr'>Ingressus</span> <span class='ocrx_word' id='word_1_141' title='bbox 903 1970 1030 2012; x_wconf 89' lang='lat' dir='ltr'>Jesus</span> 
     </span>
     <span class='ocr_line' id='line_1_32' title="bbox 271 2026 1029 2080; baseline 0 -12"><span class='ocrx_word' id='word_1_142' title='bbox 271 2026 607 2080; x_wconf 66' lang='lat' dir='ltr'>perambulabat</span> <span class='ocrx_word' id='word_1_143' title='bbox 631 2027 655 2067; x_wconf 88' lang='lat' dir='ltr'>J</span> <span class='ocrx_word' id='word_1_144' title='bbox 658 2026 817 2069; x_wconf 89' lang='lat' dir='ltr'>ericho.</span> <span class='ocrx_word' id='word_1_145' title='bbox 845 2027 902 2069; x_wconf 91' lang='lat' dir='ltr'>Et</span> <span class='ocrx_word' id='word_1_146' title='bbox 928 2039 1029 2068; x_wconf 88' lang='lat' dir='ltr'>ecce</span> 
     </span>
     <span class='ocr_line' id='line_1_33' title="bbox 206 2082 1030 2136; baseline 0 -12"><span class='ocrx_word' id='word_1_147' title='bbox 206 2084 271 2124; x_wconf 91' lang='lat' dir='ltr'>vir</span> <span class='ocrx_word' id='word_1_148' title='bbox 295 2083 470 2125; x_wconf 87' lang='lat' dir='ltr'>nomine</span> <span class='ocrx_word' id='word_1_149' title='bbox 495 2082 722 2124; x_wconf 72' lang='lat' dir='ltr'>Zachaeus:</span> <span class='ocrx_word' id='word_1_150' title='bbox 755 2089 799 2125; x_wconf 92' lang='lat' dir='ltr'>et</span> <span class='ocrx_word' id='word_1_151' title='bbox 823 2084 894 2125; x_wconf 88' lang='lat' dir='ltr'>hic</span> <span class='ocrx_word' id='word_1_152' title='bbox 917 2084 1030 2136; x_wconf 90' lang='lat' dir='ltr'>prin—</span> 
     </span>
     <span class='ocr_line' id='line_1_34' title="bbox 206 2139 1031 2193; baseline -0.002 -11"><span class='ocrx_word' id='word_1_153' title='bbox 206 2153 312 2193; x_wconf 89' lang='lat' dir='ltr'>ceps</span> <span class='ocrx_word' id='word_1_154' title='bbox 345 2144 439 2182; x_wconf 89' lang='lat' dir='ltr'>erat</span> <span class='ocrx_word' id='word_1_155' title='bbox 468 2139 818 2192; x_wconf 77' lang='lat' dir='ltr'>publicanorum,</span> <span class='ocrx_word' id='word_1_156' title='bbox 862 2145 906 2182; x_wconf 93' lang='lat' dir='ltr'>et</span> <span class='ocrx_word' id='word_1_157' title='bbox 935 2140 1031 2193; x_wconf 91' lang='lat' dir='ltr'>ipse</span> 
     </span>
     <span class='ocr_line' id='line_1_35' title="bbox 207 2195 635 2249; baseline -0.002 -11"><span class='ocrx_word' id='word_1_158' title='bbox 207 2197 341 2238; x_wconf 86' lang='lat' dir='ltr'>dives.</span> <span class='ocrx_word' id='word_1_159' title='bbox 382 2197 439 2237; x_wconf 93' lang='lat' dir='ltr'>Et</span> <span class='ocrx_word' id='word_1_160' title='bbox 457 2195 635 2249; x_wconf 87' lang='lat' dir='ltr'>reliqua.</span> 
     </span>
    </p>
   </div>
   <div class='ocr_carea' id='block_1_6' title="bbox 210 2263 1034 2764">
    <p class='ocr_par' dir='ltr' id='par_1_9' title="bbox 309 2263 932 2374">
     <span class='ocr_line' id='line_1_36' title="bbox 309 2263 932 2308; baseline -0.002 0"><span class='ocrx_word' id='word_1_161' title='bbox 309 2263 500 2308; x_wconf 84' lang='lat' dir='ltr'>Homih&#39;a</span> <span class='ocrx_word' id='word_1_162' title='bbox 517 2264 777 2307; x_wconf 88' lang='lat' dir='ltr'>venerabilis</span> <span class='ocrx_word' id='word_1_163' title='bbox 796 2265 932 2307; x_wconf 85' lang='lat' dir='ltr'>Bedae</span> 
     </span>
     <span class='ocr_line' id='line_1_37' title="bbox 487 2321 751 2374; baseline 0.004 -13"><span class='ocrx_word' id='word_1_164' title='bbox 487 2321 751 2374; x_wconf 74' lang='lat' dir='ltr'>Presbyteri.</span> 
     </span>
    </p>

    <p class='ocr_par' dir='ltr' id='par_1_10' title="bbox 210 2385 1034 2764">
     <span class='ocr_line' id='line_1_38' title="bbox 334 2385 914 2429; baseline -0.002 -10"><span class='ocrx_word' id='word_1_165' title='bbox 334 2385 415 2420; x_wconf 90' lang='lat' dir='ltr'>Lib</span> <span class='ocrx_word' id='word_1_166' title='bbox 439 2386 468 2419; x_wconf 95' lang='lat'>5.</span> <span class='ocrx_word' id='word_1_167' title='bbox 495 2386 588 2429; x_wconf 88' lang='lat' dir='ltr'>Cap.</span> <span class='ocrx_word' id='word_1_168' title='bbox 612 2386 663 2420; x_wconf 91' lang='lat'>77.</span> <span class='ocrx_word' id='word_1_169' title='bbox 690 2386 727 2419; x_wconf 88' lang='lat' dir='ltr'>in</span> <span class='ocrx_word' id='word_1_170' title='bbox 752 2385 840 2419; x_wconf 89' lang='lat' dir='ltr'>Luc</span> <span class='ocrx_word' id='word_1_171' title='bbox 864 2385 914 2418; x_wconf 85' lang='lat'>19.</span> 
     </span>
     <span class='ocr_line' id='line_1_39' title="bbox 218 2432 1032 2487; baseline 0.006 -16"><span class='ocrx_word' id='word_1_172' title='bbox 218 2439 233 2455; x_wconf 58' lang='lat'>‘⁴</span> <span class='ocrx_word' id='word_1_173' title='bbox 275 2437 329 2466; x_wconf 40' lang='grc' dir='ltr'>Τῆ</span> <span class='ocrx_word' id='word_1_174' title='bbox 363 2445 401 2472; x_wconf 89' lang='lat' dir='ltr'><strong>ae</strong></span> <span class='ocrx_word' id='word_1_175' title='bbox 419 2432 706 2485; x_wconf 89' lang='lat' dir='ltr'>impossibilia</span> <span class='ocrx_word' id='word_1_176' title='bbox 721 2438 886 2487; x_wconf 89' lang='lat' dir='ltr'>suntap</span> <span class='ocrx_word' id='word_1_177' title='bbox 888 2434 948 2476; x_wconf 92' lang='lat' dir='ltr'>ud</span> <span class='ocrx_word' id='word_1_178' title='bbox 958 2434 1032 2476; x_wconf 92' lang='lat' dir='ltr'>ho-</span> 
     </span>
     <span class='ocr_line' id='line_1_40' title="bbox 213 2479 1033 2554; baseline 0.006 -26"><span class='ocrx_word' id='word_1_179' title='bbox 213 2479 289 2549; x_wconf 43' lang='lat' dir='ltr'>Q&#39;w*</span> <span class='ocrx_word' id='word_1_180' title='bbox 321 2525 329 2551; x_wconf 12' lang='lat' dir='ltr'>A}</span> <span class='ocrx_word' id='word_1_181' title='bbox 350 2488 505 2539; x_wconf 92' lang='lat' dir='ltr'>mines,</span> <span class='ocrx_word' id='word_1_182' title='bbox 534 2489 761 2554; x_wconf 80' lang='lat' dir='ltr'>possibilia</span> <span class='ocrx_word' id='word_1_183' title='bbox 789 2495 888 2532; x_wconf 93' lang='lat' dir='ltr'>sunt</span> <span class='ocrx_word' id='word_1_184' title='bbox 915 2491 1033 2544; x_wconf 90' lang='lat' dir='ltr'>apud</span> 
     </span>
     <span class='ocr_line' id='line_1_41' title="bbox 260 2543 1033 2597; baseline 0.007 -13.644"><span class='ocrx_word' id='word_1_185' title='bbox 260 2550 287 2561; x_wconf 57' lang='lat'>²⁴</span> <span class='ocrx_word' id='word_1_186' title='bbox 350 2543 504 2585; x_wconf 90' lang='lat' dir='ltr'>Deum.</span> <span class='ocrx_word' id='word_1_187' title='bbox 546 2546 661 2587; x_wconf 91' lang='lat' dir='ltr'>Eece</span> <span class='ocrx_word' id='word_1_188' title='bbox 689 2547 803 2587; x_wconf 91' lang='lat' dir='ltr'>enim</span> <span class='ocrx_word' id='word_1_189' title='bbox 831 2547 1033 2597; x_wconf 76' lang='lat' dir='ltr'>camelus,</span> 
     </span>
     <span class='ocr_line' id='line_1_42' title="bbox 211 2599 1033 2656; baseline 0.006 -16"><span class='ocrx_word' id='word_1_190' title='bbox 211 2599 414 2652; x_wconf 91' lang='lat' dir='ltr'>deposita</span> <span class='ocrx_word' id='word_1_191' title='bbox 441 2600 561 2650; x_wconf 89' lang='lat' dir='ltr'>gibbi</span> <span class='ocrx_word' id='word_1_192' title='bbox 589 2603 777 2653; x_wconf 84' lang='lat' dir='ltr'>sarcina,</span> <span class='ocrx_word' id='word_1_193' title='bbox 814 2616 894 2656; x_wconf 90' lang='lat' dir='ltr'>per</span> <span class='ocrx_word' id='word_1_194' title='bbox 922 2603 1033 2645; x_wconf 88' lang='lat' dir='ltr'>fora-</span> 
     </span>
     <span class='ocr_line' id='line_1_43' title="bbox 211 2635 1034 2710; baseline 0.005 -13"><span class='ocrx_word' id='word_1_195' title='bbox 211 2669 311 2698; x_wconf 92' lang='lat' dir='ltr'>men</span> <span class='ocrx_word' id='word_1_196' title='bbox 330 2669 434 2697; x_wconf 90' lang='lat' dir='ltr'>acus</span> <span class='ocrx_word' id='word_1_197' title='bbox 452 2658 616 2707; x_wconf 84' lang='lat' dir='ltr'>transit,</span> <span class='ocrx_word' id='word_1_198' title='bbox 639 2658 724 2700; x_wconf 89' lang='lat' dir='ltr'>hoc</span> <span class='ocrx_word' id='word_1_199' title='bbox 743 2635 823 2710; x_wconf 74' lang='lat' dir='ltr'>est,</span> <span class='ocrx_word' id='word_1_200' title='bbox 849 2659 971 2701; x_wconf 89' lang='lat' dir='ltr'>dives</span> <span class='ocrx_word' id='word_1_201' title='bbox 991 2665 1034 2702; x_wconf 92' lang='lat' dir='ltr'>et</span> 
     </span>
     <span class='ocr_line' id='line_1_44' title="bbox 210 2712 1033 2764; baseline 0.005 -11"><span class='ocrx_word' id='word_1_202' title='bbox 210 2712 485 2764; x_wconf 83' lang='lat' dir='ltr'>publicanuS,</span> <span class='ocrx_word' id='word_1_203' title='bbox 517 2713 668 2755; x_wconf 89' lang='lat' dir='ltr'>relicto</span> <span class='ocrx_word' id='word_1_204' title='bbox 703 2717 835 2757; x_wconf 91' lang='lat' dir='ltr'>onere</span> <span class='ocrx_word' id='word_1_205' title='bbox 867 2715 1033 2757; x_wconf 88' lang='lat' dir='ltr'>divitia-</span> 
     </span>
    </p>
   </div>
   <div class='ocr_carea' id='block_1_7' title="bbox 1072 279 1908 2768">
    <p class='ocr_par' dir='ltr' id='par_1_11' title="bbox 1072 279 1901 949">
     <span class='ocr_line' id='line_1_45' title="bbox 1072 279 1896 334; baseline -0.001 -12"><span class='ocrx_word' id='word_1_206' title='bbox 1072 294 1184 330; x_wconf 92' lang='lat' dir='ltr'>rum,</span> <span class='ocrx_word' id='word_1_207' title='bbox 1223 282 1476 334; x_wconf 92' lang='lat' dir='ltr'>contempto</span> <span class='ocrx_word' id='word_1_208' title='bbox 1514 293 1647 322; x_wconf 88' lang='lat' dir='ltr'>censu</span> <span class='ocrx_word' id='word_1_209' title='bbox 1685 279 1896 329; x_wconf 87' lang='lat' dir='ltr'>fraudum,</span> 
     </span>
     <span class='ocr_line' id='line_1_46' title="bbox 1073 336 1897 391; baseline -0.001 -13"><span class='ocrx_word' id='word_1_210' title='bbox 1073 341 1301 389; x_wconf 76' lang='lat' dir='ltr'>angustam</span> <span class='ocrx_word' id='word_1_211' title='bbox 1311 342 1495 391; x_wconf 90' lang='lat' dir='ltr'>portam,</span> <span class='ocrx_word' id='word_1_212' title='bbox 1509 340 1761 390; x_wconf 82' lang='lat' dir='ltr'>arctamque</span> <span class='ocrx_word' id='word_1_213' title='bbox 1771 336 1897 385; x_wconf 87' lang='lat' dir='ltr'>viam,</span> 
     </span>
     <span class='ocr_line' id='line_1_47' title="bbox 1074 392 1898 446; baseline -0.004 -11"><span class='ocrx_word' id='word_1_214' title='bbox 1074 407 1172 446; x_wconf 83' lang='lat' dir='ltr'>quae</span> <span class='ocrx_word' id='word_1_215' title='bbox 1191 393 1249 435; x_wconf 92' lang='lat' dir='ltr'>ad</span> <span class='ocrx_word' id='word_1_216' title='bbox 1266 394 1401 436; x_wconf 91' lang='lat' dir='ltr'>vitam</span> <span class='ocrx_word' id='word_1_217' title='bbox 1420 393 1550 444; x_wconf 90' lang='lat' dir='ltr'>ducit,</span> <span class='ocrx_word' id='word_1_218' title='bbox 1570 392 1776 435; x_wconf 91' lang='lat' dir='ltr'>ascendit.</span> <span class='ocrx_word' id='word_1_219' title='bbox 1813 392 1898 442; x_wconf 93' lang='lat' dir='ltr'>Qui</span> 
     </span>
     <span class='ocr_line' id='line_1_48' title="bbox 1072 448 1898 492; baseline -0.004 0"><span class='ocrx_word' id='word_1_220' title='bbox 1072 451 1181 492; x_wconf 91' lang='lat' dir='ltr'>mira</span> <span class='ocrx_word' id='word_1_221' title='bbox 1206 450 1441 492; x_wconf 89' lang='lat' dir='ltr'>devotione</span> <span class='ocrx_word' id='word_1_222' title='bbox 1466 450 1570 492; x_wconf 85' lang='lat' dir='ltr'>fidei</span> <span class='ocrx_word' id='word_1_223' title='bbox 1589 449 1645 492; x_wconf 90' lang='lat' dir='ltr'>ad</span> <span class='ocrx_word' id='word_1_224' title='bbox 1663 448 1898 491; x_wconf 90' lang='lat' dir='ltr'>videndum</span> 
     </span>
     <span class='ocr_line' id='line_1_49' title="bbox 1073 505 1898 559; baseline -0.004 -10"><span class='ocrx_word' id='word_1_225' title='bbox 1073 507 1360 557; x_wconf 88' lang='lat' dir='ltr'>Salvatorem,</span> <span class='ocrx_word' id='word_1_226' title='bbox 1411 507 1531 559; x_wconf 93' lang='lat' dir='ltr'>quod</span> <span class='ocrx_word' id='word_1_227' title='bbox 1567 509 1723 548; x_wconf 90' lang='lat' dir='ltr'>natura</span> <span class='ocrx_word' id='word_1_228' title='bbox 1755 505 1898 547; x_wconf 89' lang='lat' dir='ltr'>minus</span> 
     </span>
     <span class='ocr_line' id='line_1_50' title="bbox 1074 561 1901 616; baseline -0.002 -12"><span class='ocrx_word' id='word_1_229' title='bbox 1074 563 1298 614; x_wconf 80' lang='lat' dir='ltr'>habuerat,</span> <span class='ocrx_word' id='word_1_230' title='bbox 1317 566 1501 605; x_wconf 91' lang='lat' dir='ltr'>ascensu</span> <span class='ocrx_word' id='word_1_231' title='bbox 1521 563 1700 616; x_wconf 88' lang='lat' dir='ltr'>supplet</span> <span class='ocrx_word' id='word_1_232' title='bbox 1719 561 1901 604; x_wconf 89' lang='lat' dir='ltr'>arboris:</span> 
     </span>
     <span class='ocr_line' id='line_1_51' title="bbox 1075 619 1900 673; baseline -0.004 -11"><span class='ocrx_word' id='word_1_233' title='bbox 1075 626 1207 673; x_wconf 90' lang='lat' dir='ltr'>atque</span> <span class='ocrx_word' id='word_1_234' title='bbox 1225 620 1325 662; x_wconf 86' lang='lat' dir='ltr'>ideo</span> <span class='ocrx_word' id='word_1_235' title='bbox 1346 622 1473 673; x_wconf 87' lang='lat' dir='ltr'>juste,</span> <span class='ocrx_word' id='word_1_236' title='bbox 1502 620 1700 673; x_wconf 91' lang='lat' dir='ltr'>quamvis</span> <span class='ocrx_word' id='word_1_237' title='bbox 1718 619 1814 672; x_wconf 90' lang='lat' dir='ltr'>ipse</span> <span class='ocrx_word' id='word_1_238' title='bbox 1832 630 1900 660; x_wconf 92' lang='lat' dir='ltr'>ro-</span> 
     </span>
     <span class='ocr_line' id='line_1_52' title="bbox 1074 675 1901 728; baseline -0.002 -10"><span class='ocrx_word' id='word_1_239' title='bbox 1074 679 1178 728; x_wconf 88' lang='lat' dir='ltr'>gare</span> <span class='ocrx_word' id='word_1_240' title='bbox 1214 690 1302 718; x_wconf 93' lang='lat' dir='ltr'>non</span> <span class='ocrx_word' id='word_1_241' title='bbox 1339 677 1514 727; x_wconf 80' lang='lat' dir='ltr'>audeat,</span> <span class='ocrx_word' id='word_1_242' title='bbox 1549 675 1901 719; x_wconf 79' lang='lat' dir='ltr'>benedictionem</span> 
     </span>
     <span class='ocr_line' id='line_1_53' title="bbox 1074 731 1898 787; baseline -0.001 -13"><span class='ocrx_word' id='word_1_243' title='bbox 1074 734 1318 775; x_wconf 89' lang='lat' dir='ltr'>Dominicae</span> <span class='ocrx_word' id='word_1_244' title='bbox 1338 733 1645 787; x_wconf 90' lang='lat' dir='ltr'>susceptionis,</span> <span class='ocrx_word' id='word_1_245' title='bbox 1674 745 1805 785; x_wconf 90' lang='lat' dir='ltr'>quam</span> <span class='ocrx_word' id='word_1_246' title='bbox 1827 731 1898 774; x_wconf 88' lang='lat' dir='ltr'>de-</span> 
     </span>
     <span class='ocr_line' id='line_1_54' title="bbox 1077 790 1882 844; baseline 0.002 -13"><span class='ocrx_word' id='word_1_247' title='bbox 1077 790 1307 841; x_wconf 88' lang='lat' dir='ltr'>siderabat,</span> <span class='ocrx_word' id='word_1_248' title='bbox 1327 791 1508 844; x_wconf 90' lang='lat' dir='ltr'>accepit.</span> <span class='ocrx_word' id='word_1_249' title='bbox 1878 814 1882 815; x_wconf 30' lang='grc' dir='ltr'><em>ν</em></span> 
     </span>
     <span class='ocr_line' id='line_1_55' title="bbox 1129 846 1639 901; baseline -0.002 -12"><span class='ocrx_word' id='word_1_250' title='bbox 1129 850 1180 901; x_wconf 87' lang='lat' dir='ltr'>R.</span> <span class='ocrx_word' id='word_1_251' title='bbox 1205 847 1374 888; x_wconf 93' lang='lat' dir='ltr'>Domus</span> <span class='ocrx_word' id='word_1_252' title='bbox 1392 860 1500 889; x_wconf 91' lang='lat' dir='ltr'>mea.</span> <span class='ocrx_word' id='word_1_253' title='bbox 1530 846 1639 898; x_wconf 86' lang='lat'>[120]</span> 
     </span>
     <span class='ocr_line' id='line_1_56' title="bbox 1360 908 1615 949; baseline -0.004 0"><span class='ocrx_word' id='word_1_254' title='bbox 1360 908 1512 949; x_wconf 90' lang='lat' dir='ltr'>Lectio</span> <span class='ocrx_word' id='word_1_255' title='bbox 1532 908 1615 949; x_wconf 82' lang='lat' dir='ltr'>viii.</span> 
     </span>
    </p>

    <p class='ocr_par' dir='ltr' id='par_1_12' title="bbox 1183 963 1900 1016">
     <span class='ocr_line' id='line_1_57' title="bbox 1183 963 1900 1016; baseline -0.001 -11"><span class='ocrx_word' id='word_1_256' title='bbox 1183 964 1322 1016; x_wconf 70' lang='lat' dir='ltr'>ystice</span> <span class='ocrx_word' id='word_1_257' title='bbox 1340 969 1486 1007; x_wconf 91' lang='lat' dir='ltr'>autem</span> <span class='ocrx_word' id='word_1_258' title='bbox 1505 964 1728 1014; x_wconf 79' lang='lat' dir='ltr'>Zachaeus,</span> <span class='ocrx_word' id='word_1_259' title='bbox 1749 963 1823 1016; x_wconf 90' lang='lat' dir='ltr'>qui</span> <span class='ocrx_word' id='word_1_260' title='bbox 1841 963 1900 1004; x_wconf 92' lang='lat' dir='ltr'>in-</span> 
     </span>
    </p>

    <p class='ocr_par' dir='ltr' id='par_1_13' title="bbox 1077 1021 1907 1866">
     <span class='ocr_line' id='line_1_58' title="bbox 1196 1021 1901 1076; baseline -0.001 -14"><span class='ocrx_word' id='word_1_261' title='bbox 1196 1023 1462 1074; x_wconf 89' lang='lat' dir='ltr'>terpretatur</span> <span class='ocrx_word' id='word_1_262' title='bbox 1498 1021 1771 1076; x_wconf 87' lang='lat' dir='ltr'>justificatus,</span> <span class='ocrx_word' id='word_1_263' title='bbox 1812 1032 1901 1062; x_wconf 93' lang='lat' dir='ltr'>cre-</span> 
     </span>
     <span class='ocr_line' id='line_1_59' title="bbox 1078 1076 1901 1131; baseline -0.002 -12"><span class='ocrx_word' id='word_1_264' title='bbox 1078 1077 1254 1119; x_wconf 92' lang='lat' dir='ltr'>dentem</span> <span class='ocrx_word' id='word_1_265' title='bbox 1282 1091 1336 1120; x_wconf 83' lang='lat' dir='ltr'>ex</span> <span class='ocrx_word' id='word_1_266' title='bbox 1363 1078 1578 1120; x_wconf 83' lang='lat' dir='ltr'>Gentibus</span> <span class='ocrx_word' id='word_1_267' title='bbox 1609 1077 1823 1131; x_wconf 92' lang='lat' dir='ltr'>populum</span> <span class='ocrx_word' id='word_1_268' title='bbox 1849 1076 1901 1118; x_wconf 91' lang='lat' dir='ltr'>si-</span> 
     </span>
     <span class='ocr_line' id='line_1_60' title="bbox 1077 1133 1902 1188; baseline 0 -14"><span class='ocrx_word' id='word_1_269' title='bbox 1077 1134 1263 1185; x_wconf 89' lang='lat' dir='ltr'>gnificat.</span> <span class='ocrx_word' id='word_1_270' title='bbox 1301 1135 1384 1185; x_wconf 91' lang='lat' dir='ltr'>Qui</span> <span class='ocrx_word' id='word_1_271' title='bbox 1410 1140 1571 1188; x_wconf 91' lang='lat' dir='ltr'>quanto</span> <span class='ocrx_word' id='word_1_272' title='bbox 1592 1134 1706 1176; x_wconf 91' lang='lat' dir='ltr'>curis</span> <span class='ocrx_word' id='word_1_273' title='bbox 1725 1133 1902 1175; x_wconf 84' lang='lat' dir='ltr'>saecula-</span> 
     </span>
     <span class='ocr_line' id='line_1_61' title="bbox 1077 1189 1902 1244; baseline 0 -13"><span class='ocrx_word' id='word_1_274' title='bbox 1077 1190 1197 1232; x_wconf 93' lang='lat' dir='ltr'>ribus</span> <span class='ocrx_word' id='word_1_275' title='bbox 1214 1192 1480 1244; x_wconf 85' lang='lat' dir='ltr'>occupatior,</span> <span class='ocrx_word' id='word_1_276' title='bbox 1500 1196 1622 1233; x_wconf 91' lang='lat' dir='ltr'>tanto</span> <span class='ocrx_word' id='word_1_277' title='bbox 1639 1190 1814 1242; x_wconf 85' lang='lat' dir='ltr'>flagitiis</span> <span class='ocrx_word' id='word_1_278' title='bbox 1831 1189 1902 1232; x_wconf 89' lang='lat' dir='ltr'>de-</span> 
     </span>
     <span class='ocr_line' id='line_1_62' title="bbox 1077 1246 1903 1299; baseline 0 -12"><span class='ocrx_word' id='word_1_279' title='bbox 1077 1247 1365 1299; x_wconf 92' lang='lat' dir='ltr'>primentibus</span> <span class='ocrx_word' id='word_1_280' title='bbox 1398 1253 1491 1290; x_wconf 91' lang='lat' dir='ltr'>erat</span> <span class='ocrx_word' id='word_1_281' title='bbox 1521 1248 1661 1290; x_wconf 87' lang='lat' dir='ltr'>factus</span> <span class='ocrx_word' id='word_1_282' title='bbox 1689 1246 1903 1288; x_wconf 85' lang='lat' dir='ltr'>humilior.</span> 
     </span>
     <span class='ocr_line' id='line_1_63' title="bbox 1077 1303 1904 1355; baseline -0.001 -10"><span class='ocrx_word' id='word_1_283' title='bbox 1077 1303 1165 1345; x_wconf 88' lang='lat' dir='ltr'>Sed</span> <span class='ocrx_word' id='word_1_284' title='bbox 1184 1303 1358 1346; x_wconf 90' lang='lat' dir='ltr'>ablutus</span> <span class='ocrx_word' id='word_1_285' title='bbox 1382 1309 1464 1355; x_wconf 93' lang='lat' dir='ltr'>est,</span> <span class='ocrx_word' id='word_1_286' title='bbox 1493 1303 1572 1346; x_wconf 93' lang='lat' dir='ltr'>sed</span> <span class='ocrx_word' id='word_1_287' title='bbox 1597 1303 1904 1353; x_wconf 86' lang='lat' dir='ltr'>sanctificatus,</span> 
     </span>
     <span class='ocr_line' id='line_1_64' title="bbox 1079 1359 1905 1412; baseline -0.001 -11"><span class='ocrx_word' id='word_1_288' title='bbox 1079 1359 1158 1401; x_wconf 92' lang='lat' dir='ltr'>sed</span> <span class='ocrx_word' id='word_1_289' title='bbox 1182 1361 1440 1412; x_wconf 88' lang='lat' dir='ltr'>justificatus</span> <span class='ocrx_word' id='word_1_290' title='bbox 1463 1362 1508 1402; x_wconf 92' lang='lat' dir='ltr'>in</span> <span class='ocrx_word' id='word_1_291' title='bbox 1531 1361 1707 1402; x_wconf 93' lang='lat' dir='ltr'>nomine</span> <span class='ocrx_word' id='word_1_292' title='bbox 1726 1359 1905 1401; x_wconf 92' lang='lat' dir='ltr'>Domini</span> 
     </span>
     <span class='ocr_line' id='line_1_65' title="bbox 1078 1415 1905 1470; baseline 0 -13"><span class='ocrx_word' id='word_1_293' title='bbox 1078 1417 1216 1458; x_wconf 91' lang='lat' dir='ltr'>nostri</span> <span class='ocrx_word' id='word_1_294' title='bbox 1229 1417 1254 1457; x_wconf 91' lang='lat' dir='ltr'><strong>J</strong></span> <span class='ocrx_word' id='word_1_295' title='bbox 1257 1430 1335 1459; x_wconf 93' lang='lat' dir='ltr'>esu</span> <span class='ocrx_word' id='word_1_296' title='bbox 1349 1417 1519 1468; x_wconf 90' lang='lat' dir='ltr'>Christi,</span> <span class='ocrx_word' id='word_1_297' title='bbox 1539 1422 1582 1459; x_wconf 92' lang='lat' dir='ltr'>et</span> <span class='ocrx_word' id='word_1_298' title='bbox 1595 1418 1640 1458; x_wconf 87' lang='lat' dir='ltr'>in</span> <span class='ocrx_word' id='word_1_299' title='bbox 1654 1417 1809 1470; x_wconf 88' lang='lat' dir='ltr'>spiritu</span> <span class='ocrx_word' id='word_1_300' title='bbox 1821 1415 1905 1457; x_wconf 88' lang='lat' dir='ltr'>Dei</span> 
     </span>
     <span class='ocr_line' id='line_1_66' title="bbox 1078 1471 1904 1524; baseline -0.001 -10"><span class='ocrx_word' id='word_1_301' title='bbox 1078 1473 1230 1514; x_wconf 90' lang='lat' dir='ltr'>nostri.</span> <span class='ocrx_word' id='word_1_302' title='bbox 1267 1474 1351 1524; x_wconf 93' lang='lat' dir='ltr'>Qui</span> <span class='ocrx_word' id='word_1_303' title='bbox 1369 1474 1603 1516; x_wconf 87' lang='lat' dir='ltr'>intrantem</span> <span class='ocrx_word' id='word_1_304' title='bbox 1621 1474 1645 1515; x_wconf 89' lang='lat' dir='ltr'><strong>J</strong></span> <span class='ocrx_word' id='word_1_305' title='bbox 1649 1472 1795 1515; x_wconf 88' lang='lat' dir='ltr'>ericho</span> <span class='ocrx_word' id='word_1_306' title='bbox 1815 1471 1904 1514; x_wconf 92' lang='lat' dir='ltr'>Sal-</span> 
     </span>
     <span class='ocr_line' id='line_1_67' title="bbox 1079 1528 1904 1583; baseline -0.001 -12"><span class='ocrx_word' id='word_1_307' title='bbox 1079 1531 1277 1572; x_wconf 91' lang='lat' dir='ltr'>vatorem</span> <span class='ocrx_word' id='word_1_308' title='bbox 1291 1529 1442 1572; x_wconf 87' lang='lat' dir='ltr'>videre</span> <span class='ocrx_word' id='word_1_309' title='bbox 1463 1529 1699 1583; x_wconf 89' lang='lat' dir='ltr'>quaerebat,</span> <span class='ocrx_word' id='word_1_310' title='bbox 1718 1528 1798 1571; x_wconf 88' lang='lat' dir='ltr'>sed</span> <span class='ocrx_word' id='word_1_311' title='bbox 1810 1541 1904 1582; x_wconf 90' lang='lat' dir='ltr'>prae</span> 
     </span>
     <span class='ocr_line' id='line_1_68' title="bbox 1079 1585 1904 1640; baseline -0.002 -12"><span class='ocrx_word' id='word_1_312' title='bbox 1079 1586 1209 1628; x_wconf 84' lang='lat' dir='ltr'>turba</span> <span class='ocrx_word' id='word_1_313' title='bbox 1231 1600 1319 1628; x_wconf 93' lang='lat' dir='ltr'>non</span> <span class='ocrx_word' id='word_1_314' title='bbox 1341 1589 1531 1640; x_wconf 91' lang='lat' dir='ltr'>poterat:</span> <span class='ocrx_word' id='word_1_315' title='bbox 1559 1587 1661 1640; x_wconf 91' lang='lat' dir='ltr'>quia</span> <span class='ocrx_word' id='word_1_316' title='bbox 1683 1585 1834 1639; x_wconf 88' lang='lat' dir='ltr'>gratiae</span> <span class='ocrx_word' id='word_1_317' title='bbox 1857 1585 1904 1626; x_wconf 82' lang='lat' dir='ltr'>fi-</span> 
     </span>
     <span class='ocr_line' id='line_1_69' title="bbox 1081 1641 1906 1696; baseline 0 -12"><span class='ocrx_word' id='word_1_318' title='bbox 1081 1642 1167 1693; x_wconf 88' lang='lat' dir='ltr'>dei,</span> <span class='ocrx_word' id='word_1_319' title='bbox 1193 1656 1323 1696; x_wconf 90' lang='lat' dir='ltr'>quam</span> <span class='ocrx_word' id='word_1_320' title='bbox 1346 1643 1511 1686; x_wconf 91' lang='lat' dir='ltr'>mundo</span> <span class='ocrx_word' id='word_1_321' title='bbox 1531 1643 1732 1686; x_wconf 89' lang='lat' dir='ltr'>Salvator</span> <span class='ocrx_word' id='word_1_322' title='bbox 1751 1641 1906 1692; x_wconf 83' lang='lat' dir='ltr'>attulit,</span> 
     </span>
     <span class='ocr_line' id='line_1_70' title="bbox 1080 1698 1907 1754; baseline -0.001 -13"><span class='ocrx_word' id='word_1_323' title='bbox 1080 1700 1346 1754; x_wconf 87' lang='lat' dir='ltr'>participare</span> <span class='ocrx_word' id='word_1_324' title='bbox 1383 1700 1601 1754; x_wconf 88' lang='lat' dir='ltr'>cupiebat:</span> <span class='ocrx_word' id='word_1_325' title='bbox 1641 1698 1721 1742; x_wconf 89' lang='lat' dir='ltr'>sed</span> <span class='ocrx_word' id='word_1_326' title='bbox 1755 1698 1907 1741; x_wconf 86' lang='lat' dir='ltr'>inolita</span> 
     </span>
     <span class='ocr_line' id='line_1_71' title="bbox 1080 1755 1907 1826; baseline -0.001 -29"><span class='ocrx_word' id='word_1_327' title='bbox 1080 1757 1286 1798; x_wconf 88' lang='lat' dir='ltr'>vitiorum</span> <span class='ocrx_word' id='word_1_328' title='bbox 1305 1757 1589 1810; x_wconf 85' lang='lat' dir='ltr'>consuetudo,</span> <span class='ocrx_word' id='word_1_329' title='bbox 1607 1770 1662 1799; x_wconf 92' lang='lat' dir='ltr'>ne</span> <span class='ocrx_word' id='word_1_330' title='bbox 1681 1755 1738 1799; x_wconf 88' lang='lat' dir='ltr'>ad</span> <span class='ocrx_word' id='word_1_331' title='bbox 1755 1760 1907 1826; x_wconf 84' lang='lat' dir='ltr'>votum</span> 
     </span>
     <span class='ocr_line' id='line_1_72' title="bbox 1081 1790 1600 1866; baseline 0.004 -12"><span class='ocrx_word' id='word_1_332' title='bbox 1081 1816 1340 1866; x_wconf 86' lang='lat' dir='ltr'>perveniret,</span> <span class='ocrx_word' id='word_1_333' title='bbox 1359 1790 1600 1856; x_wconf 66' lang='lat' dir='ltr'>obstiterat.</span> 
     </span>
    </p>

    <p class='ocr_par' dir='ltr' id='par_1_14' title="bbox 1135 1870 1743 1967">
     <span class='ocr_line' id='line_1_73' title="bbox 1135 1870 1743 1925; baseline 0 -14"><span class='ocrx_word' id='word_1_334' title='bbox 1135 1874 1186 1925; x_wconf 93' lang='lat' dir='ltr'>R.</span> <span class='ocrx_word' id='word_1_335' title='bbox 1212 1870 1404 1924; x_wconf 92' lang='lat' dir='ltr'>Lapides</span> <span class='ocrx_word' id='word_1_336' title='bbox 1423 1871 1618 1924; x_wconf 77' lang='lat' dir='ltr'>pretiosi.</span> <span class='ocrx_word' id='word_1_337' title='bbox 1647 1870 1743 1923; x_wconf 91' lang='lat'>[121]</span> 
     </span>
     <span class='ocr_line' id='line_1_74' title="bbox 1382 1925 1610 1967; baseline -0.013 0"><span class='ocrx_word' id='word_1_338' title='bbox 1382 1925 1566 1967; x_wconf 87' lang='lat' dir='ltr'>Lectio</span> <span class='ocrx_word' id='word_1_339' title='bbox 1555 1939 1610 1965; x_wconf 82' lang='lat' dir='ltr'>ix.</span> 
     </span>
    </p>

    <p class='ocr_par' dir='ltr' id='par_1_15' title="bbox 1083 1980 1906 2086">
     <span class='ocr_line' id='line_1_75' title="bbox 1083 1980 1906 2086; baseline 0 -61"><span class='ocrx_word' id='word_1_340' title='bbox 1083 1980 1292 2086; x_wconf 83' lang='lat' dir='ltr'>Eadem</span> <span class='ocrx_word' id='word_1_341' title='bbox 1306 1998 1494 2038; x_wconf 91' lang='lat' dir='ltr'>namque</span> <span class='ocrx_word' id='word_1_342' title='bbox 1509 1985 1638 2028; x_wconf 92' lang='lat' dir='ltr'>turba</span> <span class='ocrx_word' id='word_1_343' title='bbox 1651 1984 1796 2026; x_wconf 84' lang='lat' dir='ltr'>noxiae</span> <span class='ocrx_word' id='word_1_344' title='bbox 1807 1996 1906 2026; x_wconf 91' lang='lat' dir='ltr'>con-</span> 
     </span>
    </p>

    <p class='ocr_par' dir='ltr' id='par_1_16' title="bbox 1082 2041 1908 2768">
     <span class='ocr_line' id='line_1_76' title="bbox 1179 2041 1907 2095; baseline 0 -12"><span class='ocrx_word' id='word_1_345' title='bbox 1179 2041 1434 2092; x_wconf 90' lang='lat' dir='ltr'>suetudinis,</span> <span class='ocrx_word' id='word_1_346' title='bbox 1464 2055 1562 2095; x_wconf 87' lang='lat' dir='ltr'>quae</span> <span class='ocrx_word' id='word_1_347' title='bbox 1586 2054 1719 2095; x_wconf 91' lang='lat' dir='ltr'>supra</span> <span class='ocrx_word' id='word_1_348' title='bbox 1742 2053 1907 2083; x_wconf 88' lang='lat' dir='ltr'>caecum</span> 
     </span>
     <span class='ocr_line' id='line_1_77' title="bbox 1084 2096 1906 2151; baseline 0.001 -14"><span class='ocrx_word' id='word_1_349' title='bbox 1084 2096 1359 2148; x_wconf 89' lang='lat' dir='ltr'>clamantem,</span> <span class='ocrx_word' id='word_1_350' title='bbox 1386 2111 1440 2140; x_wconf 92' lang='lat' dir='ltr'>ne</span> <span class='ocrx_word' id='word_1_351' title='bbox 1465 2098 1611 2140; x_wconf 90' lang='lat' dir='ltr'>lumen</span> <span class='ocrx_word' id='word_1_352' title='bbox 1634 2100 1820 2151; x_wconf 88' lang='lat' dir='ltr'>peteret,</span> <span class='ocrx_word' id='word_1_353' title='bbox 1847 2096 1906 2138; x_wconf 91' lang='lat' dir='ltr'>in·</span> 
     </span>
     <span class='ocr_line' id='line_1_78' title="bbox 1084 2151 1906 2208; baseline 0 -14"><span class='ocrx_word' id='word_1_354' title='bbox 1084 2153 1311 2206; x_wconf 81' lang='lat' dir='ltr'>crepabat3</span> <span class='ocrx_word' id='word_1_355' title='bbox 1337 2151 1467 2196; x_wconf 86' lang='lat' dir='ltr'>etiam</span> <span class='ocrx_word' id='word_1_356' title='bbox 1495 2155 1806 2208; x_wconf 89' lang='lat' dir='ltr'>suspicientem</span> <span class='ocrx_word' id='word_1_357' title='bbox 1830 2166 1906 2206; x_wconf 91' lang='lat' dir='ltr'>pu-</span> 
     </span>
     <span class='ocr_line' id='line_1_79' title="bbox 1082 2209 1906 2261; baseline 0.001 -11"><span class='ocrx_word' id='word_1_358' title='bbox 1082 2209 1315 2261; x_wconf 90' lang='lat' dir='ltr'>blicanum,</span> <span class='ocrx_word' id='word_1_359' title='bbox 1332 2224 1386 2253; x_wconf 92' lang='lat' dir='ltr'>ne</span> <span class='ocrx_word' id='word_1_360' title='bbox 1406 2212 1430 2252; x_wconf 87' lang='lat' dir='ltr'><strong>J</strong></span> <span class='ocrx_word' id='word_1_361' title='bbox 1434 2224 1555 2253; x_wconf 90' lang='lat' dir='ltr'>esum</span> <span class='ocrx_word' id='word_1_362' title='bbox 1574 2211 1731 2261; x_wconf 85' lang='lat' dir='ltr'>videat,</span> <span class='ocrx_word' id='word_1_363' title='bbox 1750 2209 1906 2252; x_wconf 77' lang='lat' dir='ltr'>tardat.</span> 
     </span>
     <span class='ocr_line' id='line_1_80' title="bbox 1086 2266 1907 2310; baseline -0.001 -2"><span class='ocrx_word' id='word_1_364' title='bbox 1086 2266 1173 2308; x_wconf 93' lang='lat' dir='ltr'>Sed</span> <span class='ocrx_word' id='word_1_365' title='bbox 1205 2267 1316 2309; x_wconf 92' lang='lat' dir='ltr'>sicut</span> <span class='ocrx_word' id='word_1_366' title='bbox 1349 2281 1492 2310; x_wconf 89' lang='lat' dir='ltr'>caecus</span> <span class='ocrx_word' id='word_1_367' title='bbox 1522 2267 1747 2310; x_wconf 89' lang='lat' dir='ltr'>turbarum</span> <span class='ocrx_word' id='word_1_368' title='bbox 1775 2278 1907 2308; x_wconf 87' lang='lat' dir='ltr'>voces</span> 
     </span>
     <span class='ocr_line' id='line_1_81' title="bbox 1083 2323 1908 2376; baseline 0.001 -13"><span class='ocrx_word' id='word_1_369' title='bbox 1083 2323 1223 2374; x_wconf 89' lang='lat' dir='ltr'>magis</span> <span class='ocrx_word' id='word_1_370' title='bbox 1247 2337 1298 2366; x_wconf 92' lang='lat' dir='ltr'>ac</span> <span class='ocrx_word' id='word_1_371' title='bbox 1321 2325 1461 2376; x_wconf 92' lang='lat' dir='ltr'>magis</span> <span class='ocrx_word' id='word_1_372' title='bbox 1481 2323 1711 2366; x_wconf 89' lang='lat' dir='ltr'>clamando</span> <span class='ocrx_word' id='word_1_373' title='bbox 1732 2323 1908 2366; x_wconf 85' lang='lat' dir='ltr'>devicit:</span> 
     </span>
     <span class='ocr_line' id='line_1_82' title="bbox 1084 2379 1907 2432; baseline 0.002 -12"><span class='ocrx_word' id='word_1_374' title='bbox 1084 2379 1146 2421; x_wconf 92' lang='lat' dir='ltr'>ita</span> <span class='ocrx_word' id='word_1_375' title='bbox 1167 2380 1354 2432; x_wconf 86' lang='lat' dir='ltr'>pusillus</span> <span class='ocrx_word' id='word_1_376' title='bbox 1378 2382 1558 2423; x_wconf 89' lang='lat' dir='ltr'>necesse</span> <span class='ocrx_word' id='word_1_377' title='bbox 1583 2385 1650 2423; x_wconf 87' lang='lat' dir='ltr'>est</span> <span class='ocrx_word' id='word_1_378' title='bbox 1672 2380 1815 2423; x_wconf 82' lang='lat' dir='ltr'>turbae</span> <span class='ocrx_word' id='word_1_379' title='bbox 1833 2393 1907 2422; x_wconf 93' lang='lat' dir='ltr'>no-</span> 
     </span>
     <span class='ocr_line' id='line_1_83' title="bbox 1086 2436 1907 2490; baseline 0.002 -13"><span class='ocrx_word' id='word_1_380' title='bbox 1086 2437 1223 2478; x_wconf 90' lang='lat' dir='ltr'>centis</span> <span class='ocrx_word' id='word_1_381' title='bbox 1249 2436 1525 2479; x_wconf 89' lang='lat' dir='ltr'>obstaculum</span> <span class='ocrx_word' id='word_1_382' title='bbox 1542 2437 1697 2479; x_wconf 91' lang='lat' dir='ltr'>altiora</span> <span class='ocrx_word' id='word_1_383' title='bbox 1715 2437 1907 2490; x_wconf 90' lang='lat' dir='ltr'>petendo</span> 
     </span>
     <span class='ocr_line' id='line_1_84' title="bbox 1085 2493 1907 2546; baseline 0.004 -14"><span class='ocrx_word' id='word_1_384' title='bbox 1085 2493 1377 2543; x_wconf 91' lang='lat' dir='ltr'>transcendat,</span> <span class='ocrx_word' id='word_1_385' title='bbox 1400 2495 1574 2535; x_wconf 89' lang='lat' dir='ltr'>terrena</span> <span class='ocrx_word' id='word_1_386' title='bbox 1592 2493 1818 2546; x_wconf 90' lang='lat' dir='ltr'>relinquat,</span> <span class='ocrx_word' id='word_1_387' title='bbox 1844 2495 1907 2535; x_wconf 91' lang='lat' dir='ltr'>ar-</span> 
     </span>
     <span class='ocr_line' id='line_1_85' title="bbox 1085 2548 1907 2603; baseline 0.002 -13"><span class='ocrx_word' id='word_1_388' title='bbox 1085 2548 1239 2590; x_wconf 90' lang='lat' dir='ltr'>borem</span> <span class='ocrx_word' id='word_1_389' title='bbox 1271 2549 1412 2591; x_wconf 90' lang='lat' dir='ltr'>crucis</span> <span class='ocrx_word' id='word_1_390' title='bbox 1445 2549 1663 2591; x_wconf 83' lang='lat' dir='ltr'>ascendat.</span> <span class='ocrx_word' id='word_1_391' title='bbox 1703 2551 1907 2603; x_wconf 90' lang='lat' dir='ltr'>Sycomo-</span> 
     </span>
     <span class='ocr_line' id='line_1_86' title="bbox 1086 2605 1908 2658; baseline 0.001 -12"><span class='ocrx_word' id='word_1_392' title='bbox 1086 2618 1159 2646; x_wconf 93' lang='lat' dir='ltr'>rus</span> <span class='ocrx_word' id='word_1_393' title='bbox 1187 2618 1374 2658; x_wconf 90' lang='lat' dir='ltr'>namque</span> <span class='ocrx_word' id='word_1_394' title='bbox 1401 2607 1514 2657; x_wconf 79' lang='lat' dir='ltr'>(quae</span> <span class='ocrx_word' id='word_1_395' title='bbox 1541 2611 1608 2647; x_wconf 91' lang='lat' dir='ltr'>est</span> <span class='ocrx_word' id='word_1_396' title='bbox 1636 2606 1767 2648; x_wconf 90' lang='lat' dir='ltr'>arbor</span> <span class='ocrx_word' id='word_1_397' title='bbox 1792 2605 1908 2647; x_wconf 85' lang='lat' dir='ltr'>foliis</span> 
     </span>
     <span class='ocr_line' id='line_1_87' title="bbox 1086 2661 1907 2716; baseline 0.002 -14"><span class='ocrx_word' id='word_1_398' title='bbox 1086 2675 1211 2704; x_wconf 93' lang='lat' dir='ltr'>moro</span> <span class='ocrx_word' id='word_1_399' title='bbox 1239 2661 1409 2711; x_wconf 89' lang='lat' dir='ltr'>similis,</span> <span class='ocrx_word' id='word_1_400' title='bbox 1438 2661 1517 2703; x_wconf 86' lang='lat' dir='ltr'>sed</span> <span class='ocrx_word' id='word_1_401' title='bbox 1545 2662 1771 2705; x_wconf 81' lang='lat' dir='ltr'>altitudine</span> <span class='ocrx_word' id='word_1_402' title='bbox 1798 2675 1907 2716; x_wconf 86' lang='lat' dir='ltr'>prae-</span> 
     </span>
     <span class='ocr_line' id='line_1_88' title="bbox 1087 2717 1908 2768; baseline 0.002 -10"><span class='ocrx_word' id='word_1_403' title='bbox 1087 2723 1218 2768; x_wconf 88' lang='lat' dir='ltr'>stans,</span> <span class='ocrx_word' id='word_1_404' title='bbox 1246 2717 1361 2760; x_wconf 90' lang='lat' dir='ltr'>unde</span> <span class='ocrx_word' id='word_1_405' title='bbox 1380 2723 1423 2760; x_wconf 90' lang='lat' dir='ltr'>et</span> <span class='ocrx_word' id='word_1_406' title='bbox 1442 2731 1467 2759; x_wconf 91' lang='lat' dir='ltr'>a</span> <span class='ocrx_word' id='word_1_407' title='bbox 1485 2718 1651 2761; x_wconf 86' lang='lat' dir='ltr'>Latinis</span> <span class='ocrx_word' id='word_1_408' title='bbox 1670 2719 1787 2761; x_wconf 90' lang='lat' dir='ltr'>celsa</span> <span class='ocrx_word' id='word_1_409' title='bbox 1804 2732 1908 2760; x_wconf 90' lang='lat' dir='ltr'>nun-</span> 
     </span>
    </p>
   </div>
   <div class='ocr_carea' id='block_1_8' title="bbox 128 122 1979 2818">
    <p class='ocr_par' dir='ltr' id='par_1_17' title="bbox 128 122 1979 2818">
     <span class='ocr_line' id='line_1_89' title="bbox 128 122 1979 2818; baseline 0 0"><span class='ocrx_word' id='word_1_410' title='bbox 128 122 1979 2818; x_wconf 95' lang='lat' dir='ltr'> </span> 
     </span>
    </p>
   </div>
  </div>
 </body>
</html>
