2040 2944
185 193 275 236 [234]

236 287 438 339 Speravit
465 286 509 326 in
533 286 644 334 Dim,
672 285 828 337 eripiat
854 297 967 326 eum:
992 285 1015 309 *

186 344 356 384 salvum
385 342 515 383 faciat
543 354 659 391 eum,
690 341 896 393 quoniam
924 340 1018 381 vult

190 412 300 441 eum.

239 459 455 510 Quoniam
474 463 522 500 tu
537 471 594 508 eS,
614 458 689 509 qui
704 457 933 499 extraxisti
947 468 1018 496 me

188 516 243 557 de
260 520 428 556 ventre:
448 516 472 542 *
493 527 596 567 spes
615 527 713 555 mea
733 514 789 554 ab
807 512 1018 554 uberibus

188 572 339 612 matris
365 584 486 613 meae.
527 572 578 611 In
601 575 646 612 te
673 571 895 622 projectus
921 581 1018 609 sum

189 641 242 669 ex
262 631 405 669 utero:

240 689 308 729 De
328 692 480 729 ventre
498 687 651 728 matris
670 699 781 728 meae
797 687 918 727 Deus
932 697 1018 726 me-

190 757 241 785 us
260 757 307 786 es
326 749 384 794 tu,
403 745 426 770 *
446 756 501 784 ne
523 743 778 784 discesseris
798 755 823 783 a
842 754 929 783 me:

242 805 461 854 Quoniam
477 803 703 845 tribulatio
718 803 921 855 proxima
937 806 1019 843 est:

189 862 211 886 *
234 861 441 913 quoniam
459 872 548 901 non
568 865 635 901 est
656 861 731 910 qui
751 859 938 910 adjuvet.

243 920 634 972 Circumdederunt
652 932 722 960 me
738 919 863 960 vituli
878 918 1020 959 multi:

189 978 212 1003 *
232 977 346 1018 tauri
365 977 551 1029 pingues
572 975 842 1017 obsederunt
860 987 941 1016 me.

242 1039 524 1090 Aperuerunt
551 1049 683 1088 super
710 1048 781 1077 me
806 1047 856 1076 os
881 1047 1019 1083 suum,

191 1096 214 1121 *
235 1094 346 1134 sicut
366 1093 436 1135 leo
457 1093 634 1145 rapiens
655 1097 699 1133 et
718 1092 906 1143 rugiens.

241 1154 363 1195 Sicut
387 1167 502 1205 aqua
529 1152 692 1194 effusus
719 1165 830 1192 sum:
849 1152 873 1177 *
893 1156 936 1193 et
960 1150 1020 1192 di-

192 1212 345 1262 spersa
364 1215 465 1251 sunt
485 1209 631 1250 omnia
652 1221 755 1249 ossa
773 1220 882 1249 mea.

242 1271 426 1311 Factum
446 1274 514 1310 est
536 1281 613 1310 cor
631 1281 778 1310 meum
796 1273 1022 1320 tamquam

193 1339 293 1368 cera
312 1326 560 1378 liquescens
579 1326 603 1351 *
622 1325 666 1366 in
688 1324 836 1366 medio
856 1325 1022 1366 ventris

192 1395 288 1423 mel.

245 1438 374 1479 Aruit
389 1442 615 1488 tamquam
630 1441 745 1478 testa
760 1436 899 1477 virtus
914 1449 1023 1486 mea,

194 1499 238 1535 et
274 1494 422 1544 lingua
462 1505 560 1534 mea
602 1492 788 1534 adhaesit
824 1491 1023 1534 salicibus

194 1549 316 1590 meis:
335 1550 358 1574 *
379 1554 423 1590 et
450 1549 493 1589 in
518 1548 746 1600 pulverem
772 1548 927 1589 mortis
952 1548 1023 1589 de-

195 1605 358 1646 duxisti
377 1618 458 1646 me.

247 1665 463 1715 Quoniam
517 1664 900 1706 circumdederunt
955 1676 1024 1705 me

195 1733 325 1762 canes
340 1721 478 1762 multi:
493 1721 517 1746 *
538 1720 772 1762 concilium
787 1719 1025 1770 malignan-

195 1778 303 1818 tium
325 1776 499 1818 obsodit
517 1789 598 1818 me.

246 1836 472 1878 Foderunt
494 1848 649 1876 manus
674 1848 796 1876 meas
820 1839 863 1876 et
886 1834 1025 1887 pedes

194 1905 331 1933 meos:
347 1893 371 1919 *
387 1891 772 1933 dinumeraverunt
792 1891 938 1932 omnia
958 1903 1025 1931 os-

197 1961 245 1989 sa
263 1961 371 1990 mea.

249 2008 341 2061 Ipsi
360 2021 466 2049 vero
492 2007 883 2049 consideraverunt
902 2011 947 2048 et
965 2006 1026 2046 in-

198 2066 437 2116 spexerunt
476 2077 562 2105 me:
599 2065 623 2090 *
660 2063 903 2105 diviserunt
943 2062 1027 2104 sibi

198 2120 457 2161 vestimenta
484 2133 597 2170 mea,
626 2125 670 2161 et
697 2131 830 2171 super
858 2123 1027 2160 vestem

198 2188 338 2216 meam
358 2176 568 2216 miserunt
587 2180 761 2216 sortem.

250 2236 318 2276 Tu
343 2241 488 2277 autem
506 2236 694 2276 Domine
719 2248 773 2276 ne
798 2234 1027 2285 elongave-

199 2291 258 2331 ris
284 2291 492 2332 auxilium
516 2296 641 2332 tuum
668 2304 692 2331 a
716 2303 801 2331 me:
820 2291 843 2315 *
870 2290 927 2331 ad
955 2290 1027 2331 de-

201 2346 441 2387 fensionem
460 2359 603 2388 meam
623 2346 843 2398 conspice.

251 2406 367 2447 Erue
409 2419 434 2447 a
475 2407 640 2448 framea
675 2407 797 2447 Deus
838 2406 1028 2446 animam

200 2474 356 2502 meam:
376 2462 399 2486 *
420 2467 463 2503 et
487 2461 542 2503 de
561 2475 692 2503 manu
716 2462 835 2503 canis
855 2462 1029 2502 unicam

201 2529 353 2557 meam.

252 2577 381 2618 Salva
413 2589 482 2617 me
515 2589 569 2618 ex
600 2590 676 2618 ore
708 2579 864 2619 leonis:
884 2579 907 2604 *
928 2582 971 2619 et
1005 2590 1029 2618 a

201 2632 406 2673 cornibus
439 2632 708 2673 unicornium
739 2634 1029 2674 humilitatem

201 2701 353 2730 meam.

588 193 764 227 Officium
788 192 964 225 votivum
990 191 1036 224 dc
1061 190 1250 224 Passione
1275 189 1318 223 I).
1339 190 1383 223 N.
1405 189 1438 223 J.
1461 189 1500 223 C.

1121 282 1326 324 Narrabo
1355 293 1517 322 nomen
1545 284 1670 321 tuum
1694 279 1902 321 fratribus

1071 340 1199 392 meis:
1226 340 1249 364 *
1277 339 1321 379 in
1349 337 1498 379 medio
1527 335 1726 379 ecclesiae
1753 335 1902 377 lauda-

1072 396 1130 438 bo
1149 400 1204 436 te.
1756 404 1763 406 ·

1125 451 1210 501 Qui
1240 450 1404 492 timetis
1435 449 1694 498 Dominum,
1725 447 1903 489 laudate

1074 521 1188 550 eum:
1225 508 1249 535 *
1285 506 1538 547 universum
1580 517 1730 547 semen
1765 502 1904 546 Jacob

1073 563 1318 615 glorificate
1337 575 1448 604 eum.

1125 620 1300 661 Timeat
1321 631 1420 660 eum
1439 630 1569 659 omne
1589 629 1740 659 semen
1752 615 1906 658 Israel:

1074 678 1097 702 *
1118 676 1326 728 quoniam
1344 687 1433 716 non
1456 673 1640 726 sprevit,
1665 685 1808 724 neque
1833 672 1904 714 de-

1075 732 1220 785 spexit
1241 730 1599 783 deprecationem
1618 728 1841 782 pauperis:

1125 788 1220 829 Nec
1239 787 1398 829 avertit
1417 786 1575 828 faciem
1595 797 1720 826 suam
1738 797 1765 825 a
1782 797 1868 826 me:
1881 784 1906 810 *

1075 850 1119 887 et
1139 857 1240 886 cum
1260 843 1499 884 clamarem
1517 841 1575 883 ad
1594 854 1710 891 eum,
1730 839 1906 883 exaudi-

1074 901 1136 943 vit
1155 913 1237 941 me.

1126 955 1262 1009 Apud
1294 960 1339 997 te
1375 955 1472 996 laus
1506 966 1606 996 mea
1643 953 1688 994 in
1720 951 1908 995 ecclesia

1074 1026 1246 1064 magna:
1261 1013 1285 1039 *
1299 1015 1405 1053 vota
1422 1023 1522 1052 mea
1540 1009 1726 1051 reddam
1744 1009 1789 1050 in
1806 1019 1906 1050 con-

1075 1071 1231 1122 spectu
1249 1067 1495 1110 timentium
1515 1079 1626 1108 eum.

1127 1125 1272 1166 Edent
1301 1126 1541 1177 pauperes,
1574 1127 1619 1163 et
1648 1119 1907 1162 saturabun-

1075 1186 1161 1223 tur:
1202 1186 1246 1222 et
1283 1178 1527 1221 laudabunt
1558 1177 1801 1219 Dominum
1833 1175 1908 1228 qui

1075 1239 1314 1289 requirunt*
1328 1249 1442 1278 eum:
1460 1236 1484 1263 *
1503 1235 1652 1276 vivent
1676 1232 1813 1275 corda
1838 1233 1907 1274 eo-

1076 1306 1173 1334 rum
1193 1293 1237 1333 in
1257 1292 1469 1333 saeculum
1488 1290 1650 1332 saeculi.

1128 1348 1482 1390 Reminiscentur
1515 1351 1559 1388 et
1596 1345 1908 1388 convertentur

1077 1405 1134 1447 ad
1143 1405 1383 1446 Dominum
1392 1404 1416 1429 *
1431 1402 1626 1444 universi
1638 1401 1750 1443 fines
1763 1405 1909 1442 terrae:

1129 1466 1187 1507 Et
1208 1464 1457 1506 adorabunt
1480 1464 1525 1504 in
1550 1463 1794 1515 conspectu
1817 1461 1910 1512 ejus

1077 1523 1100 1548 *
1120 1522 1338 1563 universae
1358 1519 1534 1561 famssiae
1555 1518 1776 1560 Gentium.

1131 1581 1348 1631 Quoniam
1366 1580 1547 1621 Domini
1571 1583 1639 1621 est
1663 1589 1861 1629 regnum:
1885 1577 1909 1602 *

1079 1643 1122 1680 et
1142 1638 1238 1690 ipse
1258 1636 1554 1679 dominabitur
1573 1634 1791 1676 Gentium.

1131 1697 1510 1739 Manducaverunt
1539 1701 1583 1737 et
1612 1695 1910 1736 adoraverunt

1080 1767 1233 1796 omnes
1250 1754 1437 1806 pingues
1455 1757 1603 1793 terrae:
1621 1753 1645 1778 *
1664 1751 1709 1792 in
1730 1750 1911 1801 conspe-

1080 1815 1155 1851 ctu
1175 1811 1266 1861 ejus
1282 1808 1442 1850 cadent
1457 1820 1621 1858 omnes,
1641 1807 1717 1859 qui
1732 1805 1910 1847 descen-

1081 1866 1190 1907 dunt
1208 1866 1252 1905 in
1270 1870 1445 1906 terram.

1130 1926 1187 1967 Et
1212 1925 1356 1967 anima
1379 1937 1478 1966 mea
1501 1924 1564 1965 illi
1587 1924 1719 1966 vivet:
1737 1925 1761 1948 *
1781 1926 1825 1964 et
1848 1933 1911 1962 se-

1079 1995 1179 2023 men
1198 1994 1345 2023 meum
1364 1980 1527 2022 serviet
1543 1979 1639 2032 ipsi.

1133 2041 1478 2083 Annuntiabitur
1509 2040 1702 2082 Domino
1733 2039 1912 2089 genera-

1079 2100 1142 2140 tio
1158 2101 1357 2139 ventura:
1371 2098 1395 2124 *
1412 2102 1455 2138 et
1474 2095 1793 2138 annuntiabunt
1811 2092 1913 2134 coeli

1081 2155 1288 2206 justitiam
1307 2154 1398 2205 ejus
1416 2153 1584 2206 populo
1607 2152 1681 2204 qui
1698 2151 1914 2197 nascetur,

1082 2223 1213 2262 quem
1232 2210 1336 2251 fecit
1354 2209 1584 2250 Dominus.

1135 2278 1235 2316 Ant.
1264 2273 1517 2314 Diviserunt
1543 2272 1626 2314 sibi
1653 2271 1914 2313 vestimenta

1080 2343 1188 2379 mea,
1214 2335 1258 2371 et
1282 2341 1415 2381 super
1439 2334 1605 2370 vestem
1625 2339 1769 2368 meam
1787 2327 1912 2367 mise-

1081 2391 1181 2427 runt
1200 2390 1377 2426 sortem.

1139 2449 1187 2497 V.
1208 2449 1396 2490 Oblatus
1418 2453 1494 2498 est,
1519 2447 1622 2499 quia
1644 2446 1740 2498 ipse
1763 2445 1913 2486 voluit.

1089 2509 1134 2558 lx’g.
1159 2506 1216 2546 Et
1235 2505 1373 2546 livore
1394 2505 1485 2556 ejus
1505 2502 1646 2544 sanoti
1665 2514 1827 2542 sumus.

1136 2575 1341 2609 Lectiones
1366 2574 1413 2607 de
1436 2574 1635 2616 Scriptura
1659 2577 1892 2606 occurrente.

1137 2635 1187 2685 Rc.
1216 2634 1240 2674 i.
1269 2633 1412 2674 Vinea
1439 2643 1538 2672 mea
1567 2630 1724 2680 electa,
1758 2642 1841 2681 ego
1869 2634 1914 2670 te

1083 2689 1288 2740 plantavi,
1308 2687 1415 2729 dicit
1428 2686 1661 2727 Dominus:
1680 2690 1724 2728 et
1738 2691 1786 2728 tu
1798 2686 1915 2728 facta
