2040 2944
446 157 517 190 Die
542 157 600 190 330.
627 157 728 198 Sept.
777 157 811 189 S.
839 154 1067 197 Hieronymi
1091 154 1233 189 l'resb..
1260 153 1367 186 Cous.
1395 157 1429 186 01
1455 153 1562 186 Doct.

200 251 251 304 ys.
264 252 316 292 In
331 252 574 303 conspectu
588 249 859 302 Angelorum
873 248 981 302 psal-

149 307 237 349 lam
263 306 344 350 tibi
366 307 488 348 Deus
515 319 650 348 meus.
687 309 739 359 Η.
766 304 980 347 Adorabo

150 362 208 404 ad
221 363 436 416 templum
451 367 652 404 sanctum
664 366 800 413 tuum,
819 366 863 404 et
879 373 979 403 con-

149 419 310 462 fitebor
328 420 496 461 nomini
513 424 602 461 tuo.

426 497 494 533 Ad
516 497 700 532 Nonam.

200 553 297 592 Ant.
328 550 495 601 Augen,
515 547 792 600 Archangeli.

205 612 462 664 Capitulum.
658 610 796 660 Apoc.
812 607 869 647 12.
885 607 923 647 b.

148 668 378 774 Factum
401 675 468 713 est
489 670 692 724 praelium
712 681 919 720 magnum
936 669 980 709 in

255 728 385 770 coelo:
411 727 601 769 Michael
630 731 674 768 01
701 724 860 777 Angeli
889 725 980 776 ejus

149 784 463 839 praeliabantur
482 796 581 824 cum
602 782 804 830 dracone,
824 786 868 823 et
885 781 980 822 dra—

151 855 203 884 co
222 840 460 895 pugnabat,
480 844 524 881 et
543 839 688 891 angeli
707 839 876 891 ejus:.et
892 850 981 878 non

150 897 491 952 praevaluerunt,
518 909 662 949 neque
685 895 811 937 locus
834 895 980 936 inven-

150 960 220 997 tus
241 959 308 996 est
326 956 479 996 eorum
499 952 687 1006 amplius
706 953 750 993 in
770 951 897 994 coelo.

200 1018 252 1069 R.
276 1017 338 1058 br.
364 1015 417 1056 In
442 1016 685 1067 conspectu
708 1013 981 1065 Angelorum

150 1075 174 1100 *
209 1071 400 1114 Psallam
440 1071 522 1113 tibi
557 1071 680 1113 Deus
722 1082 856 1112 meus.
919 1070 981 1110 In.

149 1125 200 1177 V.
225 1127 439 1170 Adorabo
465 1127 522 1169 ad
544 1127 758 1180 templum
782 1131 981 1168 sanctum

149 1190 291 1235 tuum,
329 1189 373 1226 et
409 1184 656 1226 confitebor
692 1183 857 1225 nomini
892 1188 981 1225 tuo.

150 1242 352 1284 Psallam.
384 1241 535 1283 Gloria
552 1241 684 1282 Patri.
711 1241 774 1281 In.

201 1298 251 1348 V.
292 1297 491 1340 Adorate
522 1298 678 1340 Deum.
731 1297 782 1349 R.
817 1297 981 1338 Omnes

151 1355 310 1405 Angeli
329 1356 431 1407 ejus.

358 1435 420 1476 In
437 1435 500 1477 11.
519 1434 774 1486 vesperis.

204 1498 292 1531 Ant.
319 1501 355 1531 et
379 1496 503 1539 Capit.
530 1495 576 1529 de
598 1495 717 1529 Laud.
743 1496 818 1531 335.
846 1495 906 1528 Ps.
934 1495 980 1527 de

150 1545 364 1579 Dominica.
394 1544 474 1579 107.
498 1548 534 1577 et
558 1544 644 1577 1000
670 1543 795 1577 01111111

414 1599 613 1640 Psalmus
634 1600 718 1639 137.

155 1655 453 1763 Confitebor
484 1661 565 1703 tibi
587 1661 776 1702 Domine
810 1661 854 1701 in
886 1666 983 1702 toto

245 1717 380 1759 corde
406 1730 523 1759 meo:
541 1719 566 1745 *
591 1717 800 1769 quoniam
824 1715 985 1759 audisti

154 1773 292 1816 verba
310 1774 399 1815 oris
420 1774 518 1815 mei.

206 1831 258 1871 In
292 1832 535 1882 conspectu
566 1829 838 1882 Angelorum
869 1830 985 1883 psal-

155 1885 242 1927 lam
274 1885 370 1928 tibi:
397 1887 420 1911 *
449 1885 648 1927 adorabo
682 1885 740 1927 ad
771 1885 986 1938 templum

156 1947 355 1984 sanctum
385 1947 524 1992 tuum,
557 1946 601 1983 et
634 1941 879 1984 confitebor
910 1944 986 1984 no·

155 1999 261 2039 mini
277 2003 367 2040 tuo.

207 2055 348 2108 Super
375 2054 676 2096 misericordia
696 2059 786 2104 tua,
815 2058 859 2096 01
877 2055 986 2096 veri-

154 2113 247 2153 tate
278 2116 369 2153 tua:
399 2111 424 2137 *
459 2110 667 2163 quoniam
696 2110 987 2161 magnificasti

156 2180 289 2220 super
303 2180 443 2217 omne,
462 2179 624 2208 nomen
638 2171 838 2209 sanctum
851 2172 987 2208 tuum.

207 2224 259 2264 In
274 2227 551 2276 quacumque
567 2222 637 2264 die
654 2223 917 2265 invocavero
932 2229 987 2273 te,

158 2280 317 2322 exaudi
339 2293 426 2322 me:
449 2281 473 2306 *
496 2279 808 2332 multiplicabis
831 2280 875 2320 in
899 2280 987 2321 ani-

156 2349 227 2377 ma
246 2349 345 2378 mea
363 2337 581 2378 virtutem.

210 2392 512 2434 Confiteantur
530 2391 612 2433 tibi
629 2391 817 2433 Domine
836 2404 988 2433 omnes

158 2461 284 2498 reges
316 2453 461 2490 terrae:
488 2450 512 2475 *
546 2448 648 2499 quia
680 2447 912 2489 audierunt
944 2450 988 2489 o-

157 2503 274 2545 mnia
290 2504 427 2546 verba
446 2505 532 2546 oris
551 2505 628 2547 tui:

210 2560 267 2602 Et
285 2565 461 2602 cantent
478 2562 523 2601 in
541 2561 622 2603 viis
638 2561 830 2602 Domini:
844 2560 868 2586 *
885 2562 989 2611 quo-

159 2616 276 2657 niam
293 2629 452 2668 magna
470 2622 538 2659 est
556 2617 697 2668 gloria
716 2617 904 2658 Domini.

212 2673 428 2722 Quoniam
455 2674 654 2715 excelsus
683 2673 918 2723 DominuS,
947 2677 991 2714 01

1031 248 1214 290 humilia
1240 248 1435 301 respicit:
1454 248 1478 275 *
1499 251 1543 289 et
1570 247 1658 289 3113
1684 260 1710 288 3
1734 248 1866 299 longe
1914 267 1915 270 ¹

1034 304 1272 355 cognoscit.

1084 361 1130 402 Si
1149 360 1433 402 ambulavero
1457 360 1500 400 in
1520 359 1667 402 medio
1687 360 1865 402 tribula-

1032 417 1179 467 tionis,
1212 416 1457 458 vivificabis
1490 429 1575 458 me:
1603 418 1627 444 *
1656 422 1699 459 et
1734 429 1866 469 super

1031 474 1142 515 iram
1158 473 1436 515 inimicorum
1454 475 1654 514 meorum
1672 472 1866 515 extendi-

1032 530 1089 571 sti
1106 543 1284 571 manum
1302 535 1438 579 tuam,
1466 534 1509 571 et
1528 529 1699 571 salvum
1717 542 1788 571 me
1808 530 1866 571 fe-

1033 586 1092 628 011
1111 586 1294 627 dextera
1311 591 1397 628 tua.

1083 642 1300 684 Dominus
1315 641 1528 684 retribuet
1541 654 1626 694 1110
1639 655 1725 683 111οε
1735 642 1759 667 *
1770 642 1867 683 Dfie

1032 699 1335 741 misericordia
1353 704 1430 740 tua
1447 699 1491 739 in
1511 698 1738 739 saeculum:
1763 701 1865 750 ope-

1032 769 1081 797 ra
1099 758 1308 798 manuum
1321 757 1497 798 tuarum
1515 768 1570 796 ne
1591 754 1821 807 despicias.

1087 814 1298 864 Hymnus.
1328 813 1389 853 Te
1410 810 1632 864 splendor.
1652 812 1738 852 331.

1087 866 1138 916 V.
1149 869 1201 909 In
1217 870 1461 921 conspectu
1472 867 1745 918 Angelorum
1759 867 1869 919 psal·
1916 892 1918 894 -
1973 857 1977 865 '

1032 925 1121 966 13111
1145 924 1225 966 tibi
1251 925 1372 966 Deus
1396 937 1531 965 meus.
1571 927 1622 978 R.
1651 923 1866 965 Adorabo
1918 922 1919 925 ’

1034 981 1091 1022 ad
1107 981 1321 1033 templum
1337 985 1537 1022 sanctum
1551 985 1686 1030 tuum,
1707 985 1750 1021 01
1767 992 1866 1021 0011-
1918 1004 1919 1008 =

1033 1037 1194 1079 fitebor
1213 1037 1378 1079 nomini
1396 1042 1486 1079 tuo.

1090 1096 1161 1136 Ad
1187 1095 1360 1145 Magnif.
1403 1096 1501 1135 Ant.
1544 1093 1754 1145 Princeps
1778 1092 1867 1143 glo-

1035 1150 1292 1199 riosissime,
1337 1149 1526 1190 Michael
1571 1149 1869 1199 Archangele,

1037 1212 1133 1248 esto
1158 1219 1328 1248 memor
1352 1206 1510 1248 nostri:
1539 1206 1611 1247 hic
1636 1210 1680 1247 et
1705 1205 1870 1257 ubique
1920 1220 1922 1222 ’

1035 1275 1212 1315 semper
1236 1265 1420 1315 precare
1444 1275 1528 1315 pro
1554 1262 1684 1304 nobis
1710 1262 1869 1302 Filium

1034 1319 1130 1369 Dei,
1150 1319 1334 1371 alleluja,
1355 1318 1539 1370 allehija.

1088 1382 1137 1416 Et
1159 1382 1201 1416 fit
1225 1392 1422 1416 commem.
1446 1391 1551 1424 sequ.

1213 1454 1297 1496 Die
1316 1455 1388 1495 30.
1408 1454 1693 1507 Septembris.

1036 1518 1078 1558 S.
1110 1517 1411 1568 Hieronymi
1447 1519 1714 1569 Presbyteri,
1751 1520 1872 1561 Conf.

1295 1581 1337 1616 et
1357 1576 1473 1615 Eccl.
1493 1576 1620 1616 Doct.

1373 1632 1537 1674 Duplex

1093 1678 1230 1712 Omnia
1264 1678 1310 1712 cle
1342 1678 1486 1712 Comm.
1517 1678 1626 1713 Conf.
1656 1689 1733 1712 non
1762 1679 1871 1713 Pont.

1038 1727 1107 1770 [67]
1132 1731 1274 1769 praeter
1299 1736 1404 1769 sequ.

1091 1778 1135 1811 In
1159 1778 1333 1822 utrisque
1358 1778 1476 1821 Vesp.
1502 1778 1552 1812 ad
1576 1778 1732 1820 Magnis.

1092 1827 1193 1866 Ant.
1216 1826 1253 1866 O
1269 1826 1440 1867 Doctor
1460 1825 1639 1878 optime,
1658 1825 1871 1867 Ecclesiae
1921 1840 1923 1842 ·

1039 1888 1203 1926 sanetae
1231 1882 1398 1933 lumen,
1428 1882 1561 1924 beate
1589 1881 1872 1934 Hieronyme‚

1039 1940 1199 1983 divinae
1213 1939 1322 1990 legis
1338 1940 1520 1988 amator,
1536 1938 1777 1991 deprecare
1789 1951 1872 1991 pro

1038 1996 1167 2038 nobis
1185 1995 1346 2036 Filium
1364 1994 1460 2036 Dei.

1091 2049 1143 2100 V.
1167 2052 1346 2094 Amavit
1371 2064 1472 2093 eum
1494 2051 1603 2101 Dfis,
1630 2056 1674 2093 et
1699 2051 1873 2093 ornavit

1040 2122 1151 2151 eum.
1179 2111 1230 2161 Rz.
1248 2108 1418 2150 Stolam
1436 2107 1588 2159 gloriae
1603 2107 1746 2149 induit
1761 2120 1873 2149 eum.

1380 2166 1543 2206 Oratio.

1041 2217 1224 2322 DeUS,
1245 2221 1320 2273 qui
1338 2220 1552 2262 Ecclesiae
1569 2225 1658 2262 tuae
1676 2220 1720 2261 in
1740 2233 1872 2273 expo-

1141 2277 1298 2319 nendis
1333 2277 1469 2318 sacris
1501 2276 1741 2329 Scripturis
1773 2276 1873 2319 bea-

1040 2340 1135 2376 tum
1187 2334 1509 2386 Hieronymum
1564 2333 1874 2375 Confessorem

1041 2396 1180 2441 tuum,
1207 2390 1451 2432 Doctorem
1470 2389 1710 2431 maximum
1728 2389 1874 2442 provi-

1042 2446 1148 2489 dere
1172 2446 1378 2498 dignatus
1404 2459 1467 2488 es:
1494 2451 1676 2499 praesta,
1705 2448 1874 2498 quaesu-

1041 2517 1154 2554 mus;
1189 2508 1238 2544 ut
1265 2503 1356 2554 ejus
1382 2502 1725 2553 suffragantibus
1749 2502 1873 2543 meri-

1042 2560 1108 2609 tis,
1130 2558 1251 2611 quod
1266 2571 1344 2601 ore
1359 2558 1547 2600 simulet
1562 2562 1698 2612 opere
1714 2558 1874 2607 docuit,

1042 2621 1087 2658 te
1116 2615 1368 2667 adjuvante,
1404 2618 1611 2658 exercere
1639 2615 1874 2658 valeamus.

1042 2672 1127 2714 Per
1145 2671 1394 2713 Dominum.
