2040 2944
173 171 266 216 [152]

483 275 630 314 Lectio
651 275 688 313 ii.

254 335 272 372 t
294 330 357 371 sic
380 330 423 370 in
443 329 547 370 Sion
566 327 738 368 firmata
760 339 867 376 sum,
890 330 934 367 et
957 325 1000 366 in

275 387 449 428 civitate
491 383 763 426 sanctificata
804 382 1000 424 similiter

172 443 376 498 requievi,
403 447 447 484 et
471 443 515 482 in
534 440 777 483 Jerusalem
800 441 1000 492 potestas

172 514 279 543 mea.
321 500 377 540 Et
400 498 595 540 radicavi
618 498 661 538 in
680 496 847 549 pupulo
867 495 1000 536 hono-

172 557 353 599 rificato,
378 560 421 596 et
442 555 486 596 in
509 559 634 607 parte
653 553 737 594 Dei
759 552 846 594 mei
864 552 999 593 haere-

175 614 288 655 ditas
314 612 444 661 illius,
473 616 517 652 et
541 611 585 651 in
611 607 881 663 plenitudine
907 621 1000 649 san-

175 672 344 712 cterum
365 667 559 709 detentio
578 678 686 707 mea.
721 668 783 707 Tu
802 670 959 706 autem.

232 733 276 781 lx’g.
306 730 445 771 Beata
473 741 520 769 es
547 727 686 778 Virgo
714 726 869 775 Maria,
902 737 1000 778 quae

173 787 410 828 Deminum
470 785 684 837 portasti,
748 783 1002 824 Createrem

174 842 343 885 mundi:
388 849 407 869 *
452 841 652 883 Genuisti
690 840 763 892 qui
801 844 846 880 te
884 838 1000 887 fecit,

174 905 217 942 et
254 900 298 940 in
338 901 549 940 aeternum
586 899 818 950 permanes
852 895 1002 946 Virgo.

174 955 224 1006 V.
248 956 344 997 Ave
364 955 512 1004 Maria,
531 954 673 1005 gratia
691 952 833 1006 plena,
852 951 1001 992 Demi-

173 1025 253 1054 nus
273 1017 428 1054 tecum.
458 1010 669 1052 Genuisti.

228 1072 275 1122 Y.
303 1074 327 1114 J
330 1073 414 1115 ube
434 1071 595 1114 domne
614 1070 886 1113 benedicere.

231 1138 386 1177 liencd.
439 1137 517 1175 Per
552 1132 780 1183 Virginem
817 1131 1003 1173 Matrem

174 1190 388 1233 concedat
419 1190 546 1232 nobis
573 1189 787 1230 Dominus
816 1188 1000 1230 salutem

175 1254 218 1290 et
235 1260 401 1301 pacem.
446 1252 495 1301 R:-
533 1247 686 1287 Amen.

476 1321 625 1374 Lectio
646 1321 701 1361 iii.

258 1383 353 1424 uasi
373 1382 529 1425 cedrus
549 1381 740 1423 exaltata
759 1393 855 1421 sum
874 1380 918 1421 in
935 1380 1003 1420 Li-

278 1439 413 1489 bano,
451 1444 494 1480 et
531 1438 655 1490 quasi
692 1438 925 1489 cypressus
959 1437 1002 1477 in

175 1500 324 1538 monte
347 1496 466 1537 Sion:
495 1494 620 1547 quasi
642 1493 788 1546 palma
813 1492 1004 1534 exaltata

177 1565 274 1594 sum
300 1552 344 1592 in
373 1551 532 1600 Cades,
564 1555 607 1592 et
636 1549 760 1602 quasi
786 1548 1003 1602 plantatio

176 1621 291 1651 rosae
315 1609 359 1650 in
382 1607 570 1649 Jericho.
611 1606 746 1657 Quasi
770 1605 885 1647 oliva
909 1618 1004 1659 spe-

177 1666 297 1707 ciesa
320 1666 365 1706 in
389 1664 567 1717 campis,
593 1668 636 1705 et
657 1662 781 1715 quasi
798 1662 1004 1715 platanus

177 1723 368 1765 exaltata
394 1734 490 1763 sum
515 1722 635 1773 juxta
662 1732 821 1772 aquam
846 1719 890 1759 in
915 1718 1004 1772 pla-

176 1780 271 1821 teis.
309 1779 429 1820 Sicut
449 1777 782 1826 cinnamemum,
803 1780 846 1816 et
863 1774 1004 1817 balsa-

176 1849 295 1877 mum
332 1836 624 1876 aromatizans
665 1831 849 1874 oderem
886 1830 1005 1873 dedi:

178 1892 302 1945 quasi
324 1890 500 1944 myrrha
519 1889 668 1938 electa,
693 1888 796 1930 dedi
820 1888 1004 1930 suavita-

176 1954 266 1990 tem
286 1947 446 1990 oderis.
477 1948 542 1988 Tu
561 1951 706 1988 autem
725 1945 925 1987 Demine.

230 2011 278 2061 R.
296 2008 419 2050 Felix
438 2020 627 2060 namque
645 2020 704 2056 es,
724 2019 849 2048 sacra
862 2007 1003 2058 Virgo

176 2065 324 2115 Maria,
344 2070 388 2107 et
407 2065 524 2106 omni
542 2064 672 2105 laude
691 2062 960 2114 dignissima:
979 2066 1001 2089 *

178 2121 289 2171 Quia
318 2135 372 2163 ex
399 2126 443 2163 te
476 2125 599 2162 ortus
628 2124 694 2161 est
723 2119 791 2161 sol
818 2119 1004 2172 justitiae,

179 2180 200 2201 *
231 2177 429 2220 Christus
457 2178 577 2219 Deus
614 2181 776 2218 noster.
823 2171 871 2222 V.
916 2176 1005 2218 Ora

177 2246 258 2287 pro
291 2234 479 2287 pupulo,
515 2233 727 2276 interveni
759 2246 842 2286 pro
875 2233 1004 2284 clero,

179 2291 400 2332 intercede
411 2304 492 2343 pro
507 2291 669 2332 devoto
682 2290 870 2332 femineo
884 2302 1004 2331 sexu:

180 2347 367 2388 sentiant
382 2360 533 2389 omnes
547 2353 670 2389 tuum
685 2347 895 2398 juvamen,
914 2346 1004 2398 qui-

181 2406 366 2455 cumque
401 2403 623 2445 celebrant
656 2410 776 2445 tuam
810 2409 1005 2445 sanctam

181 2460 651 2501 commemoratienem.
692 2460 814 2510 Quia.
854 2459 1005 2500 (ileria

179 2515 308 2557 Patri.
345 2515 552 2557 Christus.

446 2591 524 2632 Ad.
544 2592 739 2634 Laudes

388 2651 435 2678 et
477 2656 571 2687 per
609 2647 798 2680 Horas.

237 2692 282 2742 V.
308 2696 428 2737 Deus
448 2696 490 2736 in
510 2695 780 2747 adjuterium.

677 171 852 204 Officium
878 179 1038 212 parvum
1064 169 1104 202 B.
1130 168 1262 202 Maria:
1287 168 1391 210 Virg.

1113 266 1207 306 Ant.
1233 269 1260 307 1.
1289 265 1528 315 Assumpta
1551 266 1619 304 est
1638 263 1663 290 *
1681 262 1819 303 Maria
1836 262 1880 303 in

1053 321 1229 363 coelum:
1251 319 1444 373 gaudent
1462 318 1630 370 Angeli,
1650 317 1880 361 laudantes

1052 377 1318 420 benedicunt
1335 375 1584 418 Deminum.

1108 438 1174 477 Ps.
1204 434 1416 477 Deminus
1434 432 1642 484 regnavit.
1660 433 1719 474 15.

1107 495 1142 533 2.
1176 493 1312 533 Maria
1340 490 1478 541 Virgo
1509 491 1533 516 *
1560 492 1788 544 assumpta
1814 497 1882 534 est

1054 548 1110 590 ad
1145 547 1385 590 aethereum
1419 546 1679 597 thalamum,
1714 547 1758 588 in
1794 561 1881 601 quo

1055 605 1153 646 Rex
1172 617 1322 656 regum
1341 603 1516 645 stellato
1537 603 1662 645 sedet
1680 604 1804 646 selio.

1108 664 1144 702 3.
1193 662 1243 701 ln
1278 660 1462 702 oderem
1502 662 1526 687 *
1562 663 1883 711 unguenterum

1054 720 1230 760 tucrum
1269 717 1502 758 currimus:
1544 716 1883 759 adolescentulae

1056 774 1301 816 dilexerunt
1319 779 1363 815 te
1383 773 1520 814 nimis.

1110 835 1146 872 4.
1171 829 1407 873 Benedicta
1425 829 1514 871 filia
1532 831 1556 857 *
1571 834 1619 871 tu
1638 842 1663 870 a
1677 829 1885 872 D6mino:

1056 887 1159 940 quia
1173 897 1254 941 per
1266 892 1311 928 te
1325 887 1514 928 fructum
1528 887 1630 928 vitae
1648 887 1883 929 communi-

1055 945 1261 986 cavimus.

1108 1004 1145 1042 5.
1176 1001 1362 1042 Pulchra
1386 1013 1448 1050 eS,
1475 1001 1499 1027 *
1523 1004 1568 1042 et
1590 999 1767 1050 decem,
1794 1000 1885 1042 filia

1055 1058 1312 1100 Jerusalem:
1339 1056 1545 1099 terribilis
1569 1061 1617 1099 ut
1639 1059 1884 1099 castrorum

1055 1115 1171 1157 acies
1191 1114 1403 1157 ordinata.

1138 1181 1395 1233 Capitulum.
1577 1179 1697 1219 Cant.
1718 1180 1754 1219 6.
1775 1191 1807 1219 c.

1054 1236 1322 1344 Viderunt
1345 1253 1441 1282 eam
1462 1239 1566 1281 fssiae
1585 1239 1701 1290 Sion,
1724 1243 1767 1282 et
1784 1239 1884 1282 bea-

1172 1298 1386 1339 tissimam
1428 1296 1798 1350 praedicaverunt,
1841 1301 1885 1339 et

1056 1352 1525 1461 reiffssssssugffissm
1544 1365 1651 1394 eam·

1369 1475 1578 1525 Hymnus.

1211 1535 1404 1587 gloriesa
1423 1536 1648 1587 virginum,

1229 1592 1434 1635 Sublimis
1453 1593 1567 1634 inter
1585 1592 1740 1643 sidera,

1161 1650 1246 1701 Qui
1264 1654 1309 1691 te
1329 1651 1503 1699 creavit,
1522 1649 1755 1702 parvulum

1160 1707 1370 1748 Lactente
1388 1706 1529 1747 nutris
1548 1705 1694 1748 ubere.

1111 1771 1242 1822 Quod
1261 1772 1388 1812 Heva
1406 1771 1544 1812 tristis
1564 1771 1756 1821 abstulit,

1161 1828 1231 1869 Tu
1249 1827 1399 1869 reddis
1419 1827 1534 1869 almo
1554 1828 1762 1879 germine:

1160 1885 1329 1926 Intrent
1348 1888 1396 1925 ut
1415 1889 1534 1925 astra
1553 1884 1733 1935 flebiles,

1163 1941 1273 1983 Coeli
1294 1940 1485 1982 recludis
1505 1940 1718 1982 cardines.

1115 2007 1180 2047 Tu
1198 2007 1313 2058 regis
1333 2006 1408 2048 alti
1427 2006 1564 2058 janua,

1161 2063 1219 2104 Et
1237 2062 1335 2104 aula
1354 2062 1463 2104 lucis
1482 2061 1661 2113 fulgida:

1161 2120 1310 2161 Vitam
1330 2119 1477 2161 datam
1496 2132 1576 2172 per
1594 2119 1820 2170 Virginem

1163 2176 1328 2218 Gentes
1346 2175 1588 2228 redemptae
1607 2174 1814 2228 plaudite.

1110 2244 1129 2281 J
1138 2254 1225 2291 esu,
1243 2240 1325 2283 tibi
1344 2241 1401 2282 sit
1419 2241 1570 2292 gloria,

1161 2298 1246 2349 Qui
1265 2302 1393 2339 natus
1414 2310 1460 2338 es
1480 2297 1536 2339 de
1554 2296 1745 2346 Virgine,

1163 2355 1271 2396 Cum
1290 2354 1432 2403 Patre,
1453 2359 1497 2395 et
1515 2353 1632 2394 almo
1651 2352 1815 2404 Sp1'ritu

1160 2413 1210 2452 In
1231 2410 1497 2463 sempiterna
1516 2408 1687 2450 saecula.

1367 2466 1520 2507 Amen.

1114 2519 1159 2570 Y.
1192 2522 1434 2565 Benedicta
1465 2526 1513 2563 tu
1543 2521 1603 2562 in·
1618 2521 1884 2563 mulieribus.

1060 2582 1109 2621 R.
1122 2581 1178 2622 Et
1188 2579 1446 2622 benedictus
1457 2578 1623 2619 fructus
1635 2577 1799 2620 ventris
1809 2578 1883 2619 tui.

1120 2642 1186 2681 Ad
1206 2639 1363 2680 Bened.
1383 2640 1478 2679 Ant.
1499 2639 1634 2680 Beata
1651 2638 1735 2680 Dei
1755 2638 1882 2679 Geni-

1028 2698 1032 2746 Ι
1057 2698 1143 2739 trix
1160 2697 1307 2746 Maria,
1329 2696 1353 2722 *
1371 2695 1510 2746 Virgo
1529 2697 1757 2748 perpetua,
1776 2699 1882 2736 tem-
