2040 2944
650 167 693 200 In
717 166 844 199 Festis
869 165 910 198 B.
936 164 1069 198 Maria:
1093 164 1136 197 V.
1162 174 1231 206 per
1256 173 1407 197 annum.

218 259 412 307 Montes,
450 258 564 299 sicut
593 270 694 299 cera
727 256 947 298 fluxerunt
976 270 1001 297 a

167 316 280 357 facie
298 314 492 356 Domini:
517 314 540 339 *
566 327 591 354 a
615 313 726 354 facie
751 313 931 354 Demini
956 326 1000 354 o-

169 372 281 412 mnis
300 376 429 412 terra.

220 427 603 468 Annuntiaverunt
648 425 749 467 eoeli
794 426 1002 477 justitiam

169 485 275 534 eius:
302 483 326 508 *
355 488 399 524 et
427 481 631 523 viderunt
662 495 816 523 omnes
848 482 1001 534 pepuli

168 540 354 590 gloriam
374 540 476 591 ejus.

222 595 558 636 Confundantur
598 607 769 644 omnes,
818 594 892 646 qui
929 594 1001 636 ad-

170 654 297 693 orant
316 650 549 703 sculptilia:
565 651 588 676 *
605 655 649 691 et
666 651 741 702 qui
759 650 1002 701 gloriantur

169 708 212 748 in
232 707 476 748 simulacris
496 707 597 747 suis.

221 763 420 805 Adorate
437 776 537 804 eum
551 775 703 804 omnes
720 762 878 812 Angeli
898 763 1003 814 ejus:

169 821 193 846 *
212 819 390 868 audivit,
419 824 463 861 et
480 819 631 860 laetata
651 823 718 860 est
736 818 852 859 Sion.

221 877 279 917 Et
312 875 642 917 exsultaverunt
675 874 776 915 fssiae
808 875 833 915 J
835 874 952 924 udae,
980 875 1003 900 *

169 937 353 985 propter
370 931 529 984 judicia
547 936 622 972 tua
640 931 848 972 Demine:

223 988 442 1038 Quoniam
455 992 504 1029 tu
518 987 734 1028 Dominus
749 987 864 1028 Altis
870 987 1004 1028 simus

171 1057 304 1097 super
320 1057 495 1086 omnem
513 1048 692 1085 terram:
707 1043 730 1069 *
743 1043 870 1084 nimis
891 1043 1004 1084 exal-

169 1103 288 1142 tatus
308 1113 355 1142 es
375 1113 507 1153 super
527 1113 680 1141 omnes
701 1099 821 1141 deos.

223 1157 307 1207 Qui
324 1157 503 1207 diligitis
513 1157 764 1205 Dominum,
782 1155 901 1197 odite
916 1168 1004 1196 ma-

171 1213 275 1254 lum:
307 1214 331 1239 *
364 1213 558 1254 custodit
588 1213 804 1253 Deminus
837 1212 1005 1252 animas

172 1271 425 1310 sanctorum
451 1271 646 1318 suorum,
675 1268 730 1310 de
753 1281 885 1309 manu
905 1281 1004 1320 pec-

173 1326 335 1366 catoris
353 1325 559 1366 liberabit
579 1338 666 1366 eos.

226 1382 323 1422 Lux
352 1386 450 1422 orta
478 1386 545 1423 est
577 1382 709 1432 justo,
737 1381 760 1406 *
798 1385 841 1422 et
874 1380 1006 1422 rectis

174 1437 309 1479 corde
336 1437 499 1478 laetitia.

225 1493 457 1535 Laetamini
484 1493 585 1544 justi
611 1493 655 1533 in
682 1493 891 1534 Demino:
915 1493 940 1518 *
965 1497 1008 1534 et

175 1550 444 1590 confitemini
457 1549 683 1605 memoriae
700 1549 1007 1590 sanctificatio-

175 1619 242 1646 n1s
263 1619 364 1658 eJus.

224 1663 325 1702 Ant.
369 1662 566 1712 Dignare
609 1674 680 1703 me
724 1660 906 1702 laudare
948 1666 1009 1710 te,

174 1718 315 1768 Virgo
353 1720 542 1759 sacrata:
579 1717 636 1759 da
665 1717 771 1758 mihi
802 1717 1010 1759 virtutem

177 1778 332 1815 contra
350 1773 500 1815 hostes
520 1779 632 1815 tuos.

228 1830 329 1869 Ant.
353 1830 460 1871 Post
478 1835 654 1882 partum
673 1830 696 1856 *
714 1830 855 1881 Virgo
874 1829 1009 1870 invio-

176 1885 266 1926 lata
291 1886 588 1938 permansisti,
615 1886 699 1928 Dei
725 1886 925 1927 Genitrix
950 1885 1010 1926 in-

176 1941 356 1983 tercede
375 1955 458 1994 pro
481 1942 620 1984 nobis.

448 1999 650 2039 Psalmus
671 1999 736 2038 97.

179 2050 248 2157 C
261 2056 410 2096 antate
444 2054 638 2095 Domino
674 2055 894 2095 canticum
935 2066 1010 2094 no-

273 2123 390 2151 vum:
409 2111 433 2136 *
455 2111 558 2162 quia
575 2110 794 2151 mirabilia
813 2110 927 2151 fecit.

230 2166 426 2207 Salvavit
455 2166 540 2207 sibi
573 2166 757 2208 dextera
785 2167 891 2218 ejus:
915 2166 939 2191 *
968 2172 1012 2207 et

177 2221 406 2263 brachium
429 2227 628 2264 sanctum
650 2223 752 2274 ejus.

230 2278 399 2319 Notum
430 2279 535 2320 fecit
563 2278 780 2319 Dominus
818 2278 1012 2319 salutare

179 2346 319 2374 suum:
339 2334 362 2360 *
382 2334 426 2374 in
446 2336 691 2387 conspectu
711 2334 920 2376 Gentium
947 2347 1011 2375 re-

179 2389 342 2430 velavit
362 2390 572 2441 justitiam
591 2403 726 2431 suam.

231 2445 509 2486 Recordatus
570 2451 637 2488 est
691 2446 1010 2488 misericordiae
1071 2449 1091 2497 331

181 2513 288 2551 suae,
309 2501 332 2526 *
353 2506 397 2542 et
423 2502 623 2544 veritatis
652 2516 745 2544 suae
774 2503 926 2544 domui
950 2503 1011 2542 Is·
1071 2500 1126 2523 ¹
1142 2493 1174 2518 Ν

180 2556 284 2598 raeL

233 2612 454 2654 Viderunt
472 2626 625 2654 omnes
647 2614 822 2656 termini
841 2618 973 2655 terrae
988 2613 1012 2638 *

183 2669 375 2711 salutare
392 2669 477 2710 Dei
495 2670 645 2710 nostri.

1105 257 1130 298 J
1131 257 1297 299 ubilate
1313 258 1412 300 Deo
1433 259 1576 300 omnis
1597 263 1729 301 terra:
1747 260 1772 284 *
1788 271 1886 300 can-

1053 316 1158 363 tate,
1179 318 1223 355 et
1245 314 1473 364 exsultate,
1493 319 1537 356 et
1552 314 1740 367 psallite.

1106 370 1288 411 Psallite
1315 371 1508 412 Domino
1541 371 1586 411 in
1621 370 1805 422 cithara,
1843 372 1887 412 in

1054 426 1223 467 cithara
1252 431 1296 467 et
1323 439 1434 468 voce
1460 426 1635 479 psalmi:
1653 427 1678 453 *
1702 427 1747 468 in
1766 428 1887 469 tubis

1055 482 1306 532 ductilibus,
1327 488 1371 524 et
1390 495 1501 524 voce
1519 482 1640 524 tubae
1660 485 1844 525 corneae.

1107 538 1299 580 Jubilate
1325 539 1370 579 in
1394 541 1638 592 conspectu
1662 539 1779 591 regis
1797 540 1886 581 Do-

1054 595 1176 635 mini:
1195 595 1218 620 *
1238 597 1469 636 moveatur
1487 608 1620 645 mare,
1640 599 1684 636 et
1702 595 1888 648 plenitu-

1056 650 1114 692 do
1134 652 1240 703 ejus:
1264 651 1385 692 orbis
1404 654 1637 701 terrarum,
1656 656 1700 692 et
1720 652 1795 703 qui
1814 651 1887 693 ha-

1054 706 1199 748 bitant
1218 707 1264 747 in
1284 720 1349 748 eo.

1107 763 1311 804 Flumina
1337 763 1551 816 plaudent
1577 776 1720 813 manu,
1758 763 1888 804 simul

1055 823 1231 860 montes
1266 819 1550 861 exsultabunt
1586 832 1612 860 a
1646 821 1890 871 conspectu

1056 875 1252 916 Demini:
1271 876 1295 901 *
1315 876 1524 927 quoniam
1550 875 1671 917 venit
1696 875 1890 927 judicare

1057 936 1230 973 terram.

1109 988 1134 1028 J
1135 987 1334 1030 udicabit
1357 988 1510 1030 orbem
1528 990 1747 1030 terrarum
1765 987 1811 1028 in
1833 988 1890 1039 ju-

1058 1044 1188 1094 stitia,
1207 1044 1231 1070 *
1250 1049 1295 1086 et
1312 1044 1505 1097 populos
1524 1045 1569 1085 in
1588 1044 1809 1096 aequitate.

1113 1113 1214 1153 Ant.
1247 1113 1354 1155 Post
1384 1118 1561 1166 partum
1590 1114 1729 1165 Virgo
1757 1112 1891 1154 invio-

1057 1170 1147 1212 lata
1173 1171 1472 1223 permansisti,
1499 1170 1584 1211 Dei
1608 1169 1808 1211 Genitrix
1833 1169 1892 1209 in-

1059 1227 1238 1268 tercede
1256 1239 1339 1280 pro
1358 1226 1497 1268 nobis.

1112 1293 1163 1345 V.
1190 1296 1335 1347 Elegit
1361 1309 1459 1338 eam
1477 1296 1616 1345 Deus,
1645 1299 1689 1336 et
1712 1294 1894 1346 praeele-

1059 1353 1122 1404 git
1160 1366 1269 1394 eam.
1312 1357 1363 1408 R.
1401 1354 1453 1393 In
1489 1350 1775 1394 tabernaculo
1812 1362 1893 1392 suo

1060 1409 1260 1451 habitare
1288 1409 1394 1450 facit
1422 1421 1530 1450 eam.

1116 1472 1244 1512 Pater
1271 1474 1433 1511 noster.

1116 1532 1363 1573 Absolutio.
1391 1534 1432 1573 A
1449 1529 1645 1571 vinculis.

1115 1584 1164 1633 Y.
1192 1587 1216 1628 J
1219 1586 1305 1628 ube
1325 1586 1487 1627 domne
1505 1585 1781 1627 benedicere.

1114 1653 1277 1694 Bened.
1303 1650 1570 1702 Evangelica
1587 1650 1731 1692 lectio.

1062 1734 1216 1776 Lectio
1242 1734 1382 1775 sancti
1403 1732 1631 1784 Evangelii
1655 1731 1897 1774 secundum

1392 1790 1568 1831 Lucam.

1165 1853 1318 1894 Lectio
1339 1852 1407 1893 vii.
1565 1852 1668 1904 Cap.
1683 1852 1734 1890 11.
1751 1850 1790 1891 d.

1063 1911 1140 2018 In
1173 1915 1249 1956 illo
1282 1916 1501 1967 tempore:
1532 1914 1765 1967 Loquente
1792 1914 1818 1955 J
1821 1926 1899 1956 esu

1127 1971 1185 2013 ad
1199 1971 1363 2022 turbas,
1384 1971 1601 2013 extellens
1616 1984 1771 2012 vocem
1791 1982 1900 2023 quae-

1066 2028 1168 2070 dam
1183 2028 1339 2069 mulier
1355 2027 1410 2069 de
1425 2027 1557 2069 turba
1572 2027 1683 2068 dixit
1696 2027 1773 2068 illi:
1789 2026 1899 2067 Bea-

1064 2089 1137 2180 itus
1156 2088 1325 2134 venter,
1352 2084 1427 2136 qui
1450 2088 1494 2125 te
1518 2083 1722 2136 portavit.
1758 2083 1816 2124 Et
1835 2084 1899 2123 re-

1081 2153 1195 2192 iqua.

1158 2217 1351 2259 Homilia
1378 2216 1644 2258 venerabilis
1671 2215 1808 2258 Bedae

1351 2273 1615 2325 Presbyteri.

1189 2333 1271 2367 Lib,
1295 2334 1324 2366 4.
1352 2343 1433 2375 cap.
1458 2332 1511 2366 49.
1537 2331 1575 2364 in
1599 2330 1689 2365 Luc.
1715 2330 1764 2364 11.

1213 2386 1772 2484 md
1796 2385 1902 2494 {⁶¹23

1094 2522 1110 2523 ψ
1241 2499 1396 2541 scribis
1426 2503 1470 2540 et
1497 2497 1729 2550 pharisaeis
1752 2473 1900 2538 1)όωὶ-

1067 2571 1171 2598 num
1190 2554 1461 2598 tentantibus
1486 2554 1615 2595 simul
1637 2559 1680 2595 et
1698 2553 1900 2606 blasphe-

1067 2612 1298 2661 mantibus,
1312 2615 1436 2652 tanta
1451 2611 1542 2662 ejus
1556 2610 1901 2651 incarnati6nem

1067 2682 1160 2720 prae
1178 2667 1380 2709 omnibus
1397 2666 1648 2708 sinceritate
1664 2665 1901 2718 cognoscit,
