2040 2944
175 176 267 221 [334]

783 180 1020 223 I'raeparatio

174 273 277 318 ficis,
309 280 346 310 et
368 285 578 320 numquam
600 275 640 309 in
663 278 701 310 te
725 274 873 309 deficis:
907 275 1007 309 com-

176 325 266 360 edat
288 330 325 360 te
349 335 417 360 cor
438 335 580 369 meum,
605 330 643 360 et
666 325 870 360 dulcedine
895 326 1008 369 sapo-

175 375 229 410 ris
253 375 309 410 tui
331 375 553 419 repleantur
572 375 724 410 viscera
744 375 883 409 animae
899 385 1006 410 meae.

175 426 383 461 Manducat
406 431 443 461 te
459 426 635 470 Angelus
659 436 725 461 ore
745 426 878 470 pleno:
902 436 1007 460 man-

177 477 291 511 ducet
313 481 350 512 te
374 477 602 521 peregrinus
623 477 741 511 homo
758 487 829 520 pro
848 476 1007 512 modulo

176 537 258 571 suo,
282 537 330 562 ne
355 527 520 562 deficere
541 527 670 571 possit
693 527 834 570 in'via,
858 526 928 561 tali
951 537 1008 562 re-

176 579 326 613 creatus
358 578 513 613 viatico.
559 577 679 612 Panis
711 581 859 621 sancte,
891 578 1006 621 panis

175 628 276 671 vive,
300 628 414 672 panis
431 628 584 671 munde,
609 628 676 672 qui
701 627 939 662 descendisti
960 627 1008 662 de

177 678 287 721 coelo,
313 681 350 712 et
366 678 437 712 das
455 678 577 713 vitam
593 677 749 720 mundo,
772 677 864 713 veni
880 677 920 711 in
942 687 1009 712 cor

175 739 319 772 meum,
354 732 391 763 et
422 728 566 763 munda
594 738 654 763 me
681 728 729 763 ab
755 728 859 763 omni
883 728 1008 772 inqui-

175 780 355 814 namento
385 779 514 814 carnis
547 783 584 814 et
615 779 785 822 spiritus.
832 778 938 813 Intra
969 779 1007 813 in

177 829 343 864 animam
366 839 501 872 meam,
527 839 622 863 sana
647 832 684 863 et
703 828 848 863 munda
871 839 932 863 me
954 828 1008 863 in-

176 879 294 914 terius
328 883 366 914 et
397 879 576 914 exterius.
623 879 718 914 Esto
752 880 938 922 tutamen,
972 883 1009 914 et

177 929 358 964 continua
381 929 487 964 salus
513 929 651 963 animae
674 933 711 964 et
730 929 905 973 eorporis
922 929 1008 964 mei.

177 979 335 1023 Repelle
360 990 382 1014 a
405 989 465 1014 me
489 979 720 1013 insidiantes
741 979 838 1013 mihi
858 979 1008 1014 hostes:

176 1030 358 1065 recedant
383 1030 522 1074 procul
545 1040 567 1064 a
590 1030 800 1074 praesentia
823 1030 1010 1073 potentiae

177 1084 269 1124 tuae,
301 1085 343 1115 ut
366 1080 461 1115 foris
486 1085 524 1115 et
547 1080 652 1115 intus
676 1090 747 1124 per
768 1084 804 1115 te
829 1081 1009 1124 munitus,

177 1135 282 1166 recto
306 1130 457 1166 tramite
483 1130 533 1165 ad
560 1135 668 1165 tuum
691 1141 853 1174 regnum
875 1132 1010 1175 perve-

177 1182 295 1216 niam:
326 1182 393 1216 ubi
422 1192 501 1216 non
531 1181 572 1215 in
601 1181 814 1226 mysteriis,
847 1181 946 1216 sicut
970 1181 1010 1215 in

177 1232 252 1267 hoc
272 1233 445 1276 ternpore
470 1231 614 1275 agitur,
649 1231 720 1266 sed
748 1231 847 1266 facie
877 1231 928 1266 ad
956 1231 1010 1266 fa-

178 1283 275 1317 ciem
299 1287 335 1317 te
357 1282 589 1326 videbimus,
613 1292 700 1316 cum
722 1282 930 1317 tradideris
954 1292 1010 1317 re-

178 1343 295 1376 gnum
310 1332 394 1367 Deo
413 1336 450 1367 et
465 1331 582 1376 Patri,
607 1335 644 1367 et
665 1332 740 1366 eris
757 1331 863 1366 Deus
881 1332 1008 1366 omnia

178 1384 217 1418 in
241 1383 430 1418 omnibus.
473 1382 582 1417 Tunc
607 1382 709 1418 enim
732 1393 792 1417 me
818 1382 866 1417 de
889 1386 926 1417 te
952 1392 1010 1416 sa-

178 1434 295 1469 tiabis
314 1433 490 1468 satietate
507 1433 684 1476 mirifica,
708 1434 762 1468 ita
779 1437 821 1468 ut
837 1443 909 1467 nec
926 1435 1011 1468 esu-

178 1484 290 1527 riam,
314 1493 386 1518 nec
403 1483 531 1518 sitiam
546 1483 586 1517 in
603 1484 797 1518 aeternum.
833 1482 908 1524 Qui
925 1493 1011 1517 cum

179 1534 315 1569 eodem
352 1534 436 1568 Deo
471 1533 586 1568 Patre
621 1537 658 1568 et
690 1533 837 1577 Spiritu
875 1537 1010 1568 sancto

178 1584 282 1619 vivis
300 1588 337 1619 et
353 1594 509 1628 regnas,
533 1594 603 1627 per
626 1583 755 1618 omnia
777 1583 921 1618 saecula
941 1594 1012 1618 sae-

179 1635 361 1670 culorum.
408 1635 543 1669 Amen.

300 1752 397 1793 Alia
421 1753 566 1793 Oratio
588 1753 688 1793 ante
709 1752 893 1793 Missam.

446 1824 551 1854 ludum.
570 1824 618 1849 101!
633 1823 748 1849 dierum⁴

373 1869 429 1894 Leo
445 1868 498 1893 Μ).
516 1868 594 1893 xm.
611 1868 650 1892 κε’».
668 1868 733 1892 nec.
751 1867 823 1892 iss-4.

233 1905 259 1940 d
292 1915 466 1940 mensam
501 1905 717 1940 dulcissimi
746 1906 918 1941 convivii
946 1907 1012 1950 tui,

184 1924 315 1999 Apie
335 1955 500 1990 Domine
517 1956 613 1991 Jesu
638 1955 802 2000 Christe,
829 1966 901 2000 ego
925 1967 1013 2000 pec-

181 2007 288 2040 cator
320 2005 368 2040 de
402 2006 573 2050 propriis
607 2007 704 2042 meis
736 2007 882 2063 meritis
914 2007 1014 2041 nihil

181 2057 438 2099 praesumens,
463 2056 534 2091 sed
557 2056 605 2091 de
628 2061 695 2092 tua
718 2057 919 2092 confidens
942 2057 1011 2092 mi-

182 2105 395 2141 sericordia
412 2110 449 2141 et
464 2107 649 2151 bonitate,
666 2108 849 2143 accedere
864 2109 1011 2152 vereor,

183 2159 220 2190 et
254 2157 518 2192 contremisco.
568 2157 670 2192 Nam
702 2168 769 2192 eor
802 2162 839 2192 et
870 2168 1013 2202 corpus

182 2205 308 2241 habeo
342 2207 474 2242 multis
511 2208 736 2243 criminibus
768 2209 1013 2252 maculatum,

182 2260 360 2298 mentem,
392 2262 429 2292 et
452 2258 626 2302 linguam
648 2269 727 2294 non
752 2263 862 2294 caute
887 2263 1014 2294 custo-

184 2305 312 2340 ditam.
358 2306 471 2350 Ergo,
496 2318 519 2343 o
543 2308 611 2352 pia
631 2308 780 2352 Deitas,
806 2319 828 2344 o
853 2311 1014 2344 tremen—

185 2356 235 2391 da
248 2356 446 2400 Maiestas,
471 2368 543 2401 ego
562 2359 680 2394 miser
695 2359 795 2394 inter
813 2360 1014 2404 angustias

185 2407 464 2451 deprehensus,
495 2409 546 2443 ad
569 2414 605 2444 te
630 2410 776 2445 fontem
798 2410 1014 2445 misericor-

186 2457 262 2492 diae
285 2460 460 2502 recurro,
496 2460 545 2494 ad
574 2465 611 2494 te
640 2460 780 2496 festino
806 2461 1014 2504 sananduS,

186 2508 257 2542 sub
281 2511 387 2542 tuam
406 2510 684 2552 protectionem
700 2511 822 2554 fugio:
848 2516 885 2546 et
901 2522 1015 2555 quem

185 2558 363 2592 Judicem
385 2558 572 2593 sustinere
589 2561 749 2604 nequeo,
774 2561 1015 2596 Salvatorem

186 2608 327 2643 habere
353 2608 518 2652 suspiro.
573 2609 662 2644 Tibi
685 2610 849 2646 Domine
876 2612 1014 2655 plagas

185 2668 292 2692 meas
309 2658 488 2693 ostendo:
513 2658 584 2692 tibi
601 2661 875 2695 verecundiam
890 2672 1015 2696 meam

187 2709 336 2752 detego.
365 2708 454 2743 Scio
472 2711 631 2752 peecata
648 2720 733 2744 mea
748 2711 868 2746 multa
885 2715 922 2748 et
937 2722 1015 2747 ma-

1047 179 1094 212 ad
1121 179 1289 212 Missam.

1061 284 1152 318 gna,
1175 284 1248 318 pro
1273 274 1415 318 quibus
1439 275 1567 310 timeo.
1613 274 1735 319 Spero
1760 276 1801 310 in
1824 275 1894 309 mi-

1062 324 1296 359 sericordias
1321 328 1425 369 tuas,
1455 335 1619 369 quarum
1641 334 1721 360 non
1744 329 1804 361 est
1825 327 1893 360 nu-

1061 385 1200 410 merus.
1233 375 1399 419 Respice
1424 385 1516 419 ergo
1541 375 1582 410 in
1604 386 1666 411 me
1685 376 1810 411 oculis
1825 376 1894 411 mi-

1063 425 1288 460 sericordiae
1312 429 1404 469 tuae,
1429 425 1594 460 Domine
1616 425 1713 461 Jesu
1729 426 1894 469 Christe,

1061 476 1146 511 Rex
1163 477 1315 519 aeterne,
1339 475 1446 510 Deus
1470 479 1508 510 et
1530 475 1659 519 homo,
1683 476 1893 511 crucifixus

1062 531 1222 571 propter
1245 526 1451 561 hominem.
1489 525 1644 561 Exaudi
1659 536 1720 561 me
1738 528 1895 571 speran-

1062 582 1139 612 tem
1163 577 1203 611 in
1226 580 1278 612 te:
1302 576 1486 611 miserere
1505 576 1582 611 mei
1600 576 1708 620 pleni
1726 576 1895 611 miseriis

1063 631 1100 662 et
1115 627 1304 672 peccatis,
1327 630 1369 662 tu
1390 626 1457 670 qui
1473 626 1619 661 fontem
1633 626 1895 662 miserationis

1062 687 1273 722 numquam
1290 678 1447 711 manare
1469 676 1653 711 cessabis.
1686 675 1813 720 Salve,
1837 686 1896 711 sa-

1063 729 1199 764 lutaris
1219 727 1386 771 victima,
1410 737 1482 771 pro
1506 737 1567 762 me
1585 731 1623 761 et
1639 726 1745 762 omni
1763 726 1896 761 huma-

1062 790 1114 814 no
1146 780 1285 823 genere
1315 778 1355 812 in
1384 778 1560 822 patibulo
1586 777 1722 813 Crucis
1755 777 1896 813 oblata.

1063 829 1195 872 Salve,
1224 828 1369 863 nobilis
1398 832 1435 863 et
1458 828 1629 872 pretiose
1654 827 1822 872 Sanguis
1847 828 1896 863 de

1063 880 1290 916 vulneribus
1320 878 1498 914 crucifixi
1520 878 1679 914 Domini
1700 878 1778 914 mei
1800 878 1898 914 Jesu

1065 930 1211 966 Christi
1245 929 1459 974 profluens,
1508 935 1546 964 et
1583 930 1744 973 peccata
1778 929 1896 964 totius

1063 980 1199 1015 mundi
1240 979 1412 1015 abluens.
1469 979 1690 1014 Recordare
1731 979 1896 1014 Domine

1065 1033 1251 1066 creaturae
1289 1034 1382 1074 tuae,
1440 1040 1557 1074 quam
1595 1033 1662 1064 tuo
1701 1029 1897 1074 Sanguine

1063 1082 1271 1117 redemisti.
1316 1081 1485 1116 Poenitet
1512 1090 1572 1115 me
1600 1081 1802 1124 peccasse,
1835 1082 1897 1115 cu-

1063 1133 1131 1178 pio
1161 1131 1365 1167 emendare
1397 1131 1504 1176 quod
1528 1131 1613 1166 feci.
1657 1130 1781 1166 Aufer
1805 1141 1897 1175 ergo

1065 1194 1087 1218 a
1103 1193 1178 1227 me,
1202 1182 1499 1218 clementissime
1516 1181 1646 1225 Pater,
1671 1191 1805 1216 omnes
1827 1181 1898 1216 ini-

1065 1234 1232 1278 quitates
1261 1237 1299 1268 et
1326 1234 1487 1276 peccata
1515 1241 1617 1266 mea:
1650 1235 1693 1266 ut
1720 1230 1898 1275 purifica-

1064 1289 1127 1320 tus
1151 1287 1277 1318 mente
1302 1287 1340 1318 et
1363 1283 1525 1327 corpore
1550 1281 1667 1326 digne
1692 1281 1898 1325 degustare

1064 1336 1213 1370 merear
1228 1333 1370 1369 Sancta
1390 1332 1634 1368 Sanctorum:
1660 1336 1698 1367 et
1719 1331 1898 1376 concede,

1064 1390 1106 1420 ut
1128 1385 1214 1419 haec
1239 1388 1374 1419 sancta
1401 1382 1624 1427 praelibatio
1649 1381 1836 1426 Corporis
1861 1386 1899 1417 et

1065 1435 1274 1480 Sanguinis
1295 1434 1367 1478 tui,
1393 1444 1509 1478 quam
1533 1443 1606 1477 ego
1630 1432 1813 1477 indignus
1837 1434 1898 1468 su-

1064 1497 1167 1521 mere
1184 1485 1359 1528 intendo,
1384 1485 1435 1519 sit
1457 1485 1705 1529 peccatorum
1726 1483 1899 1518 meorum

1064 1537 1258 1582 remissio,
1288 1536 1339 1570 sit
1363 1535 1593 1570 delicturum
1614 1533 1787 1578 perfecta
1809 1543 1898 1577 pur-

1065 1588 1187 1633 gatio,
1221 1588 1272 1622 sit
1299 1586 1471 1630 turpium
1500 1584 1780 1629 cogitatienum
1808 1582 1899 1618 effu-

1065 1639 1186 1683 gatio,
1212 1648 1257 1673 ac
1279 1637 1472 1672 bonorum
1496 1635 1680 1670 sensuum
1699 1635 1899 1678 regenera-

1065 1690 1137 1733 tio,
1174 1690 1412 1733 operumque
1441 1685 1514 1721 tibi
1538 1684 1775 1729 placentium
1798 1684 1899 1719 salu-

1064 1740 1147 1775 bris
1175 1738 1363 1782 efficacia,
1397 1737 1539 1772 animae
1567 1744 1723 1780 quoque
1752 1738 1790 1770 et
1819 1735 1899 1770 cor-

1065 1790 1175 1835 poris
1200 1794 1334 1824 contra
1358 1787 1603 1822 inimicorum
1621 1786 1794 1820 meorum
1810 1785 1900 1820 insi-

1067 1841 1153 1876 dias
1177 1839 1398 1874 firmissima
1420 1837 1545 1873 tuitio.
1582 1836 1718 1871 Amen.

1144 1954 1290 1994 Oratio
1318 1953 1360 1993 S.
1389 1952 1554 1992 Thomae
1582 1951 1822 2002 Aquinatis.

1330 2021 1435 2053 Indulg.
1457 2022 1506 2046 lot)
1526 2020 1642 2046 dierum.

1248 2066 1305 2091 Leo
1325 2065 1380 2090 Pr.
1402 2064 1481 2090 xm.
1502 2064 1543 2090 ⁴20.
1563 2064 1629 2089 Dee.
1650 2063 1724 2089 1884.

1123 2107 1342 2150 mnipotens
1380 2105 1611 2149 sempiterne
1649 2104 1773 2147 Deus,
1809 2113 1897 2139 ecce

1072 2117 1118 2192 O
1142 2157 1285 2192 accedo
1319 2156 1370 2191 ad
1399 2156 1680 2191 sacramentum
1709 2153 1898 2198 unigeniti

1066 2208 1156 2243 Filii
1185 2207 1241 2242 tui
1268 2206 1426 2242 Domini
1457 2205 1582 2242 nostri
1610 2205 1706 2240 Jesu
1736 2203 1897 2240 Christi:

1068 2258 1210 2293 accedo
1231 2261 1429 2301 tamquam
1445 2256 1620 2290 infirmus
1641 2255 1692 2290 ad
1706 2254 1897 2289 medicum

1067 2309 1170 2352 vitae,
1195 2307 1417 2342 immundus
1443 2307 1494 2341 ad
1516 2306 1663 2341 fontem
1682 2303 1897 2339 misericor-

1068 2359 1160 2402 diae,
1197 2368 1324 2393 caecus
1349 2357 1399 2392 ad
1424 2358 1555 2392 lumen
1579 2354 1766 2390 claritatis
1791 2354 1898 2388 aeter-

1067 2420 1144 2452 nae,
1179 2419 1330 2453 pauper
1360 2412 1397 2443 et
1431 2408 1575 2451 egenus
1611 2405 1662 2440 ad
1689 2404 1898 2439 Dominum

1068 2460 1158 2495 coeli
1193 2464 1230 2494 et
1261 2463 1383 2494 terrae.
1430 2458 1541 2501 Rogo
1577 2466 1669 2500 ergo
1699 2455 1898 2489 immensae

1067 2510 1258 2554 largitatis
1282 2513 1361 2544 tuae
1386 2507 1677 2549 abundantiam,
1707 2507 1897 2549 quatenus

1067 2571 1193 2595 meam
1210 2561 1342 2595 curare
1360 2557 1531 2602 digneris
1547 2556 1821 2598 infirmitatem,
1845 2555 1898 2589 la-

1068 2613 1159 2646 vare
1181 2610 1412 2652 foeditatem,
1436 2607 1654 2645 illuminare
1675 2606 1897 2648 caecitatem,

1069 2661 1191 2695 ditare
1208 2661 1491 2704 paupertatem,
1509 2657 1652 2692 vestire
1669 2656 1897 2691 nuditatem:

1067 2715 1108 2746 ut
1131 2721 1273 2756 panem
1293 2708 1547 2753 Angelorum,
1580 2707 1725 2750 Regem
1754 2715 1887 2749 regum
