2040 2944
747 202 947 236 Dominicu
973 203 1021 236 ud
1045 203 1247 245 vesperas.

164 295 262 335 Deo
279 293 401 334 Patri
420 293 478 335 sit
496 293 647 345 glOria,

217 350 410 402 Eiusque
429 349 514 391 soli
531 349 656 399 Filio,

217 405 327 447 Cum
347 406 511 459 Spiritu
529 405 759 456 PareclitQ

216 462 344 504 Nunc
363 467 408 504 et
425 475 505 516 per
525 475 653 504 omne
673 462 892 504 saeculum.

399 519 552 561 Amen.

191 575 240 627 V.
269 575 447 628 Repleti
475 589 624 617 sumus
652 588 780 617 mane
799 575 964 618 miseri-

141 631 293 673 cordia
307 636 394 673 tua.
411 636 459 687 R.
481 632 818 682 Exsultdvimus‚
834 637 878 674 et
893 632 964 674 de-

141 687 292 730 lectati
309 702 470 730 sumus.

190 749 262 789 Ad
279 748 438 789 Bened.
455 749 554 790 Ant.
581 746 831 788 illuminare
844 747 964 788 *Do-

141 800 257 842 mine
274 800 352 851 his,
370 801 445 853 qui
461 802 506 842 in
523 803 717 845 tenebris
736 803 902 854 sedent,
923 808 965 845 et

142 856 279 909 dirige
297 857 435 910 pedes
453 863 629 901 nostros
644 860 688 901 in
702 860 818 902 viam
833 860 964 913 pacis,

140 913 262 956 Deus
280 915 430 956 Israel.

183 982 340 1017 Preces.
373 982 527 1025 quando
561 982 736 1016 dicendae
766 990 867 1018 sunt.
900 984 962 1018 hu-

139 1032 276 1066 bentur
300 1041 418 1073 supra
440 1030 479 1063 in
502 1030 613 1064 Feria
638 1030 681 1063 Π.
707 1029 759 1065 51.

221 1164 496 1214 Dominica
519 1165 590 1215 ad
611 1165 890 1231 vesperas,

198 1246 325 1286 Pater
344 1248 506 1285 noster.
532 1247 628 1287 Ave
646 1245 795 1288 Maria.

193 1296 242 1349 V.
270 1300 392 1342 Deus
411 1300 456 1341 in
475 1300 750 1354 adjutorium.
778 1303 835 1344 15.

192 1358 290 1399 Ant.
318 1357 444 1399 Dixit
469 1357 695 1399 Deminus.

399 1417 597 1459 Psalmus
618 1419 709 1458 109.

177 1474 231 1522 '15.-'3
272 1469 353 1511 ixit
367 1469 584 1511 Deminus
601 1470 793 1514 Domino
813 1485 926 1514 meo:
941 1473 964 1498 *

179 1527 241 1569 2¹
262 1519 265 1563 l
289 1525 403 1568 Sede
423 1539 449 1568 a
468 1526 636 1568 dextris
654 1528 780 1570 meis:

239 1574 260 1601 s
327 1583 483 1625 Donec
501 1596 663 1636 ponam
680 1584 882 1627 inimicos
900 1590 963 1628 tu-

140 1651 202 1689 os,
220 1639 245 1665 *
264 1639 503 1682 scabellum
521 1640 686 1693 pedum
704 1643 891 1684 tuerum.

191 1695 374 1748 virgam
394 1697 568 1739 virtutis
587 1701 676 1738 tuae
694 1700 863 1741 emittet
876 1700 964 1741 Do-

139 1753 283 1794 minus
310 1765 364 1794 ex
383 1752 504 1794 Sion:
523 1753 547 1779 *
567 1753 791 1796 dominere
815 1755 859 1796 in
879 1757 964 1797 me-

142 1808 216 1851 dio
235 1808 512 1852 inimicorum
528 1811 715 1852 tuorum.
903 1847 905 1850 .

191 1865 359 1907 Tecum
386 1866 651 1919 principium
677 1866 722 1908 in
742 1867 813 1910 die
832 1867 964 1909 virtu-

139 1921 198 1964 tis
211 1925 301 1964 tuae
315 1922 362 1963 in
375 1922 686 1975 splendoribus
700 1926 965 1966 sanctorum:

140 1978 165 2005 *
184 1991 239 2021 ex
257 1981 385 2021 utero
402 1983 503 2021 ante
519 1979 747 2022 luciferum
764 1981 894 2032 genui
910 1985 965 2023 te.

191 2035 217 2076 J
217 2035 361 2077 uravit
387 2036 498 2087 Dfis‚
533 2041 576 2078 et
610 2049 699 2078 non
731 2037 965 2090 poenitebit

142 2104 257 2134 eum:
270 2092 294 2118 *
311 2092 380 2145 Tu
400 2105 447 2134 es
463 2092 671 2135 sacerdos
690 2093 735 2134 in
755 2095 966 2135 aeternum

142 2148 386 2191 secundum
409 2148 610 2191 ordinem
630 2149 966 2192 Melchisedech.

192 2205 408 2246 Dominus
424 2218 450 2246 a
463 2204 630 2247 dextris
645 2206 743 2257 tuis,
760 2206 783 2232 *
799 2206 965 2248 confre-

141 2261 204 2312 git
223 2261 267 2302 in
287 2261 358 2303 die
376 2261 455 2302 irae
473 2274 565 2303 suae
583 2263 722 2314 reges.

192 2317 217 2358 J
217 2317 416 2359 udicabit
431 2317 476 2358 in
488 2318 750 2369 nati6nibus‚
765 2318 966 2371 implebit

141 2376 307 2415 ruinas:
339 2374 363 2400 *
399 2374 712 2426 conquassabit
745 2375 890 2427 capita
921 2375 966 2415 in

141 2434 259 2472 terra
279 2430 527 2472 multorum.

191 2487 260 2529 De
285 2488 482 2529 torrente
506 2487 550 2528 in
573 2486 645 2528 via
669 2486 806 2529 bibet:
824 2487 848 2514 *
867 2499 964 2540 pro-

141 2545 294 2596 pterea
313 2543 524 2586 exaltabit
543 2547 685 2596 caput.

155 2610 158 2611 ⁷
192 2607 291 2647 Ant.
344 2604 470 2647 Dixit
514 2604 729 2646 Deminus
773 2604 965 2645 Domino

142 2657 258 2702 meo‘z
280 2660 395 2703 Sede
415 2674 441 2702 a
461 2661 627 2704 dextris
645 2661 764 2703 meis.

192 2723 291 2763 Ant.
318 2721 500 2763 Fidelia.

1276 297 1469 337 l'salmus
1495 298 1543 336 11(
1556 303 1576 335 ).

1016 348 1309 456 Confitebor
1339 351 1420 394 tibi
1447 353 1635 395 Domine
1666 354 1711 394 in
1737 358 1835 397 toto

1111 407 1243 450 corde
1261 420 1379 450 meo:
1396 409 1420 435 *
1437 409 1482 450 in
1503 410 1687 452 consilio
1705 412 1834 463 justo-

1016 477 1123 514 rum,
1141 469 1185 506 et
1204 465 1553 516 congregatione.

1067 520 1225 572 Magna
1256 522 1391 573 opera
1417 522 1609 563 Domini:
1636 523 1660 550 *
1690 524 1835 575 exqui-

1017 579 1100 618 sita
1119 576 1163 617 in
1183 589 1333 618 omnes
1351 577 1597 620 voluntates
1618 580 1718 631 ejus.

1069 633 1296 674 Confessio
1326 638 1369 674 et
1387 634 1706 685 magnificentia
1725 648 1835 688 opus

1018 690 1125 742 ejus:
1154 690 1178 715 *
1210 694 1254 731 et
1290 690 1453 741 justitia
1490 691 1579 742 ejus
1614 697 1760 734 manet
1792 693 1835 733 in

1017 745 1226 787 saeculum
1253 745 1412 787 saeculi.

1068 802 1326 844 Memoriam
1343 802 1447 844 fecit
1462 803 1724 845 mirabilium
1739 807 1835 846 suo-

1017 871 1127 910 rum,
1156 859 1404 900 misericors
1429 864 1472 900 et
1498 860 1730 902 miserator
1748 862 1834 902 Do-

1016 915 1176 956 minus:
1186 915 1210 941 *
1221 928 1366 956 escam
1377 915 1499 957 dedit
1512 916 1765 958 timentibus
1779 931 1835 959 se.

1067 971 1237 1013 Memor
1275 972 1356 1013 erit
1392 972 1437 1012 in
1469 973 1678 1014 saeculum
1707 978 1835 1015 testa-

1017 1028 1152 1070 menti
1172 1028 1253 1069 sui:
1273 1029 1298 1054 *
1314 1028 1522 1070 virtutem
1541 1031 1724 1082 operum
1741 1032 1835 1071 suo-

1017 1098 1113 1125 rum
1132 1084 1405 1126 annuntiabit
1420 1085 1587 1138 pepulo
1608 1099 1704 1128 suo:

1068 1141 1128 1183 Ut
1162 1141 1236 1183 det
1269 1141 1355 1182 illis
1387 1141 1690 1184 haereditatem
1725 1143 1835 1185 Gen-

1017 1197 1139 1239 tium:
1150 1198 1173 1224 *
1189 1199 1324 1250 opera
1340 1200 1545 1239 manuum
1560 1200 1650 1251 ejus
1664 1200 1836 1250 veritas,

1018 1258 1061 1295 et
1088 1253 1304 1306 judicium.

1068 1310 1236 1352 Fidelia
1247 1311 1392 1352 omnia
1403 1310 1608 1352 mandata
1619 1313 1723 1364 eius:
1738 1325 1836 1354 con-

1017 1367 1189 1408 firmata
1207 1367 1252 1408 in
1272 1367 1481 1408 saeculum
1502 1368 1662 1420 saeculi,
1682 1369 1705 1395 *
1723 1369 1837 1411 facta

1018 1423 1061 1464 in
1078 1423 1264 1465 veritate
1284 1428 1327 1465 et
1348 1424 1565 1476 aequiteite.
1882 1479 1884 1481 ,

1068 1479 1437 1533 RedemptiOnem
1496 1481 1615 1522 misit
1671 1482 1836 1534 populo

1019 1549 1116 1578 suo:
1132 1536 1157 1562 *
1171 1536 1396 1579 mandevit
1415 1537 1459 1577 in
1478 1539 1689 1578 aeternum
1707 1542 1837 1580 testa-

1017 1594 1211 1634 mentum
1231 1606 1367 1634 suum.

1068 1649 1286 1699 Sanctum,
1302 1654 1344 1691 et
1359 1649 1554 1691 terribile
1564 1662 1723 1691 nomen
1734 1652 1837 1703 ejus:

1017 1706 1040 1731 *
1060 1705 1229 1747 initium
1253 1706 1480 1758 sapientiae
1500 1706 1631 1747 timor
1650 1707 1837 1748 Demini.

1068 1761 1322 1803 Intellectus
1359 1761 1501 1803 bonus
1539 1762 1739 1804 omnibus
1779 1763 1836 1804 fa-

1017 1817 1234 1860 cientibus
1256 1831 1370 1860 eum:
1388 1818 1412 1844 *
1430 1818 1623 1860 laudatio
1645 1820 1734 1871 ejus
1750 1832 1836 1860 ma-

1016 1880 1091 1917 net
1107 1875 1152 1916 in
1172 1875 1380 1916 saeculum
1401 1875 1561 1916 saeculi.

1069 1934 1104 1973 Α
1112 1939 1167 1974 nt.
1185 1930 1352 1973 Fidelia
1363 1931 1508 1973 omnia
1517 1931 1723 1974 mandata
1734 1933 1837 1984 ejus:

1018 1988 1274 2030 confirmata
1290 1987 1334 2028 in
1354 1987 1563 2029 saeculum
1581 1989 1741 2030 saeculi.

1070 2048 1167 2086 Ant.
1191 2047 1240 2085 ln
1256 2043 1484 2086 mandetis.

1285 2103 1479 2142 Psalmus
1501 2102 1568 2141 111.

1018 2155 1226 2259 Beatus
1243 2157 1325 2207 vir,
1353 2156 1428 2208 qui
1444 2156 1568 2197 timet
1587 2156 1837 2197 Dominum:

1113 2214 1137 2239 *
1155 2213 1200 2254 in
1217 2212 1434 2254 mandetis
1455 2213 1544 2264 ejus
1563 2211 1683 2254 volet
1699 2212 1837 2253 nimis.

1070 2270 1234 2311 Potens
1256 2269 1302 2310 in
1325 2273 1442 2311 terra
1463 2267 1544 2309 erit
1564 2280 1711 2310 semen
1733 2269 1836 2320 ejus:

1018 2327 1042 2353 *
1060 2325 1284 2378 generatio
1304 2326 1524 2367 rectorum
1543 2323 1836 2366 benedicetur.

1071 2381 1237 2432 Gloria,
1266 2386 1308 2423 et
1328 2380 1492 2423 divitiae
1512 2380 1556 2421 in
1579 2380 1712 2422 domo
1733 2382 1836 2433 ejus:

1018 2440 1042 2465 *
1061 2443 1104 2480 et
1121 2438 1284 2490 justitia
1303 2438 1393 2489 ejus
1411 2441 1558 2479 manet
1571 2437 1616 2478 in
1631 2437 1836 2479 saeculum

1018 2494 1178 2537 saeculi.

1068 2552 1282 2592 Exortum
1310 2554 1377 2591 est
1403 2550 1448 2590 in
1473 2549 1666 2591 tenebris
1692 2549 1834 2589 lumen

1019 2607 1165 2650 rectis:
1184 2607 1208 2632 *
1226 2605 1494 2656 misericors,
1523 2610 1566 2647 et
1591 2605 1834 2652 miserator,

1020 2669 1064 2706 et
1082 2665 1231 2716 justus.

1070 2720 1095 2760 J
1097 2718 1295 2761 ucundus
1314 2717 1445 2759 homo
1461 2717 1535 2769 qui
1549 2716 1777 2758 miseretur
1792 2717 1835 2755 et
