<?xml version="1.0" encoding="UTF-8"?>
<!DOCTYPE html PUBLIC "-//W3C//DTD XHTML 1.0 Transitional//EN"
    "http://www.w3.org/TR/xhtml1/DTD/xhtml1-transitional.dtd">
<html xmlns="http://www.w3.org/1999/xhtml" xml:lang="en" lang="en">
 <head>
  <title>
</title>
<meta http-equiv="Content-Type" content="text/html;charset=utf-8" />
  <meta name='ocr-system' content='tesseract 3.04.00' />
  <meta name='ocr-capabilities' content='ocr_page ocr_carea ocr_par ocr_line ocrx_word'/>
</head>
<body>
  <div class='ocr_page' id='page_1' title='image "./p4breviariumroma00cathuoft_0081.png"; bbox 0 0 2040 2944; ppageno 0'>
   <div class='ocr_carea' id='block_1_1' title="bbox 701 190 1838 231">
    <p class='ocr_par' dir='ltr' id='par_1_1' title="bbox 701 190 1838 231">
     <span class='ocr_line' id='line_1_1' title="bbox 701 190 1838 231; baseline 0.004 -3"><span class='ocrx_word' id='word_1_1' title='bbox 701 194 813 229; x_wconf 87' lang='lat' dir='ltr'>Fcria</span> <span class='ocrx_word' id='word_1_2' title='bbox 837 196 949 230; x_wconf 87' lang='lat' dir='ltr'>tertia</span> <span class='ocrx_word' id='word_1_3' title='bbox 974 196 1023 230; x_wconf 94' lang='lat' dir='ltr'>ad</span> <span class='ocrx_word' id='word_1_4' title='bbox 1046 196 1281 231; x_wconf 82' lang='lat' dir='ltr'>Matutinum.</span> <span class='ocrx_word' id='word_1_5' title='bbox 1793 190 1838 226; x_wconf 87' lang='lat'>53</span> 
     </span>
    </p>
   </div>
   <div class='ocr_carea' id='block_1_2' title="bbox 172 297 932 340">
    <p class='ocr_par' dir='ltr' id='par_1_2' title="bbox 172 297 932 340">
     <span class='ocr_line' id='line_1_2' title="bbox 172 297 932 340; baseline -0.001 0"><span class='ocrx_word' id='word_1_6' title='bbox 172 298 318 340; x_wconf 76' lang='lat' dir='ltr'>Fer-ia</span> <span class='ocrx_word' id='word_1_7' title='bbox 343 298 498 340; x_wconf 82' lang='lat' dir='ltr'>tertia</span> <span class='ocrx_word' id='word_1_8' title='bbox 525 297 590 339; x_wconf 80' lang='lat' dir='ltr'>ad.</span> <span class='ocrx_word' id='word_1_9' title='bbox 616 297 932 339; x_wconf 72' lang='lat' dir='ltr'>matutinum.</span> 
     </span>
    </p>
   </div>
   <div class='ocr_carea' id='block_1_3' title="bbox 142 367 963 531">
    <p class='ocr_par' dir='ltr' id='par_1_3' title="bbox 142 367 963 531">
     <span class='ocr_line' id='line_1_3' title="bbox 197 367 963 418; baseline -0.001 -8"><span class='ocrx_word' id='word_1_10' title='bbox 197 370 322 411; x_wconf 91' lang='lat' dir='ltr'>Invit.</span> <span class='ocrx_word' id='word_1_11' title='bbox 359 368 595 410; x_wconf 88' lang='lat' dir='ltr'>Jubilemus</span> <span class='ocrx_word' id='word_1_12' title='bbox 633 367 745 418; x_wconf 87' lang='lat' dir='ltr'>Deo,</span> <span class='ocrx_word' id='word_1_13' title='bbox 789 371 811 395; x_wconf 88' lang='lat'>*</span> <span class='ocrx_word' id='word_1_14' title='bbox 845 367 963 409; x_wconf 91' lang='lat' dir='ltr'>Salu-</span> 
     </span>
     <span class='ocr_line' id='line_1_4' title="bbox 142 425 416 468; baseline -0.007 0"><span class='ocrx_word' id='word_1_15' title='bbox 142 425 225 468; x_wconf 90' lang='lat' dir='ltr'>tari</span> <span class='ocrx_word' id='word_1_16' title='bbox 253 429 416 466; x_wconf 89' lang='lat' dir='ltr'>nostro.</span> 
     </span>
     <span class='ocr_line' id='line_1_5' title="bbox 196 480 832 531; baseline -0.005 -8"><span class='ocrx_word' id='word_1_17' title='bbox 196 483 264 523; x_wconf 91' lang='lat' dir='ltr'>Ps.</span> <span class='ocrx_word' id='word_1_18' title='bbox 296 481 462 531; x_wconf 90' lang='lat' dir='ltr'>Venite,</span> <span class='ocrx_word' id='word_1_19' title='bbox 490 480 767 522; x_wconf 90' lang='lat' dir='ltr'>exsultemus.</span> <span class='ocrx_word' id='word_1_20' title='bbox 795 481 832 521; x_wconf 89' lang='grc'>2.</span> 
     </span>
    </p>
   </div>
   <div class='ocr_carea' id='block_1_4' title="bbox 245 559 921 842">
    <p class='ocr_par' dir='ltr' id='par_1_4' title="bbox 245 559 921 842">
     <span class='ocr_line' id='line_1_6' title="bbox 450 559 657 612; baseline 0 -11"><span class='ocrx_word' id='word_1_21' title='bbox 450 559 657 612; x_wconf 83' lang='lat' dir='ltr'><strong>Hymnus.</strong></span> 
     </span>
     <span class='ocr_line' id='line_1_7' title="bbox 271 620 835 673; baseline -0.004 -11"><span class='ocrx_word' id='word_1_22' title='bbox 271 633 428 662; x_wconf 89' lang='lat' dir='ltr'>onsors</span> <span class='ocrx_word' id='word_1_23' title='bbox 454 620 627 673; x_wconf 87' lang='lat' dir='ltr'>paterni</span> <span class='ocrx_word' id='word_1_24' title='bbox 653 620 835 670; x_wconf 88' lang='lat' dir='ltr'>luminis,</span> 
     </span>
     <span class='ocr_line' id='line_1_8' title="bbox 297 676 864 730; baseline -0.002 -12"><span class='ocrx_word' id='word_1_25' title='bbox 297 678 394 719; x_wconf 93' lang='lat' dir='ltr'>Lux</span> <span class='ocrx_word' id='word_1_26' title='bbox 419 677 514 730; x_wconf 91' lang='lat' dir='ltr'>ipse</span> <span class='ocrx_word' id='word_1_27' title='bbox 541 677 660 726; x_wconf 88' lang='lat' dir='ltr'>lucis,</span> <span class='ocrx_word' id='word_1_28' title='bbox 689 681 733 718; x_wconf 94' lang='lat' dir='ltr'>et</span> <span class='ocrx_word' id='word_1_29' title='bbox 761 676 864 726; x_wconf 90' lang='lat' dir='ltr'>dies,</span> 
     </span>
     <span class='ocr_line' id='line_1_9' title="bbox 245 732 921 785; baseline -0.004 -10"><span class='ocrx_word' id='word_1_30' title='bbox 245 733 433 775; x_wconf 83' lang='lat' dir='ltr'>Noctem</span> <span class='ocrx_word' id='word_1_31' title='bbox 452 732 647 775; x_wconf 91' lang='lat' dir='ltr'>canendo</span> <span class='ocrx_word' id='word_1_32' title='bbox 667 733 921 785; x_wconf 91' lang='lat' dir='ltr'>rumpimus:</span> 
     </span>
     <span class='ocr_line' id='line_1_10' title="bbox 246 789 775 842; baseline -0.004 -11"><span class='ocrx_word' id='word_1_33' title='bbox 246 791 416 832; x_wconf 90' lang='lat' dir='ltr'>Assiste</span> <span class='ocrx_word' id='word_1_34' title='bbox 443 789 775 842; x_wconf 65' lang='lat' dir='ltr'>postulantibus.</span> 
     </span>
    </p>
   </div>
   <div class='ocr_carea' id='block_1_5' title="bbox 180 854 852 1077">
    <p class='ocr_par' dir='ltr' id='par_1_5' title="bbox 180 854 852 1077">
     <span class='ocr_line' id='line_1_11' title="bbox 180 854 786 904; baseline -0.005 -7"><span class='ocrx_word' id='word_1_35' title='bbox 180 855 312 898; x_wconf 87' lang='lat' dir='ltr'>Aufer</span> <span class='ocrx_word' id='word_1_36' title='bbox 339 854 543 896; x_wconf 89' lang='lat' dir='ltr'>tenebras</span> <span class='ocrx_word' id='word_1_37' title='bbox 567 854 786 904; x_wconf 88' lang='lat' dir='ltr'>mentium,</span> 
     </span>
     <span class='ocr_line' id='line_1_12' title="bbox 219 910 852 963; baseline -0.002 -11"><span class='ocrx_word' id='word_1_38' title='bbox 219 912 341 963; x_wconf 85' lang='lat' dir='ltr'>Fuga</span> <span class='ocrx_word' id='word_1_39' title='bbox 368 913 565 953; x_wconf 90' lang='lat' dir='ltr'>catervas</span> <span class='ocrx_word' id='word_1_40' title='bbox 594 910 852 959; x_wconf 80' lang='lat' dir='ltr'>daemonum,</span> 
     </span>
     <span class='ocr_line' id='line_1_13' title="bbox 220 967 772 1021; baseline -0.004 -12"><span class='ocrx_word' id='word_1_41' title='bbox 220 967 402 1021; x_wconf 91' lang='lat' dir='ltr'>Expelle</span> <span class='ocrx_word' id='word_1_42' title='bbox 429 967 772 1017; x_wconf 87' lang='lat' dir='ltr'>somnolentiam,</span> 
     </span>
     <span class='ocr_line' id='line_1_14' title="bbox 219 1023 770 1077; baseline -0.004 -11"><span class='ocrx_word' id='word_1_43' title='bbox 219 1024 287 1066; x_wconf 94' lang='lat' dir='ltr'>Ne</span> <span class='ocrx_word' id='word_1_44' title='bbox 315 1024 574 1077; x_wconf 89' lang='lat' dir='ltr'>pigritantes</span> <span class='ocrx_word' id='word_1_45' title='bbox 603 1023 770 1065; x_wconf 81' lang='lat' dir='ltr'>ebruat.</span> 
     </span>
    </p>
   </div>
   <div class='ocr_carea' id='block_1_6' title="bbox 168 1089 935 1591">
    <p class='ocr_par' dir='ltr' id='par_1_6' title="bbox 168 1089 935 1591">
     <span class='ocr_line' id='line_1_15' title="bbox 168 1089 819 1131; baseline 0 0"><span class='ocrx_word' id='word_1_46' title='bbox 168 1090 240 1131; x_wconf 92' lang='lat' dir='ltr'>Sic</span> <span class='ocrx_word' id='word_1_47' title='bbox 267 1089 437 1131; x_wconf 85' lang='lat' dir='ltr'><strong>Christe</strong></span> <span class='ocrx_word' id='word_1_48' title='bbox 463 1089 589 1130; x_wconf 93' lang='lat' dir='ltr'>nobis</span> <span class='ocrx_word' id='word_1_49' title='bbox 618 1089 819 1131; x_wconf 87' lang='lat' dir='ltr'>omnibus</span> 
     </span>
     <span class='ocr_line' id='line_1_16' title="bbox 178 1145 771 1197; baseline -0.002 -9"><span class='ocrx_word' id='word_1_50' title='bbox 178 1175 181 1179; x_wconf 83' lang='lat'><em>-</em></span> <span class='ocrx_word' id='word_1_51' title='bbox 222 1146 455 1197; x_wconf 90' lang='lat' dir='ltr'>Indulgeas</span> <span class='ocrx_word' id='word_1_52' title='bbox 484 1145 771 1195; x_wconf 74' lang='lat' dir='ltr'>credentibus,</span> 
     </span>
     <span class='ocr_line' id='line_1_17' title="bbox 219 1201 764 1256; baseline -0.004 -11"><span class='ocrx_word' id='word_1_53' title='bbox 219 1203 278 1245; x_wconf 90' lang='lat' dir='ltr'>Ut</span> <span class='ocrx_word' id='word_1_54' title='bbox 304 1203 446 1256; x_wconf 83' lang='lat' dir='ltr'>prosit</span> <span class='ocrx_word' id='word_1_55' title='bbox 474 1201 764 1252; x_wconf 90' lang='lat' dir='ltr'>exorantibus,</span> 
     </span>
     <span class='ocr_line' id='line_1_18' title="bbox 221 1259 925 1312; baseline -0.003 -11"><span class='ocrx_word' id='word_1_56' title='bbox 221 1259 350 1310; x_wconf 92' lang='lat' dir='ltr'>Quod</span> <span class='ocrx_word' id='word_1_57' title='bbox 377 1259 663 1312; x_wconf 80' lang='lat' dir='ltr'>praecinentes</span> <span class='ocrx_word' id='word_1_58' title='bbox 691 1259 925 1311; x_wconf 88' lang='lat' dir='ltr'>psallimus.</span> 
     </span>
     <span class='ocr_line' id='line_1_19' title="bbox 173 1323 734 1376; baseline -0.002 -11"><span class='ocrx_word' id='word_1_59' title='bbox 173 1323 347 1374; x_wconf 82' lang='lat' dir='ltr'>Praesta,</span> <span class='ocrx_word' id='word_1_60' title='bbox 375 1324 504 1366; x_wconf 88' lang='lat' dir='ltr'>Pater</span> <span class='ocrx_word' id='word_1_61' title='bbox 531 1323 734 1376; x_wconf 81' lang='lat' dir='ltr'>piissime,</span> 
     </span>
     <span class='ocr_line' id='line_1_20' title="bbox 217 1380 842 1433; baseline 0.002 -12"><span class='ocrx_word' id='word_1_62' title='bbox 217 1380 424 1433; x_wconf 84' lang='lat' dir='ltr'>Patrique</span> <span class='ocrx_word' id='word_1_63' title='bbox 453 1393 632 1433; x_wconf 92' lang='lat' dir='ltr'>compar</span> <span class='ocrx_word' id='word_1_64' title='bbox 659 1380 806 1431; x_wconf 85' lang='lat' dir='ltr'>Unice,</span> <span class='ocrx_word' id='word_1_65' title='bbox 840 1383 842 1385; x_wconf 82' lang='grc'><strong>’</strong></span> 
     </span>
     <span class='ocr_line' id='line_1_21' title="bbox 221 1436 764 1490; baseline -0.002 -12"><span class='ocrx_word' id='word_1_66' title='bbox 221 1437 329 1479; x_wconf 89' lang='lat' dir='ltr'>Cum</span> <span class='ocrx_word' id='word_1_67' title='bbox 356 1437 519 1490; x_wconf 80' lang='lat' dir='ltr'>Spiritu</span> <span class='ocrx_word' id='word_1_68' title='bbox 545 1436 764 1478; x_wconf 90' lang='lat' dir='ltr'>Paraclito</span> 
     </span>
     <span class='ocr_line' id='line_1_22' title="bbox 221 1494 935 1546; baseline -0.004 -10"><span class='ocrx_word' id='word_1_69' title='bbox 221 1494 426 1544; x_wconf 88' lang='lat' dir='ltr'>Regnans</span> <span class='ocrx_word' id='word_1_70' title='bbox 453 1506 533 1546; x_wconf 92' lang='lat' dir='ltr'>per</span> <span class='ocrx_word' id='word_1_71' title='bbox 562 1505 690 1534; x_wconf 91' lang='lat' dir='ltr'>omne</span> <span class='ocrx_word' id='word_1_72' title='bbox 718 1494 935 1535; x_wconf 84' lang='lat' dir='ltr'>sae&#39;culum.</span> 
     </span>
     <span class='ocr_line' id='line_1_23' title="bbox 464 1549 617 1591; baseline 0 -1"><span class='ocrx_word' id='word_1_73' title='bbox 464 1549 617 1591; x_wconf 90' lang='lat' dir='ltr'>Amen.</span> 
     </span>
    </p>
   </div>
   <div class='ocr_carea' id='block_1_7' title="bbox 196 1614 783 1667">
    <p class='ocr_par' dir='ltr' id='par_1_7' title="bbox 196 1614 783 1667">
     <span class='ocr_line' id='line_1_24' title="bbox 196 1614 783 1667; baseline -0.005 -9"><span class='ocrx_word' id='word_1_74' title='bbox 196 1618 297 1658; x_wconf 81' lang='lat' dir='ltr'>Ant.</span> <span class='ocrx_word' id='word_1_75' title='bbox 323 1616 382 1658; x_wconf 89' lang='lat' dir='ltr'>Ut</span> <span class='ocrx_word' id='word_1_76' title='bbox 408 1627 495 1656; x_wconf 93' lang='lat' dir='ltr'>non</span> <span class='ocrx_word' id='word_1_77' title='bbox 524 1614 783 1667; x_wconf 77' lang='lat' dir='ltr'>delinquam.</span> 
     </span>
    </p>
   </div>
   <div class='ocr_carea' id='block_1_8' title="bbox 142 1696 965 2769">
    <p class='ocr_par' dir='ltr' id='par_1_8' title="bbox 410 1696 699 1738">
     <span class='ocr_line' id='line_1_25' title="bbox 410 1696 699 1738; baseline -0.003 -1"><span class='ocrx_word' id='word_1_78' title='bbox 410 1696 607 1738; x_wconf 90' lang='lat' dir='ltr'>Psalmus</span> <span class='ocrx_word' id='word_1_79' title='bbox 634 1696 699 1737; x_wconf 81' lang='lat'>38.</span> 
     </span>
    </p>

    <p class='ocr_par' dir='ltr' id='par_1_9' title="bbox 179 1755 964 1811">
     <span class='ocr_line' id='line_1_26' title="bbox 273 1755 964 1799; baseline 0 -1"><span class='ocrx_word' id='word_1_80' title='bbox 179 1757 347 1798; x_wconf 89' lang='lat' dir='ltr'>ixi:</span> <span class='ocrx_word' id='word_1_81' title='bbox 376 1755 630 1799; x_wconf 80' lang='lat' dir='ltr'>Custediam</span> <span class='ocrx_word' id='word_1_82' title='bbox 657 1756 749 1798; x_wconf 91' lang='lat' dir='ltr'>vias</span> <span class='ocrx_word' id='word_1_83' title='bbox 776 1770 911 1798; x_wconf 88' lang='lat' dir='ltr'>meas:</span> <span class='ocrx_word' id='word_1_84' title='bbox 941 1758 964 1783; x_wconf 91' lang='lat'>*</span> 
     </span>
    </p>

    <p class='ocr_par' dir='ltr' id='par_1_10' title="bbox 180 1804 965 1869">
     <span class='ocr_line' id='line_1_27' title="bbox 180 1804 965 1869; baseline 0.003 -16"><span class='ocrx_word' id='word_1_85' title='bbox 180 1814 241 1869; x_wconf 28' lang='lat' dir='ltr'>..g-‘12</span> <span class='ocrx_word' id='word_1_86' title='bbox 263 1804 267 1853; x_wconf 74' lang='lat' dir='ltr'>l</span> <span class='ocrx_word' id='word_1_87' title='bbox 299 1819 346 1855; x_wconf 92' lang='lat' dir='ltr'>ut</span> <span class='ocrx_word' id='word_1_88' title='bbox 371 1826 458 1854; x_wconf 93' lang='lat' dir='ltr'>non</span> <span class='ocrx_word' id='word_1_89' title='bbox 478 1813 727 1865; x_wconf 83' lang='lat' dir='ltr'>delinquam</span> <span class='ocrx_word' id='word_1_90' title='bbox 752 1813 795 1854; x_wconf 93' lang='lat' dir='ltr'>in</span> <span class='ocrx_word' id='word_1_91' title='bbox 820 1813 965 1864; x_wconf 88' lang='lat' dir='ltr'>lingua</span> 
     </span>
    </p>

    <p class='ocr_par' dir='ltr' id='par_1_11' title="bbox 213 1870 405 1912">
     <span class='ocr_line' id='line_1_28' title="bbox 298 1882 405 1912; baseline 0 -2"><span class='ocrx_word' id='word_1_92' title='bbox 298 1882 405 1912; x_wconf 90' lang='lat' dir='ltr'>mea.</span> 
     </span>
    </p>

    <p class='ocr_par' dir='ltr' id='par_1_12' title="bbox 143 1925 965 2036">
     <span class='ocr_line' id='line_1_29' title="bbox 194 1925 965 1978; baseline -0.003 -10"><span class='ocrx_word' id='word_1_93' title='bbox 194 1926 412 1978; x_wconf 51' lang='lat' dir='ltr'>Posuigori</span> <span class='ocrx_word' id='word_1_94' title='bbox 432 1938 531 1967; x_wconf 92' lang='lat' dir='ltr'>meo</span> <span class='ocrx_word' id='word_1_95' title='bbox 560 1925 812 1976; x_wconf 72' lang='lat' dir='ltr'>custodiam,</span> <span class='ocrx_word' id='word_1_96' title='bbox 828 1926 851 1951; x_wconf 89' lang='lat'>*</span> <span class='ocrx_word' id='word_1_97' title='bbox 867 1939 965 1968; x_wconf 94' lang='lat' dir='ltr'>cum</span> 
     </span>
     <span class='ocr_line' id='line_1_30' title="bbox 143 1982 964 2036; baseline -0.002 -11"><span class='ocrx_word' id='word_1_98' title='bbox 143 1986 401 2026; x_wconf 82' lang='lat' dir='ltr'>consisteret</span> <span class='ocrx_word' id='word_1_99' title='bbox 416 1984 624 2036; x_wconf 88' lang='lat' dir='ltr'>peccator</span> <span class='ocrx_word' id='word_1_100' title='bbox 639 1982 870 2024; x_wconf 85' lang='lat' dir='ltr'>adversum</span> <span class='ocrx_word' id='word_1_101' title='bbox 884 1996 964 2024; x_wconf 91' lang='lat' dir='ltr'>me.</span> 
     </span>
    </p>

    <p class='ocr_par' dir='ltr' id='par_1_13' title="bbox 142 2039 965 2195">
     <span class='ocr_line' id='line_1_31' title="bbox 195 2039 965 2090; baseline -0.001 -8"><span class='ocrx_word' id='word_1_102' title='bbox 195 2040 413 2090; x_wconf 89' lang='lat' dir='ltr'>Obmutui,</span> <span class='ocrx_word' id='word_1_103' title='bbox 442 2044 485 2081; x_wconf 94' lang='lat' dir='ltr'>et</span> <span class='ocrx_word' id='word_1_104' title='bbox 511 2039 759 2081; x_wconf 87' lang='lat' dir='ltr'>humiliatus</span> <span class='ocrx_word' id='word_1_105' title='bbox 787 2052 893 2089; x_wconf 87' lang='lat' dir='ltr'>sum,</span> <span class='ocrx_word' id='word_1_106' title='bbox 922 2044 965 2081; x_wconf 93' lang='lat' dir='ltr'>et</span> 
     </span>
     <span class='ocr_line' id='line_1_32' title="bbox 143 2095 963 2139; baseline -0.004 0"><span class='ocrx_word' id='word_1_107' title='bbox 143 2097 240 2139; x_wconf 89' lang='lat' dir='ltr'>silui</span> <span class='ocrx_word' id='word_1_108' title='bbox 267 2109 293 2138; x_wconf 92' lang='lat' dir='ltr'>a</span> <span class='ocrx_word' id='word_1_109' title='bbox 318 2096 460 2139; x_wconf 90' lang='lat' dir='ltr'>bonis:</span> <span class='ocrx_word' id='word_1_110' title='bbox 481 2096 504 2122; x_wconf 87' lang='lat'>*</span> <span class='ocrx_word' id='word_1_111' title='bbox 526 2100 569 2137; x_wconf 93' lang='lat' dir='ltr'>et</span> <span class='ocrx_word' id='word_1_112' title='bbox 597 2095 724 2137; x_wconf 92' lang='lat' dir='ltr'>dolor</span> <span class='ocrx_word' id='word_1_113' title='bbox 750 2108 872 2137; x_wconf 90' lang='lat' dir='ltr'>meus</span> <span class='ocrx_word' id='word_1_114' title='bbox 900 2108 963 2137; x_wconf 91' lang='lat' dir='ltr'>re-</span> 
     </span>
     <span class='ocr_line' id='line_1_33' title="bbox 142 2155 432 2195; baseline -0.003 -1"><span class='ocrx_word' id='word_1_115' title='bbox 142 2155 327 2195; x_wconf 90' lang='lat' dir='ltr'>novatus</span> <span class='ocrx_word' id='word_1_116' title='bbox 356 2158 432 2194; x_wconf 90' lang='lat' dir='ltr'>est.</span> 
     </span>
    </p>

    <p class='ocr_par' dir='ltr' id='par_1_14' title="bbox 143 2209 965 2373">
     <span class='ocr_line' id='line_1_34' title="bbox 195 2209 964 2251; baseline -0.004 0"><span class='ocrx_word' id='word_1_117' title='bbox 195 2209 421 2251; x_wconf 90' lang='lat' dir='ltr'>Concaluit</span> <span class='ocrx_word' id='word_1_118' title='bbox 455 2221 532 2250; x_wconf 91' lang='lat' dir='ltr'>cor</span> <span class='ocrx_word' id='word_1_119' title='bbox 563 2221 708 2250; x_wconf 90' lang='lat' dir='ltr'>meum</span> <span class='ocrx_word' id='word_1_120' title='bbox 740 2209 853 2250; x_wconf 91' lang='lat' dir='ltr'>intra</span> <span class='ocrx_word' id='word_1_121' title='bbox 879 2221 964 2249; x_wconf 89' lang='lat' dir='ltr'>me:</span> 
     </span>
     <span class='ocr_line' id='line_1_35' title="bbox 143 2264 965 2308; baseline -0.002 0"><span class='ocrx_word' id='word_1_122' title='bbox 143 2266 167 2292; x_wconf 83' lang='lat'>*</span> <span class='ocrx_word' id='word_1_123' title='bbox 181 2271 224 2308; x_wconf 93' lang='lat' dir='ltr'>et</span> <span class='ocrx_word' id='word_1_124' title='bbox 241 2266 283 2307; x_wconf 94' lang='lat' dir='ltr'>in</span> <span class='ocrx_word' id='word_1_125' title='bbox 299 2265 581 2308; x_wconf 83' lang='lat' dir='ltr'>meditatione</span> <span class='ocrx_word' id='word_1_126' title='bbox 597 2278 694 2307; x_wconf 89' lang='lat' dir='ltr'>mea</span> <span class='ocrx_word' id='word_1_127' title='bbox 710 2264 965 2307; x_wconf 83' lang='lat' dir='ltr'>exardescet</span> 
     </span>
     <span class='ocr_line' id='line_1_36' title="bbox 143 2323 264 2373; baseline 0 -10"><span class='ocrx_word' id='word_1_128' title='bbox 143 2323 264 2373; x_wconf 90' lang='lat' dir='ltr'>ignis.</span> 
     </span>
    </p>

    <p class='ocr_par' dir='ltr' id='par_1_15' title="bbox 142 2377 965 2476">
     <span class='ocr_line' id='line_1_37' title="bbox 194 2377 964 2428; baseline -0.003 -8"><span class='ocrx_word' id='word_1_129' title='bbox 194 2379 388 2420; x_wconf 84' lang='lat' dir='ltr'>Locutus</span> <span class='ocrx_word' id='word_1_130' title='bbox 401 2391 496 2420; x_wconf 93' lang='lat' dir='ltr'>sum</span> <span class='ocrx_word' id='word_1_131' title='bbox 509 2377 552 2418; x_wconf 90' lang='lat' dir='ltr'>in</span> <span class='ocrx_word' id='word_1_132' title='bbox 560 2377 705 2428; x_wconf 89' lang='lat' dir='ltr'>lingua</span> <span class='ocrx_word' id='word_1_133' title='bbox 717 2390 829 2419; x_wconf 89' lang='lat' dir='ltr'>mea:</span> <span class='ocrx_word' id='word_1_134' title='bbox 839 2378 862 2403; x_wconf 87' lang='lat'>*</span> <span class='ocrx_word' id='word_1_135' title='bbox 877 2377 964 2418; x_wconf 92' lang='lat' dir='ltr'>No-</span> 
     </span>
     <span class='ocr_line' id='line_1_38' title="bbox 142 2434 965 2476; baseline -0.002 0"><span class='ocrx_word' id='word_1_136' title='bbox 142 2440 234 2476; x_wconf 90' lang='lat' dir='ltr'>tum</span> <span class='ocrx_word' id='word_1_137' title='bbox 254 2435 321 2476; x_wconf 90' lang='lat' dir='ltr'>fac</span> <span class='ocrx_word' id='word_1_138' title='bbox 342 2435 446 2476; x_wconf 93' lang='lat' dir='ltr'>mihi</span> <span class='ocrx_word' id='word_1_139' title='bbox 462 2434 647 2475; x_wconf 83' lang='lat' dir='ltr'>Domine</span> <span class='ocrx_word' id='word_1_140' title='bbox 664 2434 794 2475; x_wconf 90' lang='lat' dir='ltr'>finem</span> <span class='ocrx_word' id='word_1_141' title='bbox 810 2446 965 2475; x_wconf 91' lang='lat' dir='ltr'>meum.</span> 
     </span>
    </p>

    <p class='ocr_par' dir='ltr' id='par_1_16' title="bbox 145 2489 965 2600">
     <span class='ocr_line' id='line_1_39' title="bbox 194 2489 964 2533; baseline -0.005 0"><span class='ocrx_word' id='word_1_142' title='bbox 194 2492 251 2533; x_wconf 92' lang='lat' dir='ltr'>Et</span> <span class='ocrx_word' id='word_1_143' title='bbox 294 2495 522 2532; x_wconf 92' lang='lat' dir='ltr'>numerum</span> <span class='ocrx_word' id='word_1_144' title='bbox 563 2489 729 2531; x_wconf 91' lang='lat' dir='ltr'>dierum</span> <span class='ocrx_word' id='word_1_145' title='bbox 768 2491 964 2531; x_wconf 85' lang='lat' dir='ltr'>meorum</span> 
     </span>
     <span class='ocr_line' id='line_1_40' title="bbox 145 2545 965 2600; baseline -0.005 -11"><span class='ocrx_word' id='word_1_146' title='bbox 145 2549 240 2600; x_wconf 92' lang='lat' dir='ltr'>quis</span> <span class='ocrx_word' id='word_1_147' title='bbox 256 2553 337 2589; x_wconf 89' lang='lat' dir='ltr'>est:</span> <span class='ocrx_word' id='word_1_148' title='bbox 351 2548 375 2573; x_wconf 86' lang='lat'>*</span> <span class='ocrx_word' id='word_1_149' title='bbox 390 2552 438 2589; x_wconf 91' lang='lat' dir='ltr'>ut</span> <span class='ocrx_word' id='word_1_150' title='bbox 454 2547 588 2588; x_wconf 90' lang='lat' dir='ltr'>sciam</span> <span class='ocrx_word' id='word_1_151' title='bbox 604 2545 708 2598; x_wconf 93' lang='lat' dir='ltr'>quid</span> <span class='ocrx_word' id='word_1_152' title='bbox 723 2545 836 2587; x_wconf 88' lang='lat' dir='ltr'>desit</span> <span class='ocrx_word' id='word_1_153' title='bbox 851 2545 965 2585; x_wconf 87' lang='lat' dir='ltr'>mihi.</span> 
     </span>
    </p>

    <p class='ocr_par' dir='ltr' id='par_1_17' title="bbox 143 2601 964 2769">
     <span class='ocr_line' id='line_1_41' title="bbox 194 2601 964 2655; baseline -0.005 -10"><span class='ocrx_word' id='word_1_154' title='bbox 194 2605 309 2646; x_wconf 89' lang='lat' dir='ltr'>Ecce</span> <span class='ocrx_word' id='word_1_155' title='bbox 332 2603 645 2645; x_wconf 62' lang='lat' dir='ltr'>mensurabiles</span> <span class='ocrx_word' id='word_1_156' title='bbox 665 2602 849 2655; x_wconf 88' lang='lat' dir='ltr'>posuisti</span> <span class='ocrx_word' id='word_1_157' title='bbox 872 2601 964 2642; x_wconf 93' lang='lat' dir='ltr'>dies</span> 
     </span>
     <span class='ocr_line' id='line_1_42' title="bbox 143 2659 963 2702; baseline -0.004 -2"><span class='ocrx_word' id='word_1_158' title='bbox 143 2673 280 2702; x_wconf 86' lang='lat' dir='ltr'>meos:</span> <span class='ocrx_word' id='word_1_159' title='bbox 312 2661 335 2686; x_wconf 90' lang='lat'>*</span> <span class='ocrx_word' id='word_1_160' title='bbox 371 2665 414 2702; x_wconf 91' lang='lat' dir='ltr'>et</span> <span class='ocrx_word' id='word_1_161' title='bbox 449 2659 691 2701; x_wconf 88' lang='lat' dir='ltr'>substantia</span> <span class='ocrx_word' id='word_1_162' title='bbox 726 2671 822 2699; x_wconf 90' lang='lat' dir='ltr'>mea</span> <span class='ocrx_word' id='word_1_163' title='bbox 858 2662 963 2699; x_wconf 90' lang='lat' dir='ltr'>tam-</span> 
     </span>
     <span class='ocr_line' id='line_1_43' title="bbox 146 2716 689 2769; baseline -0.002 -12"><span class='ocrx_word' id='word_1_164' title='bbox 146 2729 275 2769; x_wconf 86' lang='lat' dir='ltr'>quam</span> <span class='ocrx_word' id='word_1_165' title='bbox 302 2716 482 2758; x_wconf 90' lang='lat' dir='ltr'>nihilum</span> <span class='ocrx_word' id='word_1_166' title='bbox 509 2721 608 2758; x_wconf 93' lang='lat' dir='ltr'>ante</span> <span class='ocrx_word' id='word_1_167' title='bbox 634 2721 689 2757; x_wconf 89' lang='lat' dir='ltr'>te.</span> 
     </span>
    </p>
   </div>
   <div class='ocr_carea' id='block_1_9' title="bbox 1015 287 1873 1973">
    <p class='ocr_par' dir='ltr' id='par_1_18' title="bbox 1017 287 1834 385">
     <span class='ocr_line' id='line_1_44' title="bbox 1071 287 1834 337; baseline -0.001 -9"><span class='ocrx_word' id='word_1_168' title='bbox 1071 289 1378 328; x_wconf 79' lang='lat' dir='ltr'>Verumtamen</span> <span class='ocrx_word' id='word_1_169' title='bbox 1393 287 1595 328; x_wconf 86' lang='lat' dir='ltr'>universa</span> <span class='ocrx_word' id='word_1_170' title='bbox 1614 287 1792 337; x_wconf 77' lang='lat' dir='ltr'>vanitas,</span> <span class='ocrx_word' id='word_1_171' title='bbox 1811 288 1834 313; x_wconf 87' lang='lat'>*</span> 
     </span>
     <span class='ocr_line' id='line_1_45' title="bbox 1017 342 1501 385; baseline 0.004 -3"><span class='ocrx_word' id='word_1_172' title='bbox 1017 343 1155 383; x_wconf 92' lang='lat' dir='ltr'>omnis</span> <span class='ocrx_word' id='word_1_173' title='bbox 1183 342 1314 384; x_wconf 93' lang='lat' dir='ltr'>homo</span> <span class='ocrx_word' id='word_1_174' title='bbox 1342 344 1501 385; x_wconf 88' lang='lat' dir='ltr'>vivens.</span> 
     </span>
    </p>

    <p class='ocr_par' dir='ltr' id='par_1_19' title="bbox 1015 399 1834 552">
     <span class='ocr_line' id='line_1_46' title="bbox 1067 399 1834 452; baseline 0.003 -12"><span class='ocrx_word' id='word_1_175' title='bbox 1067 399 1379 441; x_wconf 90' lang='lat' dir='ltr'>Verumtamen</span> <span class='ocrx_word' id='word_1_176' title='bbox 1427 400 1470 440; x_wconf 94' lang='lat' dir='ltr'>in</span> <span class='ocrx_word' id='word_1_177' title='bbox 1514 400 1700 449; x_wconf 86' lang='lat' dir='ltr'>imagine</span> <span class='ocrx_word' id='word_1_178' title='bbox 1741 413 1834 452; x_wconf 89' lang='lat' dir='ltr'>per-</span> 
     </span>
     <span class='ocr_line' id='line_1_47' title="bbox 1015 454 1834 498; baseline 0.001 -2"><span class='ocrx_word' id='word_1_179' title='bbox 1015 455 1170 496; x_wconf 88' lang='lat' dir='ltr'>transit</span> <span class='ocrx_word' id='word_1_180' title='bbox 1188 454 1334 496; x_wconf 91' lang='lat' dir='ltr'>homo:</span> <span class='ocrx_word' id='word_1_181' title='bbox 1354 456 1377 481; x_wconf 88' lang='lat'>*</span> <span class='ocrx_word' id='word_1_182' title='bbox 1398 456 1476 497; x_wconf 93' lang='lat' dir='ltr'>sed</span> <span class='ocrx_word' id='word_1_183' title='bbox 1496 461 1540 498; x_wconf 90' lang='lat' dir='ltr'>et</span> <span class='ocrx_word' id='word_1_184' title='bbox 1558 456 1715 498; x_wconf 88' lang='lat' dir='ltr'>frustra</span> <span class='ocrx_word' id='word_1_185' title='bbox 1736 470 1834 498; x_wconf 90' lang='lat' dir='ltr'>con-</span> 
     </span>
     <span class='ocr_line' id='line_1_48' title="bbox 1015 510 1225 552; baseline -0.005 0"><span class='ocrx_word' id='word_1_186' title='bbox 1015 510 1225 552; x_wconf 93' lang='lat' dir='ltr'>turbatur.</span> 
     </span>
    </p>

    <p class='ocr_par' dir='ltr' id='par_1_20' title="bbox 1015 567 1873 674">
     <span class='ocr_line' id='line_1_49' title="bbox 1015 567 1834 618; baseline 0.002 -10"><span class='ocrx_word' id='word_1_187' title='bbox 1015 586 1018 588; x_wconf 30' lang='lat' dir='ltr'>v</span> <span class='ocrx_word' id='word_1_188' title='bbox 1067 567 1366 610; x_wconf 87' lang='lat' dir='ltr'>Thesaurizat:</span> <span class='ocrx_word' id='word_1_189' title='bbox 1382 568 1406 593; x_wconf 89' lang='lat'>*</span> <span class='ocrx_word' id='word_1_190' title='bbox 1423 572 1466 609; x_wconf 88' lang='lat' dir='ltr'>et</span> <span class='ocrx_word' id='word_1_191' title='bbox 1475 568 1646 618; x_wconf 86' lang='lat' dir='ltr'>ignorat</span> <span class='ocrx_word' id='word_1_192' title='bbox 1657 569 1724 610; x_wconf 91' lang='lat' dir='ltr'>cui</span> <span class='ocrx_word' id='word_1_193' title='bbox 1736 582 1834 610; x_wconf 89' lang='lat' dir='ltr'>con-</span> 
     </span>
     <span class='ocr_line' id='line_1_50' title="bbox 1016 623 1873 674; baseline 0.001 -11"><span class='ocrx_word' id='word_1_194' title='bbox 1016 623 1214 674; x_wconf 87' lang='lat' dir='ltr'>gregabit</span> <span class='ocrx_word' id='word_1_195' title='bbox 1241 636 1302 665; x_wconf 90' lang='lat' dir='ltr'>ea.</span> <span class='ocrx_word' id='word_1_196' title='bbox 1870 633 1873 641; x_wconf 74' lang='lat'><strong>¹</strong></span> 
     </span>
    </p>

    <p class='ocr_par' dir='ltr' id='par_1_21' title="bbox 1015 681 1835 845">
     <span class='ocr_line' id='line_1_51' title="bbox 1068 681 1835 733; baseline 0.003 -13"><span class='ocrx_word' id='word_1_197' title='bbox 1068 681 1124 721; x_wconf 89' lang='lat' dir='ltr'>Et</span> <span class='ocrx_word' id='word_1_198' title='bbox 1166 693 1279 721; x_wconf 93' lang='lat' dir='ltr'>nunc</span> <span class='ocrx_word' id='word_1_199' title='bbox 1323 693 1419 732; x_wconf 88' lang='lat' dir='ltr'>quae</span> <span class='ocrx_word' id='word_1_200' title='bbox 1460 685 1526 722; x_wconf 92' lang='lat' dir='ltr'>est</span> <span class='ocrx_word' id='word_1_201' title='bbox 1567 682 1835 733; x_wconf 84' lang='lat' dir='ltr'>exspectatio</span> 
     </span>
     <span class='ocr_line' id='line_1_52' title="bbox 1015 735 1833 779; baseline 0.004 -3"><span class='ocrx_word' id='word_1_202' title='bbox 1015 735 1134 777; x_wconf 87' lang='lat' dir='ltr'>mea?</span> <span class='ocrx_word' id='word_1_203' title='bbox 1163 736 1319 778; x_wconf 91' lang='lat' dir='ltr'>Nonne</span> <span class='ocrx_word' id='word_1_204' title='bbox 1342 736 1576 777; x_wconf 80' lang='lat' dir='ltr'>Deminus?</span> <span class='ocrx_word' id='word_1_205' title='bbox 1604 738 1627 762; x_wconf 89' lang='lat'>*</span> <span class='ocrx_word' id='word_1_206' title='bbox 1655 738 1710 779; x_wconf 88' lang='lat' dir='ltr'>Et</span> <span class='ocrx_word' id='word_1_207' title='bbox 1737 737 1833 779; x_wconf 92' lang='lat' dir='ltr'>sub·</span> 
     </span>
     <span class='ocr_line' id='line_1_53' title="bbox 1017 792 1617 845; baseline 0 -12"><span class='ocrx_word' id='word_1_208' title='bbox 1017 793 1175 834; x_wconf 89' lang='lat' dir='ltr'>stantia</span> <span class='ocrx_word' id='word_1_209' title='bbox 1201 806 1298 834; x_wconf 86' lang='lat' dir='ltr'>mea</span> <span class='ocrx_word' id='word_1_210' title='bbox 1326 792 1443 845; x_wconf 90' lang='lat' dir='ltr'>apud</span> <span class='ocrx_word' id='word_1_211' title='bbox 1470 798 1513 834; x_wconf 88' lang='lat' dir='ltr'>te</span> <span class='ocrx_word' id='word_1_212' title='bbox 1542 798 1617 835; x_wconf 89' lang='lat' dir='ltr'>est.</span> 
     </span>
    </p>

    <p class='ocr_par' dir='ltr' id='par_1_22' title="bbox 1018 849 1836 1003">
     <span class='ocr_line' id='line_1_54' title="bbox 1068 849 1835 901; baseline 0.001 -12"><span class='ocrx_word' id='word_1_213' title='bbox 1068 849 1138 890; x_wconf 91' lang='lat' dir='ltr'>Ab</span> <span class='ocrx_word' id='word_1_214' title='bbox 1169 849 1367 890; x_wconf 85' lang='lat' dir='ltr'>omnibus</span> <span class='ocrx_word' id='word_1_215' title='bbox 1399 849 1696 901; x_wconf 87' lang='lat' dir='ltr'>iniquitatibus</span> <span class='ocrx_word' id='word_1_216' title='bbox 1728 850 1835 891; x_wconf 92' lang='lat' dir='ltr'>meis</span> 
     </span>
     <span class='ocr_line' id='line_1_55' title="bbox 1018 905 1836 958; baseline 0 -12"><span class='ocrx_word' id='word_1_217' title='bbox 1018 907 1119 946; x_wconf 91' lang='lat' dir='ltr'>erue</span> <span class='ocrx_word' id='word_1_218' title='bbox 1146 918 1231 947; x_wconf 88' lang='lat' dir='ltr'>me:</span> <span class='ocrx_word' id='word_1_219' title='bbox 1258 906 1281 931; x_wconf 80' lang='lat'>*</span> <span class='ocrx_word' id='word_1_220' title='bbox 1310 905 1594 958; x_wconf 74' lang='lat' dir='ltr'>opprObrium</span> <span class='ocrx_word' id='word_1_221' title='bbox 1621 906 1836 958; x_wconf 82' lang='lat' dir='ltr'>insipienti</span> 
     </span>
     <span class='ocr_line' id='line_1_56' title="bbox 1018 961 1283 1003; baseline -0.004 0"><span class='ocrx_word' id='word_1_222' title='bbox 1018 961 1176 1003; x_wconf 86' lang='lat' dir='ltr'>dedisti</span> <span class='ocrx_word' id='word_1_223' title='bbox 1202 974 1283 1003; x_wconf 90' lang='lat' dir='ltr'>me.</span> 
     </span>
    </p>

    <p class='ocr_par' dir='ltr' id='par_1_23' title="bbox 1016 1018 1836 1184">
     <span class='ocr_line' id='line_1_57' title="bbox 1070 1018 1836 1070; baseline 0 -11"><span class='ocrx_word' id='word_1_224' title='bbox 1070 1018 1287 1067; x_wconf 80' lang='lat' dir='ltr'>obmutui,</span> <span class='ocrx_word' id='word_1_225' title='bbox 1304 1023 1347 1060; x_wconf 95' lang='lat' dir='ltr'>et</span> <span class='ocrx_word' id='word_1_226' title='bbox 1356 1031 1443 1059; x_wconf 93' lang='lat' dir='ltr'>non</span> <span class='ocrx_word' id='word_1_227' title='bbox 1459 1018 1608 1070; x_wconf 91' lang='lat' dir='ltr'>aperui</span> <span class='ocrx_word' id='word_1_228' title='bbox 1620 1031 1668 1059; x_wconf 90' lang='lat' dir='ltr'>os</span> <span class='ocrx_word' id='word_1_229' title='bbox 1683 1031 1836 1067; x_wconf 91' lang='lat' dir='ltr'>meum,</span> 
     </span>
     <span class='ocr_line' id='line_1_58' title="bbox 1019 1074 1836 1127; baseline -0.001 -11"><span class='ocrx_word' id='word_1_230' title='bbox 1019 1075 1223 1127; x_wconf 81' lang='lat' dir='ltr'>queniam</span> <span class='ocrx_word' id='word_1_231' title='bbox 1249 1080 1296 1116; x_wconf 92' lang='lat' dir='ltr'>tu</span> <span class='ocrx_word' id='word_1_232' title='bbox 1323 1074 1476 1116; x_wconf 88' lang='lat' dir='ltr'>fecisti:</span> <span class='ocrx_word' id='word_1_233' title='bbox 1493 1075 1515 1100; x_wconf 87' lang='lat'>*</span> <span class='ocrx_word' id='word_1_234' title='bbox 1533 1076 1687 1116; x_wconf 91' lang='lat' dir='ltr'>amove</span> <span class='ocrx_word' id='word_1_235' title='bbox 1716 1088 1740 1116; x_wconf 91' lang='lat' dir='ltr'>a</span> <span class='ocrx_word' id='word_1_236' title='bbox 1767 1087 1836 1115; x_wconf 91' lang='lat' dir='ltr'>me</span> 
     </span>
     <span class='ocr_line' id='line_1_59' title="bbox 1016 1131 1302 1184; baseline -0.003 -12"><span class='ocrx_word' id='word_1_237' title='bbox 1016 1131 1167 1184; x_wconf 85' lang='lat' dir='ltr'>plagas</span> <span class='ocrx_word' id='word_1_238' title='bbox 1195 1136 1302 1172; x_wconf 90' lang='lat' dir='ltr'>tuas.</span> 
     </span>
    </p>

    <p class='ocr_par' dir='ltr' id='par_1_24' title="bbox 1017 1187 1837 1353">
     <span class='ocr_line' id='line_1_60' title="bbox 1069 1187 1837 1238; baseline 0 -9"><span class='ocrx_word' id='word_1_239' title='bbox 1069 1188 1110 1228; x_wconf 92' lang='lat' dir='ltr'><strong>A</strong></span> <span class='ocrx_word' id='word_1_240' title='bbox 1129 1187 1380 1229; x_wconf 86' lang='lat' dir='ltr'>fortitudine</span> <span class='ocrx_word' id='word_1_241' title='bbox 1399 1199 1550 1228; x_wconf 88' lang='lat' dir='ltr'>manus</span> <span class='ocrx_word' id='word_1_242' title='bbox 1565 1192 1652 1228; x_wconf 87' lang='lat' dir='ltr'>tuae</span> <span class='ocrx_word' id='word_1_243' title='bbox 1670 1201 1750 1238; x_wconf 87' lang='lat' dir='ltr'>ego</span> <span class='ocrx_word' id='word_1_244' title='bbox 1767 1188 1837 1229; x_wconf 93' lang='lat' dir='ltr'>de-</span> 
     </span>
     <span class='ocr_line' id='line_1_61' title="bbox 1017 1243 1836 1296; baseline 0.001 -11"><span class='ocrx_word' id='word_1_245' title='bbox 1017 1245 1099 1286; x_wconf 88' lang='lat' dir='ltr'>feci</span> <span class='ocrx_word' id='word_1_246' title='bbox 1126 1245 1170 1284; x_wconf 94' lang='lat' dir='ltr'>in</span> <span class='ocrx_word' id='word_1_247' title='bbox 1197 1243 1579 1296; x_wconf 86' lang='lat' dir='ltr'>increpationibus:</span> <span class='ocrx_word' id='word_1_248' title='bbox 1606 1245 1628 1269; x_wconf 92' lang='lat'>*</span> <span class='ocrx_word' id='word_1_249' title='bbox 1656 1250 1836 1296; x_wconf 90' lang='lat' dir='ltr'>propter</span> 
     </span>
     <span class='ocr_line' id='line_1_62' title="bbox 1018 1299 1818 1353; baseline 0 -12"><span class='ocrx_word' id='word_1_250' title='bbox 1018 1301 1289 1353; x_wconf 90' lang='lat' dir='ltr'>iniquitatem</span> <span class='ocrx_word' id='word_1_251' title='bbox 1317 1299 1565 1352; x_wconf 90' lang='lat' dir='ltr'>corripuisti</span> <span class='ocrx_word' id='word_1_252' title='bbox 1591 1300 1818 1341; x_wconf 83' lang='lat' dir='ltr'>hominem.</span> 
     </span>
    </p>

    <p class='ocr_par' dir='ltr' id='par_1_25' title="bbox 1018 1356 1836 1511">
     <span class='ocr_line' id='line_1_63' title="bbox 1070 1356 1835 1399; baseline 0 -1"><span class='ocrx_word' id='word_1_253' title='bbox 1070 1358 1125 1399; x_wconf 89' lang='lat' dir='ltr'>Et</span> <span class='ocrx_word' id='word_1_254' title='bbox 1146 1356 1371 1398; x_wconf 83' lang='lat' dir='ltr'>tabescere</span> <span class='ocrx_word' id='word_1_255' title='bbox 1395 1356 1534 1398; x_wconf 89' lang='lat' dir='ltr'>fecisti</span> <span class='ocrx_word' id='word_1_256' title='bbox 1557 1357 1667 1398; x_wconf 91' lang='lat' dir='ltr'>sicut</span> <span class='ocrx_word' id='word_1_257' title='bbox 1690 1359 1835 1398; x_wconf 87' lang='lat' dir='ltr'>arane-</span> 
     </span>
     <span class='ocr_line' id='line_1_64' title="bbox 1018 1413 1836 1465; baseline -0.002 -10"><span class='ocrx_word' id='word_1_258' title='bbox 1018 1427 1088 1455; x_wconf 90' lang='lat' dir='ltr'>am</span> <span class='ocrx_word' id='word_1_259' title='bbox 1123 1413 1308 1454; x_wconf 90' lang='lat' dir='ltr'>animam</span> <span class='ocrx_word' id='word_1_260' title='bbox 1343 1413 1449 1465; x_wconf 87' lang='lat' dir='ltr'>ejus:</span> <span class='ocrx_word' id='word_1_261' title='bbox 1484 1413 1507 1437; x_wconf 91' lang='lat'>*</span> <span class='ocrx_word' id='word_1_262' title='bbox 1540 1416 1836 1454; x_wconf 82' lang='lat' dir='ltr'>verumtamen</span> 
     </span>
     <span class='ocr_line' id='line_1_65' title="bbox 1018 1468 1774 1511; baseline -0.003 0"><span class='ocrx_word' id='word_1_263' title='bbox 1018 1483 1127 1511; x_wconf 93' lang='lat' dir='ltr'>vane</span> <span class='ocrx_word' id='word_1_264' title='bbox 1156 1468 1439 1510; x_wconf 90' lang='lat' dir='ltr'>conturbatur</span> <span class='ocrx_word' id='word_1_265' title='bbox 1467 1469 1605 1509; x_wconf 90' lang='lat' dir='ltr'>omnis</span> <span class='ocrx_word' id='word_1_266' title='bbox 1632 1469 1774 1510; x_wconf 88' lang='lat' dir='ltr'>homo.</span> 
     </span>
    </p>

    <p class='ocr_par' dir='ltr' id='par_1_26' title="bbox 1016 1525 1836 1691">
     <span class='ocr_line' id='line_1_66' title="bbox 1068 1525 1836 1567; baseline -0.001 0"><span class='ocrx_word' id='word_1_267' title='bbox 1068 1525 1239 1567; x_wconf 83' lang='lat' dir='ltr'>Exaudi</span> <span class='ocrx_word' id='word_1_268' title='bbox 1284 1525 1525 1566; x_wconf 80' lang='lat' dir='ltr'>oratienem</span> <span class='ocrx_word' id='word_1_269' title='bbox 1565 1538 1706 1567; x_wconf 89' lang='lat' dir='ltr'>meam</span> <span class='ocrx_word' id='word_1_270' title='bbox 1750 1525 1836 1566; x_wconf 82' lang='lat' dir='ltr'>Do-</span> 
     </span>
     <span class='ocr_line' id='line_1_67' title="bbox 1016 1581 1835 1634; baseline -0.002 -10"><span class='ocrx_word' id='word_1_271' title='bbox 1016 1583 1146 1632; x_wconf 86' lang='lat' dir='ltr'>mine,</span> <span class='ocrx_word' id='word_1_272' title='bbox 1181 1587 1224 1624; x_wconf 93' lang='lat' dir='ltr'>et</span> <span class='ocrx_word' id='word_1_273' title='bbox 1253 1581 1604 1634; x_wconf 73' lang='lat' dir='ltr'>deprecatiunem</span> <span class='ocrx_word' id='word_1_274' title='bbox 1631 1595 1785 1623; x_wconf 90' lang='lat' dir='ltr'>meam:</span> <span class='ocrx_word' id='word_1_275' title='bbox 1813 1583 1835 1607; x_wconf 87' lang='lat'>*</span> 
     </span>
     <span class='ocr_line' id='line_1_68' title="bbox 1018 1638 1780 1691; baseline -0.001 -12"><span class='ocrx_word' id='word_1_276' title='bbox 1018 1638 1193 1680; x_wconf 91' lang='lat' dir='ltr'>auribus</span> <span class='ocrx_word' id='word_1_277' title='bbox 1220 1638 1398 1691; x_wconf 82' lang='lat' dir='ltr'>percipe</span> <span class='ocrx_word' id='word_1_278' title='bbox 1425 1638 1624 1678; x_wconf 87' lang='lat' dir='ltr'>lacrimas</span> <span class='ocrx_word' id='word_1_279' title='bbox 1651 1651 1780 1679; x_wconf 90' lang='lat' dir='ltr'>meas.</span> 
     </span>
    </p>

    <p class='ocr_par' dir='ltr' id='par_1_27' title="bbox 1017 1694 1836 1860">
     <span class='ocr_line' id='line_1_69' title="bbox 1068 1694 1836 1746; baseline -0.001 -10"><span class='ocrx_word' id='word_1_280' title='bbox 1068 1695 1136 1736; x_wconf 92' lang='lat' dir='ltr'>Ne</span> <span class='ocrx_word' id='word_1_281' title='bbox 1164 1695 1307 1736; x_wconf 71' lang='lat' dir='ltr'>sileas&lt;</span> <span class='ocrx_word' id='word_1_282' title='bbox 1336 1695 1538 1746; x_wconf 78' lang='lat' dir='ltr'>queniam</span> <span class='ocrx_word' id='word_1_283' title='bbox 1560 1694 1726 1735; x_wconf 88' lang='lat' dir='ltr'>advena</span> <span class='ocrx_word' id='word_1_284' title='bbox 1755 1707 1836 1745; x_wconf 91' lang='lat' dir='ltr'>ego</span> 
     </span>
     <span class='ocr_line' id='line_1_70' title="bbox 1017 1750 1836 1804; baseline -0.001 -12"><span class='ocrx_word' id='word_1_285' title='bbox 1017 1764 1112 1793; x_wconf 89' lang='lat' dir='ltr'>sum</span> <span class='ocrx_word' id='word_1_286' title='bbox 1133 1750 1249 1804; x_wconf 91' lang='lat' dir='ltr'>apud</span> <span class='ocrx_word' id='word_1_287' title='bbox 1269 1755 1323 1800; x_wconf 91' lang='lat' dir='ltr'>te,</span> <span class='ocrx_word' id='word_1_288' title='bbox 1344 1755 1387 1792; x_wconf 90' lang='lat' dir='ltr'>et</span> <span class='ocrx_word' id='word_1_289' title='bbox 1401 1753 1664 1802; x_wconf 90' lang='lat' dir='ltr'>peregrinus,</span> <span class='ocrx_word' id='word_1_290' title='bbox 1685 1751 1707 1775; x_wconf 90' lang='lat'>*</span> <span class='ocrx_word' id='word_1_291' title='bbox 1726 1750 1836 1791; x_wconf 89' lang='lat' dir='ltr'>sicut</span> 
     </span>
     <span class='ocr_line' id='line_1_71' title="bbox 1017 1807 1465 1860; baseline -0.007 -11"><span class='ocrx_word' id='word_1_292' title='bbox 1017 1821 1168 1849; x_wconf 90' lang='lat' dir='ltr'>omnes</span> <span class='ocrx_word' id='word_1_293' title='bbox 1196 1812 1343 1860; x_wconf 89' lang='lat' dir='ltr'>patres</span> <span class='ocrx_word' id='word_1_294' title='bbox 1370 1807 1465 1848; x_wconf 91' lang='lat' dir='ltr'>mei.</span> 
     </span>
    </p>

    <p class='ocr_par' dir='ltr' id='par_1_28' title="bbox 1016 1862 1836 1973">
     <span class='ocr_line' id='line_1_72' title="bbox 1067 1862 1835 1914; baseline -0.004 -9"><span class='ocrx_word' id='word_1_295' title='bbox 1067 1865 1258 1905; x_wconf 90' lang='lat' dir='ltr'>Remitte</span> <span class='ocrx_word' id='word_1_296' title='bbox 1286 1862 1399 1912; x_wconf 84' lang='lat' dir='ltr'>mihi,</span> <span class='ocrx_word' id='word_1_297' title='bbox 1427 1867 1474 1904; x_wconf 95' lang='lat' dir='ltr'>ut</span> <span class='ocrx_word' id='word_1_298' title='bbox 1502 1863 1731 1913; x_wconf 89' lang='lat' dir='ltr'>refrigerer</span> <span class='ocrx_word' id='word_1_299' title='bbox 1753 1862 1835 1914; x_wconf 91' lang='lat' dir='ltr'>pri-</span> 
     </span>
     <span class='ocr_line' id='line_1_73' title="bbox 1016 1919 1836 1973; baseline -0.005 -11"><span class='ocrx_word' id='word_1_300' title='bbox 1016 1923 1200 1973; x_wconf 90' lang='lat' dir='ltr'>usquam</span> <span class='ocrx_word' id='word_1_301' title='bbox 1210 1919 1374 1969; x_wconf 92' lang='lat' dir='ltr'>abeam,</span> <span class='ocrx_word' id='word_1_302' title='bbox 1382 1920 1406 1944; x_wconf 87' lang='lat'>*</span> <span class='ocrx_word' id='word_1_303' title='bbox 1413 1924 1456 1961; x_wconf 91' lang='lat' dir='ltr'>et</span> <span class='ocrx_word' id='word_1_304' title='bbox 1463 1919 1647 1972; x_wconf 88' lang='lat' dir='ltr'>amplius</span> <span class='ocrx_word' id='word_1_305' title='bbox 1656 1932 1741 1960; x_wconf 92' lang='lat' dir='ltr'>non</span> <span class='ocrx_word' id='word_1_306' title='bbox 1750 1931 1836 1959; x_wconf 90' lang='lat' dir='ltr'>ero.</span> 
     </span>
    </p>
   </div>
   <div class='ocr_carea' id='block_1_10' title="bbox 1284 1998 1573 2038">
    <p class='ocr_par' dir='ltr' id='par_1_29' title="bbox 1284 1998 1573 2038">
     <span class='ocr_line' id='line_1_74' title="bbox 1284 1998 1573 2038; baseline -0.003 0"><span class='ocrx_word' id='word_1_307' title='bbox 1284 1998 1480 2038; x_wconf 86' lang='lat' dir='ltr'>Psalmus</span> <span class='ocrx_word' id='word_1_308' title='bbox 1508 1998 1573 2038; x_wconf 88' lang='grc'>39.</span> 
     </span>
    </p>
   </div>
   <div class='ocr_carea' id='block_1_11' title="bbox 1016 2057 1837 2760">
    <p class='ocr_par' dir='ltr' id='par_1_30' title="bbox 1019 2057 1837 2165">
     <span class='ocr_line' id='line_1_75' title="bbox 1019 2057 1837 2164; baseline -0.006 -55"><span class='ocrx_word' id='word_1_309' title='bbox 1019 2057 1837 2164; x_wconf 85' lang='lat' dir='ltr'>ExspectansexspectaviDominum,</span> 
     </span>
     <span class='ocr_line' id='line_1_76' title="bbox 1119 2121 1562 2165; baseline -0.014 1"><span class='ocrx_word' id='word_1_310' title='bbox 1119 2125 1142 2150; x_wconf 90' lang='lat'>*</span> <span class='ocrx_word' id='word_1_311' title='bbox 1171 2128 1214 2165; x_wconf 91' lang='lat' dir='ltr'>et</span> <span class='ocrx_word' id='word_1_312' title='bbox 1240 2122 1423 2165; x_wconf 91' lang='lat' dir='ltr'>intendit</span> <span class='ocrx_word' id='word_1_313' title='bbox 1449 2121 1562 2162; x_wconf 93' lang='lat' dir='ltr'>mihi.</span> 
     </span>
    </p>

    <p class='ocr_par' dir='ltr' id='par_1_31' title="bbox 1016 2181 1835 2344">
     <span class='ocr_line' id='line_1_77' title="bbox 1067 2181 1835 2235; baseline -0.005 -9"><span class='ocrx_word' id='word_1_314' title='bbox 1067 2186 1123 2227; x_wconf 89' lang='lat' dir='ltr'>Et</span> <span class='ocrx_word' id='word_1_315' title='bbox 1151 2183 1371 2226; x_wconf 83' lang='lat' dir='ltr'>exaudivit</span> <span class='ocrx_word' id='word_1_316' title='bbox 1398 2194 1552 2235; x_wconf 91' lang='lat' dir='ltr'>preces</span> <span class='ocrx_word' id='word_1_317' title='bbox 1580 2193 1713 2222; x_wconf 92' lang='lat' dir='ltr'>meas:</span> <span class='ocrx_word' id='word_1_318' title='bbox 1740 2181 1763 2206; x_wconf 88' lang='lat'>*</span> <span class='ocrx_word' id='word_1_319' title='bbox 1792 2186 1835 2222; x_wconf 91' lang='lat' dir='ltr'>et</span> 
     </span>
     <span class='ocr_line' id='line_1_78' title="bbox 1017 2236 1834 2286; baseline -0.007 -2"><span class='ocrx_word' id='word_1_320' title='bbox 1017 2241 1166 2284; x_wconf 86' lang='lat' dir='ltr'>eduxit</span> <span class='ocrx_word' id='word_1_321' title='bbox 1192 2253 1262 2282; x_wconf 93' lang='lat' dir='ltr'>me</span> <span class='ocrx_word' id='word_1_322' title='bbox 1291 2239 1345 2281; x_wconf 94' lang='lat' dir='ltr'>de</span> <span class='ocrx_word' id='word_1_323' title='bbox 1371 2239 1468 2280; x_wconf 90' lang='lat' dir='ltr'>lacu</span> <span class='ocrx_word' id='word_1_324' title='bbox 1490 2236 1685 2286; x_wconf 62' lang='lat' dir='ltr'>miseriae,</span> <span class='ocrx_word' id='word_1_325' title='bbox 1714 2242 1756 2279; x_wconf 91' lang='lat' dir='ltr'>et</span> <span class='ocrx_word' id='word_1_326' title='bbox 1780 2237 1834 2278; x_wconf 93' lang='lat' dir='ltr'>de</span> 
     </span>
     <span class='ocr_line' id='line_1_79' title="bbox 1016 2301 1265 2344; baseline -0.012 0"><span class='ocrx_word' id='word_1_327' title='bbox 1016 2303 1107 2344; x_wconf 93' lang='lat' dir='ltr'>luto</span> <span class='ocrx_word' id='word_1_328' title='bbox 1135 2301 1265 2342; x_wconf 83' lang='lat' dir='ltr'>faecis.</span> 
     </span>
    </p>

    <p class='ocr_par' dir='ltr' id='par_1_32' title="bbox 1016 2352 1835 2466">
     <span class='ocr_line' id='line_1_80' title="bbox 1067 2352 1835 2407; baseline -0.008 -8"><span class='ocrx_word' id='word_1_329' title='bbox 1067 2359 1124 2400; x_wconf 92' lang='lat' dir='ltr'>Et</span> <span class='ocrx_word' id='word_1_330' title='bbox 1157 2356 1307 2398; x_wconf 87' lang='lat' dir='ltr'>statuit</span> <span class='ocrx_word' id='word_1_331' title='bbox 1341 2367 1471 2407; x_wconf 90' lang='lat' dir='ltr'>super</span> <span class='ocrx_word' id='word_1_332' title='bbox 1503 2358 1673 2406; x_wconf 91' lang='lat' dir='ltr'>petram</span> <span class='ocrx_word' id='word_1_333' title='bbox 1699 2352 1835 2406; x_wconf 93' lang='lat' dir='ltr'>pedes</span> 
     </span>
     <span class='ocr_line' id='line_1_81' title="bbox 1016 2415 1816 2466; baseline -0.009 -6"><span class='ocrx_word' id='word_1_334' title='bbox 1016 2431 1154 2460; x_wconf 91' lang='lat' dir='ltr'>meos:</span> <span class='ocrx_word' id='word_1_335' title='bbox 1181 2418 1204 2443; x_wconf 89' lang='lat'>*</span> <span class='ocrx_word' id='word_1_336' title='bbox 1233 2422 1276 2458; x_wconf 93' lang='lat' dir='ltr'>et</span> <span class='ocrx_word' id='word_1_337' title='bbox 1303 2415 1460 2457; x_wconf 90' lang='lat' dir='ltr'>direxit</span> <span class='ocrx_word' id='word_1_338' title='bbox 1484 2426 1658 2466; x_wconf 89' lang='lat' dir='ltr'>gressus</span> <span class='ocrx_word' id='word_1_339' title='bbox 1685 2426 1816 2454; x_wconf 90' lang='lat' dir='ltr'>meos.</span> 
     </span>
    </p>

    <p class='ocr_par' dir='ltr' id='par_1_33' title="bbox 1017 2469 1833 2583">
     <span class='ocr_line' id='line_1_82' title="bbox 1068 2469 1833 2516; baseline -0.009 0"><span class='ocrx_word' id='word_1_340' title='bbox 1068 2475 1123 2516; x_wconf 89' lang='lat' dir='ltr'>Et</span> <span class='ocrx_word' id='word_1_341' title='bbox 1156 2472 1332 2514; x_wconf 90' lang='lat' dir='ltr'>immisit</span> <span class='ocrx_word' id='word_1_342' title='bbox 1368 2472 1412 2512; x_wconf 93' lang='lat' dir='ltr'>in</span> <span class='ocrx_word' id='word_1_343' title='bbox 1447 2483 1496 2512; x_wconf 91' lang='lat' dir='ltr'>os</span> <span class='ocrx_word' id='word_1_344' title='bbox 1527 2483 1671 2512; x_wconf 90' lang='lat' dir='ltr'>meum</span> <span class='ocrx_word' id='word_1_345' title='bbox 1705 2469 1833 2511; x_wconf 90' lang='lat' dir='ltr'>canti-</span> 
     </span>
     <span class='ocr_line' id='line_1_83' title="bbox 1017 2530 1832 2583; baseline -0.01 -6"><span class='ocrx_word' id='word_1_346' title='bbox 1017 2549 1115 2577; x_wconf 91' lang='lat' dir='ltr'>cum</span> <span class='ocrx_word' id='word_1_347' title='bbox 1135 2546 1305 2583; x_wconf 89' lang='lat' dir='ltr'>novum,</span> <span class='ocrx_word' id='word_1_348' title='bbox 1319 2533 1342 2558; x_wconf 92' lang='lat'>*</span> <span class='ocrx_word' id='word_1_349' title='bbox 1362 2544 1536 2573; x_wconf 89' lang='lat' dir='ltr'>carmen</span> <span class='ocrx_word' id='word_1_350' title='bbox 1554 2530 1651 2572; x_wconf 94' lang='lat' dir='ltr'>Deo</span> <span class='ocrx_word' id='word_1_351' title='bbox 1672 2534 1832 2571; x_wconf 89' lang='lat' dir='ltr'>nostro.</span> 
     </span>
    </p>

    <p class='ocr_par' dir='ltr' id='par_1_34' title="bbox 1018 2584 1832 2703">
     <span class='ocr_line' id='line_1_84' title="bbox 1068 2584 1832 2637; baseline -0.01 -5"><span class='ocrx_word' id='word_1_352' title='bbox 1068 2589 1289 2633; x_wconf 91' lang='lat' dir='ltr'>Videbunt</span> <span class='ocrx_word' id='word_1_353' title='bbox 1316 2587 1455 2637; x_wconf 90' lang='lat' dir='ltr'>multi,</span> <span class='ocrx_word' id='word_1_354' title='bbox 1489 2592 1532 2628; x_wconf 93' lang='lat' dir='ltr'>et</span> <span class='ocrx_word' id='word_1_355' title='bbox 1558 2586 1782 2628; x_wconf 88' lang='lat' dir='ltr'>timebunt:</span> <span class='ocrx_word' id='word_1_356' title='bbox 1810 2584 1832 2609; x_wconf 83' lang='grc'>*</span> 
     </span>
     <span class='ocr_line' id='line_1_85' title="bbox 1018 2647 1621 2703; baseline -0.012 -10"><span class='ocrx_word' id='word_1_357' title='bbox 1018 2657 1061 2693; x_wconf 91' lang='lat' dir='ltr'>et</span> <span class='ocrx_word' id='word_1_358' title='bbox 1089 2649 1326 2703; x_wconf 92' lang='lat' dir='ltr'>sperabunt</span> <span class='ocrx_word' id='word_1_359' title='bbox 1352 2648 1395 2689; x_wconf 95' lang='lat' dir='ltr'>in</span> <span class='ocrx_word' id='word_1_360' title='bbox 1422 2647 1621 2688; x_wconf 85' lang='lat' dir='ltr'>Domino.</span> 
     </span>
    </p>

    <p class='ocr_par' dir='ltr' id='par_1_35' title="bbox 1067 2703 1828 2760">
     <span class='ocr_line' id='line_1_86' title="bbox 1067 2703 1828 2760; baseline -0.013 -7"><span class='ocrx_word' id='word_1_361' title='bbox 1067 2712 1228 2753; x_wconf 91' lang='lat' dir='ltr'>Beatus</span> <span class='ocrx_word' id='word_1_362' title='bbox 1248 2709 1322 2759; x_wconf 91' lang='lat' dir='ltr'>vir,</span> <span class='ocrx_word' id='word_1_363' title='bbox 1349 2709 1466 2760; x_wconf 92' lang='lat' dir='ltr'>cujus</span> <span class='ocrx_word' id='word_1_364' title='bbox 1486 2712 1551 2749; x_wconf 90' lang='lat' dir='ltr'>est</span> <span class='ocrx_word' id='word_1_365' title='bbox 1569 2717 1725 2747; x_wconf 91' lang='lat' dir='ltr'>nomen</span> <span class='ocrx_word' id='word_1_366' title='bbox 1743 2703 1828 2744; x_wconf 86' lang='lat' dir='ltr'>Do-</span> 
     </span>
    </p>
   </div>
   <div class='ocr_carea' id='block_1_12' title="bbox 86 140 1893 2820">
    <p class='ocr_par' dir='ltr' id='par_1_36' title="bbox 86 140 1893 2820">
     <span class='ocr_line' id='line_1_87' title="bbox 86 140 1893 2820; baseline 0 0"><span class='ocrx_word' id='word_1_367' title='bbox 86 140 1893 2820; x_wconf 95' lang='lat' dir='ltr'> </span> 
     </span>
    </p>
   </div>
  </div>
 </body>
</html>
