2040 2944
732 207 931 240 Dominica
961 207 983 240 1.
1010 208 1254 249 Septembris.

1784 213 1843 249 131

142 308 324 350 ederent
342 313 386 350 et
402 307 606 350 biberent
624 321 723 349 cum
740 308 814 349 eis.
844 308 968 349 Cum-

143 377 227 417 que
246 365 290 405 in
309 364 462 406 orbem
481 366 739 406 transissent
758 364 852 406 dies
869 377 968 405 con-

140 421 260 471 vivii,
286 420 490 463 mittebat
509 420 566 462 ad
585 433 662 462 eos
682 421 706 461 J
710 420 782 470 ob,
812 425 855 462 et
875 434 968 461 san-

141 477 361 519 ctificabat
384 477 499 527 illos,
527 478 883 529 consurgensque
909 476 968 518 di-

140 533 286 575 luculo
332 533 546 575 offerebat
588 532 847 574 holocai'ista
886 546 968 586 pro

140 590 332 642 singulis.
375 589 564 632 Dicebat
593 590 720 631 enim:
760 590 828 631 Ne
856 589 969 631 forte

139 646 420 699 peccaverint
443 646 520 687 filii
537 646 641 695 mei,
669 651 714 687 et
736 645 969 687 benedixe-

139 703 225 745 rint
243 703 342 744 Deo
370 702 414 743 in
442 701 651 744 cordibus
678 702 778 743 suis.
814 702 885 743 Sic
910 702 968 742 fa-

141 758 284 801 ciebat
302 759 326 800 J
330 758 387 800 ob
408 758 575 800 cunctis
595 757 761 800 diebus.

195 819 244 871 R.
261 816 514 868 Antequam
528 814 769 864 comedam,
785 817 969 867 suspiro,

141 876 185 914 et
202 877 427 924 tamquam
450 870 710 912 inundantes
736 884 878 923 aquae,
907 872 969 912 sic

139 929 308 979 rugitus
326 941 465 969 meus:
493 928 594 980 quia
616 927 747 969 timor
772 940 901 979 quem
919 928 968 968 ti-

140 984 324 1035 mebam,
345 984 491 1026 evenit
508 983 628 1033 mihi;
650 989 693 1025 et
714 983 833 1036 quod
851 986 968 1025 vere-

140 1041 236 1094 bar,
274 1040 452 1082 accidit:
498 1053 642 1081 nonne
676 1039 968 1082 dissimulavi?

139 1110 283 1139 nonne
311 1096 432 1139 silui?
478 1109 623 1138 nonne
658 1095 823 1149 quievi?
858 1103 879 1126 *
913 1097 969 1138 Et

140 1154 259 1196 venit
275 1166 407 1207 super
421 1166 491 1195 me
505 1152 759 1205 indignatio.
786 1149 834 1200 Y.
854 1154 969 1195 Ecce

140 1222 228 1252 non
249 1214 316 1252 est
336 1209 542 1251 auxilium
561 1209 666 1250 mihi
682 1209 725 1250 in
740 1222 821 1259 me,
841 1214 885 1251 et
898 1222 968 1251 ne-

141 1266 320 1308 cessarii
346 1279 522 1319 quoque
545 1266 631 1307 mei
650 1267 925 1307 recesserunt
944 1279 970 1307 a

140 1335 222 1365 me.
249 1323 306 1364 Et
325 1323 454 1364 venit.

446 1377 596 1418 Lectio
617 1378 670 1417 iii.

146 1420 386 1544 Quadam
419 1440 564 1477 autem
597 1434 667 1477 die
701 1448 799 1477 cum
830 1438 968 1477 venis-

246 1496 342 1534 sent
361 1491 440 1532 filii
458 1492 542 1532 Dei
560 1496 609 1533 ut
627 1494 880 1533 assisterent
900 1504 969 1533 co-

140 1561 235 1590 ram
246 1548 448 1598 Domino‚
469 1547 591 1589 affuit
609 1548 723 1589 inter
743 1561 819 1590 eos
840 1548 970 1590 etiam

142 1605 285 1646 Satan.
328 1605 407 1646 Cui
435 1603 546 1645 dixit
572 1604 802 1646 Dominus:
842 1604 970 1646 Unde

141 1659 287 1703 venis?
330 1661 414 1711 Qui
446 1660 738 1714 respondens,
767 1662 841 1702 ait:
883 1661 969 1702 Cir-

143 1717 257 1759 cuivi
275 1722 453 1767 terram,
482 1721 525 1758 et
543 1717 844 1769 perambulavi
863 1730 970 1759 eam.

142 1774 352 1825 Dixitque
374 1773 589 1814 Dominus
614 1773 670 1814 ad
695 1786 810 1815 eum:
838 1774 969 1815 Num-

145 1829 249 1882 quid
286 1828 575 1871 considerasti
617 1842 791 1871 servum
826 1843 970 1871 meum

142 1886 167 1927 J
169 1885 243 1936 ob,
270 1884 390 1938 quod
413 1898 502 1927 non
522 1886 578 1926 sit
597 1886 636 1927 ei
655 1886 806 1927 similis
825 1886 868 1927 in
887 1891 970 1928 ter-

142 1955 206 1992 ra,
224 1942 358 1983 homo
380 1941 580 1994 simpleX,
606 1947 649 1983 et
667 1948 831 1993 rectus,
851 1956 902 1984 ac
921 1944 969 1984 ti-

141 2011 265 2040 mens
283 1999 443 2048 Deum,
472 2003 516 2040 et
543 1998 754 2040 recedens
778 2012 803 2040 a
830 1998 969 2041 malo?

144 2055 224 2096 Cui
249 2054 523 2107 respondens
550 2056 699 2106 Satan,
732 2056 806 2097 ait:
837 2056 970 2097 Num-

145 2111 250 2164 quid
263 2112 287 2152 J
291 2111 348 2153 ob
369 2111 528 2152 frustra
542 2112 666 2153 timet
681 2110 846 2153 Deum?
867 2126 970 2154 non-

143 2180 198 2209 ne
217 2172 266 2209 tu
280 2167 453 2209 vallasti
472 2180 581 2217 eum,
601 2181 653 2209 ac
672 2167 851 2210 domum
871 2170 971 2221 ejus,

143 2224 480 2275 universamque
496 2223 784 2265 substantiam
800 2238 880 2277 per
894 2226 970 2266 cir-

144 2280 320 2329 ciiitum,
340 2279 546 2332 operibus
564 2282 771 2321 manuum
791 2281 880 2332 ejus
899 2281 971 2322 be-

144 2335 369 2385 nedixisti,
398 2340 443 2376 et
470 2336 694 2388 possessio
719 2338 810 2388 ejus
835 2338 972 2378 crevit

145 2392 190 2432 in
220 2390 360 2434 terra?
405 2391 493 2433 Sed
526 2391 713 2433 extende
747 2393 971 2444 palilulum

145 2461 321 2490 manum
339 2453 469 2498 tuam,
489 2453 532 2489 et
550 2455 680 2499 tange
698 2454 854 2490 cuncta
873 2463 971 2502 quae

146 2504 344 2558 possidet
363 2505 446 2545 nisi
465 2505 508 2545 in
528 2504 682 2545 faciem
700 2504 972 2547 benedixerit

146 2559 236 2601 tibi.

201 2620 251 2680 151.
267 2617 410 2667 Quare
432 2617 682 2659 detraxistis
699 2617 971 2658 sermonibus

147 2673 360 2714 veritatis:
396 2673 453 2714 ad
489 2673 803 2726 increpandum
839 2673 972 2715 verba

149 2729 427 2781 componitis,
453 2735 496 2771 et
520 2729 772 2771 subvertere
790 2730 973 2771 nitimini

1022 311 1207 349 amicum
1235 309 1455 351 vestrum?
1485 316 1506 338 *
1531 311 1845 351 Veramtamen

1024 377 1121 416 quae
1141 366 1380 416 cogitastis,
1408 367 1591 419 explete.
1641 364 1685 414 δ”.
1716 366 1845 416 Quod

1021 422 1181 473 justum
1205 427 1280 471 est,
1309 423 1511 473 judicate;
1545 428 1588 464 et
1615 435 1702 463 non
1730 423 1844 464 inve-

1021 477 1148 518 nietis
1179 478 1222 518 in
1254 478 1400 530 lingua
1434 492 1531 520 mea
1562 479 1845 531 iniquitatem.

1021 534 1346 575 Verl'imtamen.
1398 535 1546 576 Gloria
1581 535 1710 576 Patri.
1759 535 1844 576 Ve-

1021 593 1275 631 ramtamen.

1256 674 1303 712 In
1324 674 1373 712 ΙΙ.
1394 674 1613 713 Nocturno.

1024 742 1089 783 Ex
1108 742 1219 784 libro
1239 744 1469 785 Moralium
1488 743 1625 784 sancti
1645 744 1844 794 Gregorii

1362 801 1506 853 Papae.

1076 866 1226 905 Lectio
1249 866 1299 904 iv.
1478 864 1565 904 Lib.
1588 866 1622 903 2.
1644 866 1745 914 (lap.
1770 864 1794 901 1.

1126 930 1318 982 criptura
1354 943 1478 971 sacra
1514 931 1670 972 mentis
1708 931 1844 972 oculis

1025 933 1122 1073 Ξ
1144 987 1267 1039 quasi
1288 986 1510 1039 quoddam
1530 987 1755 1039 speculum
1770 1000 1844 1040 op-

1142 1043 1333 1095 ponitur,
1357 1049 1404 1084 ut
1426 1043 1594 1084 interna
1618 1049 1768 1085 nostra
1786 1044 1843 1085 fa-

1022 1100 1110 1141 cies
1142 1100 1186 1140 in
1218 1100 1313 1152 ipsa
1345 1099 1553 1141 videatur.
1594 1099 1660 1141 Ibi
1687 1100 1845 1141 etenim

1021 1155 1155 1206 foeda,
1197 1155 1258 1197 ibi
1294 1155 1475 1208 pulchra
1505 1161 1654 1197 nostra
1687 1159 1845 1207 cogno-

1022 1212 1199 1253 scimus:
1250 1212 1310 1253 ibi
1371 1214 1579 1253 sentimus
1638 1218 1845 1264 quantum

1021 1269 1291 1321 proficimus,
1337 1268 1397 1310 ibi
1433 1281 1458 1309 a
1486 1269 1687 1321 profectu
1717 1282 1846 1321 quam

1021 1325 1150 1376 longe
1170 1325 1394 1366 distamus.
1427 1325 1588 1366 Narrat
1612 1330 1757 1366 autem
1775 1338 1845 1376 ge-

1023 1386 1090 1423 sta
1110 1383 1379 1431 sanctorum,
1409 1386 1452 1422 et
1479 1381 1536 1422 ad
1562 1381 1846 1422 imitationem

1023 1437 1158 1479 corda
1177 1440 1391 1490 provocat
1413 1437 1696 1478 infirmorum:
1725 1437 1844 1478 dum-

1024 1507 1107 1546 que
1127 1494 1300 1535 illorum
1315 1494 1509 1536 victricia
1528 1494 1642 1535 facta
1662 1496 1846 1535 comme-

1022 1556 1181 1600 morat,
1210 1556 1362 1592 contra
1381 1551 1584 1592 vitiorum
1603 1550 1754 1603 praelia
1776 1550 1846 1591 de—

1022 1607 1125 1648 bilia
1152 1612 1303 1649 nostra
1330 1607 1572 1648 confirmat:
1600 1607 1735 1658 fitque
1755 1620 1846 1647 ver-

1022 1663 1089 1705 bis
1108 1663 1237 1713 illius,
1265 1668 1313 1704 ut
1342 1676 1394 1705 eo
1422 1676 1545 1704 mens
1572 1663 1714 1703 minus
1736 1663 1847 1704 inter

1023 1720 1259 1761 certamina
1290 1719 1500 1772 trepidet,
1539 1732 1625 1771 quo
1663 1724 1762 1760 ante
1799 1731 1845 1759 se

1022 1776 1192 1828 positos
1208 1781 1274 1817 tot
1294 1776 1486 1817 virorum
1505 1775 1680 1816 fortium
1699 1775 1846 1816 triam-

1022 1832 1136 1885 phos
1155 1832 1286 1874 videt.

1082 1894 1128 1944 Rs.
1155 1889 1314 1930 Induta
1347 1894 1414 1930 est
1447 1901 1549 1929 caro
1577 1901 1675 1929 mea
1703 1889 1846 1940 putre-

1023 1945 1140 1995 dine,
1182 1950 1225 1986 et
1262 1945 1466 1986 sordibus
1502 1944 1695 1996 palveris
1735 1944 1846 1984 cutis

1022 2015 1119 2043 mea
1140 2002 1266 2052 aruit,
1296 2007 1339 2043 et
1367 2003 1593 2042 contracta
1619 2006 1699 2041 est:
1719 2003 1739 2022 *
1760 2000 1846 2040 Me-

1022 2060 1168 2100 mento
1193 2059 1278 2099 mei
1296 2058 1499 2107 Domine,
1525 2057 1728 2109 quoniam
1747 2069 1845 2097 ven-

1021 2119 1093 2156 tus
1124 2120 1190 2156 est
1218 2115 1306 2155 vita
1333 2126 1441 2155 mea.
1479 2109 1527 2160 «Ψ.
1548 2113 1654 2153 Dies
1674 2112 1759 2152 mei
1777 2124 1846 2152 ve-

1022 2170 1161 2212 locius
1177 2171 1454 2219 transierunt,
1481 2182 1609 2221 quam
1629 2181 1653 2208 a
1671 2170 1846 2209 texente

1023 2227 1110 2268 tela
1130 2226 1380 2275 succiditur,
1410 2231 1453 2266 et
1479 2224 1726 2276 consumpti
1747 2229 1846 2264 sunt

1023 2283 1188 2335 absque
1209 2283 1296 2324 ulla
1316 2295 1405 2335 spe.
1436 2282 1667 2322 Memento.

1334 2342 1487 2383 Lectio
1507 2356 1543 2381 v.

1026 2395 1415 2501 Nonnomquam
1448 2406 1553 2434 vero
1586 2405 1673 2434 non
1706 2393 1846 2433 solum

1135 2450 1261 2491 nobis
1290 2452 1442 2491 eorum
1469 2450 1652 2491 virtates
1682 2449 1845 2498 asserit,

1024 2506 1103 2548 sed
1132 2507 1261 2548 etiam
1293 2519 1420 2547 casus
1448 2506 1693 2547 innotescit:
1730 2510 1776 2546 ut
1803 2509 1846 2545 et

1022 2563 1066 2603 in
1084 2563 1265 2604 victoria
1284 2562 1475 2611 fortium,
1498 2561 1616 2614 quod
1635 2559 1844 2602 imitando

1024 2621 1232 2672 arripere,
1270 2623 1313 2660 et
1346 2631 1517 2659 rursum
1544 2617 1767 2658 videamus
1802 2616 1844 2655 in

1023 2675 1218 2728 lapsibus
1261 2675 1365 2726 quid
1409 2674 1646 2715 debeamus
1683 2672 1844 2713 timere.

1024 2732 1140 2773 Ecce
1168 2731 1281 2772 enim
1307 2731 1331 2771 J
1335 2730 1391 2772 ob
1423 2729 1681 2771 describitur
1708 2732 1843 2768 tenta-
