2040 2944
546 206 724 240 Officium
747 205 923 240 votivum
949 205 995 238 de
1021 205 1209 239 Passione
1234 206 1277 239 D.
1298 206 1343 240 N,
1364 207 1397 240 J.
1419 207 1457 240 C.

183 301 443 342 ,Posuerunt
459 314 531 342 me
549 301 593 341 in
608 300 708 342 lacu
726 301 933 342 inferiori:
951 301 975 326 *

143 356 188 396 in
206 356 464 407 tenebrosis,
487 361 530 398 et
547 357 591 397 in
610 357 765 398 umbra
782 357 949 398 mortis.

196 417 338 469 Super
359 429 430 458 me
454 417 740 459 confirmatus
765 423 832 460 est
854 417 976 458 furor

143 478 261 515 tuus:
278 473 303 499 *
323 477 367 514 et
388 486 539 515 omnes
555 474 715 515 fluctus
734 478 835 515 tuos
854 473 976 514 indu-

146 530 250 571 xisti
269 542 401 582 super
418 542 500 571 me.

197 585 351 637 Longe
374 585 517 627 fecisti
539 590 670 627 notos
694 599 818 627 meos
842 599 868 627 a
890 599 977 627 me:

145 643 169 668 *
209 643 452 694 posuerunt
490 655 562 684 me
606 641 978 684 abominatiOnem

146 697 240 739 sibi.

197 754 406 796 Traditus
439 767 556 804 sum,
589 760 632 796 et
663 768 752 797 non
786 755 977 806 egredie-

145 810 244 874 har:
275 811 299 836 *
331 810 448 852 oculi
477 811 564 852 mei
595 811 857 862 languerunt
884 825 978 864 prae

146 866 306 919 mopia.

200 922 396 964 Clamavi
419 922 477 964 ad
499 927 543 965 te
562 924 752 966 Domine
776 929 871 966 tota
892 924 978 966 die:

147 980 171 1006 *
191 978 381 1031 expandi
399 978 457 1021 ad
475 984 520 1021 te
538 993 692 1021 manus
711 993 844 1022 meas.

198 1038 427 1092 Numquid
444 1041 630 1082 mortuis
651 1041 785 1082 facies
806 1041 978 1083 mirabi-

147 1096 224 1137 lia:
254 1096 279 1122 *
312 1101 387 1138 aut
413 1096 575 1138 medici
607 1097 902 1148 suscitabunt,
936 1102 980 1139 et
1039 1087 1086 1113 ἓ*

148 1152 475 1195 confitebuntur
494 1153 596 1195 tibi?

199 1213 428 1266 Numquid
450 1215 647 1257 narrabit
671 1215 828 1268 aliquis
850 1215 896 1256 in
916 1228 979 1256 se-

147 1269 334 1323 pulchro
358 1271 706 1313 misericordiam
728 1276 865 1320 tuam,
888 1271 912 1297 *
937 1276 980 1312 et

147 1326 380 1378 veritatem
397 1331 519 1368 tuam
537 1328 582 1368 in
599 1326 871 1380 perditi6ne?

197 1386 426 1439 Numquid
451 1389 774 1438 cognoscentur
796 1388 841 1429 in
862 1389 978 1429 tene-

147 1441 239 1483 bris
257 1442 476 1484 mirabilia
494 1448 585 1485 tua:
609 1444 632 1470 *
654 1449 702 1485 et
720 1444 887 1496 justitia
904 1449 979 1485 tua

147 1499 192 1540 in
210 1503 327 1540 terra
346 1498 604 1541 oblivi6nis?

198 1559 257 1601 Et
278 1572 361 1612 ego
382 1559 438 1601 ad
456 1564 501 1602 te
519 1560 709 1603 Demine
733 1561 933 1603 clamavi:
956 1562 979 1587 *

149 1620 193 1657 et
210 1628 339 1657 mane
360 1617 500 1658 oratio
519 1630 618 1658 mea
636 1618 879 1670 praeveniet
898 1622 953 1659 te.

199 1676 260 1718 Ut
284 1676 391 1728 quid
408 1676 598 1720 Domine
620 1678 796 1731 repellis
821 1679 979 1720 oratio-

147 1745 249 1774 nem
270 1745 428 1819 {neamz
450 1734 475 1760 *
499 1735 660 1776 avertis
682 1735 839 1776 faciem
858 1740 980 1776 tuam

148 1801 174 1830 a
191 1801 279 1830 me.

199 1845 372 1898 Pauper
394 1858 491 1887 sum
510 1859 605 1897 ego,
628 1851 672 1888 et
689 1847 734 1888 in
753 1847 979 1889 laboribus

148 1913 173 1941 a
205 1901 430 1952 juventute
459 1915 576 1944 mea:
608 1904 632 1930 *
660 1903 879 1945 exaltatus
907 1916 979 1944 au-

147 1961 257 2053 ἱθῐῑι,
297 1957 550 2000 humiliatus
592 1972 690 2000 sum
726 1965 770 2001 et
806 1965 979 2001 contur-

180 2015 288 2055 atus.

201 2070 253 2110 In
275 2083 346 2111 me
368 2071 635 2113 transierunt
657 2072 735 2112 irae
759 2076 865 2113 tuae:
888 2072 912 2098 *
937 2076 981 2113 et

147 2128 341 2168 terreres
359 2127 424 2168 tui
442 2128 817 2169 conturbaverunt
835 2141 917 2169 me.

201 2185 596 2229 Circumdederunt
623 2200 694 2229 me
727 2188 839 2229 sicut
866 2201 980 2240 aqua

150 2245 245 2306 tota
263 2242 375 2338 ldie:
421 2242 445 2268 *
486 2243 870 2286 circumdederunt
910 2257 980 2284 me

150 2310 262 2339 Slmu
280 2330 288 2338 .

202 2354 430 2406 Elongasti
455 2367 480 2395 a
504 2367 575 2396 me
601 2358 789 2397 amicum
816 2361 859 2397 et
881 2358 980 2408 pro-

150 2410 332 2452 ximum:
351 2412 375 2436 *
397 2416 441 2452 et
458 2418 588 2453 notos
607 2424 731 2454 meos
751 2425 777 2453 a
794 2413 980 2453 miseria.

199 2479 298 2519 Ant.
321 2479 481 2522 Factus
500 2494 597 2521 sum
612 2481 725 2522 sicut
739 2482 872 2523 homo
889 2481 980 2522 sine

152 2535 379 2588 adjutorio,
398 2537 510 2578 inter
529 2539 729 2579 mortuos
748 2538 868 2579 liber.

197 2598 248 2650 Ys-
291 2606 451 2647 Factus
489 2611 557 2647 est
594 2606 805 2648 obediens
841 2619 982 2657 usque

151 2659 207 2702 ad
253 2667 451 2725 mortem.
499 2660 549 2710 Rz.
600 2663 789 2704 Mortem
836 2667 981 2703 autem

151 2729 305 2758 crucis.-

1034 301 1187 343 Lectio
1213 303 1352 344 sancti
1371 302 1598 353 Evangelii
1622 302 1863 343 secundum

1333 359 1357 399 J
1360 361 1559 402 oannem.

1133 428 1285 469 Lectio
1310 428 1379 468 vii.
1531 431 1633 482 Cap.
1654 431 1711 470 19.
1732 431 1755 470 f.

1028 488 1105 595 In
1120 494 1194 535 illo
1210 496 1424 547 tempore:
1443 494 1593 535 Sciens
1606 494 1630 534 J
1633 507 1744 541 esus,
1761 494 1862 546 quia

1096 551 1240 591 omnia
1256 553 1555 592 consummata
1572 555 1682 600 sunt,
1698 556 1745 592 ut
1761 563 1860 591 con-

1031 608 1322 647 summaretur
1341 607 1575 659 Scriptura,
1596 605 1719 648 dixit:
1742 607 1862 648 Sitio.

1030 662 1087 703 Et
1107 662 1285 714 reliqua.

1071 743 1264 785 Homilia
1286 744 1425 785 sancti
1446 743 1593 795 Cyrilli
1612 744 1825 796 Episcopi

1298 799 1595 842 Alexandrini.

1096 861 1307 897 Comment.
1333 863 1371 896 in
1395 863 1419 897 J
1423 873 1595 897 oannem.
1636 863 1717 898 Lib.
1746 864 1793 897 12.

1369 921 1450 954 cap.
1474 911 1525 945 35.

1250 976 1517 1017 truculenter
1545 975 1690 1016 omnia
1715 975 1863 1027 impie-

1074 1049 1143 1070 ·
1166 1035 1257 1074 tate
1293 1032 1548 1073 Judaeorum
1585 1036 1731 1072 essent
1768 1044 1863 1083 per-

1167 1091 1276 1138 acta,
1302 1102 1383 1130 nec
1408 1087 1646 1140 quidquam
1670 1086 1727 1128 ad
1752 1100 1863 1127 sum-

1031 1157 1147 1185 mam
1164 1143 1467 1186 crudelitatem
1484 1143 1669 1193 deesset,
1686 1142 1865 1184 tandem

1033 1201 1308 1242 sanctissima
1340 1213 1443 1242 caro
1475 1199 1636 1241 Christi
1667 1198 1864 1240 naturale

1034 1256 1140 1308 quid
1154 1257 1330 1310 patitur.
1358 1256 1507 1297 Multis
1523 1255 1647 1304 enim,
1667 1268 1719 1296 ac
1733 1254 1865 1295 variis

1033 1311 1261 1354 doloribus
1281 1312 1510 1362 exsiccata,
1535 1311 1606 1352 siti
1624 1312 1865 1362 torquetur.

1032 1368 1219 1410 Multum
1248 1370 1361 1410 enim
1388 1373 1575 1421 possunt
1603 1366 1781 1408 doleres
1809 1366 1866 1407 ad

1033 1424 1353 1467 comovendam
1377 1426 1508 1475 sitim3
1532 1425 1728 1465 innatum
1752 1423 1866 1464 enim

1034 1481 1226 1522 calorem
1251 1481 1538 1532 exagitantes,
1567 1479 1653 1530 vel,
1680 1478 1801 1531 quod
1822 1479 1866 1518 in

1032 1536 1332 1590 profunditate
1355 1536 1583 1578 humidum
1606 1541 1687 1586 est,
1711 1538 1864 1577 consu-

1032 1599 1156 1638 munt
1181 1599 1225 1635 et
1251 1594 1390 1644 igneis
1418 1592 1649 1634 ardoribus
1678 1590 1866 1632 dolentis

1033 1651 1203 1690 viscera
1223 1654 1364 1690 urunt.
1401 1649 1520 1690 Sicut
1542 1648 1673 1697 igitur
1697 1648 1865 1687 ceteras

1032 1704 1281 1757 passiones,
1314 1704 1377 1745 sic
1403 1704 1515 1745 hanc
1548 1703 1678 1744 etiam
1706 1708 1865 1754 sponte

1033 1760 1231 1802 Christus
1250 1762 1489 1813 perpessus
1505 1764 1582 1800 est.
1610 1758 1770 1800 Bibere
1790 1758 1864 1808 igi-

1031 1822 1102 1858 tur
1124 1817 1252 1869 petit:
1279 1816 1341 1857 illi
1360 1822 1506 1858 autem
1525 1814 1637 1856 adeo
1659 1814 1789 1864 longe
1809 1813 1864 1855 ab

1034 1873 1152 1914 omni
1178 1873 1446 1914 humanitate
1476 1871 1675 1920 aberant,
1706 1875 1754 1911 ut
1781 1882 1863 1922 pro

1034 1930 1208 1981 juvante
1226 1934 1335 1981 potu
1355 1933 1486 1980 atque
1501 1925 1691 1980 jucundo
1707 1927 1862 1966 nocen-

1032 1990 1122 2026 tem
1148 1990 1192 2026 et
1219 1984 1426 2026 acerbum
1451 1983 1691 2032 attulerint,
1720 1987 1763 2023 et
1787 1981 1862 2022 hu-

1032 2041 1295 2089 manitatem,
1308 2053 1395 2091 qua
1410 2039 1578 2081 moveri
1591 2037 1863 2086 videbantur,

1033 2097 1076 2136 in
1103 2097 1374 2149 impietatem
1403 2094 1708 2137 converterint.
1750 2093 1864 2133 Nam

1034 2165 1133 2194 cum
1151 2153 1319 2205 petenti
1338 2151 1512 2199 dabant,
1532 2149 1724 2192 caritatis
1743 2149 1863 2190 habi-

1035 2214 1129 2249 tum
1149 2211 1372 2261 suscipere
1386 2207 1662 2255 videbantur;
1682 2204 1762 2246 sed
1777 2218 1865 2246 non

1039 2270 1106 2305 est
1137 2264 1347 2317 possibile
1382 2263 1554 2304 mentiri
1584 2262 1863 2314 Scripturam,

1034 2320 1077 2360 in
1102 2333 1188 2372 qua
1214 2333 1268 2361 ex
1291 2322 1483 2372 persana
1508 2317 1668 2359 Christi
1692 2316 1864 2358 dicitur:

1033 2376 1090 2417 Et
1110 2375 1325 2416 dederunt
1343 2376 1386 2415 in
1406 2387 1551 2416 escam
1569 2386 1712 2414 meam
1731 2373 1799 2423 fel,
1821 2379 1865 2415 et

1034 2432 1078 2472 in
1098 2431 1169 2472 siti
1187 2443 1285 2471 mea
1303 2432 1567 2482 potaverunt
1585 2442 1655 2470 me
1676 2430 1812 2470 aceto.

1081 2494 1132 2544 Κ.
1154 2496 1249 2545 Ego
1269 2500 1312 2536 te
1331 2494 1484 2546 potavi
1504 2507 1618 2546 aqua
1637 2493 1789 2534 salutis
1809 2491 1862 2533 de

1022 2556 1173 2604 petra:
1195 2548 1219 2572 *
1251 2551 1307 2591 Et
1334 2556 1382 2591 tu
1406 2563 1476 2591 me
1504 2549 1670 2603 potasti
1695 2548 1793 2589 felle
1820 2552 1863 2588 et

1034 2609 1171 2648 aceto.
1197 2596 1248 2648 V·
1285 2605 1454 2658 Popule
1479 2618 1620 2654 meus,
1650 2603 1755 2655 quid
1780 2603 1862 2643 feci

1034 2662 1127 2711 tibi,
1153 2667 1226 2702 aut
1248 2662 1292 2701 in
1317 2673 1404 2712 quo
1430 2660 1685 2703 contristavi
1707 2657 1773 2700 te?
1798 2670 1861 2698 re-

1035 2717 1204 2770 sponde
1223 2717 1339 2757 mihi.
1368 2717 1424 2758 Et
1441 2722 1491 2758 tu
1508 2729 1589 2758 me.
