2040 2944
711 207 823 241 Feria
848 211 958 240 sexta
983 207 1032 240 ad
1056 207 1293 242 Matutinum.
1809 204 1856 241 83

242 299 504 351 Capitulum.
613 301 739 341 Rom.
756 301 812 340 13.
827 300 865 341 d.

138 352 293 459 Nox
321 360 569 411 praecessit,
599 358 694 400 dies
723 364 870 400 autem
898 372 971 411 ap-

261 416 587 468 propinquavit.
613 415 884 467 Abjieiamus
909 429 971 457 er-

138 482 195 522 go
211 472 348 523 (Spera
363 472 655 522 tenebrarum,
675 477 719 513 et
738 471 971 513 induamur

139 538 261 568 arma
288 527 408 569 lucis.
467 528 590 570 Sicut
616 529 660 569 in
686 527 758 569 die
786 527 971 569 honeste

138 582 423 626 ambulemus.

446 649 659 700 Hymnus.

267 731 328 759 ux
357 731 460 760 ecce
489 719 629 770 surgit
657 722 801 769 aurea,

294 774 470 816 Pallens
499 775 688 816 facessat
716 776 904 826 caecitas,

242 831 352 880 Quae
381 836 555 873 nosmet
583 832 627 872 in
655 845 857 885 praeceps
887 833 961 874 diu

239 886 404 929 Errore
431 888 567 929 traxit
596 887 737 930 devio.

190 951 301 992 Haec
328 951 405 993 lux
433 954 636 994 serenum
663 953 873 1002 conferat,

241 1007 472 1060 Purosque
500 1021 580 1050 nos
604 1014 788 1061 praestet
819 1009 918 1050 sibi:

240 1063 362 1105 Nihil
389 1064 623 1117 loquamur
652 1065 907 1107 ssibdolum:

240 1119 485 1162 Volv51mus
517 1121 756 1163 obscurum
783 1121 901 1162 nihil.

188 1184 262 1225 Sic
289 1189 384 1226 tota
413 1185 621 1227 decurrat
649 1185 755 1235 dies,

241 1240 310 1282 Ne
334 1240 482 1292 lingua
505 1241 707 1290 mendax,
732 1255 787 1283 ne
815 1254 970 1282 manus

242 1296 428 1339 Oculive
455 1303 643 1350 peccent
670 1298 840 1347 lubrici,

240 1352 310 1394 Ne
337 1366 645 1412 noxa‘corpus
673 1355 883 1406 inquinet.

187 1418 453 1469 Speculator
481 1424 600 1461 astat
624 1419 826 1472 desuper,

242 1474 327 1524 Qui
354 1487 435 1516 nos
464 1475 621 1517 diebus
650 1475 866 1525 omnibus,

240 1529 471 1583 Actusque
499 1537 680 1573 nostros
708 1532 926 1584 prospicit

242 1586 282 1626 A
308 1586 407 1629 luce
431 1588 574 1640 prima
602 1588 647 1629 in
675 1590 921 1640 vesperum.

189 1653 288 1693 Deo
315 1652 439 1693 Patri
467 1653 525 1694 sit
552 1653 704 1704 gloria,

240 1707 435 1760 Ejusque
464 1709 548 1750 soli
575 1709 700 1758 Filio,

242 1763 352 1805 Cum
378 1764 545 1817 Spiritu
572 1765 804 1815 Paraclito,

240 1820 370 1862 Nunc
399 1826 442 1862 et
469 1834 549 1874 per
569 1834 699 1862 omne
727 1821 948 1863 saeculum.

450 1878 604 1919 Amen.

1339 304 1546 354 Hymnus.

1156 372 1184 399 u
1212 360 1442 401 Trinitatis
1470 361 1636 410 Unitas,

1181 415 1346 457 Orbem
1369 419 1575 468 potenter
1601 430 1699 468 quae
1726 418 1853 468 regis,

1127 471 1322 513 Attende
1349 472 1492 514 laudis
1521 474 1752 522 canticum,

1129 527 1260 577 Quod
1289 528 1555 570 excubantes
1583 529 1822 581 psallimus.

1076 593 1189 632 Nam
1217 592 1379 633 lectulo
1409 594 1712 645 consurgimus

1128 648 1284 689 Noctis
1314 649 1463 700 quieto
1492 651 1704 702 tempore,

1128 704 1186 745 Ut
1214 705 1461 755 flagitemus
1491 706 1684 746 omnium

1127 760 1168 800 A
1195 765 1239 801 te
1267 760 1485 802 medelam
1512 761 1751 803 vulnerum.

1078 827 1175 875 Quo
1195 825 1348 867 fraude
1371 825 1586 877 quidquid
1602 826 1851 868 daemonum

1127 881 1179 921 In
1207 881 1413 923 noctibus
1444 881 1717 934 deliquimus,

1127 937 1368 988 Abstergat
1395 938 1505 979 illud
1534 938 1707 979 co'elitus

1128 993 1237 1034 Tuae
1261 995 1461 1046 potestas
1489 994 1654 1044 gloriae.

1078 1059 1143 1099 Ne
1171 1071 1333 1111 corpus
1361 1064 1475 1100 astet
1504 1058 1744 1108 sordidum,

1127 1115 1222 1156 Nec
1250 1120 1405 1167 torpor
1433 1115 1567 1156 instet
1595 1115 1806 1164 cordium,

1126 1171 1195 1212 Ne
1224 1171 1416 1212 criminis
1445 1171 1649 1222 contagio

1128 1227 1349 1279 -Tepescat
1379 1227 1510 1268 ardor
1540 1227 1731 1279 spiritus.

1077 1291 1147 1332 Ob
1172 1291 1257 1332 hoc
1280 1291 1566 1344 Redemptor,
1591 1293 1852 1342 qua'esumUS,

1127 1347 1270 1400 Reple
1298 1352 1375 1388 tuo
1400 1360 1481 1388 nos
1510 1347 1684 1396 lumine,

1127 1404 1212 1444 Per
1242 1403 1363 1455 quod
1393 1403 1563 1444 dierum
1591 1403 1766 1444 circulis

1125 1459 1269 1500 Nullis
1298 1462 1475 1500 ruamus
1503 1459 1685 1500 actibus.

1076 1525 1259 1573 Praesta,
1286 1524 1418 1564 Pater
1445 1524 1651 1576 piissime,

1126 1580 1336 1632 Patrique
1365 1592 1545 1631 compar
1571 1580 1719 1628 Unice,

1128 1636 1238 1676 Cum
1265 1636 1432 1688 Spiritu
1460 1636 1679 1676 Paraclito

1126 1692 1335 1743 Regnans
1363 1704 1443 1744 per
1472 1704 1601 1732 omne
1629 1690 1850 1731 sa'eculum.

1360 1748 1513 1788 Amen.

1075 1811 1176 1851 Ant.
1210 1807 1454 1849 Exsultate.

1288 1868 1487 1909 Psalmus
1516 1869 1586 1907 80.

188 1954 230 2006 V
266 1959 445 2012 Rephffi
474 1973 623 2000 sumus
648 1972 776 2001 mane
802 1960 968 2002 miseri
1058 1925 1331 1993 Γ)“Χει11ῒέιῒε
1350 1925 1447 1965 Deo
1472 1922 1663 1975 adjutori
1683 1926 1850 1962 nostro:

137 1991 291 2056 corciia
324 2021 412 2056 tua.
455 2015 505 2066 R».
542 2016 887 2066 Exsultavimus,
925 2021 969 2057 et
1032 1961 1129 2063 l*
1165 1983 1188 2007 *
1216 1980 1394 2032 inbssate
1423 1980 1519 2020 Deo
1546 1978 1695 2020 JaCOb

138 2070 347 2113 delectati
375 2085 536 2113 sumus.

189 2133 261 2175 Ad
286 2132 448 2174 Bened.
477 2133 577 2173 Ant.
609 2133 661 2172 In
687 2133 921 2174 sanctitate
946 2134 969 2159 *

137 2187 380 2230 serviamus
421 2187 632 2239 Domino,
675 2194 720 2230 et
763 2188 969 2230 liberabit

138 2256 221 2285 nos
249 2244 305 2285 ab
334 2244 522 2285 inimicis
550 2245 727 2286 nostris.

191 2306 331 2340 Preces
359 2306 515 2350 quando
553 2305 747 2347 dicuntur,
779 2305 969 2339 habentur

138 2363 255 2397 Supra
280 2354 318 2387 in
344 2354 456 2387 Fcria
483 2353 527 2387 II.
550 2353 603 2387 51.

347 2446 367 2448 i
498 2434 760 2460 &simin

170 2524 320 2566 Feria
347 2525 494 2566 sexta
521 2523 586 2565 ad
613 2523 934 2564 matutinum.

191 2595 365 2637 Invitat.
394 2594 641 2637 Adoremus
669 2592 919 2642 D6minum‚
945 2599 967 2622 *

140 2651 359 2701 Quomam
386 2650 483 2703 ipse
511 2650 616 2691 fecit
642 2661 735 2690 nos.

192 2710 261 2749 Ps.
300 2711 466 2761 Venite,
495 2710 775 2752 exsultemus.
802 2709 838 2748 2.

1216 2037 1383 2077 Sumite
1411 2035 1642 2088 psalmum,
1677 2038 1720 2075 et
1748 2033 1850 2074 date

1021 2096 1293 2145 tYmpanum:
1304 2093 1327 2118 *
1341 2091 1599 2144 psalterium
1614 2088 1849 2141 jucundum

1022 2162 1121 2190 cum
1150 2148 1329 2190 cithara.

1073 2205 1313 2246 Buccinate
1343 2204 1387 2243 in
1414 2202 1658 2265 Neomenia
1685 2201 1801 2250 tuba,
1826 2202 1848 2227 *

1024 2260 1315 2272 00000

1074 2317 1186 2366 Quia
1204 2316 1478 2368 praeceptum
1501 2314 1545 2354 in
1564 2313 1703 2354 Isra'el
1725 2317 1806 2354 est:
1824 2314 1848 2339 *

1022 2377 1066 2414 et
1094 2372 1301 2423 judicium
1329 2371 1426 2411 Deo
1454 2369 1603 2410 Jacob.

1073 2427 1396 2469 Testimonium
1428 2426 1473 2466 in
1502 2424 1668 2477 Joseph
1700 2423 1847 2476 pOsuit

1021 2483 1140 2533 illud,
1151 2496 1250 2524 cum
1262 2484 1401 2523 exiret
1417 2481 1472 2523 de
1483 2487 1601 2523 terra
1612 2479 1846 2531 AEgyptiffl*

1021 2515 1224 2591 linguam,
1232 2551 1362 2589 quam
1372 2551 1459 2579 non
1467 2539 1662 2585 n6verat,
1670 2534 1846 2576 audivit.

1071 2595 1264 2636 Divertit
1313 2594 1369 2635 ab
1416 2593 1622 2634 oneribus
1667 2590 1846 2632 dorsum

1021 2652 1126 2703 ejus:
1145 2653 1168 2678 *
1186 2663 1339 2691 manus
1366 2651 1456 2701 ejus
1482 2650 1526 2689 in
1550 2647 1739 2700 cophino
1759 2657 1845 2685 ser-

1020 2708 1201 2749 vierunt.
