2040 2944
172 198 272 242 [240]

243 291 394 332 Lectio
418 290 497 327 viii.
609 287 730 328 Idem
749 288 852 336 Cap
868 287 933 324 336.

247 363 319 391 um
349 360 453 398 ergo
483 347 728 398 accepisset
754 343 882 384 Jesus
911 343 1004 383 ace-

273 411 376 453 tum,
397 403 520 445 dixit:
543 401 905 442 Consummatum
924 402 1006 439 est:

174 469 217 504 et
249 461 454 502 inclinato
489 458 633 510 capite
667 454 850 497 tradidit
883 454 1005 507 spiri-

173 524 276 560 tum.
315 516 674 558 Consummatum
696 513 780 564 jam
801 523 899 552 esse
918 509 1007 552 Sal-

174 577 300 616 vator
326 572 445 622 dicit,
474 571 575 623 quia
601 566 811 610 saeviendi
833 566 1006 608 Judaeo-

174 644 270 671 rum
289 631 488 682 potestas
508 627 552 667 in
566 626 711 678 ipsum
726 636 806 676 per
820 628 1009 664 mortem

175 699 298 727 suam
315 685 550 727 terminum
567 681 732 722 habuit.
760 678 875 729 Quid
895 678 1009 720 enim

174 755 262 783 non
286 741 606 791 excogitarunt,
631 743 706 778 aut
731 735 838 789 quid
859 737 1008 788 supre-

174 812 258 839 mae
271 795 598 839 inhumanitatis
611 794 810 835 relictum
824 792 907 833 sibi
921 790 1009 832 est?

177 855 283 904 Quis
308 852 522 901 caedendi,
548 851 645 903 quis
667 847 1010 891 contumeliandi

175 910 335 952 modus
359 923 447 950 non
473 906 715 949 adhibitus?
752 905 910 946 Merito
934 904 1009 954 igi-

177 972 248 1009 tur
269 967 621 1008 consummatum
642 975 751 1012 esse,
776 961 845 1002 ait.
884 961 1009 1001 Cum-

178 1036 263 1075 que
299 1028 474 1074 tempus
507 1021 591 1071 jam
626 1023 762 1067 esset,
799 1022 848 1058 ut
880 1017 1012 1058 etiam

177 1078 402 1132 spiritibus
426 1076 545 1130 apud
564 1075 727 1116 inferos
747 1072 1012 1127 praedicaret

177 1136 311 1186 (venit
332 1135 456 1183 enim,
480 1138 528 1174 ut
549 1138 639 1173 tam
659 1131 860 1172 vivorum
880 1142 1012 1180 quam

176 1194 452 1233 mortuorum
482 1187 796 1237 dominaretur)
823 1190 1012 1226 mortem

176 1261 257 1300 pro
278 1246 404 1288 nobis
425 1244 632 1297 suscepit:
653 1249 696 1284 et
709 1242 823 1283 hanc
841 1244 1011 1283 naturae

176 1310 341 1345 nostrae
352 1302 578 1355 propriam
589 1300 841 1353 passionem
852 1302 1011 1350 sponte

177 1360 312 1401 subiit
332 1357 574 1400 secundum
594 1368 780 1404 carnem,
801 1353 1011 1405 quamvis,

177 1421 224 1457 ut
260 1416 381 1456 Deus
418 1414 507 1455 vita
548 1411 804 1454 naturaliter
845 1410 919 1459 sit,
964 1414 1012 1450 ut

178 1471 378 1523 spoliatis
396 1470 554 1518 inferis,
574 1467 779 1521 primitiae
795 1465 1010 1507 dormien-

178 1528 300 1575 tium,
326 1532 370 1568 et
393 1524 710 1578 primogenitus
734 1524 796 1573 (ut
819 1522 1011 1574 Scriptu-

179 1597 240 1624 rae
269 1583 432 1633 dicunt)
460 1583 734 1622 mortuorum
762 1579 920 1629 factus,
948 1590 1012 1618 re-

179 1643 355 1680 cursum
388 1637 445 1679 ad
476 1638 611 1679 vitam
648 1639 816 1677 naturae
848 1639 1013 1675 nostrae

178 1696 421 1746 largiretur.

235 1759 284 1808 Rg.
316 1757 410 1806 Ego
440 1759 539 1795 ante
567 1759 611 1795 te
641 1752 793 1805 aperui
820 1764 960 1792 mare:
990 1754 1011 1776 *

181 1813 236 1854 Et
258 1817 307 1853 tu
331 1811 542 1864 aperuisti
562 1810 716 1850 lancea
734 1808 850 1849 latus
868 1807 1013 1849 Salva-

179 1868 265 1910 tori
283 1874 372 1918 tuo,
395 1871 417 1894 *
433 1867 518 1916 Qui
536 1864 722 1907 redemit
741 1863 953 1905 mundum
970 1864 1014 1904 in

181 1924 390 1974 sanguine
402 1935 494 1964 suo.
516 1919 564 1970 V.
576 1920 746 1974 Popule
761 1933 896 1970 meus,
909 1919 1014 1972 quid

182 1980 264 2021 feci
300 1979 397 2029 tibi,
439 1984 514 2019 aut
549 1978 592 2018 in
630 1989 718 2028 quo
756 1976 1014 2018 contristavi

181 2035 247 2077 te?
266 2035 486 2088 responde
500 2034 616 2074 mihi.
639 2034 706 2075 Et.
734 2032 898 2074 Gloria.
918 2032 1013 2082 Qui.

486 2096 637 2136 Lectio
658 2096 711 2134 ix.

183 2147 437 2250 Inclinavit
473 2153 603 2203 igitur
640 2157 783 2204 caput.
841 2147 1015 2190 Accidit

253 2210 367 2250 enim
385 2208 683 2257 morientibus⁷
702 2208 853 2258 vigore
873 2205 1016 2247 carnis

185 2266 267 2315 jam
287 2269 549 2317 consumpto
570 2270 613 2306 et
630 2264 783 2313 anima,
804 2275 903 2314 quae
921 2274 1014 2302 cor-

184 2334 268 2372 pus
288 2321 454 2370 retinet,
478 2321 678 2369 abeunte,
702 2319 925 2361 inclinatio
946 2319 1014 2358 ca-

185 2377 298 2428 pitis.
336 2377 632 2426 Quamobrem
655 2375 801 2417 verbis
819 2375 906 2415 hoc
924 2387 1014 2414 mo-

186 2432 244 2473 do
282 2445 386 2472 usus
420 2432 698 2483 Evangelista
735 2437 813 2473 est.
867 2430 939 2471 Sic
973 2435 1016 2471 et

185 2487 420 2530 tradidisse
459 2489 676 2540 spiritum,
723 2501 748 2529 a
785 2489 1016 2528 consuetu-

187 2544 286 2586 dine
313 2549 462 2585 nostra
489 2545 571 2585 sibi
596 2544 761 2585 dictum
785 2548 867 2592 est;
892 2542 1016 2583 multi

187 2601 301 2642 enim
325 2600 387 2640 sic
411 2601 641 2649 exstingui,
668 2605 711 2641 et
734 2600 845 2640 mori
870 2598 1016 2640 dicun-

186 2663 266 2697 tur.
319 2655 526 2705 Quamvis
554 2655 657 2695 mihi
685 2655 887 2696 videatur
915 2653 1016 2694 ideo

187 2725 273 2753 non
294 2711 550 2763 simpliciter
569 2713 790 2752 mortuum
809 2723 918 2760 esse,
939 2708 1017 2750 sed

574 192 750 225 Officium
776 190 950 223 votivum
977 189 1023 222 dc
1050 189 1237 222 l‘assionc
1264 188 1426 222 1).N.J.
1448 188 1487 222 C.

1058 283 1293 326 tradidisse
1312 282 1516 335 spiritum
1529 279 1811 331 Evangelista
1830 277 1892 320 di-

1059 343 1197 390 xisse3
1235 340 1336 392 quia
1367 339 1412 379 in
1448 350 1603 380 manus
1633 336 1719 378 Dei
1750 335 1894 376 Patris

1061 397 1249 438 animam
1271 408 1395 437 suam
1417 392 1708 442 comendavit,
1730 396 1780 433 ut
1797 391 1894 444 ipse

1061 453 1187 495 dixit:
1219 451 1369 493 Pater!
1398 451 1443 492 in
1469 463 1625 492 manus
1651 453 1751 490 tuas
1779 459 1895 488 com-

1060 508 1222 550 mendo
1246 508 1449 561 spiritum
1472 519 1629 548 meum.
1667 501 1798 554 Quod
1819 514 1895 544 no-

1061 565 1129 607 bis
1153 578 1325 615 magnae
1349 564 1445 617 spei
1468 562 1810 609 fundamentum,
1834 563 1895 600 at-

1063 634 1149 674 que
1169 621 1382 672 originem
1400 619 1584 673 praebet.

1118 680 1181 720 Te
1200 679 1345 719 Deum
1365 676 1608 718 laudamus.
1629 676 1689 716 14.

1333 753 1413 794 Ad
1432 752 1630 794 Laudes

1282 819 1327 848 et
1363 823 1388 856 p
1407 823 1425 846 e
1440 823 1458 845 r
1495 812 1526 845 H
1545 822 1567 845 o
1581 822 1599 844 r
1615 821 1636 844 a
1651 820 1679 844 S.

1116 874 1214 912 Ant.
1240 872 1267 910 1.
1296 868 1375 909 Fui
1394 866 1640 918 flagellatus
1659 866 1682 892 *
1701 871 1798 908 tota
1817 865 1899 916 die,

1065 930 1108 966 et
1129 924 1360 975 castigatio
1379 936 1478 965 mea
1497 923 1541 963 in
1559 922 1796 965 matutinis.

1116 983 1183 1021 I‘s.
1212 981 1430 1022 Deminus
1449 979 1660 1031 regnavit.
1680 979 1739 1020 15.

1115 1041 1151 1079 2.
1179 1037 1290 1078 Veni
1310 1036 1367 1078 ad
1386 1041 1584 1078 montem
1602 1034 1793 1088 myrrhae
1811 1035 1836 1062 *
1856 1038 1900 1075 et

1065 1092 1122 1134 ad
1146 1093 1306 1135 collem
1330 1093 1486 1142 thuris3
1513 1097 1740 1143 tamquam
1763 1103 1901 1142 agnus

1065 1148 1122 1190 ad
1142 1150 1410 1191 occisionem
1429 1147 1598 1198 duetus,
1624 1146 1836 1196 obmutui,
1858 1151 1902 1187 et

1065 1218 1154 1246 non
1173 1205 1324 1258 aperui
1345 1218 1396 1246 os
1415 1216 1573 1245 meum.

1120 1267 1155 1305 23.
1178 1261 1399 1304 Foderunt
1413 1273 1569 1302 manus
1582 1271 1706 1300 meas
1723 1258 1748 1284 *
1767 1262 1812 1300 et
1827 1270 1900 1310 pe-

1066 1317 1145 1359 des
1172 1331 1314 1360 meos:
1342 1317 1728 1359 dinumeraverunt
1756 1314 1903 1364 omnia

1067 1387 1169 1416 ossa
1187 1388 1295 1416 mea.

1119 1436 1156 1474 4.
1177 1430 1493 1475 Consolantem
1510 1441 1581 1470 me
1600 1429 1624 1455 *
1645 1427 1840 1479 quaesivi,
1858 1431 1903 1469 et

1066 1501 1154 1529 non
1172 1487 1331 1528 inveni:
1351 1486 1567 1528 dederunt
1585 1485 1630 1525 in
1650 1497 1797 1526 escam
1813 1496 1901 1524 me-

1067 1558 1137 1585 am
1164 1543 1239 1592 fel,
1269 1548 1312 1585 et
1339 1543 1383 1583 in
1411 1542 1482 1584 siti
1509 1554 1608 1583 mea
1634 1541 1903 1593 potaverunt

1066 1613 1136 1641 me
1156 1601 1295 1641 aceto.

1119 1661 1156 1699 5.
1188 1659 1298 1699 Cum
1326 1656 1571 1707 accepisset
1598 1653 1623 1694 J
1626 1665 1727 1694 esus
1755 1653 1779 1679 *
1807 1652 1901 1693 aee-

1067 1718 1176 1762 tum,
1205 1711 1330 1754 dixit:
1360 1711 1724 1753 Consummatum
1747 1713 1832 1758 est;
1859 1712 1903 1749 et

1067 1768 1275 1810 inclinato
1296 1767 1452 1821 capite,
1473 1766 1616 1807 emisit
1636 1764 1850 1817 spiritum.

1151 1833 1411 1885 Capitulum.
1584 1830 1772 1882 Philipp.
1791 1830 1827 1869 2.

1146 1890 1299 1926 ratres:
1322 1885 1423 1926 Hoc
1445 1883 1561 1925 enim
1585 1884 1743 1924 sentite
1766 1880 1810 1921 in
1828 1893 1902 1922 vo-

1169 1940 1255 1990 bis,
1285 1939 1406 1992 quod
1435 1946 1478 1982 et
1505 1940 1549 1980 in
1578 1938 1753 1980 Christo
1782 1937 1903 1979 Jesu:

1069 1997 1143 2049 qui
1172 2011 1271 2039 cum
1298 1997 1342 2038 in
1370 1997 1512 2038 forma
1536 1995 1621 2038 Dei
1649 1999 1784 2044 esset,
1814 2006 1903 2034 non

1068 2055 1266 2106 rapinam
1292 2053 1529 2095 arbitratus
1556 2057 1623 2094 est
1649 2063 1747 2092 esse
1773 2062 1821 2091 se
1847 2062 1902 2090 ae-

1069 2110 1244 2161 qualem
1263 2110 1378 2151 Deo:
1406 2108 1485 2151 sed
1507 2110 1794 2160 semetipsum
1816 2105 1902 2147 exi—

1070 2166 1244 2215 nanivit,
1269 2166 1454 2207 formam
1475 2165 1590 2206 servi
1609 2163 1840 2216 accipiens,
1860 2162 1904 2202 in

1070 2222 1398 2264 similitudinem
1423 2221 1649 2262 huminum
1675 2219 1831 2267 factus,
1860 2223 1905 2259 et

1068 2278 1221 2320 habitu
1253 2279 1454 2320 inventus
1482 2283 1531 2319 ut
1558 2276 1704 2318 homo.
1754 2274 1903 2315 Humi-

1069 2334 1192 2376 liavit
1212 2337 1508 2388 semetipsum,
1530 2334 1670 2374 factus
1691 2330 1903 2373 obediens

1070 2404 1209 2442 usque
1234 2390 1291 2432 ad
1314 2397 1517 2440 mortem,
1545 2394 1733 2430 mortem
1757 2392 1905 2428 autem

1070 2448 1222 2488 erucis.

1388 2481 1600 2531 Hymnus.

1166 2551 1262 2580 aevo
1284 2538 1489 2580 dolorum
1507 2536 1681 2578 turbine

1190 2595 1214 2634 J
1217 2597 1398 2645 actatur,
1418 2594 1524 2635 atris
1543 2592 1728 2634 obrutus

1148 2651 1308 2701 Poenis,
1327 2649 1487 2692 acerba
1507 2649 1726 2690 sustinens

1148 2707 1424 2760 Redemptor
1443 2705 1600 2746 affixus
1620 2703 1749 2746 cruci.
