2040 2944
485 190 556 223 Die
585 190 632 223 15.
658 189 760 232 Sept.
808 189 850 222 In
876 188 1020 223 Octava
1048 189 1272 223 Nativitatis
1298 191 1337 224 B.
1364 191 1409 224 M.
1440 191 1478 223 V.

1778 190 1847 226 293

133 288 207 342 qui
225 300 441 340 nusquam
460 287 674 330 contineri
691 291 852 340 potest,
871 289 960 330 Ma-

130 350 198 387 ter
213 349 257 387 et
269 344 425 395 Virg03
445 357 526 397 per
544 356 676 396 quam
690 343 962 394 benedictus,

133 401 207 454 qui
241 401 361 443 venit
396 401 441 441 111
477 401 654 442 11ό1111116
685 401 881 451 Domini,
918 401 962 442 in

132 458 295 500 sanctis
314 457 564 508 Evangeliis
583 457 844 499 nominatur.

184 516 235 567 Ει.
270 514 491 556 Nativitas
526 513 732 565 gloriosae
768 513 961 564 Virginis

130 571 282 612 Mariae
317 583 371 612 ex
405 571 570 612 semine
602 569 815 621 Abrahae,
850 575 962 612 ortae

132 626 187 669 de
206 627 324 669 tribu
342 627 364 668 J
369 626 473 676 uda,
499 626 615 668 clara
640 639 694 668 ex
718 627 856 679 stirpe
877 627 961 668 Da-

129 683 219 725 vid:
248 685 270 709 *
296 684 427 735 Cujus
459 683 550 725 vita
582 683 745 735 inclyta
780 689 961 725 cunctas

130 739 319 782 illastrat
347 739 567 781 ecclesias.
608 734 658 786 V.
684 739 832 782 Hodie
859 745 962 781 nata

131 801 200 838 est
219 796 350 839 beata
363 796 502 847 Virgo
522 796 659 838 Maria
678 810 732 838 ex
750 797 961 849 progenie

131 852 286 895 David.
315 853 458 906 Cujus.

198 928 200 931 ’
442 909 593 951 Lectio
615 924 651 949 v.

218 978 266 1008 er
278 971 323 1008 te
338 967 532 1008 Trinitas
547 968 862 1010 sanctificatur:
881 982 962 1022 per

239 1027 283 1064 te
304 1036 412 1064 crux
430 1025 628 1076 pretiosa
648 1025 896 1067 celebratur
917 1031 961 1068 et

131 1079 341 1122 adoratur
378 1080 422 1120 in
457 1085 552 1122 toto
590 1080 698 1122 orbe
733 1084 962 1123 terrarum.

130 1136 215 1177 Per
248 1141 292 1178 te
327 1137 519 1179 exsultat
547 1137 723 1188 coelum,
755 1138 962 1180 laetantur

131 1193 290 1243 Angeli
333 1197 378 1235 et
423 1193 706 1245 Archangeli,
757 1195 962 1246 fugantur

133 1248 368 1300 daemones,
389 1254 433 1291 et
451 1249 585 1292 homo
605 1251 701 1304 ipse
723 1251 780 1293 ad
800 1252 962 1294 coelum

132 1308 378 1348 revocatur.
413 1307 499 1348 Per
521 1312 565 1349 te
592 1308 733 1349 omnis
759 1312 961 1350 creatora

130 1362 351 1404 idolorum
371 1365 518 1405 errore
540 1364 728 1412 detenta,
748 1367 960 1407 conversa

132 1424 199 1461 est
213 1419 270 1461 ad
285 1420 552 1471 agnitionem
568 1421 776 1468 veritatis,
797 1427 840 1464 et
856 1422 960 1464 fide-

130 1475 194 1517 les
217 1475 416 1518 homines
441 1476 498 1519 ad
521 1483 723 1519 sanctum
741 1478 961 1531 baptisma

131 1534 440 1584 pervenerunt,
481 1538 614 1586 atque
646 1534 690 1575 in
722 1539 818 1577 toto
853 1536 961 1578 orbe

131 1591 346 1630 terrarum
357 1594 626 1632 constructae
638 1595 739 1632 sunt
750 1591 961 1633 ecclesiae.

183 1648 233 1699 Κ.
261 1646 370 1687 Cum
388 1647 657 1698 jucunditate
675 1648 961 1691 Nativitatem

131 1702 275 1745 beatae
319 1703 471 1744 Mariae
516 1703 804 1746 celebremus:
841 1706 863 1729 *
901 1706 961 1747 Ut

131 1759 229 1812 ipsa
255 1772 337 1812 pro
364 1759 494 1801 nobis
521 1760 766 1802 intercedat
790 1760 847 1803 ad
872 1762 960 1804 Do·
1023 1756 1142 1789 4³³¹*ss

131 1816 296 1857 minum
313 1817 339 1858 J
341 1829 464 1858 esum
481 1816 712 1858 Christum.
741 1811 791 1864 V.
814 1817 961 1860 Corde

132 1877 175 1914 et
195 1873 340 1915 animo
357 1873 532 1915 Christo
545 1875 757 1918 canamus
776 1874 962 1926 gloriam

131 1929 175 1970 in
193 1929 276 1971 hac
297 1942 423 1971 sacra
439 1930 717 1972 solemnitate
732 1931 960 1983 praecelsae

132 1986 367 2028 Genitricis
386 1987 471 2028 Dei
489 1987 652 2028 Mariae.
680 1987 750 2028 Ut.

431 2043 586 2084 Lectio
608 2044 660 2083 vi.

130 2095 232 2201 Te
260 2098 471 2151 adjutrice
500 2099 667 2141 Gentes
696 2100 876 2141 veniunt
905 2100 961 2142 ad

220 2155 536 2208 poenitentiam.
566 2154 683 2207 Quid
700 2155 850 2209 plura?
875 2157 961 2198 Per

130 2216 175 2253 te
199 2212 448 2263 unigenitus
473 2213 557 2254 Dei
575 2212 729 2263 Filius,
759 2226 864 2255 vera
886 2213 962 2255 illa

130 2267 206 2309 lux
231 2268 394 2310 effnlsit
419 2267 674 2310 sedentibus
699 2270 743 2310 in
766 2270 960 2312 tenebris

132 2329 176 2367 et
194 2325 349 2366 umbra
368 2325 532 2367 mortis.
561 2325 646 2367 Per
664 2330 708 2367 te
723 2326 960 2379 Prophetae

131 2382 491 2434 praenuntiarunt,
510 2394 590 2434 per
609 2386 654 2423 te
669 2383 876 2435 Apostoli
895 2396 959 2424 83-

131 2437 267 2479 lutem
283 2438 498 2480 Gentibus
514 2438 822 2491 praedicarunt.
844 2439 962 2490 Quis-

131 2507 233 2535 nam
257 2495 421 2547 poterit
444 2498 618 2537 tuarum
646 2494 825 2536 laudum
849 2507 959 2548 prae-

133 2550 260 2592 conia
296 2551 534 2604 explicare,
571 2552 710 2592 Maria
742 2551 881 2593 Mater
916 2557 960 2593 et

131 2606 293 2657 Virgo?
328 2607 471 2658 Hanc,
495 2608 653 2650 fratres
679 2607 960 2658 dilectissimi,

133 2662 422 2714 celebremus,
448 2665 539 2717 ejus
564 2665 723 2706 Filium
747 2664 960 2705 Ecclesiae

133 2731 345 2772 sponsum
362 2720 690 2763 immaculatum
710 2721 960 2763 adorantes:

1015 287 1085 329 cui
1110 287 1253 330 honor
1278 293 1323 330 et
1345 288 1486 340 gloria
1510 289 1555 329 in
1580 288 1742 330 saecula
1766 301 1845 330 836-

1015 343 1224 386 61110111111.
1252 346 1405 387 Α111611.

1067 403 1120 453 R.
1156 401 1376 443 Nativitas
1415 406 1491 443 tua
1526 400 1612 443 Dei
1646 401 1846 442 Genitrix

1014 457 1153 508 Virgo
1197 457 1407 508 gandium
1448 458 1720 500 annuntiavit
1755 458 1845 498 uni-

1013 515 1142 555 verso
1167 513 1346 555 mundo:
1374 518 1396 541 *
1417 514 1486 555 Ex
1510 519 1554 555 te
1580 514 1695 555 enim
1721 519 1845 556 ortus

1015 574 1083 612 est
1102 570 1170 611 801
1189 570 1382 622 justitiae,
1409 570 1608 612 Christus
1628 571 1749 612 Deus
1770 583 1845 612 no-

1015 631 1120 667 ster:
1141 631 1163 654 *
1180 627 1264 677 Qui
1284 627 1460 668 solvens
1479 626 1846 677 maledictionem,

1016 682 1138 725 dedit
1173 683 1544 725 benedictionem:
1588 688 1632 725 et
1668 683 1844 724 confun-

1015 739 1123 781 dens
1142 745 1343 790 mortem,
1364 740 1545 781 donavit
1564 739 1692 781 nobis
1711 740 1846 781 vitam

1015 796 1338 849 sempiternam.
1387 791 1436 843 V.
1461 796 1703 837 Benedicta
1728 801 1778 837 tu
1801 796 1844 837 in

1014 852 1285 900 mulieribus,
1319 858 1363 895 et
1389 852 1649 895 benedictus
1677 853 1845 894 fructus

1014 909 1179 951 ventris
1201 909 1276 951 tui.
1307 910 1386 950 Ex.
1421 909 1573 951 Gloria
1588 909 1718 951 Patri.
1752 909 1844 960 Qui.

1242 991 1290 1029 In
1309 991 1379 1030 ΙΙΙ.
1400 992 1622 1031 Nocturno.

1017 1049 1169 1091 Lectio
1193 1048 1333 1090 sancti
1355 1048 1582 1099 Evangelii
1605 1050 1845 1091 secundum

1084 1108 1086 1110 ’
1297 1105 1570 1147 Matthaeum.

1094 1168 1247 1208 Lectio
1268 1168 1336 1208 vii.
1623 1170 1723 1221 Cap.
1746 1170 1767 1208 i.

1014 1221 1187 1328 Liber
1218 1227 1515 1278 generationis
1547 1228 1652 1269 Jesu
1685 1227 1846 1270 Christi

1110 1283 1189 1324 filii
1208 1283 1368 1333 David,
1391 1284 1470 1324 filii
1489 1283 1724 1326 Abraham.
1757 1284 1845 1326 Ab-

1014 1339 1165 1381 raham
1192 1340 1341 1391 genuit
1368 1341 1504 1382 Isaac.
1546 1341 1672 1382 Isaac
1700 1346 1845 1383 autem

1013 1397 1163 1447 genuit
1181 1397 1332 1439 Jacob.
1359 1397 1416 1439 Et
1435 1397 1615 1450 reliqua.

1148 1476 1339 1517 Homih'a
1366 1476 1506 1517 sancti
1532 1475 1556 1516 J
1560 1476 1714 1517 oannis

1278 1532 1592 1584 Chrysostomi.

1106 1595 1247 1629 Homil.
1271 1595 1301 1629 2.
1328 1596 1367 1629 in
1391 1595 1534 1635 Matth„
1558 1601 1649 1637 post
1674 1594 1753 1628 init.

1018 1656 1148 1706 iss*
1164 1649 1289 1691 uditu
1327 1648 1505 1701 quidem
1540 1650 1740 1691 mirabile
1777 1656 1845 1692 est
1894 1696 1896 1699 f

1022 1702 1046 1746 1'5'
1049 1697 1151 1772 Ᾰξζὲἓ
1181 1705 1302 1758 quod
1343 1705 1575 1747 ineffabilis
1614 1707 1753 1756 Deus,
1800 1712 1844 1748 et

1082 1762 1124 1781 ³²
1182 1763 1255 1815 qui
1288 1775 1369 1804 1166
1403 1762 1680 1804 sermonibus
1709 1763 1843 1815 expli-

1014 1819 1104 1860 cari
1154 1823 1319 1871 potest,
1373 1831 1455 1860 nec
1504 1819 1844 1870 cogitationibus

1014 1874 1344 1928 comprehendi,
1369 1875 1579 1927 Patrique
1599 1888 1679 1928 per
1699 1876 1843 1916 omnia

1013 1931 1265 1983 coaequalis,
1284 1944 1364 1984 per
1382 1932 1578 1982 Virginis
1598 1930 1654 1973 ad
1673 1945 1754 1973 nos
1774 1945 1843 1973 ve-

1012 1988 1076 2030 nit
1094 1991 1284 2038 uterum,
1311 1993 1355 2030 et
1380 1988 1475 2029 fieri
1501 2001 1555 2029 ex
1577 1988 1760 2029 muliere
1784 1988 1843 2030 di-

1013 2046 1171 2096 gnatus
1191 2049 1268 2094 est,
1294 2049 1337 2086 et
1354 2044 1517 2086 habere
1536 2045 1843 2096 progenitores

1013 2100 1159 2142 David
1185 2105 1229 2142 et
1254 2100 1496 2142 Abraham:
1526 2105 1569 2142 et
1598 2099 1704 2153 quid
1731 2101 1843 2151 dico,

1013 2157 1159 2199 David
1196 2163 1240 2199 et
1274 2155 1524 2198 Abraham?
1564 2158 1695 2198 etiam
1731 2157 1842 2207 illas,

1015 2213 1135 2266 quod
1158 2214 1299 2264 magis
1325 2212 1592 2266 stupendum
1611 2218 1694 2264 est,
1725 2213 1842 2254 femi-

1014 2282 1110 2319 nas,
1145 2283 1255 2322 quas
1287 2269 1421 2322 paulo
1455 2274 1556 2310 ante
1589 2270 1843 2311 memoravi.

1014 2327 1126 2367 Haec
1144 2326 1275 2377 igitur
1294 2325 1479 2367 audiens
1499 2330 1646 2367 mente
1666 2330 1842 2367 consur—

1013 2396 1077 2433 ge,
1097 2382 1292 2434 nihilque
1311 2381 1474 2423 humile
1494 2382 1741 2434 suspiceris,
1764 2382 1843 2424 sed

1013 2439 1162 2491 potius
1180 2443 1367 2491 propter
1385 2438 1471 2480 hoc
1490 2438 1635 2490 ipsum
1654 2439 1842 2480 maxime

1012 2495 1183 2544 mirare,
1205 2495 1306 2547 quia
1325 2507 1424 2536 cum
1442 2507 1573 2536 verus
1593 2500 1637 2536 et
1656 2494 1842 2536 dilectus

1013 2552 1151 2593 Filius
1188 2551 1244 2592 sit
1278 2551 1533 2604 sempiterni
1568 2551 1668 2600 Dei,
1711 2552 1841 2593 etiam

1013 2608 1128 2650 filius
1149 2607 1294 2649 David
1314 2620 1411 2649 esse
1431 2607 1635 2659 dignatus
1656 2613 1732 2657 est,
1751 2620 1840 2648 mo-

1014 2664 1071 2706 do
1089 2670 1137 2706 ut
1155 2670 1198 2706 te
1218 2663 1356 2705 filium
1369 2664 1533 2706 faceret
1548 2664 1647 2705 Dei:
1667 2676 1841 2704 servum

1011 2726 1184 2774 patrem
1219 2720 1383 2762 habere
1422 2720 1625 2772 dignatus
1664 2724 1750 2770 est,
1792 2723 1841 2761 ut
