2040 2944
698 218 810 252 Feria
835 224 970 262 quarta
996 220 1044 253 ad
1070 220 1306 254 Matutinum.
1825 216 1869 251 65

209 307 331 348 Deus
352 306 555 348 ostendet
573 306 679 347 mihi
702 320 835 359 super
853 308 988 348 inimi-

158 375 236 404 cos
267 376 409 413 meos,
444 376 499 404 ne
535 362 712 404 occidas
747 376 838 404 eos:
866 365 890 391 *
916 377 988 405 ne-

159 419 336 471 quando
366 419 679 461 obliviscantur
711 420 865 472 pepuli
891 421 988 461 mei.

207 475 425 528 Disperge
459 475 558 516 illos
585 475 630 516 in
657 475 818 517 virtute
846 480 936 517 tua:
965 478 988 503 *

158 535 201 573 et
221 531 395 584 depone
417 544 494 574 eos
514 533 741 584 protector
756 545 881 573 meus
900 533 987 573 Do'-

155 600 287 629 mme:

206 644 429 685 Delictum
449 644 536 685 oris
555 646 716 693 eorum,
740 646 988 686 sermonem

154 700 372 741 labiorum
405 701 616 753 ipsorum:
652 702 676 727 *
713 705 756 741 et
791 713 987 753 compre-

155 756 404 798 hendantur
430 757 474 797 in
503 756 709 808 superbia
737 769 826 797 sua.

207 813 264 854 Et
286 812 342 866 de
369 812 670 854 exsecratione
688 817 731 853 et
755 813 986 854 mendacio

155 868 507 910 afiuntiabuntur·
523 869 566 908 in
595 870 987 910 consummatione:

154 926 178 951 *
212 925 256 965 in
290 925 354 965 ira
383 925 786 974 consummatic'mis,
822 930 865 966 et
898 939 986 966 non

154 986 291 1022 erunt.

206 1038 262 1078 Et
290 1038 430 1079 scient
467 1039 567 1090 quia
594 1040 716 1081 Deus
745 1038 985 1080 dominabi-

153 1098 225 1134 tur
252 1093 409 1135 Jacob:
438 1096 534 1138 *.et
561 1095 713 1136 finium
739 1100 882 1136 terrae.

207 1150 528 1192 Convertentur
572 1151 628 1192 ad
671 1154 903 1203 vesperam
943 1156 986 1192 et

153 1205 314 1247 famem
347 1207 567 1258 patientur
605 1212 653 1248 ut
690 1221 837 1249 canes:
880 1210 903 1234 *
943 1213 986 1249 et

153 1261 397 1303 circuibunt
426 1263 672 1305 civitatem.-

203 1318 295 1370 Ipsi
315 1317 622 1371 dispergentur
647 1319 703 1361 ad
721 1319 984 1361 manducan-

153 1373 273 1415 dum:
290 1376 314 1401 *
334 1375 371 1415 si
386 1387 492 1416 vero
513 1389 601 1417 non
622 1377 782 1418 fuerint
803 1377 985 1417 saturati

141 1434 203 1490 et(
223 1431 568 1473 murmurabunt.

204 1487 300 1537 Ego
318 1491 465 1528 autem
484 1488 672 1530 cantabo
685 1488 985 1530 fortitudinem

103 1593 105 1595 q
150 1546 286 1583 tuam:
315 1545 338 1570 *
367 1548 411 1585 et
439 1544 670 1586 exsultabo
698 1557 826 1586 mane
858 1546 983 1586 mise-

151 1598 385 1640 ricordiam
411 1604 543 1641 tuam.

203 1655 315 1705 Quia
343 1656 485 1697 factus
507 1669 554 1698 es
591 1659 824 1709 susceptor
849 1670 983 1706 meus,

149 1713 175 1738 *
192 1716 236 1752 et
262 1712 479 1763 refugium
495 1726 652 1763 meum,
679 1713 723 1753 in
752 1712 822 1754 die
850 1713 983 1754 tribu-

150 1766 326 1809 lationis
352 1781 476 1810 meae.
901 1776 905 1781 '

203 1823 392 1875 Adjutor
413 1838 538 1866 meus
560 1825 639 1866 tibi
658 1825 853 1877 psallam,
883 1826 983 1877 quia

150 1879 273 1921 Deus
301 1883 533 1934 susceptor
565 1894 689 1922 meus
719 1894 782 1922 es:
810 1883 834 1908 *
860 1881 982 1923 Deus

149 1949 274 1978 meus
301 1937 603 1979 misericerdia
628 1950 738 1978 mea.

196 2006 297 2047 Ant.
323 2007 346 2046 J
349 2010 447 2047 usta
458 2005 647 2057 iudicate
660 1992 738 2046 filii
746 2005 982 2047 hominum.

196 2071 295 2111 Ant.
330 2071 399 2111 Da
425 2070 565 2112 nobis.

413 2149 612 2189 Psalmus
641 2151 707 2189 59.
729 2142 731 2146 ’

146 2218 315 2324 Deus
335 2217 534 2269 repulisti
554 2230 645 2267 nOS,
667 2222 710 2260 et
729 2217 982 2259 destruxisti

252 2286 350 2314 nos:
370 2275 394 2301 *
413 2274 549 2314 iratus
571 2287 628 2323 eS,
649 2279 692 2315 et
709 2274 913 2315 misertus
934 2287 981 2316 es

149 2328 288 2370 nobis.

203 2385 490 2426 Commovisti
523 2390 701 2435 terram,
737 2390 781 2427 et
810 2391 980 2427 contur-

149 2439 264 2482 basti
285 2454 395 2482 eam:
413 2444 436 2468 *
456 2455 561 2482 sana
577 2442 862 2482 contritic'mes
879 2443 979 2493 ejus,

151 2497 252 2548 quia
280 2500 500 2538 commota
529 2502 605 2538 est.

202 2553 445 2594 Ostendisti
481 2553 648 2606 pepulo
682 2558 759 2594 tuo
797 2553 922 2594 dura:
956 2555 979 2580 *

148 2610 314 2660 potasti
340 2622 421 2650 nos
449 2610 551 2650 vino
580 2609 938 2662 compunctiunis.

200 2664 374 2706 Dedisti
391 2666 685 2707 metuentibus
701 2670 746 2706 te
767 2665 977 2715 significa-

148 2720 422 2763 ti6nem:*ut
449 2722 616 2773 fugiant
644 2734 669 2763 a
696 2721 807 2763 facie
836 2733 978 2762 arcus:

1093 309 1152 350 Ut
1180 308 1417 351 liberentur
1453 310 1599 351 dilecti
1631 311 1709 351 tui:
1738 313 1761 338 *
1789 311 1869 351 sal-

1042 378 1145 406 vum
1164 365 1231 406 fac
1251 365 1430 407 dextera
1449 371 1534 416 tua,
1552 372 1595 408 et
1615 367 1773 408 exaudi
1788 381 1869 408 me.

1093 421 1215 462 Deus
1238 421 1411 463 locutus
1440 428 1506 464 est
1533 423 1576 463 in
1596 428 1748 464 sancto
1775 437 1869 465 suo:

1042 479 1065 504 *
1090 477 1309 527 Laetabor‚
1336 483 1379 519 et
1404 479 1601 530 partibor
1622 479 1869 520 Sichimam:

1043 538 1086 574 et
1114 533 1360 575 convallem
1379 534 1760 576 tabernaculorum
1782 549 1868 577 me-

1039 589 1169 631 tibor.

1093 646 1218 687 Meus
1252 651 1319 694 est
1352 647 1537 696 Galaad,
1570 653 1613 689 et
1644 661 1768 689 meus
1803 653 1869 689 est

1041 702 1284 743 Manasses:
1308 705 1331 729 *
1359 708 1402 743 et
1425 703 1633 755 Ephraim
1658 704 1867 746 fortitudo

1041 759 1196 810 capitis
1224 759 1320 799 mei.

1091 815 1116 855 J
1119 814 1205 856 uda
1226 827 1302 855 rex
1321 827 1460 856 meus:
1478 818 1501 842 *
1519 816 1650 857 Moab
1673 817 1757 857 olla
1774 817 1867 869 spei

1039 883 1161 912 meae.

1092 928 1143 967 In
1170 927 1412 968 Idumaeam
1444 927 1677 969 extendam
1705 928 1866 969 calcea-

1038 985 1234 1024 mentum
1260 996 1422 1024 meum:
1440 986 1463 1010 *
1482 983 1585 1024 mihi
1614 984 1866 1034 alienigenae

1040 1039 1204 1080 subditi
1232 1044 1342 1080 sunt.

1092 1096 1199 1145 Quis
1236 1095 1426 1137 deducet
1462 1109 1532 1137 me
1569 1097 1611 1136 in
1647 1097 1867 1138 civitatem

1038 1154 1263 1193 munitam:
1294 1154 1317 1178 *
1347 1153 1443 1204 quis
1476 1152 1665 1194 deducet
1696 1166 1766 1194 me
1801 1167 1867 1193 us-

1041 1221 1124 1259 que
1153 1208 1196 1248 in
1224 1207 1486 1249 Idumaeam?

1089 1264 1246 1306 Nonne
1262 1269 1310 1305 tu
1320 1264 1451 1313 Deus,
1465 1266 1538 1316 qui
1558 1266 1754 1317 repulisti
1771 1278 1866 1306 nos:

1038 1322 1062 1347 *
1090 1326 1133 1361 et
1167 1334 1254 1362 non
1290 1320 1525 1371 egredieris
1553 1321 1674 1362 Deus
1709 1322 1752 1361 in
1786 1322 1866 1362 vir-

1037 1376 1204 1418 tutibus
1232 1375 1417 1418 nostris?

1089 1433 1158 1474 Da
1185 1433 1313 1474 nobis
1342 1433 1549 1474 auxilium
1578 1433 1632 1474 de
1658 1433 1865 1474 tribulati-

1039 1491 1139 1530 one:
1167 1491 1191 1516 *
1221 1490 1321 1541 quia
1349 1502 1460 1530 vana
1488 1490 1605 1530 salus
1633 1490 1829 1530 heminis.

1089 1547 1140 1586 In
1167 1546 1264 1587 Deo
1293 1546 1500 1586 faciemus
1529 1547 1749 1587 virtutem:
1778 1548 1800 1572 *
1824 1551 1866 1586 et

1036 1603 1131 1654 ipse
1159 1601 1217 1643 ad
1244 1601 1423 1642 nihilum
1445 1601 1635 1643 deducet
1660 1602 1865 1643 tribulan-

1035 1663 1103 1699 tes
1131 1671 1223 1699 nos.

1295 1713 1493 1753 Psalmus
1524 1716 1594 1753 fio.

1032 1764 1251 1869 Exaudi
1270 1769 1391 1810 Deus
1407 1769 1764 1821 deprecationem
1782 1782 1863 1810 me-

1141 1839 1226 1866 am:
1255 1828 1278 1852 *
1306 1825 1482 1866 intende
1512 1826 1697 1866 oratiuni
1724 1837 1846 1866 meae.

1088 1883 1128 1922 A
1155 1881 1314 1923 finibus
1347 1886 1476 1923 terrae
1505 1881 1562 1922 ad
1588 1887 1632 1922 te
1665 1881 1863 1922 clamavi:

1035 1939 1059 1965 *
1094 1937 1198 1979 dum
1231 1939 1479 1978 anxiaretur
1513 1951 1590 1979 cor
1624 1950 1784 1986 meum,
1820 1938 1862 1977 in

1034 1998 1160 2046 petra
1188 1993 1390 2035 exaltasti
1417 2007 1498 2035 me.

1086 2047 1319 2091 Deduxisti
1333 2063 1414 2099 me,
1433 2050 1533 2101 quia
1547 2050 1686 2090 factus
1699 2062 1745 2090 es
1761 2061 1862 2101 spes

1033 2119 1148 2147 mea:
1175 2108 1200 2133 *
1231 2106 1361 2146 turris
1394 2105 1660 2147 fortitudinis
1694 2118 1718 2145 a
1751 2104 1861 2158 iucie

1034 2162 1205 2202 inimici.

1086 2217 1347 2259 Inhabitabo
1383 2218 1427 2257 in
1462 2216 1746 2258 tabernaculo
1782 2221 1859 2257 tuo

1033 2274 1077 2315 in
1093 2273 1269 2314 saecula:
1289 2275 1312 2300 *
1330 2275 1537 2326 protegar
1554 2273 1597 2313 in
1614 2272 1858 2314 velamento

1034 2329 1202 2370 alarum
1227 2331 1412 2370 tuarum.

1086 2385 1302 2434 Queniam
1334 2389 1383 2425 tu
1416 2385 1537 2426 Deus
1573 2397 1697 2425 meus
1733 2396 1858 2425 exau-

1033 2440 1135 2482 disti
1146 2441 1387 2482 orati6nem
1397 2453 1556 2482 meam:
1570 2443 1593 2467 *
1605 2439 1763 2481 dedisti
1774 2439 1857 2479 hae-

1033 2496 1263 2537 reditatem
1280 2496 1531 2538 timentibus
1551 2509 1710 2537 nomen
1726 2500 1857 2536 tuum.

1084 2553 1188 2593 Dies
1224 2565 1356 2604 super
1390 2552 1483 2593 dies
1520 2553 1634 2603 regis
1668 2551 1856 2602 adjicies:

1031 2610 1054 2635 *
1083 2621 1219 2649 annos
1248 2609 1338 2659 ejus
1358 2621 1497 2660 usque
1525 2609 1568 2648 in
1597 2607 1711 2648 diem
1731 2618 1855 2656 gene-

1031 2664 1209 2705 ratic'mis
1237 2668 1280 2704 et
1307 2664 1610 2714 generatiOnis.

1081 2721 1312 2762 Permanet
1351 2720 1394 2761 in
1430 2722 1640 2762 aeternum
1676 2718 1718 2759 in
1755 2729 1854 2760 con-
