2040 2944
582 205 792 239 Commune
819 205 1066 239 confessoris
1092 216 1168 239 non
1193 207 1403 240 l'ontilicis.

1780 208 1848 252 [75]

421 300 575 340 Lectio
597 300 681 340 viii.

135 351 280 456 Duo
304 368 453 404 autem
477 368 595 412 sunt,
623 375 723 414 quae
746 362 965 414 jubentur,

227 424 271 460 et
285 419 460 461 lumbos
475 421 752 470 restringere,
769 423 813 460 et
827 418 964 459 lucer-

132 488 211 516 nas
230 477 397 517 tenere:
423 480 474 517 ut
501 480 545 517 et
572 474 790 516 munditia
815 474 872 515 sit
897 487 965 515 ca-

133 532 298 573 stitatis
322 532 367 572 in
390 534 596 584 corpore,
621 535 666 572 et
687 530 836 572 lumen
855 530 964 571 veri-

131 588 236 629 tatis
267 588 312 628 in
350 588 623 640 operatiOne.
672 586 966 638 Redempt6ri

133 644 296 685 etenim
329 649 484 685 nostro
520 657 657 685 unum
693 643 788 684 sine
823 642 964 684 altero

131 700 308 752 placere
334 702 614 753 nequaquam
638 703 805 752 potest:
832 699 870 739 si
889 703 965 740 aut

131 757 169 797 is
189 757 264 808 qui
282 757 401 798 bona
420 757 520 808 agit,
541 755 686 797 adhuc
701 755 888 796 luxuriae
904 755 965 795 in-

133 813 416 864 quinamenta
433 825 522 854 non
543 812 722 854 deserit:
741 816 817 853 aut
836 812 873 852 is
891 812 966 863 qui

132 869 337 911 castitate
373 869 650 922 praeeminet,
686 868 877 910 necdum
918 881 965 909 se

131 937 212 977 per
235 925 353 967 bona
384 927 521 978 epera
550 926 737 966 exercet.
772 924 868 965 Nec
897 926 965 965 ca-

132 982 260 1022 stitas
294 994 399 1032 ergo
434 994 594 1032 magna
627 986 694 1022 est
722 981 817 1022 sine
843 980 964 1022 bono

133 1039 279 1090 opere,
295 1051 378 1079 nec
395 1051 507 1091 opus
521 1038 688 1079 bonum
702 1042 769 1078 est
784 1036 966 1088 aliquod

133 1094 227 1135 sine
249 1094 464 1136 castitate.
496 1094 585 1136 Sed
605 1098 649 1135 et
669 1094 706 1135 si
729 1097 965 1145 utrumque

133 1150 292 1201 agitur,
314 1155 471 1200 restat,
497 1155 545 1192 ut
568 1150 767 1203 quisquis
789 1150 863 1191 ille
887 1154 965 1199 est,

132 1219 212 1258 spe
238 1206 295 1248 ad
319 1209 555 1260 supernam
583 1207 774 1259 patriam
800 1206 965 1256 tendat,

133 1267 177 1304 et
193 1265 474 1316 nequaquam
488 1276 536 1305 se
551 1276 577 1304 a
591 1263 709 1304 vitiis
720 1275 802 1315 pro
812 1262 965 1304 mundi

132 1318 259 1371 hujus
278 1319 510 1361 honestate
531 1321 765 1360 contineat.

187 1376 239 1427 Rz.
268 1375 365 1417 Sint
395 1375 534 1417 lumbi
562 1376 698 1416 vestri
723 1376 965 1428 praecincti,

134 1435 178 1472 et
211 1431 404 1473 lucernae
442 1431 649 1473 ardentes
686 1432 732 1472 in
763 1432 965 1473 manibus

133 1488 309 1528 vestris:
322 1488 346 1513 *
362 1488 420 1529 Et
433 1501 512 1529 vos
532 1488 696 1529 similes
713 1487 965 1529 hominibus

134 1543 495 1596 exspectantibus
545 1543 773 1585 deminum
822 1557 966 1594 suum,

135 1599 311 1651 quando
328 1602 576 1641 revertatur
591 1613 617 1640 a
630 1601 807 1652 nuptiis.
826 1596 876 1647 V.
889 1599 965 1644 Vi-

133 1655 267 1706 gilate
288 1668 406 1706 ergo,
427 1657 530 1708 quia
551 1657 731 1697 nescitis
750 1669 837 1708 qua
856 1655 966 1697 hora

134 1711 352 1752 Dominus
380 1717 527 1753 vester
554 1715 766 1753 venturus
794 1712 863 1753 sit.
898 1712 966 1753 Et.

138 1767 291 1809 Gloria
309 1768 441 1809 Patri.
473 1768 542 1809 Et.

190 1825 354 1866 Bened.
382 1824 450 1865 Ad
469 1825 738 1866 societatem.

440 1882 594 1923 Lectio
614 1883 669 1922 ix.

218 1939 237 1975 t
255 1947 336 1976 vos
358 1937 522 1978 similes
541 1936 793 1979 hominibus
814 1950 966 1990 exspe-

226 1992 448 2034 ctantibus
458 1992 685 2034 dominum
693 2006 832 2043 suum,
841 2006 968 2045 quan-

136 2049 194 2091 do
212 2051 459 2090 revertatur
477 2061 502 2089 a
518 2049 699 2101 nuptiis:
718 2054 766 2090 ut
781 2063 881 2090 cum
896 2051 966 2090 ve-

135 2105 250 2146 nerit
269 2109 313 2146 et
332 2105 592 2156 pulsaverit,
617 2105 849 2147 confestim
867 2107 966 2158 ape-

135 2161 250 2202 riant
282 2161 331 2202 ei.
370 2161 507 2202 Venit
541 2161 705 2214 quippe
734 2162 967 2212 Deminus,

137 2229 238 2258 cum
256 2216 314 2257 ad
332 2216 542 2268 judicium
566 2219 794 2270 properat:
818 2217 967 2270 pulsat

135 2285 253 2322 vero,
273 2285 373 2314 cum
389 2274 475 2325 iam
489 2286 569 2325 per
584 2273 860 2325 aegritudinis
877 2287 966 2315 mo-

135 2328 286 2370 lestias
314 2342 410 2371 esse
433 2334 623 2370 mortem
642 2330 831 2371 vicinam
855 2329 965 2371 desi-

137 2389 251 2435 gnat.
293 2385 373 2426 Cui
404 2386 635 2427 confestim
665 2389 897 2438 aperimus,
930 2386 967 2427 si

137 2439 253 2482 hunc
273 2453 370 2483 cum
390 2444 540 2483 amore
556 2442 829 2494 suscipimus.
852 2442 967 2494 Ape-

138 2498 224 2537 rire
244 2497 361 2538 enim
384 2497 518 2548 judici
542 2498 737 2550 pulsanti
755 2510 844 2538 non
863 2498 967 2547 vult,

140 2552 215 2603 qui
245 2554 364 2594 exire
388 2553 443 2595 de
474 2557 662 2606 corpore
687 2553 895 2606 trepidat:
925 2559 968 2595 et

138 2607 288 2650 videre
306 2621 415 2659 eum,
437 2623 568 2662 quem
585 2613 905 2662 contempsisse
921 2623 968 2651 se

138 2664 353 2714 meminit,
388 2666 577 2717 judicem
609 2666 829 2708 formidat.
884 2667 968 2716 Qui

140 2724 287 2761 autem
321 2720 376 2762 de
408 2735 487 2763 sua
519 2735 598 2775 spe
631 2728 674 2764 et
709 2723 969 2781 operatic'me

1018 309 1200 347 securus
1225 311 1308 356 est,
1334 307 1530 359 pulsanti
1553 307 1786 348 confestim
1810 309 1850 347 a·

1017 362 1149 414 perit,
1175 363 1275 414 quia
1292 363 1423 404 laetus
1441 363 1631 415 judicem
1651 363 1851 404 sustinet.

1017 418 1073 459 Et
1094 431 1194 459 cum
1213 423 1389 471 tempus
1410 421 1675 472 propinquae
1695 420 1851 461 mortis

1018 473 1262 524 advenerit,
1296 476 1351 517 de
1378 475 1520 527 gloria
1546 475 1851 517 retributionis

1018 530 1252 573 hilarescit.

1081 587 1139 628 Te
1159 587 1304 629 Deum
1320 587 1562 629 laudamus.
1583 590 1643 629 14.

1310 664 1389 704 Ad
1415 665 1613 706 Laudes

1231 724 1281 754 et
1320 731 1418 763 per
1456 721 1652 755 Horas.

1075 775 1173 815 Ant.
1194 777 1222 815 1.
1251 777 1440 819 Domine
1467 779 1660 831 quinque
1686 778 1851 820 talenta

1018 834 1042 860 *
1056 833 1280 875 tradidisti
1295 834 1416 875 mihi:
1436 847 1541 876 ecce
1556 835 1642 876 alia
1658 835 1850 887 quinque

1018 889 1348 941 superlucratus
1368 904 1476 931 sum.

1076 947 1140 987 Ps.
1176 947 1393 987 .D6minus
1420 947 1632 998 regnavit.
1661 948 1719 988 15.

1072 1003 1107 1041 2.
1130 1003 1252 1054 Euge
1272 1016 1398 1044 serve
1418 1003 1545 1053 bone,
1564 1004 1588 1029 *
1607 1004 1653 1044 in
1671 1003 1849 1045 modico

1018 1058 1172 1107 fidelis,
1187 1059 1303 1100 intra
1314 1060 1358 1100 in
1369 1059 1578 1111 gaudium
1588 1060 1767 1100 Demini
1776 1060 1851 1101 tui.

1074 1115 1110 1153 3.
1142 1114 1306 1156 Fidelis
1335 1128 1489 1157 servus
1517 1116 1541 1142 *
1570 1121 1614 1157 et
1639 1116 1850 1168 prudens,

1020 1184 1151 1222 quem
1191 1172 1420 1213 constituit
1456 1172 1674 1214 Deminus
1717 1185 1851 1224 super

1019 1227 1229 1268 familiam
1250 1241 1385 1269 suam.

1072 1284 1109 1322 4.
1155 1285 1320 1325 Beatus
1353 1284 1427 1325 ille
1458 1297 1630 1334 servus,
1663 1285 1686 1310 *
1721 1297 1851 1335 quern

1019 1352 1119 1381 cum
1138 1341 1310 1382 venerit
1328 1341 1546 1382 Dominus
1567 1342 1674 1393 ejus,
1698 1346 1741 1382 et
1759 1340 1851 1392 pul-

1019 1397 1184 1437 saverit
1210 1397 1400 1448 januam,
1428 1397 1645 1438 invenerit
1672 1397 1852 1447 vigilan-

1018 1456 1119 1493 tem.

1073 1509 1111 1548 5.
1140 1509 1277 1550 Serve
1296 1509 1413 1552 bone
1432 1510 1456 1535 *
1476 1514 1520 1551 et
1546 1508 1707 1559 fidelis,
1739 1509 1853 1550 intra

1019 1565 1064 1604 in
1082 1564 1294 1615 gaudium
1311 1566 1492 1607 Domini
1511 1566 1585 1607 tui.

1127 1624 1390 1675 Capitulum.
1542 1624 1674 1664 Eccli.
1694 1625 1751 1663 31.

1102 1688 1226 1726 eatus
1247 1687 1326 1736 vir,
1356 1687 1431 1738 qui
1450 1687 1654 1728 inventus
1674 1691 1741 1728 est
1759 1687 1851 1728 sine

1126 1742 1318 1783 macula:
1360 1747 1404 1783 et
1446 1743 1521 1794 qui
1556 1747 1661 1795 post
1698 1756 1852 1783 aurum

1019 1810 1108 1838 non
1127 1797 1251 1847 abiit,
1276 1811 1358 1839 nec
1383 1799 1579 1851 speravit
1602 1799 1646 1839 in
1665 1799 1852 1851 pecunia

1021 1858 1064 1894 et
1084 1853 1314 1895 thesauris.
1351 1855 1459 1905 Quis
1486 1860 1553 1896 est
1578 1855 1665 1905 hic,
1695 1859 1738 1896 et
1762 1855 1851 1895 lau-

1021 1909 1223 1951 dabimus
1252 1910 1373 1952 eum?
1403 1911 1507 1953 fecit
1536 1914 1652 1953 enim
1679 1911 1851 1952 mirabi-

1019 1965 1078 2006 lia
1097 1966 1141 2006 in
1161 1967 1252 2008 vita
1271 1980 1358 2008 sua.

1335 2023 1546 2074 Hymnus.

1119 2101 1197 2129 esu
1215 2091 1381 2130 corona
1400 2089 1569 2138 celsior,

1137 2145 1194 2186 Et
1214 2145 1376 2186 veritas
1396 2144 1636 2195 sublimior,

1099 2201 1183 2251 Qui
1203 2201 1433 2242 confitenti
1453 2201 1628 2242 servulo

1098 2257 1270 2298 Reddis
1289 2259 1482 2309 perenne
1500 2257 1747 2309 praemium:

1049 2321 1116 2362 Da
1136 2321 1402 2374 supplicanti
1422 2322 1569 2371 co'etui,

1098 2378 1239 2429 Hujus
1258 2380 1426 2429 rogatu,
1449 2378 1571 2418 noxii

1098 2434 1423 2474 Remissic'mem
1444 2434 1649 2485 criminis,

1099 2489 1364 2541 Rumpendo
1383 2502 1545 2531 nexum
1564 2491 1737 2532 vinculi.

1050 2554 1163 2594 Anni
1182 2556 1360 2595 reverso
1380 2556 1592 2607 tempore,

1099 2611 1206 2652 Dies
1226 2610 1397 2651 refulsit
1415 2610 1590 2658 lumine,

1099 2668 1196 2717 Quo
1217 2667 1404 2707 Sanctus
1423 2666 1495 2707 hic
1515 2666 1570 2708 de
1590 2668 1776 2718 cerpore

1099 2723 1304 2774 Migravit
1322 2723 1436 2764 inter
1455 2722 1611 2764 sidera.
