2040 2944
463 216 638 252 Officium
664 219 837 253 votivum
864 220 910 253 de
936 220 992 254 Ss.
1015 220 1270 254 Eucharistiae
1295 222 1551 256 Suc-ramento.

206 308 307 350 Ant.
334 309 420 359 Qui
442 322 598 362 pacem
621 310 747 363 ponit
771 310 880 351 fines
903 310 984 351 Ec-

157 365 300 408 clesiae
313 398 322 416 ‚
353 366 557 408 frumenti
586 366 716 419 adipe
745 367 875 408 satiat
901 380 984 408 nos

155 422 381 464 Deminus.

201 486 460 539 Capitulum.
652 490 683 528 1.
704 489 801 530 Cor.
822 491 872 529 11.
893 503 927 531 e.

150 544 390 651 Fratres:
418 554 512 606 Ego
546 554 660 596 enim
683 554 836 607 accepi
857 554 984 595 31)(’1-

231 610 374 652 -1111110
412 610 532 663 quod
569 615 612 652 et
648 609 809 652 tradidi
845 610 983 661 vobis,

155 667 362 719 quoniam
391 667 607 709 D6minus
639 667 785 718 ι100110,
819 667 864 708 111
898 681 983 720 qua

153 728 284 765 nocte
310 723 582 775 tradebatur,
615 725 786 777 accepit
811 737 982 777 panem,

154 784 198 821 et
231 780 394 832 gratias
426 793 560 832 agens
593 781 741 831 fregit,
779 786 823 822 et
856 780 982 822 dixit:

1773 217 1865 261 [219]

1140 311 1329 354 Praestet
1347 312 1459 354 fides
1480 313 1833 366 supplementum

1139 367 1353 410 Sensuum
1372 369 1572 411 defectui.

1090 433 1300 484 Genitori,
1320 434 1568 488 Geniteque

1138 489 1255 531 Laus
1275 495 1319 532 et
1336 491 1545 543 jubilatio,

1138 546 1274 597 Salus,
1293 547 1445 597 honor,
1463 549 1603 590 virtus
1624 561 1798 601 quoque

1138 603 1202 645 Sit
1222 609 1266 645 et
1284 604 1550 647 benedictio:

1138 660 1402 703 Procedenti
1421 661 1476 703 ab
1493 664 1681 714 utroque

1141 717 1332 771 Compar
1351 718 1408 759 sit
1426 718 1631 760 laudatio.
1660 719 1812 761 Amen.

1087 772 1138 824 V.
1173 779 1338 821 Panem
1374 778 1429 820 de
1467 779 1581 821 coelo
1618 781 1864 832 praestitisti

153 836 374 890 Accipite,
408 842 451 879 et
480 836 763 879 manducate:
795 837 882 879 1100
914 842 981 878 est
1035 835 1108 875 eis,
1155 835 1205 887 [ᾗ.
1246 835 1387 878 Omne
1425 836 1789 878 delectamentum
1820 838 1863 877 in

153 906 315 947 corpus
334 907 489 946 meum,
513 893 633 947 quod
651 907 733 947 pro
753 893 879 935 vobis
898 898 982 935 tra·
1035 904 1082 933 se
1100 891 1346 934 habentem.

153 948 294 992 detur:
316 951 402 992 hoc
421 951 552 993 facite
570 952 615 992 in
632 964 775 993 meam
795 963 981 992 comme—

152 1008 452 1050 moratienem.

459 1077 670 1129 Hymnus.

285 1155 396 1194 ange
419 1143 568 1195 lingua
585 1144 766 1195 gloriesi

308 1199 517 1253 Cdrporis
536 1201 802 1254 mysterium,

254 1256 574 1310 sanguinisque
593 1257 786 1310 pretiosi,

255 1313 396 1364 Quem
415 1314 460 1355 in
477 1313 628 1356 mundi
645 1314 836 1367 pretium

253 1369 440 1412 Fructus
459 1371 625 1412 ventris
643 1371 846 1422 generosi

255 1426 352 1468 Rex
371 1427 524 1469 effudit
543 1427 760 1469 Gentium.

203 1500 343 1542 Nobis
362 1500 503 1551 datus,
521 1501 649 1543 nobis
668 1506 797 1543 natus

252 1557 321 1598 Ex
338 1557 503 1600 intacta
520 1558 714 1609 Virgine,

251 1613 309 1655 Et
326 1614 371 1655 in
389 1614 553 1658 mundo
575 1617 874 1664 conversatus,

251 1670 416 1724 Sparso
435 1671 559 1714 verbi
578 1672 752 1721 semine,

251 1726 327 1768 Sui
344 1741 491 1769 moras
509 1728 728 1773 incolatus

250 1782 363 1826 Miro
385 1784 540 1827 clausit
559 1785 725 1827 ordine.

200 1858 252 1898 In
272 1859 489 1911 supremae
507 1863 639 1901 noete
658 1871 808 1908 coenae,

251 1914 530 1957 Recumbens
550 1918 650 1957 eum
668 1915 876 1957 fratribus

251 1970 500 2014 Observata
516 1972 614 2024 lege
632 1972 762 2026 plene

252 2026 371 2069 Cibis
390 2029 434 2069 in
452 2028 678 2081 legalibus,

253 2083 408 2125 Cibum
426 2085 570 2127 turbae
591 2085 808 2127 duodenae

250 2140 305 2181 Se
327 2139 403 2182 dat
422 2141 511 2183 suis
529 2141 743 2183 manibus.

199 2213 395 2256 Verbum
414 2227 527 2265 caro,
546 2227 706 2268 panem
724 2227 877 2256 verum

249 2271 401 2313 Verbo
422 2284 598 2313 carnem
617 2271 765 2313 efficit:

246 2327 404 2380 Fitque
425 2328 600 2379 sanguis
615 2327 777 2370 Christi
795 2341 974 2378 merum,

248 2383 306 2425 Et
323 2384 361 2425 si
381 2397 534 2426 sensus
554 2384 712 2435 deficit,

248 2439 322 2482 Ad
338 2440 601 2483 firmandum
620 2454 695 2484 cor
713 2442 930 2484 sincerum

248 2497 351 2538 Sola
367 2497 479 2540 fides
498 2498 670 2540 sufficit.

201 2570 390 2612 Tantum
405 2584 510 2623 ergo
529 2572 858 2614 Sacramentum

248 2627 520 2670 Veneremur
540 2629 702 2670 cernui:

246 2683 304 2724 Et
323 2686 550 2736 antiquum
569 2684 880 2727 documentum

247 2739 378 2781 Novo
398 2740 526 2783 cedat
545 2742 662 2783 ritui:

1086 952 1157 993 Ad
1176 953 1348 1003 Magnis.
1368 953 1468 995 Ant.
1498 954 1535 994 O
1560 966 1691 1006 quam
1717 954 1862 995 suavis

1036 1014 1102 1050 est
1124 1011 1148 1036 *
1167 1009 1356 1052 Domine
1380 1011 1558 1063 spiritus
1581 1016 1694 1061 tuus⁷
1720 1012 1793 1064 qui
1814 1017 1863 1052 ut

1035 1065 1311 1108 dulcedinem
1333 1072 1455 1109 tuam
1479 1068 1523 1108 in
1546 1068 1660 1109 filios
1684 1067 1861 1109 demon-

1034 1124 1212 1174 strares,
1241 1137 1353 1176 pane
1381 1124 1640 1166 suavissimo
1666 1123 1720 1165 de
1747 1125 1861 1166 coelo

1033 1180 1251 1231 praestito,
1281 1181 1523 1222 esurientes
1551 1181 1696 1234 reples
1723 1181 1862 1228 bonis,

1034 1235 1286 1278 fastidiesos
1298 1237 1457 1279 divites
1467 1237 1690 1279 dimittens
1699 1238 1861 1279 inanes.

1365 1298 1527 1339 Oratio.

1122 1362 1213 1400 0110,
1239 1350 1314 1402 qui
1331 1349 1459 1392 nobis
1479 1350 1560 1391 sub
1579 1350 1860 1392 Sacramento

1136 1407 1326 1449 mirabili
1348 1407 1565 1460 passienis
1592 1412 1680 1449 tuae
1699 1410 1860 1450 meme-

1031 1464 1141 1505 riam
1164 1464 1394 1516 reliquisti:
1417 1464 1572 1514 tribue,
1599 1467 1860 1517 quaesumus,

1031 1521 1092 1562 ita
1123 1533 1204 1562 nos
1238 1521 1436 1574 eorporis
1467 1527 1511 1563 et
1543 1521 1765 1572 sanguinis
1796 1522 1861 1563 tui

1031 1590 1157 1619 sacra
1187 1578 1396 1630 mysteria
1429 1578 1645 1628 veneram
1681 1583 1729 1619 ut
1764 1578 1859 1619 red-

1031 1634 1266 1686 emptionis
1302 1639 1391 1675 tuae
1427 1635 1616 1675 fructum
1650 1635 1694 1675 in
1730 1634 1858 1675 nobis

1030 1691 1187 1742 jugiter
1207 1690 1461 1732 sentiamus:
1491 1691 1575 1741 Qui
1595 1690 1715 1731 vivis.

1083 1754 1147 1788 Ad
1169 1755 1482 1799 Completorium‚
1508 1760 1544 1790 ct
1566 1766 1636 1799 per
1655 1756 1794 1799 Horas,
1820 1757 1859 1790 in

1032 1802 1106 1837 fine
1130 1803 1372 1847 Hymnorum
1396 1805 1549 1839 dicitur:

1109 1855 1133 1895 J
1136 1865 1223 1902 esu,
1242 1851 1321 1894 tibi
1341 1851 1396 1893 sit
1413 1851 1563 1903 gloria,

1159 1908 1243 1959 Qui
1261 1913 1389 1950 natus
1409 1921 1456 1950 es
1475 1908 1530 1950 de
1550 1908 1742 1960 Virgine.

1188 1986 1275 2027 Ad
1306 1985 1693 2027 matutinum.

1083 2048 1254 2089 Invitat.
1275 2047 1498 2089 Christum
1516 2047 1684 2098 Regem
1704 2046 1855 2095 adore7

1027 2117 1124 2146 mus
1148 2103 1446 2146 dominantem
1470 2103 1698 2145 Gentibus:
1727 2106 1750 2130 *
1772 2103 1856 2153 Qui

1028 2174 1076 2203 se
1094 2160 1458 2203 manducantibus
1473 2160 1549 2202 dat
1568 2159 1746 2212 spiritus
1763 2160 1853 2212 pin-

1027 2217 1272 2269 guedinem.

1082 2277 1151 2317 Ps.
1171 2276 1339 2324 Venite,
1359 2273 1635 2316 exsultemus.
1654 2273 1691 2313 2.

1336 2338 1546 2389 Hymnus.

1032 2395 1216 2502 Sacris
1234 2398 1454 2440 solemniis
1475 2399 1620 2451 juncta
1645 2398 1731 2440 sint
1753 2402 1854 2449 gau-

1336 2454 1418 2502 dia,

1013 2566 1016 2570 .
1077 2513 1133 2554 Et
1170 2525 1224 2553 ex
1259 2512 1517 2564 praecordiis
1555 2517 1711 2553 sonent
1742 2525 1852 2565 prae-

1338 2569 1478 2619 conia;

1078 2624 1306 2667 Recedant
1360 2628 1536 2676 vetera,
1599 2638 1713 2666 nova
1766 2623 1851 2665 sint

1336 2682 1491 2732 omnia,

1131 2739 1284 2789 Corda,
1304 2752 1448 2789 voces,
1469 2744 1511 2780 et
1530 2740 1675 2790 epera.
