2040 2944
459 191 636 225 Officium
662 192 835 225 votivum
862 192 908 225 de
934 192 990 225 Ss
1014 192 1269 225 Eucharistiae
1293 193 1551 225 Sacranwnn‘).

1777 189 1868 233 [225]

449 285 599 325 Lectio
624 286 675 324 vi.

234 343 311 384 lim
330 357 429 385 cum
447 345 472 385 J
474 344 613 387 udaeis
633 345 830 387 Christus
850 345 984 386 disse-

256 413 373 450 rens,
395 401 492 442 Nisi
514 401 898 451 manducaveritis,
923 402 984 442 in-

85 466 88 470 ·
153 456 265 508 quit,
302 469 478 499 carnem
509 471 672 508 meam,
709 462 754 499 et
784 457 983 499 biberitis

150 525 297 553 meum
333 514 609 564 sanguinem,
645 527 733 555 non
766 513 983 555 habebitis

151 569 287 610 vitam
317 569 362 610 in
397 569 534 612 vobis.
589 570 699 611 Cum
732 575 880 611 autem
911 570 983 619 illi,

152 637 251 676 quae
271 624 388 667 dicta
411 626 594 676 fuerant,
618 639 706 667 non
729 625 984 679 spiritaliter

151 684 439 734 accepissent,
458 682 613 723 offensi
632 682 834 723 abierunt
848 687 983 723 retro:

150 737 366 789 putabant
393 739 507 780 enim
536 738 656 790 quod
682 751 760 780 eos
786 738 843 780 ad
866 751 982 779 man-

151 792 377 835 ducandas
393 807 547 836 earnes
561 794 825 836 hortaretur.
846 795 984 835 Erant

150 853 195 890 et
215 849 261 890 in
283 850 422 892 veteri
441 852 707 892 testamento
726 863 863 903 panes
883 863 982 903 pro-

149 905 397 957 positionis3
426 919 579 948 verum
607 906 669 947 illi
697 920 797 948 cum
822 907 983 948 faerint

149 962 312 1003 veteris
330 963 593 1012 testamenti,
612 963 744 1004 finem
757 964 843 1015 jam
862 975 982 1004 aece-

148 1020 318 1070 perunt.
362 1019 414 1060 In
438 1032 556 1062 novo
582 1032 688 1061 vero
715 1021 981 1061 testamento

149 1074 275 1126 panis
299 1079 366 1116 est
390 1075 595 1126 coelestiS,
620 1081 663 1117 et
688 1076 800 1118 calix
824 1075 981 1116 saluta-

149 1131 223 1179 ris,
250 1132 325 1183 qui
348 1137 392 1173 et
417 1132 607 1173 animam
629 1137 674 1173 et
700 1144 861 1184 corpus
887 1144 981 1172 san-

148 1186 353 1228 ctificant.
380 1187 678 1238 Quam6brem
695 1201 783 1229 non
803 1188 866 1229 sic
884 1187 982 1228 haec

148 1241 351 1284 attendas
377 1243 523 1293 velim,
548 1248 773 1296 tamquam
797 1244 882 1284 sint
907 1257 981 1284 nu-

148 1297 230 1339 dus
263 1303 308 1340 et
339 1299 527 1351 simplex
558 1300 705 1352 panis,
738 1298 905 1341 nudum
938 1303 981 1340 et

147 1354 338 1407 simplex⁴
360 1355 523 1396 vinum:
551 1368 712 1408 corpus
740 1356 854 1397 enim
880 1360 981 1396 sunt

148 1415 192 1452 et
219 1411 396 1462 sanguis
424 1411 597 1453 Christi.
643 1412 758 1452 Nam
786 1412 917 1467 etiam
945 1411 981 1452 si

149 1479 302 1508 sensus
337 1466 446 1509 illud
477 1467 558 1510 tibi
593 1468 832 1517 renuntiat,
869 1466 980 1508 fides

147 1527 295 1564 tamen
331 1528 376 1565 te
413 1524 655 1566 confirmet.
708 1524 777 1565 Ne
813 1523 980 1576 judices

147 1592 242 1620 rem
268 1592 322 1621 ex
349 1585 499 1631 gustu:
531 1580 611 1622 sed
637 1585 681 1622 te
710 1580 820 1621 citra
847 1579 980 1620 ullam

149 1634 468 1678 dubitationem
486 1636 598 1678 fides
622 1641 791 1678 certum
811 1634 980 1684 reddat,

150 1690 270 1743 quod
292 1692 351 1732 sis
371 1691 528 1743 dignus
548 1693 700 1742 factus,
725 1692 799 1744 qui
824 1694 980 1744 corpo-

148 1748 207 1788 ris
237 1752 282 1789 et
313 1749 535 1799 sanguinis
565 1748 725 1790 Christi
754 1747 980 1800 particeps

149 1803 288 1845 fieres.
340 1809 391 1860 R.
420 1804 517 1856 Ego
538 1818 635 1846 sum
653 1804 791 1857 panis.
811 1803 921 1856 [224]

373 1888 422 1926 In
442 1888 514 1926 III.
534 1888 758 1927 Nocturno.

200 1953 300 1994 Ant.
328 1947 555 1998 Introibo„

414 2022 614 2063 Psalmus
643 2023 707 2062 42.

157 2094 195 2126 ᾳ
223 2085 389 2136 ridica
424 2099 494 2128 me
527 2087 664 2135 Deus,
702 2090 745 2126 et
779 2084 979 2126 discerne

218 2142 254 2193 I:¹
277 2155 455 2183 causam
482 2155 626 2184 meam
653 2141 708 2183 de
734 2145 863 2191 gente
891 2153 979 2180 non

212 2191 251 2217 '⁷³³
277 2203 444 2247 sancta,
472 2199 495 2224 *
528 2198 583 2240 ab
617 2198 794 2239 homine
827 2198 979 2248 iniquo

149 2260 193 2296 et
216 2255 375 2296 doloso
395 2256 498 2296 erue
517 2267 598 2296 me.

200 2311 312 2361 Quia
334 2316 382 2352 tu
409 2323 455 2351 es
479 2311 601 2352 Deus
626 2309 842 2352 fortitudo
866 2320 979 2349 mea:

149 2369 172 2394 *
194 2379 330 2419 quare
349 2379 420 2408 me
440 2365 663 2419 repulisti?
689 2372 733 2408 et
754 2378 888 2418 quare
907 2364 978 2405 tri-

150 2422 422 2508 stispincedo,
447 2422 552 2464 dum
576 2423 730 2473 affligit
753 2435 823 2463 me
843 2421 978 2461 inimi-

150 2491 246 2519 cus.

201 2535 363 2576 Emitte
382 2535 525 2576 lucem
544 2540 665 2576 tuam
684 2539 728 2576 et
747 2534 978 2574 veritatem

150 2596 286 2632 tuam:
319 2591 343 2615 *
374 2591 471 2643 ipsa
504 2604 574 2632 me
609 2590 900 2637 deduxerunt,
936 2592 979 2628 et

151 2645 427 2688 adduxerunt
468 2647 512 2687 in
548 2651 743 2688 montem
780 2649 979 2685 sanctum

149 2708 287 2751 tuum,
319 2707 362 2743 et
389 2702 433 2742 in
459 2701 745 2744 tabernacula
772 2706 858 2742 tua.

305 2843 368 2867 Pars
385 2844 555 2867 Autumnalis.

1087 284 1145 325 Et
1168 283 1362 325 introibo
1392 283 1448 324 ad
1473 283 1612 324 altare
1638 283 1737 324 Dei:
1762 283 1786 308 *
1813 283 1870 324 ad

1036 340 1200 390 Deum,
1248 340 1321 392 qui
1366 340 1563 381 laetificat
1599 341 1869 391 juventutem

1035 409 1351 495 mssgiifitebor
1378 453 1459 495 tibi
1485 453 1530 493 in
1558 453 1726 494 cithara
1746 453 1869 494 Deus

1036 512 1158 552 Deus
1179 523 1317 551 meus:
1342 512 1366 537 *
1392 522 1527 562 quare
1546 509 1683 550 tristis
1707 522 1754 550 es
1779 509 1866 550 ani-

1035 580 1107 608 ma
1125 565 1246 607 mea?
1267 571 1310 607 et
1331 578 1465 618 quare
1487 564 1728 607 conturbas
1748 564 1841 606 me?

1087 623 1226 675 Spera
1258 623 1301 662 in
1334 623 1448 669 Deo,
1484 621 1692 673 quoniam
1725 620 1869 663 adhuc

1036 678 1282 720 confitebor
1319 678 1397 719 illi:
1433 679 1456 704 *
1494 677 1686 718 salutare
1723 678 1868 719 vultus

1035 735 1132 784 mei,
1153 739 1197 776 et
1216 735 1338 775 Deus
1360 747 1495 776 meus.

1089 792 1188 831 Ant.
1218 790 1417 832 Introibo
1440 789 1499 831 ad
1517 789 1656 831 altare
1676 789 1775 830 Dei:
1800 802 1867 830 su-

1035 860 1152 887 mam
1172 846 1403 896 Christum,
1427 847 1500 898 qui
1520 848 1705 887 renovat
1724 846 1868 897 juven-

1034 907 1175 944 tt'item
1193 916 1348 944 meam.

1086 962 1186 1001 Ant.
1216 959 1394 1001 Cibavit
1413 972 1495 1000 nos
1515 959 1742 1000 Deminus.

1308 1018 1505 1058 Psalmus
1526 1020 1598 1057 80.

1033 1069 1306 1175 Exsultate
1326 1073 1423 1113 Deo
1445 1071 1635 1123 adjutori
1654 1076 1821 1112 nostro:
1845 1071 1868 1097 *

1138 1129 1317 1180 jubilate
1336 1129 1433 1169 Deo
1454 1127 1605 1169 Jacob.

1086 1186 1254 1226 Samite
1271 1185 1501 1237 psalmum,
1522 1188 1566 1225 et
1581 1183 1683 1224 date
1699 1186 1866 1236 tympa-

1033 1255 1152 1282 num:
1177 1243 1200 1268 *
1225 1241 1483 1294 psalterium
1507 1238 1743 1291 iucundum
1768 1253 1868 1280 cum

1034 1298 1211 1339 cithara.
1405 1330 1409 1333 .

1086 1354 1327 1395 Buecinate
1354 1353 1398 1393 in
1423 1352 1667 1394 Neomenia
1693 1352 1815 1401 tuba,
1843 1353 1867 1377 *

1033 1410 1077 1450 in
1096 1410 1254 1461 insigni
1279 1408 1350 1450 die
1376 1408 1666 1450 solemnitatis
1692 1413 1867 1449 vestrae:

1086 1467 1199 1516 Quia
1220 1468 1495 1519 praeceptum
1518 1465 1561 1505 in
1582 1465 1720 1505 Israel
1739 1470 1820 1506 est:
1843 1467 1866 1491 *
1920 1470 1922 1472 ’

1034 1527 1078 1564 et
1097 1523 1305 1575 judicium
1324 1523 1420 1563 Deo
1441 1520 1591 1562 Jacob.

1086 1579 1407 1620 Testim6nium
1440 1578 1484 1617 in
1515 1576 1683 1628 Joseph
1717 1577 1866 1629 pesuit

1033 1634 1153 1683 illud,
1176 1647 1276 1676 cum
1297 1635 1436 1675 exiret
1455 1633 1510 1674 de
1531 1638 1648 1674 terra
1667 1633 1867 1684 AEgy'pti:

1033 1692 1057 1717 *
1076 1691 1284 1741 linguam,
1310 1702 1441 1742 quam
1460 1701 1548 1730 non
1569 1690 1768 1737 noverat,
1793 1701 1865 1728 au-

1033 1746 1152 1787 divit.

1084 1802 1273 1843 Divertit
1321 1801 1377 1842 ab
1429 1799 1636 1842 oneribus
1684 1798 1865 1840 dorsum

1034 1859 1139 1910 ejus:
1161 1860 1185 1885 *
1208 1870 1364 1898 manus
1385 1858 1476 1909 ejus
1496 1857 1540 1897 in
1563 1854 1756 1907 cephino
1777 1867 1864 1896 ser-

1032 1916 1216 1956 vierunt.

1084 1971 1135 2010 In
1159 1969 1441 2011 tribulatiOne
1467 1966 1686 2008 invocasti
1708 1978 1795 2015 me,
1822 1970 1865 2006 et

1033 2026 1218 2067 liberavi
1244 2030 1308 2066 te:
1340 2027 1363 2051 *
1393 2023 1597 2065 exaudivi
1623 2028 1668 2063 te
1696 2022 1739 2062 in
1768 2020 1864 2062 abs-

1033 2081 1215 2124 cendito
1255 2080 1553 2132 tempestatis:
1597 2077 1784 2130 probavi
1820 2082 1865 2118 te

1033 2138 1152 2191 apud
1177 2150 1336 2189 aquam
1361 2134 1728 2177 contradictionis

1086 2194 1203 2235 Audi
1236 2192 1429 2245 populus
1463 2203 1606 2240 meus,
1640 2194 1684 2231 et
1717 2193 1863 2230 conte-

1033 2250 1186 2291 stabor
1211 2254 1271 2290 te:
1294 2250 1318 2274 *
1342 2247 1482 2288 Israel
1505 2247 1542 2287 si
1566 2245 1758 2287 audieris
1781 2257 1864 2293 me,

1034 2319 1121 2347 non
1147 2305 1229 2346 erit
1252 2305 1296 2345 in
1321 2308 1366 2344 te
1391 2303 1500 2344 deus
1525 2314 1694 2350 reeens,
1720 2312 1864 2352 neque

1032 2361 1240 2404 adorabis
1261 2360 1392 2400 deum
1411 2358 1611 2399 alienum.

1083 2418 1178 2467 Ego
1209 2416 1323 2457 enim
1355 2428 1452 2455 sum
1480 2414 1574 2454 Dfis
1602 2413 1723 2454 Deus
1751 2418 1863 2460 tuus,

1034 2474 1109 2526 qui
1136 2472 1268 2514 eduxi
1298 2477 1342 2513 te
1372 2470 1427 2511 de
1459 2475 1578 2511 terra
1605 2469 1808 2521 AEgypti:
1839 2469 1862 2492 *

1034 2530 1168 2571 dilata
1188 2541 1238 2569 os
1256 2532 1390 2575 tuum,
1411 2531 1454 2567 et
1473 2525 1667 2577 implebo
1687 2523 1804 2565 illud.

1083 2586 1140 2626 Et
1177 2597 1265 2625 non
1306 2582 1474 2623 audivit
1509 2581 1703 2633 pepulus
1739 2590 1861 2619 meus

1031 2653 1187 2683 vocem
1214 2651 1373 2680 meam:
1401 2639 1424 2665 *
1453 2643 1496 2679 et
1522 2636 1660 2677 Israel
1687 2647 1774 2675 non
1801 2634 1861 2673 in-

1031 2696 1172 2739 tendit
1191 2694 1309 2736 mihi,

1611 2822 1638 2852 P
