2040 2944
178 172 251 207 360

183 269 434 308 sanctorum
459 268 649 314 suorum,
676 264 731 306 de
758 278 889 306 manu
914 279 1013 318 pec-

182 324 343 365 catoris
362 321 567 363 liberabit
587 334 676 363 eos.

234 379 330 419 Lux
362 384 459 419 orta
492 383 560 419 est
594 379 725 429 justo,
753 378 776 403 *
805 383 849 419 et
882 378 1013 420 rectis

182 434 316 477 corde
336 434 500 476 laetitia.

233 490 465 532 Laetamini
488 490 590 543 justi
617 490 660 530 in
688 489 895 531 Domino:
920 491 944 516 *
971 495 1015 531 et

181 547 450 590 confitemini
481 547 707 588 memoriae
736 547 1013 588 sanctificati-

183 604 278 646 onis
299 605 400 655 ejus.

236 664 335 703 Ant.
382 660 578 703 Adorate
601 660 842 701 Dominum
863 671 1014 701 omnes

183 717 341 768 Angeli
367 719 475 769 ejus:
503 716 671 758 audivit
698 722 742 758 et
769 716 920 758 laetata
948 719 1015 756 est

180 774 295 815 Sion.

236 832 334 872 Ant.
351 829 607 872 Benedicite
619 830 810 871 Domino
820 830 843 855 *
863 841 1015 870 omnes

182 886 342 937 Angeli
369 888 477 939 ejus,
507 887 713 939 potentes
741 886 920 934 virtute,
958 885 1015 926 fa-

183 943 347 985 cientes
380 943 564 985 verbum
594 942 721 992 illius,
750 941 808 983 ad
841 941 1015 983 audien-

184 999 287 1041 dam
305 1012 462 1041 vocem
482 1000 736 1040 sermonum
755 998 857 1050 ejus.

444 1055 642 1095 Psalmus
662 1054 755 1093 102.

268 1113 423 1156 enedic
455 1113 599 1153 anima
630 1125 728 1153 mea
755 1111 961 1153 Domino:
993 1112 1017 1137 *

297 1176 341 1212 et
367 1170 522 1219 omnia,
550 1181 649 1221 quae
672 1169 787 1210 intra
811 1180 880 1209 me
906 1172 1016 1217 sunt,

183 1227 348 1268 nomini
369 1231 523 1268 sancto
545 1227 648 1278 ejus.

235 1282 432 1324 Benedic
461 1282 606 1323 anima
633 1293 731 1322 mea
758 1281 966 1322 Domino:
993 1280 1017 1306 *

185 1345 228 1381 et
252 1339 343 1381 noli
367 1338 569 1380 oblivisci
593 1350 746 1380 omnes
770 1337 1016 1379 retributio-

183 1409 262 1437 nes
282 1397 384 1447 ejus.

237 1452 320 1502 Qui
343 1451 610 1505 propitiatur
636 1450 837 1492 omnibus
865 1450 1018 1501 iniqui-

184 1508 350 1551 tatibus
375 1509 479 1549 tuis:
498 1509 522 1534 *
543 1508 618 1560 qui
641 1512 766 1549 sanat
787 1519 940 1548 omnes
958 1506 1018 1546 in-

184 1566 413 1607 firmitates
432 1571 542 1607 tuas.

237 1623 321 1673 Qui
359 1621 533 1663 redimit
570 1621 625 1662 de
666 1621 844 1662 interitu
884 1620 1019 1660 vitam

183 1685 320 1720 tuam:
349 1679 373 1704 *
399 1678 474 1730 qui
502 1679 686 1719 coronat
712 1682 756 1718 te
784 1677 828 1717 in
855 1676 1018 1717 miseri-

186 1734 338 1776 cordia
357 1740 401 1776 et
420 1733 786 1775 miserationibus.

238 1792 323 1841 Qui
351 1791 493 1844 replet
520 1790 564 1830 in
591 1789 721 1831 bonis
750 1788 1019 1831 desiderium

184 1852 322 1888 tuum:
344 1850 367 1874 *
393 1845 678 1889 renovabitur
703 1850 752 1886 ut
776 1845 936 1897 aquilae
961 1845 1018 1896 ju-

187 1906 341 1945 ventus
361 1909 452 1945 tua:

238 1960 423 2002 Faciens
443 1957 769 2001 misericordias
789 1957 1019 1998 Dominus:

186 2018 209 2043 *
251 2022 294 2058 et
334 2016 542 2068 iudicium
580 2014 783 2057 omnibus
819 2013 1019 2065 injuriam

186 2073 467 2125 patientibus.

240 2129 382 2171 Notas
401 2129 505 2171 fecit
526 2128 618 2169 vias
643 2140 744 2168 suas
764 2126 919 2178 Moysi,
934 2127 959 2154 *
973 2126 1019 2167 fi-

187 2185 255 2226 liis
275 2186 411 2227 Israel
430 2186 680 2227 voluntates
700 2196 812 2225 suas.

240 2241 487 2292 Miserat0r‚
524 2247 567 2283 et
593 2241 844 2282 misericors
871 2239 1020 2280 Domi-

187 2310 285 2361 nus:
311 2299 334 2325 *
360 2298 638 2349 longanimis,
662 2302 705 2339 et
731 2296 918 2337 multum
945 2295 1020 2335 mi-

190 2365 387 2395 sencors.

239 2409 341 2450 Non
373 2410 416 2450 in
448 2411 713 2462 perpetuum
739 2409 970 2449 irascetur:
997 2408 1020 2433 *

189 2477 332 2516 neque
350 2465 394 2506 in
414 2468 626 2507 aeternum
646 2463 995 2506 comminabitur.

240 2521 343 2562 Non
379 2521 621 2563 secundum
655 2523 839 2574 peccata
869 2524 1021 2560 nostra

189 2577 293 2619 fecit
311 2577 454 2618 nobis:
475 2580 499 2605 *
520 2590 663 2629 neque
683 2576 926 2619 secundum
944 2575 1019 2615 ini-

191 2633 381 2685 quitates
402 2638 578 2674 nostras
597 2633 800 2675 retribuit
819 2631 958 2673 nobis.

242 2689 461 2739 Quoniam
484 2689 726 2731 secundum
745 2687 1021 2730 altitiidinem

562 171 632 204 Die
657 171 686 203 2.
714 170 903 204 Octobris
951 170 1007 202 Ss.
1036 169 1270 210 Angelorum
1295 168 1519 202 Custodum.

1069 264 1170 306 coeli
1198 277 1223 305 a
1248 269 1379 305 terra:
1403 264 1426 288 *
1445 262 1750 304 corroboravit
1774 262 1900 304 mise-

1068 320 1304 362 ricordiam
1323 332 1448 361 suam
1466 331 1600 371 super
1617 319 1820 360 timentes
1841 330 1900 359 56.

1121 378 1341 428 Quantum
1374 375 1509 417 distat
1542 380 1665 416 ortus
1698 374 1753 417 ab
1787 374 1900 416 occi-

1069 433 1215 475 dente:
1230 435 1254 460 *
1273 433 1404 483 longe
1427 431 1532 473 fecit
1555 443 1581 472 a
1599 430 1727 473 nobis
1747 430 1901 483 iniqui-

1068 492 1183 531 tates
1205 494 1390 530 nostras.

1121 545 1356 596 Quomodo
1383 545 1615 586 miseretur
1640 548 1767 596 pater
1793 542 1901 584 filio-

1069 616 1177 652 rum,
1200 603 1405 643 misertus
1429 606 1497 642 est
1515 599 1732 641 Dominus
1750 599 1901 641 timen-

1069 658 1187 700 tibus
1213 671 1274 700 se:
1302 660 1325 685 *
1351 657 1558 710 quoniam
1581 657 1676 709 ipse
1697 655 1903 707 cognovit

1070 716 1326 766 figmentum
1345 719 1555 755 nostrum.

1122 770 1403 813 Recordatus
1428 776 1496 812 est
1525 771 1732 823 quoniam
1757 768 1903 822 pulvis

1070 841 1235 869 sumus:
1259 828 1283 854 *
1307 826 1452 877 homo,
1479 827 1592 868 sicut
1618 827 1784 868 foenum
1809 824 1904 867 dies

1071 885 1178 982 ejus,
1205 889 1431 935 tamquam
1459 883 1543 925 flos
1571 883 1665 935 agri
1692 883 1755 924 sic
1783 882 1902 924 efflo-

1069 942 1117 982 re
1150 941 1193 982 it.

1123 997 1341 1047 Quoniam
1360 997 1539 1049 spiritus
1559 994 1846 1048 pertransibit
1860 995 1905 1036 in

1070 1053 1157 1104 1110,
1177 1059 1221 1096 61
1239 1067 1329 1096 11011
1348 1053 1572 1095 subsistet:
1590 1053 1615 1079 *
1634 1056 1678 1093 61
1695 1064 1785 1093 11011
1804 1064 1904 1103 cog-

1070 1113 1226 1152 noscet
1246 1110 1434 1163 amplius
1451 1109 1600 1150 locum
1620 1121 1758 1149 suum.

1122 1165 1427 1208 Misericordia
1460 1170 1608 1207 autem
1635 1164 1815 1206 Domini
1848 1163 1904 1206 ab

1071 1225 1249 1273 aeterno,
1273 1224 1296 1250 *
1315 1227 1358 1264 et
1376 1234 1518 1274 usque
1537 1222 1582 1262 in
1602 1222 1816 1263 aeternum
1835 1233 1903 1262 su-

1070 1292 1150 1331 per
1167 1279 1372 1320 timentes
1392 1291 1503 1319 eum.

1122 1336 1179 1377 Et
1190 1335 1353 1387 justitia
1363 1335 1478 1375 illius
1488 1335 1533 1375 in
1543 1333 1659 1375 filios
1670 1332 1871 1382 filiorum,
1881 1332 1904 1358 *

1071 1392 1138 1433 his
1158 1392 1233 1444 qui
1252 1396 1428 1433 servant
1446 1391 1760 1432 testamentum
1781 1389 1886 1441 ejus:

1123 1449 1180 1490 Et
1207 1450 1426 1490 memores
1459 1452 1560 1488 511111
1596 1445 1905 1487 mandatorum

1071 1505 1222 1558 ipsius,
1242 1506 1266 1532 *
1283 1504 1340 1546 ad
1359 1503 1606 1545 faciendum
1626 1515 1689 1543 ea.

1125 1562 1342 1603 Dominus
1362 1561 1406 1601 in
1426 1559 1541 1602 coelo
1561 1557 1735 1612 paravit
1754 1557 1906 1599 sedem

1072 1631 1210 1660 suam:
1233 1619 1256 1644 *
1275 1622 1320 1659 et
1338 1629 1523 1667 regnum
1544 1616 1683 1668 ipsius
1703 1613 1906 1655 omnibus

1073 1673 1382 1716 dominabitur.

1123 1730 1379 1772 Benedicite
1411 1728 1604 1770 Domino
1638 1740 1791 1769 omnes
1818 1727 1906 1768 An-

1071 1787 1158 1838 geli
1178 1787 1285 1839 ejus:
1300 1787 1323 1812 *
1339 1787 1545 1838 potentes
1560 1784 1732 1833 virtum,
1748 1784 1905 1825 facien-

1071 1848 1139 1885 tes
1174 1842 1357 1884 verbum
1389 1841 1520 1891 illius,
1553 1840 1609 1882 ad
1642 1839 1907 1882 audiendam

1071 1912 1228 1941 vocem
1247 1900 1499 1940 sermonum
1518 1897 1620 1949 ejus.
1641 1941 1646 1948 ,

1123 1955 1380 1998 Benedicite
1392 1954 1584 1995 Domino
1601 1964 1755 1994 omnes
1773 1951 1906 1993 virtu-

1071 2017 1139 2053 tes
1161 2013 1266 2064 ejus:
1285 2012 1308 2038 *
1328 2009 1517 2052 ministri
1535 2010 1638 2062 ejus,
1662 2008 1738 2060 qui
1761 2007 1907 2049 facitis

1073 2068 1347 2110 voluntatem
1366 2068 1469 2119 ejus.

1124 2124 1385 2166 Benedicite
1399 2122 1592 2164 Domino
1609 2120 1755 2162 omnia
1770 2121 1908 2172 opera

1073 2182 1180 2233 ejus:
1203 2181 1227 2207 *
1252 2180 1296 2221 111
1322 2179 1442 2222 0111111
1467 2179 1569 2220 loco
1595 2177 1907 2219 dominationis

1073 2238 1174 2288 ejus,
1194 2235 1380 2279 benedic
1399 2235 1543 2277 anima
1561 2246 1660 2276 mea
1677 2233 1881 2275 Domino.

1129 2300 1228 2340 Ant.
1258 2292 1512 2337 Benedicite
1535 2290 1727 2332 Domino
1753 2302 1906 2331 omnes

1073 2349 1232 2400 Angeli
1261 2349 1368 2400 ejus,
1400 2349 1606 2400 potentes
1634 2346 1813 2395 virtute,
1846 2345 1904 2386 fa-

1073 2405 1238 2447 cientes
1265 2404 1450 2447 verbum
1477 2403 1611 2452 illius,
1645 2401 1703 2443 ad
1731 2401 1905 2444 audien-

1074 2461 1176 2503 dam
1194 2474 1351 2503 vocem
1370 2461 1622 2501 sermonum
1641 2458 1743 2510 ejus.

1130 2520 1180 2571 Y,
1190 2519 1242 2559 In
1257 2517 1499 2569 conspectu
1513 2514 1785 2565 Angelorum
1798 2514 1908 2567 psal-

1072 2573 1160 2614 lam
1185 2573 1266 2615 tibi
1291 2573 1413 2614 Deus
1436 2583 1572 2612 meus.
1609 2575 1660 2626 R.
1689 2569 1904 2612 Adorabo

1073 2629 1130 2671 ad
1149 2628 1363 2681 templum
1379 2632 1579 2668 sanctum
1591 2631 1727 2676 tuum,
1747 2631 1791 2667 et
1805 2639 1905 2668 con-

1072 2685 1234 2727 fitebor
1251 2683 1418 2725 nomini
1437 2687 1526 2724 tuo.
1638 2699 1640 2702 ·
