2040 2944
780 191 1018 233 Praepamtio

172 290 210 322 et
231 287 440 323 Deminum
463 288 759 333 dominantium,
786 293 894 325 tanta
917 301 1000 325 sus-

171 337 313 381 cipiam
335 338 551 373 reverentia
577 342 614 374 et
638 339 868 384 humilitate,
893 343 1001 375 tanta

172 387 402 423 contritiene
432 392 470 423 et
499 388 726 433 devotiOne,
758 394 866 425 tanta
896 391 1000 434 puri-

170 439 247 472 tate
280 442 318 473 et
346 438 439 482 fide,
469 439 539 474 tali
572 440 777 484 proposito
811 444 848 475 et
879 441 1000 476 inten-

170 487 289 532 tione,
310 488 410 523 sicut
430 489 588 533 expedit
605 489 721 524 saluti
738 490 877 525 animae
892 501 999 526 meae.

170 537 230 573 Da
244 538 355 582 mihi,
380 549 530 583 quaeso,
553 539 747 575 Dominici
768 542 943 585 corporis
964 546 1000 576 et

171 588 372 632 sanguinis
396 599 476 624 non
500 590 627 625 solum
652 591 849 635 suscipere
873 602 999 627 sacra-

169 639 352 682 mentum,
391 639 462 674 sed
497 640 612 675 etiam
641 651 722 675 rem
753 645 790 676 et
818 642 999 677 virtutem

170 689 409 724 sacramenti.
443 688 474 724 O
498 689 700 725 mitissime
716 690 833 735 Deus,
859 692 909 726 da
931 692 998 726 mi-

168 738 211 773 hi
243 748 386 783 corpus
418 739 608 783 unigeniti
638 740 726 774 Filii
758 741 815 776 tui
842 741 998 776 Domini

168 789 292 824 nostri
323 789 420 824 «Iesu
454 789 615 834 Christi,
655 791 761 835 quod
798 792 916 827 traxit
951 793 998 828 de

168 838 328 882 Virgine
351 838 489 883 Maria,
525 840 582 875 sic
608 841 820 885 suscipere,
853 846 895 876 ut
919 843 998 876 cer-

169 888 257 932 pori
280 899 352 924 suo
376 891 543 935 mestico
573 892 722 926 merear
744 891 998 936 incorporari,

169 942 206 973 et
243 938 343 974 inter
384 940 466 983 ejus
509 941 682 975 membra
721 942 996 976 connumerari.

169 988 200 1024 Ο
236 989 499 1024 amantissime
528 989 661 1035 Pater,
701 991 869 1026 concede
903 992 999 1026 mihi

168 1037 352 1073 dilectum
366 1038 508 1074 Filium
528 1043 650 1084 tuum,
675 1051 790 1085 quem
813 1052 915 1076 nunc
935 1052 999 1077 ve-

167 1088 288 1124 latum
311 1089 352 1123 in
374 1089 441 1124 via
466 1091 663 1135 suscipere
679 1093 869 1136 propono,
893 1102 999 1127 reve-

166 1138 246 1174 lata
280 1138 437 1174 tandem
476 1139 575 1175 facie
607 1143 796 1186 perpetuo
832 1146 998 1178 contem-

166 1188 277 1233 plari.
324 1188 398 1231 Qui
427 1193 554 1225 tecum
577 1191 692 1235 vivit,
726 1196 763 1232 et
792 1196 927 1236 regnat
957 1193 997 1227 in

167 1238 313 1274 unitate
338 1238 505 1284 Spiritus
529 1241 654 1276 sancti
677 1241 794 1286 Deus,
819 1246 888 1278 etc.

202 1330 346 1372 Oratio
373 1332 424 1372 ad
446 1299 567 1373 BIM.
586 1302 759 1374 V†ante
782 1334 964 1374 Missam.

430 1392 536 1423 Indulg.
558 1393 608 1417 100
627 1392 742 1418 dierum.

342 1435 400 1461 Leo
420 1435 474 1461 PP.
495 1436 573 1461 XIII.
598 1436 633 1461 17.
657 1436 734 1461 Febr.
759 1437 829 1462 1883.

236 1479 359 1515 Mater
373 1480 531 1524 pietatis
549 1485 587 1516 et
602 1482 892 1526 misericordiae,
908 1482 997 1517 bea-

1044 192 1093 225 ud
1116 193 1282 227 Missam.

1787 198 1878 243 [335]

1386 295 1555 330 oremus.

1059 357 1196 430 Deus,
1220 349 1287 393 qui
1311 350 1453 385 dedisti
1475 351 1590 386 nobis
1610 352 1738 396 regale
1756 362 1879 387 sacer-

1135 398 1292 443 dotium,
1309 405 1454 444 praesta
1470 402 1702 445 quaesumus,
1721 407 1763 437 ut
1780 403 1880 437 sicut

1050 448 1187 484 beatus
1200 449 1225 483 J
1228 450 1351 494 oseph
1367 451 1606 494 unigenitum
1617 452 1756 487 Filium
1771 456 1879 487 tuum

1051 503 1182 534 natum
1203 509 1252 534 ex
1267 499 1388 534 Maria
1406 500 1576 544 Virgine,
1601 502 1683 536 suis
1700 502 1878 537 manibus

1051 551 1270 584 reverenter
1298 552 1461 585 tractare
1487 551 1625 586 meruit
1650 556 1687 587 et
1711 555 1877 596 portare,

1053 599 1106 634 ita
1127 609 1200 634 nos
1226 600 1348 635 facias
1372 611 1458 635 cum
1481 601 1610 636 cordis
1631 602 1819 636 munditia
1841 607 1879 637 et

1053 649 1182 693 operis
1198 649 1418 685 innocentia
1437 651 1514 686 tuis
1530 651 1673 686 sanctis
1691 652 1877 687 altaribus

1053 699 1258 743 deservire,
1270 704 1312 734 ut
1324 702 1611 735 sacrosanctum
1621 701 1709 735 Filii
1719 702 1775 736 tui
1786 701 1877 737 Cor-

1050 760 1124 793 pus
1152 754 1188 785 et
1215 750 1448 794 Sanguinem
1473 751 1589 786 hodie
1616 751 1730 795 digne
1753 754 1876 786 suma-

1051 810 1152 843 mus,
1175 804 1212 835 et
1232 800 1271 834 in
1288 800 1415 836 futuro
1433 801 1576 836 saeculo
1594 802 1795 845 praemium
1810 802 1876 836 ha-

1051 850 1140 884 bere
1175 852 1388 885 mereamur
1420 852 1612 886 aeternum.
1662 851 1736 886 Per
1769 851 1876 887 Chri-

1053 904 1153 934 stum
1169 900 1375 935 Dominum
1393 905 1576 936 nostrum.
1612 901 1746 936 Amen.

1127 1013 1270 1054 Oratio
1298 1014 1349 1054 ad
1377 1027 1520 1055 omnes
1548 1014 1732 1065 Angelos
1761 1015 1803 1055 et.
1872 1032 1875 1036 ·

1369 1071 1561 1111 Sanctos.

1314 1139 1419 1168 indum.
1443 1139 1489 1162 10⁴*
1509 1138 1623 1163 (Herum.

1233 1181 1288 1205 Leo
1311 1181 1363 1206 ΡΙ).
1384 1182 1461 1206 XIII.
1482 1182 1519 1205 ’.Μ
1545 1182 1606 1206 Dec.
1631 1182 1700 1206 lffll.

1104 1231 1222 1274 ngeli,
1239 1230 1488 1275 Archangeli,
1509 1231 1673 1274 Throni,
1693 1231 1875 1266 Domina-

1124 1282 1260 1325 tiones,
1275 1282 1531 1326 Principatus,
1547 1282 1775 1325 Potestates,
1790 1282 1875 1316 Vir-

1023 1364 1027 1378 ,
1048 1334 1148 1367 tutes
1172 1332 1368 1375 coelerum,
1389 1331 1607 1375 Cherubim,
1633 1335 1747 1375 atque
1768 1331 1875 1366 Sera-

1047 1383 1171 1427 phim,
1206 1392 1339 1417 omnes
1363 1381 1509 1425 Sancti,
1545 1386 1582 1416 et
1612 1381 1764 1417 Sanctae
1791 1381 1875 1425 Dei,

1047 1433 1264 1477 praesertim
1301 1432 1459 1467 Patreni
1496 1433 1591 1476 mei,
1640 1432 1875 1467 intercedere

1049 1483 1261 1528 dignemini
1285 1493 1356 1527 pro
1380 1494 1451 1526 me,
1473 1487 1514 1518 ut
1536 1483 1611 1518 hoc
1635 1481 1875 1518 Sacrificium

261 1529 411 1565 fissima
430 1530 552 1575 Virgo
569 1531 706 1575 Maria,
729 1527 801 1576 ego
822 1532 941 1567 miser
961 1536 998 1567 et
1047 1533 1131 1568 Deo
1156 1533 1410 1577 omnipotenti
1435 1533 1550 1577 digne
1571 1533 1723 1568 valeam
1740 1533 1874 1568 offerre

166 1579 348 1624 indignus
369 1583 553 1625 peccator
573 1582 624 1616 ad
644 1586 681 1617 te
705 1582 996 1626 confugio-toto
1049 1583 1099 1617 ad
1120 1582 1275 1617 laudem
1300 1586 1337 1617 et
1360 1582 1521 1626 gleriam
1545 1583 1711 1617 nominis
1734 1582 1808 1626 sui,
1839 1586 1876 1617 et

167 1629 284 1665 corde
316 1634 353 1666 et
384 1631 537 1675 affectu,
577 1635 614 1666 et
644 1642 784 1676 precor
813 1632 998 1676 pietatem

166 1684 286 1716 tuam:
309 1684 351 1716 ut
375 1682 475 1717 sicut
499 1681 724 1718 dulcissimo
741 1682 840 1718 Fih'o
864 1686 931 1718 tuo
957 1682 997 1717 in

167 1740 279 1766 eruce
310 1731 497 1775 pendenti
530 1732 702 1776 astitisti,
746 1733 800 1767 ita
833 1736 871 1768 et
901 1733 997 1767 mihi

165 1782 307 1818 misero
322 1782 529 1826 peccateri‚
547 1786 584 1818 et
597 1783 864 1819 sacerdetibus
879 1784 997 1819 omni-

165 1832 240 1867 bus
263 1831 329 1867 hic
352 1835 390 1867 et
411 1832 452 1867 in
475 1836 557 1868 tota
582 1838 715 1869 sancta
734 1834 910 1869 Ecclesia
930 1834 996 1869 ho-

168 1881 231 1917 die
267 1881 532 1926 offerentibus,
576 1883 782 1919 clementer
815 1884 996 1919 assistere

168 1932 350 1976 digneris,
372 1936 414 1968 ut
438 1936 504 1968 tua
528 1933 652 1977 gratia
678 1933 814 1976 adjuti,
839 1933 997 1978 dignam

168 1987 205 2016 et
228 1982 506 2027 acceptabilem
528 1983 697 2018 hostiam
723 1983 763 2018 in
787 1984 996 2027 conspectu

168 2041 328 2067 summae
350 2036 387 2067 et
408 2033 622 2068 individuae
638 2033 839 2068 Trinitatis
861 2033 995 2068 offerre

166 2081 376 2117 valeamus.
413 2082 549 2118 Amen.
997 2075 1003 2089 ¹

303 2173 447 2215 Oratio
476 2175 528 2214 ad
555 2175 597 2214 S.
625 2174 865 2226 Josephum.

426 2242 531 2273 Indulg.
555 2243 602 2267 1(κί
624 2242 738 2267 dicrum.

396 2286 462 2311 Pius
482 2286 529 2311 IX.
550 2286 572 2311 4.
594 2286 673 2311 rehu
697 2286 767 2311 1⁵77.

245 2330 395 2365 felicem
418 2331 546 2367 virum
568 2332 724 2367 beatum
747 2331 908 2374 Joseph,
932 2331 993 2365 cui

268 2380 400 2416 datum
424 2386 492 2425 est,
510 2382 646 2426 Deum,
670 2393 784 2426 quem
807 2381 916 2416 multi
937 2392 993 2416 re-

166 2439 234 2473 ges
253 2432 460 2467 voluerunt
475 2432 619 2476 videre,
643 2436 680 2468 et
703 2442 781 2467 non
804 2431 992 2474 viderunt,

166 2480 316 2524 audire,
349 2486 386 2516 et
410 2492 489 2517 non
513 2483 734 2525 audierunt,
765 2491 843 2516 non
867 2481 993 2516 solum

164 2530 298 2566 Videre
322 2536 359 2566 et
383 2532 526 2576 audire,
549 2532 619 2567 sed
643 2533 807 2576 portare,
833 2530 1011 2571 deoscu-,

163 2579 246 2623 lari,
269 2582 411 2616 vestire
436 2586 473 2617 et
497 2582 700 2617 custodire.

216 2626 262 2672 V.
304 2630 381 2666 Ora
417 2642 489 2676 pro
528 2632 643 2667 nobis
682 2631 794 2666 beate
831 2629 990 2673 Joseph.

165 2680 208 2724 R.
247 2679 299 2715 Ut
337 2681 445 2724 digni
482 2682 693 2716 efficiamur
726 2679 991 2724 promissieni-

163 2728 237 2764 bus
261 2729 417 2765 Christi.

1049 1632 1099 1667 ad
1121 1632 1326 1667 utilitatem
1352 1642 1494 1675 meam,
1527 1632 1722 1676 totiusque
1745 1632 1874 1667 Eccle-

1049 1682 1119 1717 siae
1143 1692 1225 1716 suae
1250 1686 1404 1717 sanctae.
1438 1685 1572 1717 Amen.

1325 1796 1356 1836 Ο
1385 1809 1407 1836 r
1434 1809 1459 1836 a
1485 1796 1505 1836 t
1531 1796 1547 1836 i
1575 1808 1598 1835 o

1050 1867 1315 1903 tantummodo
1353 1867 1514 1900 dicenda
1553 1867 1707 1913 quando
1743 1866 1872 1900 Sacer-

1094 1918 1165 1952 dos
1192 1918 1228 1951 in
1254 1917 1437 1950 honorem
1464 1916 1609 1954 Sancti,
1634 1917 1695 1950 vel
1719 1916 1829 1950 Beati

1257 1961 1261 1964 Δ
1284 1967 1442 2000 Missam
1468 1967 1644 2000 celebrat.

1309 2025 1413 2055 Indulg.
1437 2026 1484 2049 100
1503 2025 1618 2050 dicrum.

1227 2075 1284 2099 Leo
1306 2075 1359 2099 ΡΙ).
1380 2074 1456 2099 xm.
1478 2075 1518 2099 91».
1541 2075 1603 2099 Dee.
1628 2074 1698 2099 18⁸1.

1116 2135 1247 2166 sancte
1264 2131 1298 2164 N
1302 2159 1325 2174 .,
1350 2141 1438 2166 ecce
1459 2140 1532 2174 ego
1548 2129 1666 2164 miser
1680 2130 1870 2173 peccator,

1131 2181 1178 2216 de
1191 2181 1268 2216 tuis
1282 2181 1427 2215 meritis
1444 2180 1625 2222 confisus,
1638 2179 1756 2214 effero
1769 2189 1870 2214 nunc

1048 2232 1349 2267 sacratissimum
1374 2231 1659 2266 Sacramentum
1684 2228 1869 2273 Cerporis

1048 2286 1084 2317 et
1100 2281 1307 2325 Sanguinis
1323 2280 1478 2316 Demini
1500 2279 1624 2315 nostri
1645 2279 1669 2314 J
1671 2290 1740 2314 esu
1762 2278 1869 2314 Chri-

1047 2332 1096 2367 sti
1112 2342 1184 2375 pro
1200 2336 1267 2366 tuo
1283 2331 1429 2366 honere
1452 2334 1488 2365 et
1504 2330 1637 2374 gloria.
1667 2329 1810 2364 Precor
1832 2332 1868 2363 te

1044 2383 1238 2417 humiliter
1255 2386 1291 2417 et
1308 2382 1460 2424 devete,
1482 2384 1524 2415 ut
1543 2390 1615 2424 pro
1636 2390 1696 2414 me
1713 2379 1868 2414 interce-

1046 2433 1135 2467 dere
1164 2432 1350 2475 digneris,
1381 2435 1422 2466 ut
1453 2434 1601 2465 tantum
1630 2429 1868 2465 Sacrificium

1047 2483 1161 2526 digne
1184 2486 1221 2517 et
1242 2481 1528 2525 acceptabiliter
1550 2480 1684 2514 offerre
1707 2479 1867 2519 valeam,

1044 2536 1085 2566 ut
1101 2542 1187 2567 eum
1203 2535 1345 2574 tecum,
1374 2535 1410 2566 et
1431 2541 1517 2565 cum
1538 2530 1715 2565 Omnibus
1737 2527 1866 2562 electis

1045 2582 1126 2625 ejus
1144 2581 1375 2616 aeternaliter
1389 2581 1563 2623 laudare,
1588 2584 1701 2623 atque
1718 2587 1803 2612 cum
1820 2586 1865 2611 eo

1043 2633 1202 2675 regnare
1219 2631 1380 2665 valeam.
1413 2630 1487 2671 Qui
1502 2629 1601 2664 vivit
1621 2632 1658 2663 et
1677 2630 1810 2670 regnat
1826 2626 1866 2660 in

1045 2681 1187 2716 saecula
1205 2680 1442 2715 saeculorum.
1477 2679 1610 2713 Amen.
