2040 2944
635 187 745 221 Dom.
770 187 834 221 HI.
861 187 940 222 Oct.
987 188 1173 222 Puritatis
1202 189 1238 221 Β.
1266 189 1311 222 Μ.
1340 189 1379 221 V.

199 277 250 330 V.
276 281 387 323 Cum
404 281 675 334 jucunditate
689 281 986 332 virginitatem

152 337 298 380 beatae
322 338 475 380 Mariae
499 350 675 390 semper
697 337 893 387 Virginis
917 349 984 378 ce-

151 394 383 437 lebremus.
435 396 485 446 Rz.
521 395 581 437 Ut
611 394 711 446 ipsa
743 405 825 446 pro
856 393 985 435 nobis

150 451 395 494 intercedat
444 451 503 494 ad
550 451 791 493 Deminum
834 450 859 491 J
861 463 985 492 esum

152 508 385 551 Christum.

201 572 271 613 Ad
297 572 472 623 Magnis.
515 574 614 615 Ant.
642 572 764 613 Nihil
786 572 983 624 inquina-

150 635 244 673 tum
272 631 317 672 in
351 643 448 673 eam
482 629 679 672 incurrit:
719 627 885 670 candor
917 633 985 670 est

150 687 261 729 lucis
298 689 495 737 aeternae,
542 691 586 728 et
623 686 854 739 speculum
890 685 984 726 sine

148 744 332 786 macula.

484 801 649 842 Oratio.

147 866 278 972 Da,
312 872 581 924 quaesumus,
614 870 895 920 omnipotens
928 880 982 908 ae-
1046 880 1049 882 ·

244 929 369 970 terne
388 928 525 970 Deus:
550 931 599 968 ut
618 925 867 979 purissimae
885 924 983 966 Vir-

150 983 262 1036 ginis
294 984 448 1026 Mariae
482 983 808 1035 integerrimam
839 981 982 1032 Virgi-

149 1041 333 1083 nitatem
369 1041 528 1083 festiva
565 1038 822 1082 celebritate
854 1050 982 1079 vene-

151 1099 315 1149 rantes;
344 1098 435 1151 ejus
458 1096 792 1145 intercessione,
818 1094 981 1147 purita-

149 1159 241 1196 tem
263 1154 422 1196 mentis
448 1159 492 1196 et
517 1153 719 1207 corporis
739 1153 980 1203 consequa-

146 1224 254 1252 mur.
281 1212 367 1254 Per
387 1211 636 1253 Dominum.

196 1272 244 1307 Et
268 1272 309 1306 fit
334 1282 530 1307 commem.
556 1273 707 1308 Domin.
734 1285 878 1309 occurr.

133 1390 135 1396 s
307 1344 395 1386 Ad
426 1343 817 1386 matutinum.

199 1402 325 1443 Invit.
352 1402 662 1454 Virginitatem
680 1401 889 1454 Deiparae
914 1413 980 1442 ce-

146 1457 381 1500 lebremus:
402 1462 426 1486 *
451 1458 673 1500 Christum
701 1458 794 1510 ejus
820 1456 981 1498 Filium

146 1513 382 1557 adoremus
401 1516 651 1557 Dominum.

197 1576 267 1618 Ps.
294 1577 459 1628 Venite,
479 1576 759 1619 exsultemus.
776 1576 814 1617 2.

456 1645 669 1696 Hymnus.

301 1708 429 1751 stella
447 1708 587 1751 Jacob
607 1707 784 1760 fulgida,

321 1766 358 1808 O
379 1766 486 1808 solis
504 1766 642 1807 instar
661 1762 895 1818 splendida

250 1823 442 1873 Aurora,
463 1835 550 1876 qua
565 1822 627 1863 nil
644 1821 797 1875 purius

251 1880 461 1932 Refulget
479 1879 593 1922 inter
614 1878 771 1920 sidera.

194 1944 332 1988 Stolis
351 1948 524 1988 amictae
544 1943 756 1996 candidis,

249 2002 352 2045 Tibi
371 2005 562 2045 catervae
581 2001 780 2044 co'elitum

249 2059 481 2110 Plaudunt‚
501 2061 730 2111 sacraeque
748 2056 939 2109 virgines

249 2115 427 2158 Laudes
444 2117 662 2170 perennes
682 2114 927 2157 cencinunt.

196 2180 311 2231 Quin
330 2181 629 2234 obsequentes
650 2178 840 2221 offerunt

249 2237 456 2289 Ligustra
476 2242 520 2280 et
538 2237 639 2279 alba
657 2236 760 2286 lilia3

251 2294 428 2336 Candor
448 2293 529 2336 sed
546 2293 705 2336 horum
723 2291 911 2333 vincitur

251 2351 454 2393 Candore
475 2351 586 2392 casti
605 2348 812 2403 pectoris.

200 2414 363 2458 Nostra
381 2415 654 2467 Angelorum
671 2411 877 2455 laudibus

250 2471 437 2524 Abiecta
455 2471 586 2514 tellus
606 2473 819 2512 assonans

250 2527 323 2570 Ad
342 2533 461 2570 astra
478 2540 611 2570 voces
631 2526 795 2574 efferat,

249 2584 307 2626 Et
324 2584 521 2636 Virginis
539 2582 774 2637 praeconia.

198 2648 311 2698 Jesu,
331 2648 412 2690 tibi
431 2649 488 2689 sit
505 2648 657 2699 gloria,

250 2704 337 2754 Qui
353 2709 483 2746 natus
503 2717 550 2745 es
570 2703 626 2745 de
644 2702 839 2752 Virgine,

1776 184 1871 229 [287]

1143 280 1253 321 Cum
1271 280 1403 321 Patre
1423 284 1467 321 et
1485 279 1602 321 almo
1622 280 1799 332 Spiritu,

1139 336 1191 376 In
1210 335 1478 388 sempiterna
1496 337 1670 378 saecula.
1691 337 1844 379 Amen.

1271 411 1319 450 In
1347 412 1377 450 Ι.
1406 412 1627 451 Nocturno.

1089 464 1139 514 V·
1175 474 1404 516 Venerunt
1436 475 1543 517 mihi
1576 477 1722 518 omnia
1752 476 1869 519 bona

1036 530 1202 582 pariter
1228 543 1327 572 cum
1350 531 1435 572 illa.
1474 530 1522 580 Rg.
1544 532 1602 574 Et
1624 533 1867 575 innumera-

1036 586 1136 628 bilis
1156 586 1364 628 honestas
1381 600 1462 640 per
1480 601 1635 630 manus
1655 589 1781 631 illius.

1161 666 1228 705 De
1250 664 1442 707 Canticis
1462 666 1745 708 canticorum.

1086 725 1237 766 Lectio
1259 725 1281 763 i.
1656 723 1758 774 Cap.
1777 726 1812 763 2.

1046 784 1104 838 Ὕξ»
1118 804 1140 844 ,x
1153 794 1209 832 go
1234 781 1317 823 flos
1342 782 1503 835 campi,
1532 787 1576 824 et
1602 783 1739 824 lilium
1766 797 1866 826 con-

1119 837 1148 884 ’ᾗ
1170 838 1357 880 vallium.
1417 838 1538 880 Sicut
1576 839 1714 881 lilium
1754 841 1868 883 inter

1044 893 1116 916 ἑ*
1171 895 1338 946 spinas,
1371 895 1434 936 sic
1462 898 1602 937 amica
1629 909 1727 938 mea
1754 897 1867 940 inter

1035 950 1160 992 filias.
1203 951 1324 993 Sicut
1351 951 1492 993 malus
1520 952 1632 994 inter
1655 953 1772 1004 ligna
1797 955 1865 995 sil-

1035 1009 1206 1059 varum,
1237 1008 1300 1050 sic
1323 1007 1510 1050 dilectus
1536 1022 1660 1051 meus
1682 1010 1795 1052 inter
1820 1011 1866 1052 fi—

1034 1063 1129 1106 lios.
1166 1065 1259 1107 Sub
1281 1064 1436 1107 umbra
1459 1065 1573 1106 illius
1600 1079 1730 1118 quem
1754 1066 1865 1108 desi-

1036 1120 1311 1171 deraveram,
1350 1121 1458 1163 sedi:
1497 1127 1541 1163 et
1572 1122 1739 1164 fructus
1774 1124 1866 1175 ejus

1036 1176 1177 1219 dulcis
1196 1178 1361 1230 gutturi
1379 1191 1491 1220 meo.
1522 1179 1773 1221 Introduxit
1796 1193 1866 1222 me

1033 1233 1078 1275 in
1113 1235 1269 1276 cellam
1300 1234 1529 1285 vinariam,
1571 1234 1792 1277 ordinavit
1822 1236 1867 1277 in

1033 1303 1104 1332 me
1124 1292 1364 1333 caritatem.
1391 1291 1560 1333 Fulcite
1581 1304 1652 1334 me
1671 1292 1866 1342 floribus,

1034 1347 1198 1400 stipate
1221 1360 1292 1389 me
1315 1347 1456 1389 malis:
1485 1348 1588 1400 quia
1607 1351 1755 1390 amere
1774 1349 1864 1390 lan-

1033 1416 1159 1454 gueo.
1196 1405 1331 1446 Laeva
1355 1406 1447 1456 ejus
1473 1404 1554 1446 sub
1580 1405 1724 1457 capite
1748 1418 1864 1456 meo,

1034 1466 1078 1502 et
1102 1460 1283 1503 dextera
1307 1461 1423 1502 illius
1441 1461 1766 1514 amplexabitur
1784 1475 1865 1504 me.
1910 1476 1913 1478 ’

1034 1517 1203 1569 Adiuro
1240 1530 1321 1559 vos
1362 1517 1466 1559 filiae
1502 1517 1746 1559 Jerusalem
1786 1531 1867 1571 per

1033 1576 1229 1626 capreas,
1254 1576 1500 1626 cervosque
1520 1576 1787 1627 camporum,
1810 1588 1865 1617 ne

1032 1630 1269 1679 suscitetis,
1295 1643 1439 1682 neque
1463 1630 1671 1681 evigilare
1694 1630 1865 1672 faciatis

1033 1684 1254 1736 dilectam,
1297 1685 1587 1738 quoadusque
1618 1686 1716 1738 ipsa
1748 1686 1864 1728 velit.
1908 1735 1911 1739 .

1032 1743 1136 1783 Vox
1167 1742 1317 1784 dilecti
1349 1742 1452 1791 mei,
1491 1754 1596 1784 ecce
1627 1742 1712 1784 iste
1744 1743 1865 1784 venit

1032 1798 1193 1840 saliens
1207 1799 1252 1840 in
1265 1798 1498 1848 montibus,
1513 1798 1761 1840 transiliens
1777 1799 1863 1840 col-

1032 1855 1111 1896 les:
1143 1855 1296 1897 similis
1332 1860 1399 1897 est
1426 1853 1614 1897 dilectus
1642 1867 1766 1897 meus
1795 1857 1862 1896 ca-

1031 1924 1167 1964 preae,
1200 1911 1470 1964 hinnuloque
1502 1912 1744 1952 cervorum.
1795 1912 1863 1952 En

1030 1968 1127 2020 ipse
1159 1972 1248 2010 stat
1275 1972 1380 2021 post
1406 1969 1621 2020 parietem
1648 1972 1862 2017 nostrum,

1031 2024 1271 2077 respiciens
1303 2037 1385 2077 per
1416 2025 1648 2073 fenestras,
1690 2025 1861 2076 prospi-

1032 2081 1151 2122 ciens
1183 2093 1264 2133 per
1296 2080 1527 2122 cancellos.
1580 2080 1647 2120 En
1675 2079 1861 2122 dilectus

1031 2150 1154 2178 meus
1186 2137 1383 2189 loquitur
1413 2136 1535 2177 mihi:
1572 2136 1727 2187 Surge,
1760 2138 1860 2188 pro-

1030 2206 1139 2247 pera
1175 2195 1317 2235 amica
1352 2205 1466 2243 mea,
1508 2191 1714 2234 columba
1744 2205 1860 2242 mea,

1031 2250 1227 2292 formosa
1244 2262 1357 2299 mea,
1377 2254 1421 2290 et
1439 2248 1550 2290 veni.

1080 2306 1131 2357 R.
1170 2305 1369 2347 Dilectus
1396 2317 1522 2346 meus
1546 2303 1669 2353 mihi,
1705 2308 1750 2345 et
1778 2316 1860 2354 ego

1030 2363 1109 2411 illi,
1136 2362 1210 2414 qui
1237 2361 1435 2413 pascitur
1459 2361 1572 2402 inter
1595 2360 1701 2400 lilia:
1717 2358 1739 2381 *
1763 2360 1860 2400 Pul-

1031 2419 1137 2460 chra
1162 2431 1210 2459 es
1234 2419 1375 2458 amica
1400 2429 1514 2467 mea,
1543 2416 1692 2458 suavis
1718 2420 1762 2457 et
1788 2415 1859 2457 de·
1904 2424 1907 2426 ’

1032 2477 1137 2516 cera
1162 2474 1275 2515 sicut
1293 2473 1553 2522 Jerusalem,
1582 2471 1789 2514 terribilis
1812 2476 1860 2511 ut
1903 2523 1906 2527 ι

1020 2532 1278 2577 ,castrorum
1301 2529 1418 2570 acies
1443 2528 1656 2571 ordinata.
1694 2521 1743 2571 V·
1764 2527 1859 2568 Una

1031 2591 1099 2628 est
1131 2585 1336 2627 columba
1368 2598 1483 2634 mea,
1522 2584 1717 2637 perfecta
1749 2593 1858 2622 mea.

1030 2642 1246 2684 Viderunt
1263 2653 1361 2682 eam
1378 2640 1482 2682 ffliae
1500 2641 1615 2689 Sion,
1640 2644 1683 2680 et
1700 2638 1856 2679 beatis-

1030 2699 1186 2747 simam
1204 2696 1567 2749 praedicaverunt.
1593 2693 1781 2736 Pulchra
1798 2704 1856 2733 es.
