2040 2944
196 155 288 200 [324]

249 257 299 308 R.
326 251 505 293 Amavit
525 263 624 292 eum
644 240 876 300 Dominus,
896 255 941 292 et
961 263 1028 292 or-

196 308 317 350 navit
353 320 466 350 eum:
507 306 667 349 stolam
707 306 860 358 gloriae
888 307 1030 348 induit

197 377 314 414 eum,
339 371 361 394 *
388 364 446 405 Et
473 362 531 406 ad
556 369 710 417 portas
737 363 933 416 paradisi
961 377 1030 406 co-

196 421 371 462 ronavit
392 433 502 462 eum.
528 421 578 471 V.
598 420 747 462 Induit
765 433 865 462 eum
879 421 1029 462 Domi-

196 490 278 518 nus
302 477 485 519 loricam
509 477 631 527 fidei,
658 482 702 519 et
725 478 899 519 ornavit
919 491 1030 519 eum.

196 534 253 575 Et
277 533 333 575 ad
357 538 522 586 portas.

498 623 650 664 Lectio
672 624 724 665 vi.

273 691 292 728 t
309 686 510 728 invidens
535 689 713 728 satanas
737 687 869 728 variis
892 689 1030 728 terro-

308 743 429 785 ribus
453 743 569 784 illius
588 743 831 785 monachos
850 743 1030 786 turbare

195 800 428 850 nitebatur,
447 805 583 841 noctu
601 800 861 842 monasterii
880 801 1030 852 januas

196 856 416 899 hostiliter
451 857 677 898 invadens.
725 857 813 899 Sed
848 857 915 898 vir
946 857 1031 898 Dei

196 914 337 956 hostis
372 915 588 966 impetum
623 913 685 955 ita
716 914 946 966 repressit,
982 918 1031 955 ut

195 970 400 1012 monachi
423 970 467 1010 in
487 975 639 1012 sancto
663 971 866 1011 instituto
890 970 1030 1021 magis

196 1027 570 1077 confirmarentur,
595 1040 647 1068 ac
666 1027 806 1080 patris
826 1027 1030 1069 sanctita-

195 1089 285 1125 tem
311 1086 613 1135 agnoscerent.
648 1084 816 1136 Spiritu
840 1083 1031 1136 prophe-

196 1143 270 1182 tiae
290 1140 475 1192 aliisque
500 1140 629 1181 donis
654 1141 820 1182 enituit.
855 1141 964 1190 Quae
983 1145 1031 1182 ut

196 1209 372 1249 semper
403 1196 625 1249 profunda
655 1196 902 1239 humilitate
931 1210 1031 1238 con-

196 1254 399 1304 servavit,
418 1254 479 1295 ita
499 1258 653 1294 contra
672 1266 719 1295 se
735 1253 950 1295 daemonis
970 1254 1030 1294 in-

196 1309 359 1352 vidiam
386 1310 639 1360 concitavit,
664 1323 690 1352 a
715 1324 802 1363 quo
827 1323 1031 1363 praeceps

197 1372 321 1408 actus
340 1379 421 1420 per
441 1367 584 1408 scalas
605 1368 803 1417 oratorii,
826 1372 870 1409 et
888 1380 1032 1421 prope

196 1422 530 1472 interimendus,
558 1424 907 1476 praesentissimo
933 1425 1030 1466 Vir-

196 1479 308 1530 ginis
330 1479 548 1521 benefieio
572 1480 865 1522 incolumitati
888 1480 1031 1522 reddi-

197 1541 268 1577 tus
297 1541 375 1577 est.
424 1536 555 1586 Quod
582 1536 846 1578 beneficium
876 1539 1031 1590 perpe-

197 1597 273 1634 tua
306 1597 349 1634 et
382 1592 594 1643 singulari
630 1593 674 1634 in
710 1593 831 1635 illam
865 1594 1032 1647 pietate

198 1648 525 1691 commendavit
561 1649 618 1691 ad
654 1649 857 1692 ultimum
892 1664 1033 1703 usque

197 1705 300 1747 vitae
324 1705 544 1758 spiritum,
573 1719 703 1758 quem
726 1707 817 1749 fere
843 1720 1032 1759 nonage-

198 1762 357 1811 narius,
382 1762 617 1804 sanctitate
640 1768 683 1805 et
702 1764 926 1806 miraculis
948 1764 1031 1806 cla-

197 1831 282 1868 rus,
302 1818 399 1860 Deo
419 1818 613 1861 reddidit
632 1832 746 1862 anno
766 1821 921 1863 saisitis
941 1820 1032 1862 mil-

198 1874 354 1916 lesimo
401 1873 704 1918 ducentesimo
755 1878 1032 1930 sexagesimo

198 1931 354 1983 primo,
373 1936 500 1973 sexto
516 1932 744 1975 Kalendas
759 1934 1033 1976 Decembris.

248 1997 298 2048 Rl·
320 1993 411 2035 Iste
431 1993 577 2036 homo.
597 1995 677 2048 [72]

249 2074 292 2108 In
316 2073 381 2108 ΠΙ.
406 2074 607 2109 Nocturno
632 2076 804 2110 Homilia
826 2077 863 2110 in
882 2077 1027 2120 Evang.

200 2123 299 2157 Ecce
322 2132 395 2157 nos
418 2121 656 2164 reliquimus.
684 2125 730 2158 de
757 2125 902 2159 Comm.
928 2126 1028 2161 Abb.

199 2171 226 2203 1.
252 2171 348 2204 loco.
377 2169 458 2213 [80]

158 2262 163 2268 ⁴
248 2226 380 2261 Lectio
399 2228 447 2260 ix.
466 2228 512 2261 de
531 2228 565 2261 S.
580 2228 695 2263 Petro
715 2230 839 2273 Episc.
859 2236 894 2265 et
909 2231 1028 2269 Mart,

199 2274 306 2312 euius
328 2285 522 2309 commem.
542 2277 582 2310 fit
599 2277 638 2310 in
656 2277 775 2311 Laud.
801 2275 875 2310 463.

477 2376 645 2418 Eadem
665 2378 760 2420 Die.

203 2448 245 2488 S.
271 2447 523 2490 Leonardi
551 2460 582 2490 a
607 2450 763 2491 Portu
791 2451 1033 2493 Mauritio

471 2503 757 2545 Confessoris.

528 2573 692 2616 Duplex.

252 2637 388 2670 Omnia
422 2636 467 2670 de
494 2637 638 2671 Comm.
670 2640 777 2674 Conf.
812 2653 888 2676 non
918 2644 1027 2677 Pont.

204 2686 273 2729 [67]
293 2690 434 2728 praetcr
459 2696 563 2728 sequ.

496 162 568 196 Die
592 162 645 196 26.
669 161 769 196 Nov.
817 162 852 196 S.
877 162 1072 196 Leonardi
1098 172 1119 195 a
1144 162 1263 196 Portu
1284 162 1466 196 Mauritio
1493 162 1602 197 Conf.

1424 257 1588 298 Oratio.

1084 308 1263 414 Deus,
1289 308 1364 361 qui
1387 309 1432 349 in
1455 308 1691 360 obstinatis
1713 313 1917 362 peccato-

1201 378 1298 406 rum
1314 365 1522 408 cordibus
1542 365 1600 408 ad
1613 367 1919 420 poenitentiam

1083 422 1314 464 flectendis
1322 421 1504 464 beatum
1513 422 1795 466 Leonardum
1807 424 1917 466 Con-

1083 479 1297 520 fessorem
1324 484 1448 521 tuum
1475 481 1611 532 opere
1637 492 1690 521 ac
1715 482 1919 523 sermone

1083 538 1312 588 potentem
1337 535 1535 578 effecisti:
1563 536 1620 578 da
1648 539 1919 588 quaesumus3

1083 597 1133 634 ut
1150 605 1232 646 per
1256 594 1348 645 ejus
1367 606 1525 646 preces
1546 598 1590 635 et
1607 593 1765 635 merita
1783 606 1807 635 e
1827 596 1919 635 cor-

1084 648 1214 691 dibus
1237 649 1400 691 nostris
1420 649 1697 692 contritionis
1715 649 1920 692 lacrimas

1085 705 1243 748 elicere
1262 706 1500 748 valeamus.
1527 707 1612 748 Per
1629 707 1881 749 Dominum.

1136 771 1183 805 Et
1204 771 1245 805 fit
1269 780 1512 805 commemor.
1539 770 1573 805 S.
1598 770 1704 805 Petri
1727 770 1857 815 Episc.
1882 776 1920 806 et

1083 824 1192 857 Mart.
1218 819 1293 854 463.

1135 880 1179 914 In
1209 879 1236 913 Ι.
1269 879 1470 913 Nocturno
1503 879 1709 914 Lectiones
1743 879 1790 914 de
1819 879 1919 915 Scri-

1083 932 1197 971 ptura
1222 930 1457 962 occurrente.

1318 993 1368 1032 In
1387 993 1438 1032 ΙΙ.
1458 993 1683 1032 Nocturno.

1388 1054 1541 1095 Lectio
1560 1054 1615 1094 iv.

1088 1110 1100 1134 r
1124 1105 1423 1165 ,qelonardus
1457 1106 1502 1147 in
1540 1107 1678 1148 Portu
1713 1107 1920 1150 Mauritio

1088 1168 1090 1190 ⁵
1127 1159 1196 1226 5233}
1220 1162 1277 1204 ad
1297 1175 1375 1204 ora
1394 1163 1620 1214 Ligustica
1634 1163 1776 1205 Italiae
1797 1169 1920 1206 ortus

1088 1241 1196 1244 ζ
1222 1224 1289 1261 est
1319 1220 1578 1272 parentibus
1603 1220 1772 1273 pietate
1801 1222 1920 1272 egre-

1084 1276 1167 1327 giis
1199 1277 1366 1329 potius,
1406 1289 1540 1328 quam
1576 1279 1737 1329 genere
1773 1278 1921 1328 claris3

1086 1333 1161 1384 qui
1182 1336 1371 1385 puerum
1398 1333 1589 1375 animam
1615 1336 1820 1376 sortitum
1843 1333 1920 1377 bo-

1084 1402 1201 1439 nam,
1231 1389 1380 1431 divina
1408 1390 1584 1432 favente
1611 1391 1768 1441 gratia,
1799 1391 1844 1432 in
1870 1391 1920 1433 ti-

1085 1447 1208 1487 more
1237 1446 1418 1487 Domini
1447 1447 1567 1488 omni
1594 1460 1701 1488 cura
1724 1447 1921 1490 institue-

1085 1507 1197 1544 runt.
1230 1502 1481 1544 Mirandum
1504 1508 1599 1545 erat
1622 1516 1723 1545 eum
1745 1504 1790 1545 in
1813 1508 1921 1546 tem-

1085 1558 1161 1611 plo
1181 1559 1252 1600 vel
1272 1558 1394 1600 domi
1409 1559 1560 1602 videre
1581 1565 1625 1602 et
1644 1559 1808 1611 audire,
1828 1562 1922 1603 sive

1085 1615 1277 1657 fervidas
1310 1614 1368 1658 ad
1395 1615 1542 1658 Deum
1571 1617 1798 1660 effundere
1825 1630 1921 1670 pre-

1086 1685 1171 1723 ceS,
1191 1673 1284 1714 sive
1298 1672 1467 1714 hortari
1482 1676 1735 1716 coaetaneos
1750 1673 1808 1717 ad
1826 1674 1922 1716 reli-

1085 1729 1227 1780 gionis
1253 1729 1526 1782 aliarumque
1549 1731 1763 1773 virtutum
1785 1733 1923 1784 opera

1087 1785 1346 1827 exercenda.
1374 1785 1653 1829 Adolescens
1673 1787 1923 1830 studiorum

1087 1855 1220 1884 causa
1256 1843 1447 1884 Romam
1487 1844 1648 1886 missus
1690 1843 1747 1887 ad
1783 1845 1923 1887 instar

1086 1899 1190 1940 novi
1204 1899 1361 1941 sideris
1380 1899 1425 1940 in
1441 1900 1718 1952 Gregoriano
1734 1901 1923 1953 collegio

1085 1961 1179 1997 tum
1198 1956 1444 1998 litterarum
1460 1970 1512 1999 ac
1526 1958 1808 2000 scientiarum
1821 1971 1923 2012 pro-

1085 2012 1215 2062 fectu,
1234 2018 1328 2054 tum
1343 2013 1625 2066 potissimum
1644 2015 1746 2056 vitae
1766 2014 1922 2057 sancti-

1085 2072 1176 2111 tate
1196 2069 1369 2112 effi'llsit.
1401 2071 1426 2111 J
1428 2083 1499 2112 am
1519 2071 1574 2113 de
1593 2071 1757 2113 virtute
1775 2071 1820 2112 in
1839 2072 1921 2112 vir-

1085 2129 1226 2167 tutem
1246 2126 1446 2178 quotidie
1462 2128 1602 2179 magis
1621 2127 1922 2181 progrediens,

1085 2187 1134 2224 ut
1155 2182 1348 2224 intimius
1367 2184 1466 2225 Deo
1492 2187 1677 2226 serviret
1700 2198 1753 2227 ae
1774 2185 1920 2238 proxi-

1084 2241 1259 2280 morum
1276 2239 1453 2282 utilitati
1467 2243 1656 2291 vacaret,
1677 2240 1732 2283 de
1751 2241 1922 2292 religio-

1086 2309 1136 2337 so
1173 2296 1375 2338 instituto
1413 2297 1722 2350 amplectendo
1759 2298 1920 2349 cogita-

1085 2353 1158 2394 vit.
1199 2352 1256 2394 Et
1287 2352 1391 2394 licet
1422 2355 1607 2406 patruus
1639 2367 1720 2407 pro
1754 2354 1921 2396 viribus

1084 2409 1307 2459 niteretur,
1331 2415 1379 2451 ut
1398 2410 1519 2451 'hunc
1543 2413 1752 2464 nepotem
1778 2414 1921 2464 appri-

1084 2478 1155 2507 me
1188 2479 1339 2507 carum
1370 2466 1426 2508 ab
1454 2466 1707 2519 hujusmodi
1736 2468 1920 2509 consilio

1085 2522 1350 2572 retraheret,
1387 2523 1485 2576 ipse
1520 2529 1684 2573 tamen,
1723 2524 1920 2576 ejusdem

1084 2578 1309 2621 blanditiis
1320 2580 1537 2632 minisque
1547 2580 1827 2632 posthabitis,
1839 2581 1921 2622 fra-

1085 2640 1201 2676 trum
1229 2636 1449 2677 Minorum
1481 2636 1835 2679 excalceatorum
1867 2638 1919 2678 ri-

1085 2692 1268 2742 gidioris
1288 2692 1582 2735 observantiae
1603 2694 1829 2736 consortio
1849 2707 1919 2736 co-
