2040 2944
183 163 279 208 [178]

234 261 472 303 Venientes
515 264 662 300 autem
695 258 872 299 venient
913 271 1013 299 cum

183 316 491 364 exsultatione,
515 316 538 342 *
564 315 794 366 portantes
818 316 1012 366 manipu-

184 373 251 414 los
272 385 386 413 suos.

235 427 386 469 Gloria
405 427 536 468 Patri.

451 485 648 524 Psalmus
670 485 754 523 126.

278 539 331 579 isi
364 538 579 579 Dominus
615 537 901 579 aedificaverit
935 536 1010 577 do-

298 607 434 643 mum,
462 596 485 620 *
516 594 560 634 in
594 606 754 635 vanum
786 592 1011 634 laborave-

181 656 281 692 runt
302 651 376 702 qui
396 649 617 691 aedificant
636 662 742 692 eam.

231 706 328 747 Nisi
362 705 577 746 Dominus
617 704 877 746 custodierit
911 704 1011 745 civi-

181 764 334 810 tatem,
357 762 380 786 *
404 761 565 802 frustra
589 760 741 812 vigilat
768 760 842 812 qui
868 761 1010 801 custo-

181 816 244 859 dit
265 829 370 858 eam.

231 873 407 914 Vanum
451 878 518 914 est
559 871 685 913 vobis
727 875 827 912 ante
868 870 1011 911 lucem

180 932 375 980 surgere:
394 929 417 953 *
438 927 603 978 surgite
626 931 865 980 postquam
888 925 1010 967 sede-

179 984 288 1033 ritis,
327 984 402 1035 qui
435 982 709 1025 manducatis
742 995 903 1035 panem
935 981 1009 1024 do—

179 1040 296 1081 loris.

235 1096 344 1137 Cum
385 1094 556 1137 dederit
596 1095 770 1137 dilectis
812 1094 902 1135 suis
944 1107 1011 1136 so-

180 1165 342 1192 mnum:
371 1153 394 1177 *
423 1164 526 1193 ecce
562 1151 800 1192 haeroditas
833 1151 1011 1191 Domini

180 1207 273 1248 filii:
291 1219 471 1257 merces,
490 1207 657 1248 fructus
677 1207 855 1248 ventris.

231 1263 351 1304 Sicut
379 1265 551 1313 sagittae
579 1262 622 1303 in
646 1275 777 1303 manu
802 1262 1010 1314 potentis:

181 1320 204 1344 *
223 1319 284 1360 ita
303 1319 382 1359 filii
403 1321 701 1360 excussorum.

210 1416 212 1418 ,
232 1374 398 1415 Beatus
427 1374 494 1415 vir
522 1374 596 1426 qui
619 1373 818 1426 implovit
842 1373 1010 1415 desido-

181 1428 292 1468 rium
315 1442 443 1470 suum
466 1441 521 1470 ex
540 1429 664 1481 ipsis:
683 1429 707 1454 *
725 1441 814 1470 non
834 1429 1011 1470 confun-

182 1483 310 1524 de'tur
343 1497 442 1525 cum
474 1484 681 1536 loquetur
708 1484 894 1526 inimicis
923 1484 1011 1525 suis

181 1539 225 1578 in
243 1544 384 1591 porta.

235 1594 386 1636 Gloria
405 1595 534 1636 Patri.

446 1655 644 1695 Psalmus
664 1654 748 1694 127.

183 1704 353 1826 Beati
381 1719 549 1756 omnes,
579 1707 653 1758 qui
681 1707 835 1748 timent
861 1707 1010 1748 Domi-

283 1775 403 1811 num,
431 1764 455 1789 *
487 1762 560 1814 qui
595 1762 819 1804 ambulant
852 1762 896 1803 in
929 1763 1010 1804 viis

183 1818 285 1868 ejus.

231 1873 429 1914 Labores
463 1875 670 1914 manuum
701 1876 876 1915 tuarum
909 1875 1012 1926 quia

181 1927 481 2025 mssanducabis:
504 1931 528 1956 *
551 1929 707 1971 beatus
735 1943 797 1979 es,
826 1935 871 1972 et
898 1930 1010 1972 bene

180 1984 213 2024 ti
245 1983 258 2024 i
279 1985 370 2026 erit.

232 2040 354 2081 Uxor
373 2045 448 2081 tua
467 2040 579 2082 sicut
597 2040 697 2081 vitis
722 2040 965 2092 abundans,
984 2043 1008 2068 *

179 2094 222 2135 in
240 2095 450 2137 lateribus
473 2095 630 2137 domus
649 2101 748 2137 tuae.

230 2151 327 2191 Filii
351 2152 415 2192 tui
439 2152 552 2193 sicut
575 2151 763 2193 novollae
784 2152 1008 2202 olivarum,

180 2206 203 2230 *
221 2206 264 2246 in
283 2207 467 2248 circuitu
485 2220 650 2248 mensae
668 2212 768 2248 tuae.

232 2262 347 2303 Ecce
383 2263 447 2303 sic
482 2262 766 2304 benedicetur
802 2263 952 2313 homo,
984 2264 1007 2289 *

181 2316 398 2367 quitimet
417 2318 664 2359 Dominum.

183 2416 186 2419 ,
231 2371 470 2414 Benedicat
489 2373 569 2415 tibi
583 2374 799 2415 Dominus
820 2387 874 2415 ex
890 2375 1007 2416 Sion:

179 2427 202 2476 'P‘
225 2431 268 2468 et
293 2428 444 2469 videas
470 2429 586 2470 bona
605 2430 849 2471 Jerusalem
874 2431 1009 2472 omni-

179 2481 261 2523 bus
282 2482 436 2524 diobus
455 2485 556 2525 vitae
576 2490 675 2526 tuae.

231 2539 287 2579 Et
306 2537 455 2579 videas
475 2540 591 2580 filios
615 2541 805 2582 filiorum
823 2544 1008 2591 tuorum,

180 2595 202 2632 ’Ψ
223 2606 379 2646 pacem
398 2606 529 2646 super
549 2596 696 2637 Israel.

230 2649 382 2691 Gloria
400 2649 532 2691 Patri.

847 166 991 200 Psalmi
1016 165 1242 199 Grudualcs.

1284 300 1286 302 ,
1335 258 1637 298 Psalmus128.

1133 325 1230 365 aepe
1250 312 1611 365 expugnaverunt
1625 312 1696 352 me
1711 323 1738 351 a
1749 310 1894 362 juven·

1145 371 1242 410 tute
1260 380 1370 417 mea,
1389 369 1413 394 *
1433 366 1551 408 dicat
1570 379 1686 407 nunc
1702 365 1851 407 Israel.

1116 424 1244 476 Saepe
1281 423 1642 476 expugnaverunt
1672 433 1744 463 me
1776 434 1803 462 a
1832 422 1894 473 'ju-

1066 483 1246 521 ventute
1269 492 1382 521 mea:
1403 480 1428 506 *
1446 478 1608 520 etenim
1631 490 1722 519 non
1742 478 1895 529 potue—

1065 540 1167 577 runt
1186 535 1303 576 mihi.

1116 592 1258 644 Supra
1286 590 1467 632 dorsum
1487 602 1635 631 meum
1657 589 1895 631 fabricave-

1065 653 1166 689 runt
1183 649 1460 700 peccatores.
1478 645 1896 697 *prolongaverunt

1064 703 1337 755 iniquitatem
1357 715 1491 743 suam.

1115 759 1332 800 Dominus
1363 759 1502 810 justus
1536 756 1728 798 concidit
1761 758 1895 799 cervi-

1065 828 1139 857 ces
1173 816 1474 867 peccatorum:
1510 815 1534 840 *
1571 812 1896 855 confundantur

1066 877 1110 913 et
1134 872 1446 912 convertantur
1469 871 1710 911 retrorsum
1733 881 1896 919 omnes,

1067 927 1141 979 qui
1161 926 1350 968 oderunt
1366 925 1482 967 Sion.

1116 983 1244 1024 Fiant
1271 983 1384 1024 sicut
1413 982 1581 1022 foenum
1607 982 1844 1023 tectorum:
1871 980 1896 1007 '⁸‘

1066 1038 1185 1090 quod
1200 1038 1457 1091 priusquam
1472 1036 1695 1087 evellatur,
1713 1036 1896 1079 exaruit:

1092 1095 1183 1136 ‘De
1224 1106 1313 1146 quo
1354 1106 1443 1135 non
1482 1092 1681 1145 implevit
1719 1105 1896 1134 manum

1064 1163 1188 1191 suam
1213 1151 1288 1202 qui
1312 1150 1456 1199 metit,
1483 1149 1507 1175 *
1532 1153 1577 1190 et
1602 1148 1744 1189 sinum
1769 1161 1898 1190 suum

1066 1206 1140 1258 qui
1159 1206 1406 1259 manipulos
1426 1204 1603 1255 colligit.

1115 1262 1174 1303 Et
1187 1275 1276 1304 non
1292 1262 1496 1304 dixerunt
1512 1260 1586 1312 qui
1594 1260 1896 1312 praeteribant:

1064 1318 1324 1360 Benedictio
1361 1316 1540 1358 Domini
1575 1329 1709 1369 super
1741 1329 1838 1358 vos:
1871 1317 1896 1344 *

1064 1373 1367 1415 benediximus
1387 1372 1516 1415 vobis
1538 1372 1582 1413 in
1603 1372 1781 1414 nomine
1797 1372 1896 1414 Dffi.

1117 1430 1271 1472 Gloria
1289 1428 1420 1471 Patri.

1119 1491 1261 1525 Postea
1286 1490 1427 1524 dicitur
1449 1490 1561 1523 flexis
1585 1490 1751 1533 genibus

1118 1538 1253 1590 Kyrie
1281 1537 1456 1579 eleison.
1510 1534 1682 1577 Christe
1715 1535 1891 1577 eleison.

1070 1594 1202 1646 Kyrie
1221 1594 1397 1636 eleison.

1118 1651 1246 1691 Pater
1263 1654 1424 1691 noster
1451 1657 1633 1694 secreto.

1119 1701 1169 1753 V.
1186 1705 1243 1746 Et
1261 1718 1316 1747 ne
1335 1718 1417 1747 nos
1436 1706 1647 1748 inducas
1635 1720 1679 1748 1n
1693 1707 1895 1749 tentatio-

1065 1773 1176 1802 nem.
1205 1763 1255 1814 R.
1272 1760 1361 1803 Sed
1379 1761 1519 1804 libera
1537 1775 1619 1804 nos
1640 1775 1666 1804 a
1683 1762 1812 1804 malo.

1119 1812 1169 1864 V
1186 1817 1408 1859 Memento
1429 1818 1782 1883 congregationis
1795 1824 1895 1860 tuae.

1066 1876 1116 1926 R.
1135 1873 1277 1923 Quam
1295 1873 1536 1926 possedisti
1555 1874 1611 1916 ab
1629 1874 1766 1916 initio.

1119 1925 1168 1975 V.
1211 1929 1401 1970 Domine
1446 1930 1606 1972 exaudi
1650 1930 1896 1972 orationem

1064 1997 1217 2026 meam.
1256 1988 1307 2039 R.
1338 1985 1396 2027 Et
1423 1985 1588 2027 clamor
1615 1998 1739 2028 meus
1766 1985 1824 2030 ad
1850 1991 1895 2028 te

1064 2041 1221 2083 voniat.

1118 2090 1167 2140 V.
1208 2097 1423 2138 Dominus
1459 2097 1699 2140 vobiscum.
1749 2104 1802 2155 R!
1837 2099 1895 2140 Et

1065 2165 1164 2193 cum
1184 2153 1339 2204 spiritu
1359 2157 1448 2194 tuo.

1168 2209 1366 2251 Oremus.
1625 2214 1787 2255 Oratio.

1064 2261 1242 2364 Deus,
1263 2264 1332 2304 cui
1359 2264 1587 2316 proprium
1609 2270 1678 2306 est
1695 2265 1893 2306 misereri

1158 2332 1333 2372 semper
1351 2325 1396 2361 et
1413 2322 1611 2375 parcere:
1630 2320 1805 2373 suscipe
1821 2320 1892 2363 de-

1063 2375 1364 2427 precationem
1394 2381 1604 2426 nostram;
1639 2381 1688 2417 ut
1717 2389 1816 2426 nos,
1849 2382 1894 2418 et

1063 2443 1216 2472 omnes
1235 2431 1423 2473 famulos
1442 2436 1561 2481 tuos,
1581 2443 1693 2483 quos
1713 2431 1892 2475 delicto-

1062 2499 1158 2527 rum
1183 2489 1338 2528 catena
1362 2487 1635 2537 constringit,
1667 2487 1891 2530 miseratio

1061 2547 1149 2583 tuae
1190 2542 1366 2594 pietatis
1407 2542 1643 2583 clementer
1680 2543 1892 2585 absolvat.

1061 2598 1146 2638 Per
1172 2598 1391 2639 Christum
1415 2597 1653 2639 Dominum
1680 2604 1891 2663 nostrum.

1115 2658 1165 2709 R.
1191 2653 1344 2694 Amen.
