2040 2944
823 260 877 305 M!

501 324 527 346 01⁶
544 327 621 361 *qu
644 331 691 353 ,22
718 327 723 331 '
748 327 804 355 ?⁰“¹‘
836 276 1011 361 ξρῥῗ
1049 325 1133 369 αἶχμ

343 355 469 370 κ
600 364 607 371 r·
636 361 649 371 s
730 354 782 395 ἵζ’-’Ξ
826 352 853 395 »⁸⁴
901 374 911 396 §-

878 403 887 412 »

1772 984 1811 1016 {ic}
1777 748 1809 957 snamvz)
1778 455 1813 732 §monz-{um
1783 334 1814 433 ΝΟΝ
1779 286 1818 316 ιο·

575 1102 1033 1156 PRAEPARATIO
1063 1107 1155 1156 AD
1184 1109 1459 1160 MISSAM.

436 1277 635 1321 ntiphona.
686 1280 743 1316 Ne
771 1282 990 1318 reminisca-

280 1364 290 1381 ἡ
331 1319 410 1384 Q:
451 1329 505 1364 ris
529 1329 551 1354 ’⁹‘
569 1329 734 1366 Demine
760 1332 900 1367 delicta
923 1343 989 1368 no-

369 1389 391 1422 y
401 1381 410 1422 ζ»
451 1383 542 1424 stra,
555 1380 619 1415 vel
629 1382 832 1425 parentum
841 1384 990 1418 nostre-

174 1419 188 1478 ζ,
204 1431 217 1460 ,’
257 1426 289 1464 ἴ·
376 1412 411 1483 Q}
449 1441 549 1466 rum:
565 1441 690 1476 neque
704 1432 917 1468 vindictam
930 1443 990 1468 su-

254 1479 417 1510 5⁷⁴⁰?*z
449 1491 533 1517 mas
551 1481 599 1517 de
615 1483 786 1526 peccatis
802 1483 958 1518 nostris.

212 1528 306 1569 Quae
335 1530 563 1574 Antiphona
592 1533 631 1568 in
660 1533 787 1568 Festis
818 1534 989 1577 Duplici-

157 1576 230 1611 bus
248 1582 395 1614 tantum
413 1581 647 1626 duplicatur,
674 1588 709 1618 et
730 1589 902 1628 tempore
919 1585 989 1619 Pa-

159 1626 283 1661 schali
308 1628 464 1664 additur
488 1631 526 1665 in
551 1632 625 1666 fine
646 1632 826 1677 Allelfija.

210 1675 360 1712 Deinde
393 1680 572 1715 dicuntur
604 1687 808 1725 sequentes
832 1683 988 1718 Psalmi.

444 1729 622 1766 Psaimus
646 1732 702 1766 83.

213 1791 303 1815 uam
320 1781 460 1818 dilecta
476 1784 726 1820 tabernacula
741 1790 807 1821 tua
820 1786 984 1821 Domine

245 1830 444 1866 virtfitum:
467 1832 489 1857 ²³³
514 1835 768 1879 concupiscit,
798 1840 835 1871 et
858 1837 986 1871 deficit

156 1879 284 1914 anima
306 1890 393 1916 mea
415 1881 456 1916 in
479 1883 577 1918 atria
599 1884 766 1920 Demini.

208 1928 286 1964 Cor
311 1940 454 1976 meum,
484 1936 521 1968 et
549 1943 639 1969 caro
663 1945 749 1970 mea
772 1935 793 1960 ἦ(
818 1935 984 1970 exsulta-

155 1979 293 2015 verunt
314 1980 355 2015 in
377 1981 502 2017 Deum
524 1983 668 2020 vivum.

206 2029 358 2066 Etenim
380 2042 519 2076 passer
542 2034 691 2070 invenit
714 2035 791 2071 sibi
812 2035 983 2071 domum:

154 2077 176 2102 ²&
192 2082 229 2113 et
243 2083 367 2115 turtur
382 2081 517 2118 nidum
533 2084 619 2129 sibi,
632 2085 700 2120 ubi
715 2090 836 2129 ponat
853 2086 983 2130 pullos

157 2138 261 2163 suos.

205 2179 357 2216 Altaria
373 2184 440 2217 tua
455 2182 619 2219 Demine
635 2185 834 2221 virtutum:
854 2186 876 2210 ³¹¹
899 2186 984 2220 Rex

153 2239 273 2274 meus,
298 2235 335 2266 et
357 2231 463 2268 Deus
487 2244 606 2270 meus.

205 2280 330 2325 Beati,
355 2282 422 2326 qui
441 2283 618 2320 habitant
634 2285 674 2320 in
690 2285 806 2321 domo
824 2290 890 2321 tua
906 2286 982 2320 Βό-

153 2331 270 2366 mine:
301 2332 322 2356 *
351 2332 391 2367 in
419 2335 563 2370 saecula
591 2337 822 2371 saeculerum
849 2336 980 2371 lauda-

152 2380 248 2416 bunt
270 2385 318 2416 te.

203 2431 347 2468 Beatus
370 2433 444 2478 vir,
474 2435 583 2478 cujus
614 2439 672 2471 est
699 2436 885 2470 auxilium
909 2436 979 2470 abs

151 2484 203 2515 te:
227 2482 249 2506 ²²³
273 2483 522 2519 ascensiones
547 2485 587 2519 in
611 2486 727 2521 corde
752 2496 823 2520 suo
849 2485 976 2529 disp6-

152 2531 239 2574 suit,
255 2532 294 2566 in
310 2533 412 2568 valle
429 2534 674 2570 lacrimarum
690 2536 730 2570 in
745 2536 844 2579 loco,
866 2545 979 2579 quem

151 2581 292 2624 pesuit.

202 2631 354 2667 Etenim
384 2634 694 2670 benedictionem
727 2635 835 2670 dabit
863 2635 977 2678 legis-

149 2680 259 2725 lator,
283 2682 393 2717 ibunt
420 2683 468 2718 de
496 2684 637 2719 virtute
666 2684 705 2718 in
733 2684 931 2719 virtutem:
955 2684 976 2708 ²³²

148 2731 345 2767 videbitur
367 2732 473 2768 Deus
498 2733 657 2769 deorum
679 2734 720 2768 in
743 2734 847 2769 Sion.

302 2865 367 2890 Pars
382 2866 552 2891 Autumnus.

1096 1267 1258 1304 Demine
1282 1269 1387 1305 Deus
1410 1271 1594 1306 virtutum
1620 1274 1761 1308 exaudi
1785 1284 1867 1308 ora-

1043 1317 1187 1352 tienem
1201 1329 1341 1355 meam:
1365 1321 1386 1345 ²²⁴
1410 1322 1566 1357 auribus
1591 1324 1745 1368 percipe
1761 1324 1866 1359 Deus

1042 1368 1176 1404 Jacob.

1094 1419 1293 1456 Protector
1319 1426 1451 1456 noster
1479 1422 1609 1466 aspice
1632 1423 1752 1458 Deus:
1781 1424 1802 1448 *
1831 1428 1867 1459 et

1042 1470 1191 1513 respice
1214 1471 1254 1505 in
1277 1471 1415 1507 faeiem
1440 1472 1585 1508 Christi
1608 1474 1679 1508 tui:

1094 1520 1193 1561 Quia
1222 1522 1358 1557 melior
1387 1526 1445 1557 est
1478 1523 1561 1558 dies
1589 1534 1666 1558 una
1694 1524 1733 1558 in
1757 1524 1865 1559 atriis

1040 1570 1128 1613 tuis,
1152 1571 1173 1595 ’ἓ
1197 1581 1314 1616 super
1336 1573 1465 1607 millia.

1091 1620 1201 1665 Elegi
1237 1623 1407 1666 abjectus
1443 1634 1528 1658 esse
1567 1624 1606 1658 in
1642 1624 1757 1659 domo
1792 1624 1865 1658 Dei

1039 1671 1129 1705 mei:
1150 1671 1171 1695 '³‘
1189 1673 1314 1716 magis
1339 1683 1455 1717 quam
1477 1673 1651 1708 habitare
1675 1675 1715 1708 in
1738 1675 1862 1709 taber-

1038 1720 1187 1755 naculis
1210 1723 1465 1765 peccaterum.

1091 1770 1190 1811 Quia
1204 1771 1520 1815 misericerdiam,
1540 1776 1577 1807 et
1592 1772 1793 1807 veritatem
1810 1771 1863 1806 di-

1037 1819 1124 1863 ligit
1138 1820 1260 1855 Deus:
1285 1821 1306 1845 *
1329 1822 1492 1865 gretiam
1516 1826 1553 1856 et
1569 1821 1731 1865 gloriam
1755 1821 1863 1856 dabit

1037 1869 1236 1905 Deminus.

1090 1919 1179 1955 Non
1201 1921 1371 1965 privabit
1394 1921 1508 1957 bonis
1532 1931 1613 1964 eos,
1643 1921 1709 1965 qui
1731 1921 1860 1956 ambu-

1036 1969 1118 2004 lant
1137 1970 1177 2004 in
1197 1971 1431 2006 innocentia:
1452 1972 1472 1996 ’¹‘
1487 1971 1650 2006 Demine
1667 1971 1859 2014 virtfitum,

1035 2020 1172 2055 beatus
1195 2021 1323 2066 homo,
1348 2022 1415 2066 qui
1438 2026 1568 2066 sperat
1591 2021 1630 2056 in
1653 2025 1699 2056 te.

1091 2079 1225 2115 Gleria
1247 2080 1362 2115 Patri.

1321 2156 1498 2190 Psalmus
1521 2156 1574 2190 84.

1093 2235 1298 2270 enedixisti
1326 2235 1488 2270 Demine
1516 2239 1656 2270 terram
1686 2240 1805 2271 tuam:
1837 2237 1858 2260 ‘³‘

1116 2285 1289 2320 avertisti
1306 2286 1568 2329 captivitatem
1583 2286 1717 2321 Jacob.

1085 2335 1282 2371 Remisisti
1304 2335 1546 2380 iniquitatem
1569 2336 1695 2380 plebis
1719 2340 1812 2371 tuae:
1835 2337 1856 2360 ‘³‘

1034 2386 1221 2429 operuisti
1244 2386 1371 2420 emnia
1394 2388 1552 2430 peccata
1577 2387 1716 2420 eerum.

1083 2435 1269 2479 MitigAsti
1286 2445 1436 2470 omnem
1452 2435 1549 2469 iram
1564 2439 1684 2470 tuam:
1709 2436 1730 2460 ²³³
1750 2446 1854 2471 aver-

1032 2485 1112 2519 tisti
1136 2485 1184 2519 ab
1208 2485 1265 2519 ira
1290 2485 1567 2528 indignationis
1590 2489 1678 2520 tuae.

1084 2534 1273 2569 Converte
1294 2544 1366 2569 nos
1383 2534 1487 2569 Deus
1509 2535 1689 2569 salutaris
1707 2538 1851 2569 noster:

1031 2585 1052 2608 ’³‘
1073 2588 1110 2618 et
1134 2585 1262 2619 averte
1287 2584 1383 2619 iram
1406 2588 1510 2619 tuam
1531 2595 1553 2619 a
1575 2585 1698 2619 nobis.

1080 2633 1278 2677 Numquid
1306 2634 1345 2668 in
1374 2635 1558 2668 aeternum
1581 2633 1756 2668 irasceris
1784 2642 1850 2666 no-

1029 2683 1111 2717 bis?
1132 2683 1153 2706 *
1175 2688 1239 2717 aut
1256 2683 1439 2718 extendes
1461 2683 1557 2718 iram
1573 2687 1676 2718 tuam
1697 2692 1718 2716 a
1738 2691 1849 2725 gene-

1028 2732 1176 2767 ratiene
1200 2733 1241 2767 in
1263 2733 1567 2776 generatienem?

1571 2852 1643 2885 V**
