2040 2944
645 204 855 239 Commune
881 204 1126 239 Confessoris
1152 203 1360 237 Pontifieis.

207 299 424 341 Dominus
452 299 564 341 dixit
591 299 648 341 ad
675 312 764 341 me:
791 298 815 325 *
847 298 984 339 Filius

157 368 279 397 meus
299 368 346 397 es
364 360 423 406 tu,
443 368 524 407 ego
543 355 676 397 hodie
696 355 826 406 genui
844 359 899 397 te.

208 412 389 454 Postula
413 425 439 454 a
462 425 544 463 me,
569 417 613 454 et
633 411 749 454 dabo
769 411 850 453 tibi
870 411 983 453 Gen-

155 474 222 511 tes
240 469 545 511 haereditatem
563 474 695 519 tuam,
710 468 733 495 *
753 473 797 510 et
811 480 983 521 posses-

156 526 325 568 sionem
343 530 464 568 tuam
482 526 694 567 terminos
712 529 854 566 terrae.

206 583 353 633 Reges
382 595 458 624 eos
486 583 531 623 in
554 582 677 634 virga
700 581 861 631 ferrea,
888 581 912 607 *
941 586 984 622 et

155 643 381 691 tamquam
394 652 472 680 vas
491 638 613 690 figuli
633 638 881 689 confringes
896 650 983 679 eos.

206 696 264 737 Et
287 709 402 737 nunc
421 708 547 746 reges
566 695 810 746 intelligite:
837 694 861 720 *
890 707 982 736 eru-

157 751 310 793 dimini
330 753 405 804 qui
424 751 625 804 judicatis
645 756 819 793 terram.

206 808 375 851 Servite
400 808 593 850 Domino
617 808 662 849 in
687 808 860 850 timore:
887 809 911 834 *
940 813 983 850 et

156 865 371 907 exsultate
391 865 431 907 ei
450 878 550 906 cum
568 867 771 906 tremore.

207 921 542 974 Apprehendite
589 921 877 974 disciplinam,
911 934 982 962 ne-

156 977 333 1030 quando
370 978 584 1019 irascatur
616 978 850 1028 Dominus,
882 978 907 1004 *
940 982 983 1019 et

153 1035 345 1087 pereatis
365 1034 420 1076 de
438 1035 510 1076 via
528 1036 650 1086 justa.

207 1090 317 1132 Cum
342 1091 555 1133 exarserit
579 1091 624 1132 in
647 1090 772 1132 brevi
795 1090 861 1131 ira
880 1091 982 1143 ejus,

154 1147 178 1174 *
201 1147 320 1190 beati
339 1160 492 1189 omnes
512 1147 587 1200 qui
607 1146 835 1189 confidunt
853 1148 898 1188 in
918 1159 982 1189 eo.

206 1216 305 1257 Ant.
353 1214 516 1255 Beatus
554 1213 637 1254 iste
672 1217 865 1262 sanctus,
907 1212 982 1265 qui

154 1269 344 1311 confisus
360 1274 427 1312 est
444 1269 489 1310 in
502 1270 704 1320 Domino,
723 1269 982 1322 praedicavit

152 1328 424 1379 praeceptum
433 1326 622 1376 Domini,
635 1326 898 1368 constitutus
915 1330 982 1368 est

76 1432 78 1434 ‚
153 1383 196 1423 in
214 1387 363 1425 monte
385 1387 538 1425 sancto
559 1383 661 1435 ejus.

203 1451 302 1492 Ant.
335 1450 405 1490 Tu
433 1461 479 1490 es
507 1448 647 1499 gloria
673 1461 785 1499 mea,
805 1449 829 1475 *
856 1452 905 1489 tu
933 1461 979 1489 es
1037 1472 1047 1501 A

153 1505 384 1557 susceptor
406 1517 531 1546 meus
554 1505 758 1546 Domine:
790 1510 839 1546 tu
865 1503 979 1545 exal-

152 1565 249 1602 tans
270 1566 402 1614 caput
421 1574 582 1611 meum,
612 1565 656 1603 et
675 1560 891 1603 exaudisti
909 1573 979 1602 me

153 1617 209 1659 de
227 1622 376 1660 monte
395 1623 548 1660 sancto
566 1622 656 1660 tuo.

435 1695 635 1736 Psalmus
662 1696 698 1736 3.

245 1765 391 1807 omine
426 1764 532 1817 quid
566 1764 845 1817 multiplicati
878 1770 980 1808 sunt

256 1822 330 1874 qui
357 1821 567 1864 tribulant
593 1820 685 1863 me?
713 1821 737 1847 *
763 1822 890 1864 multi
916 1822 978 1863 in-

151 1882 335 1930 surgunt
353 1877 588 1920 adversum
605 1890 687 1919 me.

201 1935 328 1977 Multi
343 1934 495 1976 dicunt
515 1935 672 1975 animae
687 1947 813 1976 meae:
831 1935 855 1961 *
873 1934 976 1976 Non

151 1997 219 2034 est
237 1991 354 2037 salus
372 1991 458 2044 ipsi
476 1991 521 2032 in
540 1991 637 2032 Deo
658 1992 759 2043 ejus.

201 2049 271 2090 Tu
315 2052 462 2089 autem
506 2047 696 2089 Domine
747 2048 978 2100 susceptor

150 2118 275 2147 meus
296 2117 354 2155 es,
372 2104 396 2130 *
415 2104 556 2155 gloria
579 2116 687 2154 mea,
711 2108 755 2146 et
780 2104 977 2146 exaltans

152 2166 285 2215 caput
302 2174 459 2203 meum.

202 2218 328 2260 Voce
342 2230 440 2259 mea
455 2217 512 2258 ad
526 2217 765 2258 Dominum
780 2217 977 2259 clamavi:

151 2274 175 2300 *
203 2279 248 2316 et
275 2274 497 2316 exaudivit
523 2286 594 2315 me
623 2273 678 2315 de
704 2278 854 2315 monte
882 2287 976 2316 san-

152 2335 226 2372 cto
253 2343 344 2372 suo.

203 2387 298 2438 Ego
318 2387 523 2438 dormivi,
549 2391 593 2429 et
611 2388 846 2439 soporatus
865 2399 976 2427 sum:

151 2443 175 2468 *
199 2447 243 2485 et
266 2444 506 2494 exsurrexi,
531 2444 633 2496 quia
651 2443 866 2484 Dominus
886 2455 976 2484 sus-

153 2499 271 2551 cepit
289 2512 370 2541 me.

204 2555 306 2597 Non
341 2555 506 2597 timebo
542 2555 677 2596 millia
712 2555 866 2608 populi
898 2555 975 2596 cir-

154 2611 399 2653 cumdantis
422 2625 508 2654 me:
526 2612 550 2638 *
570 2615 756 2662 exsurge
776 2612 975 2661 Domine,

154 2668 323 2710 salvum
341 2680 411 2709 me
430 2668 499 2710 fac
518 2669 639 2710 Deus
658 2681 792 2710 meus.

206 2724 421 2774 Quoniam
457 2729 505 2766 tu
534 2725 790 2777 percussisti
823 2737 975 2781 omnes

1037 297 1322 340 adversantes
1337 298 1443 339 mihi
1458 298 1552 339 sine
1567 310 1713 339 causa:
1723 298 1747 323 *
1763 297 1864 340 den-

1036 359 1102 396 tes
1121 357 1407 407 peccatorum
1426 355 1683 396 contrivisti.

1088 411 1269 452 Domini
1289 417 1355 453 est
1375 411 1507 453 salus:
1525 411 1549 437 *
1574 416 1618 453 et
1637 424 1769 464 super
1787 414 1864 464 po-

1037 467 1189 520 pulum
1209 473 1332 509 tuum
1351 468 1603 510 benedictio
1623 473 1709 509 tua.

1088 528 1186 568 Ant.
1207 527 1271 566 Tu
1290 538 1336 566 es
1356 525 1494 576 gloria
1513 537 1620 575 mea,
1639 530 1687 567 tu
1709 537 1755 566 es
1773 538 1863 567 sus-

1035 582 1189 634 ceptor
1211 594 1334 623 meus
1357 581 1560 623 Domine:
1591 586 1641 623 tu
1666 582 1863 624 exaltans

1035 642 1168 690 caput
1194 651 1354 688 meum,
1393 643 1436 680 et
1465 637 1682 680 exaudisti
1710 651 1779 680 me
1808 638 1863 680 de

1034 699 1182 736 monte
1205 699 1357 737 sancto
1377 699 1466 737 tuo.

1086 751 1137 803 V.
1165 755 1343 797 Amavit
1363 768 1462 797 eum
1480 756 1706 806 DominuS,
1735 760 1778 797 et
1798 769 1863 797 or-

1034 812 1154 853 navit
1186 824 1296 853 eum.
1339 815 1387 866 R.
1424 812 1591 854 Stolam
1624 812 1776 863 gloriae
1803 815 1862 854 in-

1035 867 1129 910 duit
1158 881 1267 910 eum.

1092 931 1218 971 Pater
1235 934 1396 972 noster.

1089 991 1330 1032 Absolutio.
1359 989 1531 1032 Exaudi
1548 990 1747 1033 Domine.

1087 1046 1137 1099 V.
1164 1051 1189 1092 J
1191 1050 1276 1092 ube
1295 1050 1467 1092 domne.

1088 1112 1248 1153 Bened.
1280 1111 1593 1154 Benedictione
1611 1115 1836 1166 perpetua.

1034 1186 1102 1227 De
1118 1185 1317 1238 Epistola
1334 1185 1475 1238 prima
1483 1185 1603 1227 beati
1612 1186 1735 1228 Pauli
1742 1187 1862 1240 Apo-

1203 1242 1305 1284 stoli
1324 1242 1381 1284 ad
1400 1242 1690 1284 Timotheum.

1138 1305 1332 1347 Lectioi.
1596 1305 1645 1345 C
1632 1318 1698 1356 ῳ.
1722 1306 1758 1345 3.

1036 1379 1047 1419 γ.
1070 1367 1276 1426 ,jfgfiflfflehs
1302 1380 1462 1409 sermo:
1498 1368 1543 1410 Si
1570 1369 1666 1421 quis
1694 1370 1861 1422 episco-

1037 1425 1047 1478 4ὲ
1072 1451 1135 1485 w<
1161 1426 1313 1477 patum
1329 1424 1560 1475 desiderat,
1571 1425 1734 1468 bonum
1750 1439 1862 1479 opus

1067 1482 1068 1488 ’
1104 1484 1137 1497 's'
1162 1480 1395 1522 desiderat
1428 1481 1617 1534 Oportet
1642 1495 1746 1533 ergo
1775 1485 1861 1536 epi-

1033 1550 1219 1590 scopum
1269 1538 1697 1591 irreprehensibilem
1754 1552 1861 1591 esse,

1032 1596 1158 1635 unius
1181 1595 1330 1636 uxoris
1350 1595 1501 1645 virum,
1530 1595 1735 1646 sobrium,
1762 1609 1860 1649 pru-

1018 1649 1218 1701 dentem,
1248 1653 1460 1701 ornatum,
1478 1651 1698 1704 pudicum,
1715 1652 1861 1705 hospi-

1031 1706 1175 1757 talem,
1203 1707 1443 1758 doctorem,
1470 1721 1559 1749 non
1582 1708 1861 1760 vinolentum,

1031 1775 1119 1804 non
1142 1765 1463 1816 percussorem,
1491 1763 1572 1806 sed
1595 1764 1860 1816 modestum,

1031 1832 1118 1861 non
1136 1820 1389 1871 litigiosum,
1417 1833 1505 1862 non
1527 1820 1751 1873 cupidum,
1780 1822 1859 1864 sed

1031 1889 1121 1918 suae
1137 1876 1287 1918 domui
1300 1877 1413 1919 bene
1427 1878 1725 1930 praepositum,
1745 1878 1859 1920 filios

1030 1933 1264 1975 habentem
1289 1933 1490 1975 subditos
1518 1946 1617 1975 cum
1645 1935 1763 1975 omni
1791 1948 1857 1976 ca-

1031 1990 1189 2032 stitate.
1226 1990 1271 2031 Si
1297 1990 1393 2042 quis
1418 1995 1566 2032 autem
1591 1990 1742 2032 domui
1766 2005 1858 2032 suae

1029 2048 1221 2098 praeesse
1235 2047 1387 2096 nescit,
1408 2046 1632 2099 quomodo
1647 2047 1858 2089 Ecclesiae

1029 2103 1114 2144 Dei
1129 2102 1399 2153 diligentiam
1412 2101 1614 2145 habebit?
1635 2103 1737 2145 Non
1755 2106 1857 2146 neo-

1030 2159 1228 2212 phytum:
1264 2172 1318 2200 ne
1349 2159 1394 2200 in
1426 2159 1676 2212 superbiam
1706 2159 1857 2206 elatus,

1028 2216 1072 2256 in
1085 2215 1292 2268 judicium
1305 2215 1470 2258 incidat
1485 2215 1659 2257 diaboli.
1669 2216 1858 2269 Oportet

1029 2278 1176 2313 autem
1190 2272 1312 2313 illum
1327 2277 1371 2314 et
1383 2272 1681 2314 testimonium
1694 2272 1857 2315 habere

1029 2328 1194 2370 bonum
1213 2328 1268 2371 ab
1287 2328 1340 2378 iis
1357 2328 1431 2381 qui
1448 2328 1555 2369 foris
1575 2333 1686 2378 sunt,
1704 2334 1753 2371 ut
1768 2343 1857 2371 non

1028 2385 1072 2425 in
1106 2384 1392 2437 opprobrium
1425 2384 1604 2435 incidat,
1647 2390 1691 2428 et
1722 2386 1767 2427 in
1797 2386 1856 2427 la-

1031 2454 1190 2494 queum
1210 2440 1384 2483 diaboli.

1083 2499 1133 2549 R.
1167 2498 1291 2549 Euge
1322 2510 1448 2539 serve
1479 2497 1595 2539 bone
1628 2502 1672 2540 et
1702 2497 1855 2547 fidelis,

1030 2554 1131 2606 quia
1155 2554 1199 2595 in
1223 2567 1365 2606 pauca
1387 2553 1506 2596 fuisti
1530 2553 1688 2604 fidelis,
1723 2566 1855 2606 supra

1027 2611 1164 2652 multa
1198 2615 1242 2652 te
1275 2612 1555 2652 constituam:
1595 2611 1616 2634 *
1655 2611 1775 2652 Intra
1810 2610 1853 2650 in

1027 2667 1235 2717 gaudium
1273 2666 1438 2708 domini
1472 2667 1547 2709 tui.
1596 2661 1643 2712 V.
1666 2665 1852 2707 Domine

1030 2724 1220 2776 quinque
1265 2723 1427 2765 talenta
1474 2723 1694 2765 tradidisti
1736 2721 1852 2770 mihi,
