2040 2944
742 207 846 240 Ferit!
868 208 1032 240 secunda
1052 208 1098 240 acl
1119 207 1351 240 Matutinum.

258 303 436 344 Declina
456 316 479 344 a
498 302 626 351 malo,
652 307 695 343 et
714 301 780 342 fac
799 301 979 342 bonum:
998 302 1020 326 *

208 365 251 401 et
269 359 459 401 inhabita
477 359 518 399 in
537 357 742 399 saeculum
762 357 919 398 saeculi.

260 416 367 465 Quia
386 415 594 455 Dominus
613 419 728 455 amat
747 413 959 463 judicium,
979 418 1022 454 et

208 484 294 512 non
314 471 581 522 derelinquet
599 475 773 511 sanctos
792 482 910 510 suos:
935 470 957 494 *
979 469 1021 509 in

208 529 413 568 aeternum
433 526 812 567 conservabantur.

259 582 405 633 Injusti
420 582 667 634 punientur:
682 583 705 607 *
721 588 763 624 et
783 595 929 624 semen
947 582 1020 622 im-

206 639 373 690 piorum
393 637 561 690 peribit.

256 695 279 734 J
283 694 365 735 usti
402 700 545 736 autem
587 694 904 736 haereditabunt
939 699 1020 736 ter-

207 763 314 791 ram:
333 751 355 775 *
376 756 419 791 et
438 750 735 792 inhabitabunt
754 751 796 791 in
816 750 1020 792 saeculum

206 806 352 846 saeculi
372 819 501 858 super
521 819 626 847 eam.

258 862 318 903 Os
338 862 434 913 justi
456 862 733 904 meditabitur
757 864 1021 915 sapientiam,

206 919 228 942 *
249 923 291 959 et
312 918 455 967 lingua
480 919 568 969 ejus
589 918 790 971 loquetur
810 919 1021 970 iudicium.

257 973 346 1014 Lex
364 974 443 1015 Dei
460 975 548 1025 ejus
562 975 603 1015 in
623 975 755 1016 corde
774 976 926 1028 ipsius:
941 977 963 1001 *
980 982 1022 1018 et

206 1043 291 1070 non
319 1030 707 1082 supplantabantur
730 1045 904 1081 gressus
923 1033 1021 1083 ejus.

258 1086 512 1128 Considerat
527 1090 732 1139 peccator
746 1089 920 1139 justum:
940 1090 962 1114 *
980 1095 1022 1130 et

209 1142 362 1193 quaerit
380 1143 641 1184 mortificare
662 1157 770 1184 eum.

258 1197 467 1238 Dominus
487 1204 629 1240 autem
649 1213 734 1241 non
753 1200 1022 1252 derelinquet

208 1266 304 1294 eum
323 1254 365 1294 in
379 1254 576 1295 manibus
592 1256 698 1306 ejus:
717 1258 739 1282 *
754 1270 834 1298 nec
850 1256 1021 1297 damna-

207 1309 269 1351 bit
289 1322 396 1359 eum,
415 1323 512 1351 cum
528 1311 783 1361 judicabitur
802 1313 872 1353 illi.

260 1366 474 1418 Exspecta
502 1367 748 1418 Dominum,
783 1375 825 1410 et
853 1369 1021 1411 custodi

208 1421 319 1462 viam
341 1423 450 1473 ejus:
474 1428 517 1464 et
536 1424 742 1466 exaltabit
762 1430 804 1467 te
824 1431 870 1467 ut
889 1425 1021 1467 haere-

209 1476 343 1518 ditate
368 1479 513 1530 capias
541 1484 718 1521 terram:
749 1482 771 1506 *
804 1494 901 1522 cum
928 1495 1021 1535 per-

208 1533 334 1574 ierint
354 1537 605 1586 peccatores
627 1536 803 1578 videbis.

259 1589 361 1630 Vidi
386 1591 562 1642 impium
589 1594 971 1645 superexaltatum,
999 1596 1021 1620 *

209 1650 251 1686 et
270 1645 484 1687 elevatum
502 1648 612 1690 sicut
631 1649 785 1691 cedros
803 1650 965 1692 Libani.

260 1702 314 1742 Et
332 1703 509 1743 transivi
525 1710 568 1745 et
587 1717 688 1747 ecce
704 1719 789 1747 non
808 1713 918 1749 erat:
937 1709 959 1733 *
979 1714 1022 1750 et

208 1758 385 1808 quaesivi
410 1771 522 1809 eum,
550 1766 592 1802 et
619 1775 704 1802 non
734 1768 799 1804 est
825 1764 1022 1806 inventus

206 1812 326 1854 locus
348 1815 447 1865 ejus.

259 1869 437 1911 Custodi
480 1871 785 1925 innocentiam,
835 1882 879 1918 et
923 1877 1022 1920 vide

208 1925 714 1980 aequitatem:*quoniam
722 1937 821 1973 sunt
829 1932 1022 1986 reliquiae

207 1981 368 2022 homini
390 1983 582 2034 pacifico.

258 2037 409 2088 Iniusti
428 2045 570 2081 autem
591 2041 862 2094 disperibunt
883 2046 1023 2088 simul:

208 2093 230 2117 *
251 2093 443 2145 reliquiae
463 2095 692 2148 impiorum
711 2099 955 2144 interibunt.

258 2149 380 2190 Salus
395 2156 538 2192 autem
553 2153 762 2204 justorum
781 2169 805 2198 a
820 2157 1023 2201 Domino:

207 2205 230 2230 *
261 2210 302 2246 et
326 2209 547 2257 protector
579 2211 729 2252 eorum
756 2212 798 2253 in
826 2216 1022 2268 tempore

208 2260 505 2304 tribulationis.

259 2317 314 2358 Et
336 2317 555 2370 adjuvabit
581 2334 656 2363 eos
676 2323 886 2367 Dominus
909 2333 952 2370 et
977 2328 1022 2370 li-

207 2371 376 2414 berabit
394 2387 486 2415 eos:
506 2377 528 2401 *
548 2382 591 2418 et
606 2380 727 2421 eruet
743 2393 818 2422 eos
833 2396 857 2423 a
872 2397 1022 2435 pecca-

207 2427 384 2478 toribus
401 2436 443 2472 et
457 2431 640 2476 salvabit
655 2448 746 2477 eos:
763 2438 862 2490 quia
878 2453 1021 2493 spera-

208 2485 362 2526 verunt
380 2486 422 2526 in
442 2500 505 2528 eo.

481 2546 671 2588 l'salmus
692 2550 754 2589 37.

211 2594 437 2699 Domine
463 2613 515 2641 ne
539 2602 581 2642 in
600 2603 743 2646 furore
766 2611 842 2648 tuo
867 2611 1022 2660 arguas

302 2666 380 2703 me,
410 2656 432 2680 *
463 2669 602 2710 neque
629 2659 671 2701 in
701 2661 764 2703 ira
790 2668 863 2707 tua
893 2670 1022 2708 corri-

206 2707 300 2761 pias
318 2722 397 2752 me.

1125 300 1338 349 Quoniam
1349 302 1519 350 sagittae
1533 305 1620 341 tuae
1635 299 1781 341 infixae
1796 306 1896 342 sunt

1073 356 1194 396 mihi:
1227 356 1249 380 *
1282 361 1326 397 et
1363 356 1631 398 confirmasti
1663 369 1794 409 super
1825 370 1895 399 me

1073 426 1245 453 manum
1265 418 1395 453 tuam.

1124 473 1224 514 Non
1251 478 1316 514 est
1343 473 1504 514 sanitas
1529 473 1571 513 in
1596 485 1725 515 carne
1750 486 1848 515 mea
1871 487 1897 515 a

1074 529 1183 570 facie
1198 529 1274 570 irae
1289 534 1392 570 tuae:
1403 530 1426 554 *
1438 542 1524 570 non
1541 534 1606 570 est
1621 542 1708 582 pax
1724 529 1896 571 ossibus

1073 586 1180 627 meis
1204 598 1229 626 a
1250 586 1358 626 facie
1383 587 1663 637 peccaterum
1687 588 1896 627 meorum.

1125 647 1339 696 Quoniam
1359 646 1608 698 iniquitates
1624 659 1734 688 meae
1750 659 1896 699 super-

1073 705 1235 753 gressae
1252 707 1351 744 sunt
1366 708 1496 755 caput
1511 715 1674 744 meum:
1690 704 1712 728 *
1728 708 1772 745 et
1786 703 1898 745 sicut

1074 772 1183 800 onus
1199 772 1331 809 grave
1347 761 1540 810 gravatae
1556 765 1655 802 sunt
1671 772 1802 812 super
1817 772 1897 801 me.

1125 820 1388 861 Putruerunt
1413 825 1456 861 et
1482 823 1702 873 corraptae
1723 826 1822 862 sunt
1842 820 1896 861 ci-

1074 879 1256 917 catrices
1277 889 1403 926 meae,
1423 877 1446 902 *
1468 890 1492 918 a
1512 876 1621 918 facie
1639 877 1897 930 insipientiae

1073 946 1193 974 meae.

1125 994 1257 1034 Miser
1268 993 1406 1035 factus
1418 1006 1523 1043 sum,
1532 999 1575 1035 et
1586 996 1791 1036 curvatus
1802 1007 1898 1035 sum

1074 1062 1211 1102 usque
1239 1050 1282 1090 in
1311 1050 1460 1091 finem:
1487 1051 1510 1075 *
1537 1055 1631 1092 tota
1651 1050 1721 1092 die
1741 1051 1898 1093 contri-

1074 1108 1212 1147 status
1228 1106 1513 1157 ingrediebar.

1126 1167 1340 1217 Quoniam
1359 1167 1495 1208 lumbi
1513 1168 1599 1209 mei
1615 1167 1781 1220 impleti
1801 1174 1901 1210 sunt

1074 1223 1363 1264 illusionibus:
1383 1225 1405 1249 *
1422 1229 1465 1266 et
1483 1237 1570 1265 non
1591 1229 1657 1266 est
1678 1225 1838 1267 sanitas
1857 1225 1901 1266 in

1075 1293 1203 1322 carne
1222 1292 1330 1321 mea.

1127 1341 1328 1383 Afflictus
1348 1354 1453 1391 sum,
1474 1346 1517 1383 et
1534 1341 1785 1384 humiliatus
1805 1355 1901 1384 sum

1074 1398 1218 1438 nimis:
1239 1398 1261 1423 *
1282 1397 1506 1449 rugiebam
1525 1411 1550 1440 a
1568 1399 1732 1449 gemitu
1754 1398 1900 1441 cordis

1074 1454 1170 1495 mei.

1125 1515 1323 1565 Domine,
1332 1520 1431 1557 ante
1442 1521 1485 1558 te
1495 1529 1623 1558 omne
1635 1515 1900 1558 desiderium

1074 1584 1235 1612 meum:
1254 1572 1276 1597 *
1297 1577 1340 1614 et
1358 1572 1544 1622 gemitus
1563 1585 1687 1614 meus
1706 1586 1732 1614 a
1749 1578 1793 1615 te
1814 1586 1901 1615 non

1075 1633 1142 1670 est
1160 1627 1454 1670 absconditus.

1127 1688 1213 1730 Cor
1230 1702 1375 1730 meum
1395 1691 1703 1733 conturbatum
1724 1695 1807 1741 est,
1829 1690 1900 1733 de-

1074 1745 1249 1797 reliquit
1267 1758 1337 1787 me
1358 1746 1496 1788 virtus
1514 1760 1630 1789 mea:
1649 1748 1672 1774 *
1693 1753 1736 1790 et
1754 1747 1901 1789 lumen

1075 1801 1302 1843 oculorum
1311 1805 1520 1854 meorum,
1529 1808 1572 1846 et
1582 1804 1725 1857 ipsum
1735 1817 1823 1846 non
1834 1808 1901 1847 est

1074 1871 1256 1899 mecum.

1127 1919 1269 1960 Amici
1287 1921 1391 1970 mei,
1412 1926 1455 1963 et
1473 1922 1662 1974 proximi
1680 1922 1766 1964 mei
1784 1922 1808 1948 *
1827 1921 1900 1964 ad-

1076 1976 1249 2016 versum
1268 1989 1337 2018 me
1357 1978 1837 2031 appropinquaverunt,
1857 1983 1901 2021 et

1076 2034 1298 2074 steterunt.

1127 2093 1183 2134 Et
1203 2094 1277 2145 qui
1304 2095 1422 2145 juxta
1446 2108 1516 2137 me
1537 2101 1669 2146 erant,
1697 2095 1751 2138 de
1770 2095 1900 2147 longe

1076 2151 1306 2192 steterunt:
1340 2152 1363 2176 *
1396 2157 1440 2193 et
1469 2152 1555 2193 vim
1584 2152 1800 2195 faciebant
1827 2153 1902 2206 qui

1077 2205 1330 2258 quaerebant
1349 2208 1535 2249 animam
1555 2222 1708 2251 meam.

1127 2267 1182 2308 Et
1198 2267 1271 2319 qui
1284 2268 1560 2320 inquirebant
1574 2270 1688 2312 mala
1705 2270 1819 2320 mihi,
1839 2269 1899 2311 lo-

1076 2323 1163 2364 cuti
1183 2329 1283 2366 sunt
1301 2325 1534 2368 vanitates:
1553 2327 1576 2352 *
1597 2332 1640 2369 et
1659 2326 1786 2368 dolos
1805 2331 1900 2369 tota

1076 2378 1145 2421 die
1165 2379 1496 2424 meditabantur.

1127 2440 1221 2490 Ego
1237 2447 1382 2483 autem
1397 2448 1620 2496 tamquam
1640 2443 1797 2486 surdus
1811 2457 1899 2485 non

1075 2495 1322 2538 audiebam:
1357 2499 1380 2524 *
1413 2504 1457 2541 et
1488 2500 1601 2542 sicut
1633 2505 1779 2542 mutus
1810 2513 1898 2542 non

1075 2553 1273 2604 aperiens
1293 2567 1343 2596 os
1363 2568 1499 2596 suurn.

1128 2613 1182 2655 Et
1215 2614 1354 2656 factus
1386 2629 1483 2657 sum
1510 2618 1622 2660 sicut
1649 2617 1782 2659 homo
1810 2630 1898 2658 non

1075 2669 1273 2711 audiens:
1305 2672 1328 2696 *
1362 2677 1405 2713 et
1436 2686 1523 2714 non
1555 2673 1720 2716 habens
1748 2674 1792 2715 in
1821 2687 1897 2716 ore

1076 2737 1154 2766 suo
1174 2725 1514 2777 redargutiones.
