2040 2944
155 311 492 364 quadragesimo
513 314 685 355 octavo.
719 314 823 365 Ejus
843 326 921 355 cor
941 318 985 355 et

151 367 298 418 lingua
316 374 419 421 post
443 369 653 411 saeculum
672 371 841 421 integra
860 374 904 411 et
922 371 983 411 in-

152 427 362 477 corrupta
388 427 564 478 reperta
592 430 704 466 sunt.
744 426 847 478 Ipse
876 439 982 468 vero

150 480 298 522 multis
322 486 426 534 post
451 481 621 523 obitum
646 494 824 534 quoque
848 482 983 533 signis

150 549 175 576 a
193 536 292 578 Deo
311 537 568 587 illustratus,
591 537 781 590 primum
800 551 826 579 a
845 538 982 580 Bene·

150 590 269 634 dicto
322 593 493 635 decimo
545 598 702 645 quarto
752 593 982 635 beatorum

148 648 268 690 cultu
296 648 533 691 decoratus
561 649 657 699 fuit,
689 663 741 691 ac
769 649 928 691 deinde
957 663 982 691 a

148 704 373 747 Clemente
399 705 571 747 decimo
595 706 726 747 tertio
752 707 866 748 inter
885 719 979 747 san-

148 766 246 803 ctos
267 762 522 804 solemniter
542 767 609 804 est
628 762 804 804 relatus.

199 822 250 873 Rz.
276 823 367 865 Iste
385 822 530 864 homo.
551 822 632 874 [72]

371 902 420 940 In
439 903 510 942 ΙΙΙ.
530 903 565 942 N
567 905 754 944 coturno.

146 958 300 1002 Lectio
325 962 465 1003 sancti
483 961 710 1012 Evangelii
736 961 978 1003 secundum

427 1017 695 1060 Matthaeum.

220 1078 372 1120 Lectio
392 1080 460 1120 vii.
718 1082 821 1134 Cap.
841 1083 898 1122 18.

142 1131 220 1238 In
245 1137 320 1180 illo
345 1140 562 1191 tempore:
589 1139 887 1181 Accesserunt
915 1139 975 1182 di-

204 1194 362 1247 scipuli
376 1194 434 1236 ad
447 1195 472 1235 J
475 1207 609 1244 esum,
626 1194 837 1237 dicentes:
857 1197 975 1246 Quis,

141 1254 281 1300 putas,
293 1251 431 1302 major
446 1256 513 1292 est
528 1251 572 1291 in
586 1264 722 1302 regno
738 1251 974 1294 coelorum?

140 1305 198 1348 Et
216 1306 396 1359 reliqua.

270 1376 463 1419 Homilia
491 1378 632 1419 sancti
660 1378 685 1418 J
688 1378 842 1419 oannis

400 1433 716 1486 Chrysostomi.

251 1494 296 1528 In
320 1504 402 1538 cap.
430 1495 482 1530 18.
505 1495 637 1530 Matth.
662 1496 774 1531 Hom.
798 1498 858 1532 60.

274 1546 412 1589 idete
456 1561 511 1589 ne
558 1547 750 1600 aliquem
786 1548 971 1590 istorum

307 1604 661 1657 contempseritis
675 1605 970 1657 parvulorum,

151 1583 159 1604 *s
165 1598 170 1608 x
202 1588 239 1610 ΒΤ
264 1606 266 1609 .
276 1607 278 1610 .

150 1614 162 1632 ἰ
212 1610 223 1630 (
246 1618 258 1635 κ’(
273 1614 277 1631 2

156 1651 159 1657 ;
176 1603 254 1662 Ψ
262 1635 277 1660 r'.

283 1682 286 1684 ,
306 1660 408 1711 quia
446 1663 600 1702 eorum
631 1661 791 1711 Angeli
827 1661 970 1703 Patris

135 1715 223 1756 mei
254 1716 412 1758 faciem
446 1730 621 1770 semper
655 1718 892 1770 aspiciunt,
926 1723 969 1759 et

137 1771 239 1822 quia
259 1784 342 1823 ego
362 1778 548 1826 propter
567 1786 646 1815 eos
665 1774 781 1823 veni,
807 1779 850 1815 et
873 1774 970 1815 haec

134 1827 278 1869 Patris
301 1829 388 1871 mei
406 1829 612 1872 voluntas
636 1834 714 1871 est.
751 1829 825 1871 Ad
846 1832 967 1872 tuen-

135 1882 218 1924 dos
246 1885 664 1938 conservandosque
692 1885 877 1938 pusillos
907 1886 967 1928 di-

133 1938 388 1990 ligentiores
418 1954 502 1983 nos
532 1941 690 1984 reddit.
748 1942 968 1994 Perspicis

136 2007 268 2048 quam
289 1997 482 2049 ingentia
504 1998 548 2039 in
570 1997 754 2040 tutelam
772 1998 968 2039 tenuium

133 2053 295 2094 mo'enia
324 2054 527 2104 erexerit,
561 2059 605 2096 et
637 2059 848 2106 quantum
879 2057 965 2095 stu-

134 2106 255 2150 dium
290 2112 529 2162 curamque
561 2110 742 2159 habeat,
782 2123 836 2151 ne
869 2123 965 2162 per-

134 2163 312 2215 dantur,
337 2171 432 2207 tum
451 2166 553 2218 quia
573 2167 803 2219 supremas
823 2165 966 2218 despi-

133 2220 348 2263 cientibus
378 2234 455 2263 eos
483 2235 640 2275 poenas
669 2222 840 2272 statuit,
873 2227 966 2263 tum

134 2277 236 2328 quia
275 2290 491 2319 summam
529 2278 764 2331 pollicetur
802 2280 964 2319 merce-

132 2331 234 2374 dem
248 2333 328 2384 his,
348 2335 423 2386 qui
442 2347 593 2376 curam
612 2336 766 2376 eorum
784 2333 963 2385 suscipi-

131 2394 223 2440 unt;
256 2389 392 2443 idque
416 2395 508 2432 tam
533 2403 630 2441 suo,
665 2403 796 2442 quam
819 2390 963 2431 Patris

132 2446 336 2498 exemplo
356 2447 628 2489 corroborat.

184 2501 235 2553 R.
264 2503 355 2544 Iste
382 2508 450 2544 est
477 2504 552 2555 qui
577 2508 677 2544 ante
706 2502 851 2542 Deum
875 2513 962 2540 ma-

130 2569 238 2607 gnas
262 2558 448 2601 virtutes
478 2561 688 2611 operatus
717 2562 801 2605 est⁷
835 2560 878 2597 et
907 2555 962 2596 de

130 2614 248 2654 omni
287 2614 422 2656 corde
462 2628 543 2656 suo
580 2613 776 2656 laudavit
812 2611 961 2652 Domi-

130 2682 250 2710 num:
267 2670 291 2696 *
306 2671 410 2722 Ipse
434 2670 679 2712 intercedat
705 2681 787 2721 pro
806 2669 960 2719 pecca-

130 2725 188 2766 tis
217 2726 412 2766 omnium
438 2726 716 2778 populorum.
760 2718 810 2766 V·
844 2722 960 2763 Ecce

535 217 608 253 Die
631 218 683 254 27.
708 220 807 264 Aug.
853 221 889 257 S.
914 222 1080 266 Josephi
1106 224 1342 260 Calasanctii
1367 226 1474 261 Conf.
1803 226 1869 260 247

1037 315 1170 357 homo
1194 317 1286 358 sine
1311 318 1503 369 querela,
1528 331 1658 360 verus
1678 319 1761 361 Dei
1781 321 1866 361 cul-

1037 376 1123 422 tor,
1159 372 1383 415 abstinens
1417 387 1464 415 se
1495 374 1550 416 ab
1584 376 1703 416 omni
1732 378 1866 428 opere

1036 428 1171 478 malo,
1201 434 1244 470 et
1266 432 1526 481 permanens
1550 431 1592 471 in
1617 431 1866 474 innocentia

1037 497 1125 525 sua.
1160 486 1273 537 Ipse.

1324 541 1475 582 Lectio
1497 543 1578 582 viii.

1123 598 1315 638 ominum
1344 598 1474 648 igitur
1503 600 1633 640 etiam
1662 612 1743 641 nos
1773 601 1862 641 imi-

1137 655 1296 702 temur,
1329 659 1373 694 et
1405 654 1511 695 nihil
1542 668 1624 708 pro
1657 656 1863 698 fratribus

1035 709 1304 759 omittamus,
1334 710 1465 751 etiam
1491 713 1642 752 eorum
1667 725 1765 764 quae
1788 712 1862 754 hu-

1033 765 1154 805 milia
1194 765 1386 817 viliaque
1427 767 1607 808 nimium
1644 768 1862 819 videntum

1034 819 1114 862 sed
1128 821 1163 862 si
1178 821 1554 864 administratione
1569 829 1717 865 nostra
1732 825 1862 866 etiam

1034 889 1146 928 opus
1166 877 1309 927 fuerit,
1340 879 1538 929 quamvis
1563 880 1705 920 tenuis
1730 885 1861 932 atque

1033 932 1227 984 abjectus
1249 933 1442 985 quidem,
1469 934 1537 975 cui
1557 934 1859 977 administran-

1033 988 1137 1029 dum
1156 989 1223 1038 sit,
1242 989 1386 1039 fuerit,
1411 991 1610 1042 quamvis
1631 991 1767 1032 ardua
1786 1005 1859 1034 no-

1031 1044 1098 1086 bis
1131 1058 1201 1086 res
1234 1051 1366 1098 atque
1405 1046 1569 1088 laboris
1600 1047 1730 1099 plena
1764 1061 1859 1090 esse

1031 1101 1252 1151 videatur,
1295 1103 1441 1143 omnia
1474 1102 1570 1144 haec
1599 1116 1681 1155 pro
1715 1104 1859 1146 fratris

1031 1157 1172 1199 salute
1218 1158 1517 1200 tolerabiliora
1561 1159 1859 1212 facinoraque,

1030 1226 1127 1263 oro,
1153 1213 1401 1255 videantur:
1427 1220 1551 1256 tanto
1577 1216 1691 1256 enim
1711 1216 1858 1258 studio

1027 1273 1237 1323 tantaque
1272 1283 1375 1311 cura
1399 1271 1521 1312 Deus
1554 1271 1730 1322 dignam
1762 1286 1858 1314 esse

1028 1327 1218 1367 animam
1251 1327 1463 1377 ostendit,
1495 1332 1543 1369 ut
1574 1341 1717 1380 neque
1745 1329 1856 1370 Filio

1027 1395 1108 1424 suo
1128 1384 1390 1436 pepercerit.

1078 1439 1129 1489 Rv.
1160 1439 1254 1480 Sint
1287 1439 1423 1481 lumbi
1454 1441 1588 1481 vestri
1620 1442 1857 1492 praecincti,

1026 1499 1070 1536 et
1106 1495 1298 1537 lucernae
1336 1496 1541 1538 ardentes
1580 1497 1622 1536 in
1656 1497 1857 1538 manibus

1023 1552 1197 1593 vestris:
1232 1551 1254 1572 *
1282 1554 1339 1594 Et
1367 1565 1447 1594 vos
1476 1553 1639 1594 similes
1673 1553 1855 1594 homini-

1025 1607 1105 1648 bus
1138 1609 1497 1661 exspectantibus
1530 1609 1755 1650 dominum
1787 1623 1854 1650 su-

1023 1677 1112 1713 um,
1146 1665 1323 1716 quando
1353 1668 1600 1707 revertatur
1627 1678 1652 1705 a
1679 1666 1853 1717 nuptiis.

1025 1711 1074 1762 V·
1093 1720 1284 1770 Vigilate
1305 1734 1426 1772 ergo,
1451 1722 1551 1772 quia
1570 1721 1748 1762 nescitis
1767 1734 1852 1772 qua

1022 1775 1132 1817 hora
1150 1777 1367 1818 Dominus
1386 1782 1532 1818 vester
1551 1780 1762 1818 venturus
1783 1778 1851 1820 sit.

1021 1832 1087 1873 Et.
1124 1832 1275 1874 Gloria
1293 1834 1423 1875 Patri.
1458 1834 1523 1874 Et.

1322 1886 1474 1927 Lectio
1495 1886 1548 1925 ix.

1089 1944 1103 1983 i
1136 1956 1224 1985 non
1257 1949 1324 1985 est
1356 1944 1485 1985 nobis
1519 1945 1625 1985 satis
1653 1944 1710 1985 ad
1738 1943 1848 1984 salu-

1107 2004 1216 2049 tem,
1248 1999 1370 2051 quod
1396 2000 1592 2041 virtuose
1619 2000 1705 2052 ipsi
1733 2000 1847 2040 viva-

1019 2069 1135 2105 mus,
1160 2055 1240 2097 sed
1260 2058 1438 2108 oportet
1458 2056 1643 2097 aliorum
1662 2055 1846 2096 salutem

1020 2124 1066 2152 re
1084 2111 1181 2164 ipsa
1203 2111 1471 2162 desiderare3
1491 2125 1590 2153 cum
1607 2124 1749 2162 neque
1764 2123 1846 2152 nos

1019 2172 1138 2209 recte
1158 2168 1372 2217 vivamus,
1399 2180 1541 2219 neque
1566 2167 1676 2208 alios
1702 2166 1844 2208 horte-

1018 2236 1129 2273 mur,
1169 2223 1275 2275 quid
1311 2221 1699 2275 respondebimus?
1737 2223 1845 2272 Quae

1017 2279 1145 2320 nobis
1190 2291 1292 2331 spes
1339 2279 1491 2320 salutis
1531 2278 1700 2330 reliqua
1741 2277 1844 2319 erit?

1019 2334 1134 2384 Quid
1162 2335 1315 2386 majus,
1356 2347 1487 2386 quam
1515 2334 1669 2375 animis
1697 2333 1844 2375 mode-

1017 2391 1120 2439 rari,
1154 2402 1285 2442 quam
1312 2390 1743 2432 adolescentulorum
1766 2390 1842 2430 fin-

1015 2458 1118 2496 gere
1146 2443 1315 2486 mores?
1353 2445 1482 2486 Omni
1517 2451 1635 2487 certe
1662 2445 1842 2497 pictore,

1015 2501 1132 2541 omni
1171 2506 1289 2542 certe
1329 2501 1560 2551 statuario,
1598 2503 1841 2552 ceterisque

1013 2555 1264 2608 hujusmodi
1276 2556 1478 2598 omnibus
1489 2556 1841 2598 excellentiorem

1014 2612 1129 2653 hunc
1164 2611 1296 2661 duco,
1330 2613 1405 2663 qui
1436 2613 1639 2664 juvenum
1672 2612 1839 2652 animos

1014 2668 1177 2718 fingere
1196 2680 1284 2709 non
1303 2667 1484 2718 ignoret.
1526 2667 1586 2710 Te
1604 2669 1756 2710 Deum.
1779 2667 1838 2706 14.
