2040 2944
688 205 795 240 Feria
821 212 955 249 quarta
984 208 1031 241 ad
1056 208 1309 243 Matutinum.¹
1799 215 1841 251 61

131 318 218 346 me:
231 307 256 333 *
277 305 332 347 de
351 320 479 348 mane
497 319 637 359 usque
657 306 713 348 ad
732 309 963 359 vesperam

131 361 257 403 finies
275 375 357 403 me.

183 418 426 470 Sperabam
440 432 580 471 usque
597 418 653 460 ad
671 432 810 468 mane,
821 421 844 446 *
861 432 962 471 qua-

132 474 169 514 si
184 473 255 515 leo
272 475 334 515 sic
351 475 555 516 contrivit
571 475 717 515 omnia
734 488 834 516 ossa
849 488 964 516 mea:

182 529 251 571 De
271 544 398 572 mane
423 543 562 583 usque
586 530 643 572 ad
662 533 894 583 vesperam
917 531 963 571 fi-

132 586 227 627 nies
251 600 339 628 me:
362 589 386 614 *
410 588 522 628 sicut
547 587 693 639 pullus
720 587 963 628 hirundinis

133 642 195 683 sic
235 643 436 685 clamabo
453 675 461 694 ‚
507 642 758 685 meditabor
801 648 848 684 ut
894 656 964 684 co-

131 698 300 740 himba:

183 755 413 796 Attenuoti
440 760 541 796 sunt
570 755 685 797 oculi
712 757 815 806 mei,
844 758 868 783 *
897 770 963 797 su-

132 811 368 863 spicientes
387 812 431 852 in
452 812 694 853 excelsum:

184 867 371 909 Domine
412 869 507 908 vim·
538 869 703 921 patior,
743 868 963 921 responde

132 936 214 976 pro
233 926 350 965 me.*
370 924 485 974 Quid
506 924 659 974 dicam,
682 930 756 966 aut
775 924 879 977 quid
900 938 963 966 re-

133 979 371 1032 spondebit
389 980 504 1030 mihi,
525 994 625 1021 cum
642 981 737 1033 ipse
757 979 932 1022 fecerit?

184 1036 462 1087 Recogitabo
479 1036 559 1078 tibi
579 1050 731 1078 omnes
750 1042 858 1078 afios
876 1050 963 1078 me-

133 1105 184 1134 os
204 1094 227 1119 '⁶‘
246 1093 290 1133 in
309 1093 598 1134 amaritudine
619 1094 774 1134 zinimae
794 1106 917 1134 meae.

184 1149 373 1190 Domine
419 1149 455 1190 si
498 1149 560 1190 sic
605 1150 787 1199 vivitur,
833 1154 876 1190 et
919 1150 964 1190 in

129 1205 292 1247 talibus
311 1206 401 1246 vita
424 1206 604 1258 spiritus
630 1206 726 1255 mei,
751 1206 963 1258 corripies

129 1275 220 1312 me⁷
254 1266 298 1303 et
329 1261 572 1303 vivificabis
603 1275 686 1303 me.
714 1264 738 1288 *
770 1263 886 1303 Ecce
919 1262 963 1302 in

130 1331 241 1370 pace
261 1317 508 1359 amaritudo
526 1331 626 1359 mea
645 1318 930 1359 amarissima:

183 1375 253 1415 Tu
271 1378 418 1415 autem
441 1375 592 1415 eruisti
612 1375 801 1415 {mimam
819 1388 963 1415 meam

130 1435 178 1472 ut
210 1444 298 1472 non
329 1432 513 1483 periret:
542 1432 566 1457 *
603 1431 827 1483 projecisti
860 1435 963 1483 post

129 1491 304 1538 tergum
322 1491 448 1528 tuum
467 1487 613 1528 omnia
631 1489 816 1539 peccota
834 1500 943 1528 mea.

183 1544 295 1593 Quia
330 1556 419 1584 non
454 1543 648 1584 infernus
683 1543 963 1584 confitebitur

130 1599 221 1650 tibi,
238 1612 383 1652 neque
400 1612 520 1640 mors
539 1598 738 1640 laudabit
758 1604 819 1640 te:
832 1602 855 1626 *
874 1612 962 1640 non

132 1655 454 1708 exspectabunt
492 1656 566 1707 qui
603 1654 875 1696 descendunt
918 1656 962 1695 in

130 1711 285 1762 lacum,
302 1712 536 1753 veritatem
553 1716 686 1752 tuam.

183 1768 351 1809 Vivens
378 1768 531 1809 vivens
558 1768 654 1820 ipse
683 1766 963 1808 confitebitur

130 1824 226 1874 tibi,
260 1824 372 1865 sicut
405 1828 449 1865 et
482 1836 565 1874 ego
598 1823 750 1864 hodie:
783 1825 807 1850 *
836 1827 963 1876 pater

131 1880 232 1921 filiis
255 1885 407 1921 notam
427 1880 559 1921 faciet
577 1880 809 1921 veritatem
831 1884 962 1920 tuam.

183 1936 373 1977 Domine
388 1936 558 1977 salvum
573 1948 644 1977 me
659 1935 738 1986 fac,
752 1937 776 1962 *
791 1940 835 1976 et
849 1935 962 1988 psal-

131 1992 229 2034 mos
266 1997 442 2034 nostros
485 1991 758 2034 cantabimus
795 1992 962 2033 cunctis

133 2048 288 2091 diebus
310 2049 412 2090 vitae
429 2053 594 2090 nostrae
613 2048 657 2088 in
677 2047 810 2089 domo
830 2048 928 2088 Dfii.

187 2112 286 2153 Ant.
306 2113 484 2155 Cunctis
503 2113 658 2155 diebus
676 2112 779 2153 vitae
799 2117 962 2153 nostrae

133 2169 280 2211 salvos
301 2182 383 2211 nos
405 2170 475 2211 fae
492 2169 692 2210 Domine.

186 2233 286 2274 Ant.
308 2234 470 2275 Omnes
490 2233 649 2284 Angeli
668 2233 758 2284 ejus
774 2234 797 2259 *
814 2231 962 2274 lauda-

131 2295 176 2332 te
194 2291 431 2332 Dominum
452 2289 508 2332 de
528 2290 663 2331 coelis.

183 2359 253 2399 Ps.
273 2359 472 2401 Laudate
490 2358 739 2399 Dominum.
767 2359 825 2398 16.

239 2427 498 2480 Capitulum.
606 2426 732 2466 Rom.
749 2426 806 2465 13.
820 2424 858 2465 d.

132 2492 287 2599 Nox
315 2497 562 2551 praecessit,
591 2495 685 2538 dies
713 2500 860 2536 autem
888 2508 960 2546 ap-

247 2554 571 2607 propinquavit.
610 2552 877 2604 Abjiciz'lmus
899 2563 961 2591 er-

133 2622 190 2660 go
210 2612 346 2663 opera
364 2609 655 2658 tenebrarum,
670 2613 713 2649 et
731 2606 962 2648 induamur

133 2679 254 2707 arma
286 2666 408 2707 lucis.
443 2665 564 2706 Sicut
596 2665 639 2705 in
672 2664 742 2705 die
777 2663 961 2704 honeste

133 2721 417 2763 ambulemus.

282 2864 346 2889 Pars
362 2862 532 2888 Autumnalis.

1337 304 1370 343 H
1378 317 1542 355 ymnus.

1128 367 1192 409 les
1215 369 1301 410 diei
1324 371 1500 411 nuntius

1146 425 1310 466 Lucem
1325 429 1617 479 propinquam
1631 428 1844 479 praecinit:

1095 480 1189 522 Nos
1212 483 1427 523 excitator
1445 483 1654 524 mentium

1095 536 1119 576 J
1122 550 1192 577 am
1213 537 1410 579 Christus
1430 539 1486 580 ad
1505 540 1638 580 vitam
1658 545 1798 581 vocat.

1048 601 1238 652 Auferte,
1258 602 1426 652 clamat,
1444 603 1640 654 lectulos,

1095 659 1234 708 AEgro
1255 661 1416 711 sopore
1437 659 1630 701 desides:

1097 714 1314 767 Castique,
1336 715 1455 765 recti,
1475 729 1526 756 ac
1546 716 1680 758 sobrii

1095 771 1297 821 Vigilate,
1316 772 1399 823 jam
1425 785 1520 812 sum
1540 773 1774 824 proximus.

1046 837 1192 876 Jesum
1213 837 1379 877 ciamus
1399 837 1592 886 vocibus,

1095 893 1283 942 Flentes,
1300 895 1544 945 precantes,
1565 892 1715 934 sobrii:

1095 949 1268 990 Intenta
1288 949 1552 1002 supplicatio

1094 1005 1298 1046 Dormire
1319 1018 1395 1046 cor
1416 1005 1626 1046 mundum
1645 1009 1775 1046 vetat.

1046 1071 1112 1111 Tu
1133 1070 1303 1112 Christe
1323 1083 1524 1111 somnum
1543 1069 1728 1111 discute:

1096 1126 1165 1167 Tu
1185 1140 1338 1179 rumpe
1358 1127 1500 1167 noctis
1520 1125 1706 1166 vincula:

1094 1183 1164 1223 Tu
1185 1183 1307 1224 solve
1327 1185 1558 1235 peceatum
1577 1186 1714 1230 vetus,

1092 1239 1358 1291 Novumque
1377 1238 1523 1279 lumen
1542 1240 1701 1288 ingere.

1047 1306 1141 1345 Deo
1160 1304 1280 1345 Patri
1299 1304 1356 1345 sit
1374 1303 1521 1354 gloria,

1093 1361 1286 1413 Ejusque
1307 1360 1390 1401 soli
1409 1360 1530 1409 Filio,

1094 1417 1203 1458 Cum
1223 1417 1386 1468 Spiritu
1405 1415 1623 1457 Paraclito

1092 1473 1220 1514 Nunc
1240 1477 1283 1514 et
1303 1485 1383 1525 per
1403 1485 1531 1513 omne
1551 1471 1770 1512 saeculum.

1223 1529 1376 1570 Amen.

1074 1581 1123 1633 Y.
1144 1585 1321 1637 Repleti
1351 1598 1499 1625 sumus
1526 1597 1653 1625 mane
1679 1583 1841 1624 miseri-

1015 1641 1165 1682 cordia
1198 1646 1284 1682 tua.
1335 1644 1382 1694 K.
1414 1640 1760 1688 Exsultavimus,
1799 1644 1842 1679 et

1015 1697 1221 1739 delectati
1243 1710 1402 1737 sumus.

1074 1758 1143 1799 Ad
1163 1758 1441 1798 Benedictus.
1464 1758 1561 1797 Ant.
1594 1756 1741 1796 Erexit
1767 1767 1841 1795 no-

1014 1815 1082 1856 bis
1099 1817 1122 1842 *
1140 1814 1354 1855 Dominus
1374 1827 1510 1855 cornu
1530 1812 1682 1854 salutis
1703 1812 1746 1852 in
1766 1810 1840 1852 do-

1014 1885 1086 1913 mo
1106 1871 1251 1912 David
1270 1871 1396 1923 pueri
1415 1870 1492 1911 sui.

1075 1936 1231 1972 Preces,
1258 1936 1413 1978 quando
1440 1936 1633 1970 dicuntur.
1660 1936 1847 1969 habentur

1020 1994 1137 2026 supra
1163 1984 1200 2016 in
1227 1983 1338 2017 Feria
1365 1983 1543 2017 secunda.
1565 1982 1617 2016 51.

1298 2065 1338 2067 -...
1368 2052 1575 2078 .0-<ffl>-0..-—.

1039 2121 1188 2162 Feria
1206 2120 1393 2171 quarta
1412 2119 1477 2160 ad
1494 2117 1813 2159 matutinum.

1070 2184 1193 2225 Invit.
1234 2186 1281 2226 In
1317 2199 1448 2233 manu
1485 2190 1560 2226 tua
1595 2183 1782 2224 Domine
1824 2183 1845 2205 *
1866 2232 1876 2241 .

1016 2244 1179 2285 Omnes
1206 2243 1315 2283 fines
1344 2246 1483 2283 terrae.

1074 2297 1141 2337 Ps.
1171 2299 1332 2347 Venite,
1352 2297 1629 2338 exsultemus.
1649 2297 1686 2336 2.

1328 2366 1538 2417 Hymnus.

1157 2441 1277 2470 erum
1299 2428 1481 2469 Creator
1501 2425 1676 2478 optime,

1169 2485 1421 2535 Rectorque
1439 2487 1590 2523 noster
1609 2481 1770 2533 aspice:

1116 2541 1211 2581 Nos
1231 2553 1256 2580 a
1276 2539 1421 2591 quiete
1440 2538 1571 2579 noxia

1117 2597 1287 2637 Mersos
1307 2596 1467 2647 sopore
1485 2593 1632 2634 libera.

1069 2661 1145 2710 Te,
1164 2664 1314 2700 sancte
1335 2658 1521 2706 Christe,
1539 2656 1776 2709 poscimus,

1116 2717 1301 2766 Ignosce
1321 2714 1459 2766 culpis
1479 2712 1692 2754 omnibus:

1587 2841 1631 2875 5.
