2040 2944
614 180 825 213 Commune
853 177 1100 211 Confessoris
1126 187 1203 210 non
1227 177 1438 211 Pontificis.

166 281 240 321 illo
259 281 399 329 Deus,
425 283 469 320 et
497 291 632 330 quare
652 278 859 319 munierit
877 277 999 319 illum

165 336 392 378 Dominus.
412 334 640 376 Videbunt
659 339 703 376 et
718 336 1000 375 contemnent

167 406 281 434 eum:
306 392 404 433 illos
431 396 578 432 autem
602 390 820 432 Dominus
847 390 999 431 irride-

165 448 240 490 bit.
273 449 330 490 Et
356 452 483 489 erunt
503 453 606 500 post
625 447 721 488 haec
742 446 998 488 decidentes

165 505 257 546 sine
273 504 452 555 honore,
473 509 517 545 et
535 504 580 545 in
599 503 866 545 contumelia
885 503 999 544 inter

164 563 365 602 mortuos
398 561 442 601 in
473 562 753 614 perpetuum:
791 560 1000 613 quoniam

166 617 413 670 disrumpet
436 617 536 658 illos
562 617 739 658 inflatos
761 616 854 657 sine
877 628 998 666 voce,

166 679 210 715 et
238 673 536 715 commovebit
564 673 662 715 illos
691 686 717 714 a
744 672 999 714 fundamen·
1058 687 1143 725 3

163 786 338 828 buntur.

221 854 271 904 Rg.
308 852 461 892 Justus
498 851 762 902 germinabit
804 851 918 892 sicut
953 849 1000 891 li-

166 907 287 949 lium:
327 910 347 931 *
383 908 442 949 Et
483 907 660 949 florebit
700 908 746 948 in
787 909 1002 949 aeternum

165 969 267 1006 ante
293 964 420 1005 Dfim.
462 959 510 1010 Y.
535 964 764 1006 Plantatus
792 964 838 1005 in
866 965 1000 1006 domo

164 1020 262 1071 Dffi,
282 1020 327 1061 in
343 1021 464 1062 atriis
481 1020 638 1062 domus
653 1021 739 1062 Dei
753 1021 904 1063 nostri.
932 1020 1001 1061 Et.

224 1082 384 1123 Bened.
414 1082 603 1134 Spiritus
623 1081 766 1122 sancti
786 1081 940 1132 gratia.

472 1159 625 1199 Lectio
646 1158 700 1197 iii.

251 1234 269 1271 t
295 1234 422 1271 erunt
447 1230 691 1280 gementes,
720 1233 764 1270 et
789 1230 1003 1271 memoria

262 1286 439 1327 illorum
459 1285 630 1339 peribit.
658 1286 851 1328 Venient
869 1287 913 1327 in
931 1298 1001 1327 co-

167 1343 380 1394 gitatione
415 1344 703 1395 peccatorum
738 1345 920 1384 suorum
951 1345 1002 1384 ti-

167 1399 285 1448 midi,
306 1403 349 1440 et
366 1399 601 1440 traducent
619 1398 720 1440 illos
741 1411 795 1440 ex
811 1399 1002 1440 adverso

168 1456 423 1507 iniquitates
443 1455 653 1508 ipsorum.
680 1455 806 1496 Tunc
823 1455 1003 1497 stabunt

170 1512 270 1562 justi
303 1512 346 1552 in
380 1525 538 1562 magna
572 1512 822 1553 constantia
850 1511 1002 1553 adver-

170 1581 243 1610 sus
270 1581 347 1610 eos
375 1569 449 1621 qui
476 1581 523 1610 se
553 1568 929 1620 angustiaverunt,
960 1573 1004 1610 et

171 1625 243 1676 qui
260 1624 536 1667 abstulerunt
550 1624 727 1666 labores
745 1627 909 1666 eorum.
928 1625 1003 1667 Vi-

170 1680 324 1722 dentes
352 1681 648 1723 turbabuntur
679 1682 838 1723 timore
866 1681 1003 1723 horri-

169 1737 263 1787 bili,
292 1743 335 1779 et
363 1738 641 1779 mirabuntur
667 1738 710 1778 in
736 1737 1004 1780 subitatione

170 1794 408 1846 insperatae
446 1794 618 1844 salutis,
658 1794 856 1836 dicentes
890 1795 1005 1836 intra

171 1863 235 1900 se,
269 1851 576 1903 poenitentiam
603 1852 801 1902 agentes,
837 1856 881 1893 et
909 1864 1004 1904 prae

171 1908 373 1958 angustia
387 1907 568 1960 spiritus
579 1909 819 1959 gementes:
834 1908 893 1948 Hi
904 1912 1005 1949 sunt

173 1976 284 2015 quos
308 1963 542 2005 habuimus
565 1963 802 2016 aliquando
825 1965 869 2004 in
894 1963 1004 2006 deri-

172 2033 269 2061 sum
294 2025 338 2061 et
363 2021 407 2061 in
431 2019 762 2061 similitudinem
785 2021 1004 2073 imprope-

172 2077 233 2116 rii.
256 2076 351 2118 Nos
371 2077 582 2118 insensati
601 2077 737 2118 vitam
754 2077 931 2118 illorum
950 2090 1005 2118 ae-

173 2133 460 2174 stimabamus
479 2133 708 2183 insaniam,
735 2138 779 2174 et
802 2133 935 2175 finem
960 2133 1006 2174 il-

172 2189 315 2231 lorum
334 2190 427 2231 sine
446 2189 634 2230 honore:
655 2202 758 2231 ecce
780 2189 1006 2242 quomodo

174 2246 417 2298 computati
441 2251 542 2287 sunt
566 2246 680 2288 inter
699 2246 815 2287 filios
834 2246 934 2296 Dei,
963 2251 1007 2288 et

174 2302 286 2343 inter
306 2307 483 2344 sanctos
504 2315 602 2344 sors
621 2302 797 2343 illorum
817 2307 895 2344 est.

230 2361 280 2411 R.
306 2363 397 2404 Iste
418 2363 626 2413 cognovit
645 2364 864 2415 justitiam,
885 2368 929 2405 et
947 2364 1006 2405 vi-

176 2418 240 2460 dit
271 2419 487 2460 mirabilia
517 2432 693 2471 magna,
731 2425 775 2461 et
809 2420 1008 2462 exoravit

175 2474 466 2516 Altissimum:
495 2475 515 2496 ’⁸¹
546 2476 604 2517 Et
631 2476 836 2517 inventus
869 2481 936 2518 est
963 2477 1007 2517 in

175 2534 359 2572 numero
379 2534 642 2573 sanctorum.
672 2524 721 2575 Y-
738 2533 830 2574 Iste
849 2538 916 2574 est
933 2533 1008 2584 qui

177 2587 444 2639 contempsit
471 2588 606 2628 vitam
630 2589 799 2638 mundi,
839 2594 883 2630 et
911 2601 1007 2641 per-

177 2644 296 2684 venit
311 2643 368 2684 ad
383 2643 582 2685 coelestia
596 2657 740 2695 regna.
762 2645 830 2686 Et.
856 2642 1009 2686 Gloria

176 2700 308 2741 Patri.
335 2700 403 2741 Et.

1278 273 1327 312 In
1354 275 1405 313 ΙΙ.
1433 274 1657 315 Nocturno.

1108 337 1206 376 Ant.
1226 337 1513 378 Invocantem
1529 333 1754 376 exaudivit
1763 334 1787 359 *
1797 334 1886 385 Πὸ·-

1051 393 1196 434 minus
1212 398 1411 434 sanctum
1426 405 1565 441 suum,
1581 390 1799 432 Dominus
1815 403 1886 431 ex-

1053 449 1222 492 audivit
1249 462 1367 499 eum,
1391 453 1436 490 et
1460 447 1691 490 constituit
1716 459 1817 488 eum
1842 446 1886 486 in

1051 519 1173 558 pace·
1342 551 1543 590 Psalmus
1566 552 1602 589 4.

1147 620 1158 627 ⁷
1172 624 1245 652 um
1278 610 1531 650 invocarem
1563 605 1789 648 exaudivit
1815 618 1886 647 me

1150 663 1165 696 ’ἶ
1184 667 1307 708 Deus
1335 665 1511 718 justitiae
1534 676 1662 705 meae:
1689 663 1712 688 *
1740 662 1785 703 in
1812 661 1887 703 tri-

164 730 233 779 tis,
254 735 298 772 et
316 743 457 782 usque
476 729 534 772 ad
554 731 810 783 supremum
830 728 1000 770 desola-
1063 738 1158 745 ‘
1184 723 1411 766 bulatione
1432 720 1628 763 dilatasti
1645 719 1763 760 mihi.

1105 781 1316 822 Miserere
1342 778 1450 828 mei,
1478 778 1502 803 *
1532 782 1575 819 et
1605 775 1766 818 exaudi
1795 787 1888 816 ora—

1053 837 1221 879 tionem
1238 848 1394 877 meam.

1106 893 1206 934 Filii
1237 892 1466 934 hominum
1499 893 1733 942 usquequo
1766 885 1891 938 gravi

1055 947 1214 992 corde?
1242 949 1266 975 *
1295 953 1344 990 ut
1373 946 1480 1000 quid
1513 945 1696 997 diligitis
1725 943 1890 985 vanita-

1054 1012 1156 1056 tem,
1177 1010 1221 1047 et
1242 1004 1441 1058 quaeritis
1459 1000 1759 1044 mendacium?

1106 1063 1163 1104 Et
1197 1062 1357 1103 scitote
1396 1060 1606 1112 quoniam
1638 1055 1892 1099 mirificavit

1054 1119 1272 1160 Dominus
1299 1122 1500 1159 sanctum
1524 1128 1666 1157 suum:
1691 1115 1715 1140 *
1740 1112 1890 1155 Domi-

1054 1189 1137 1217 nus
1166 1174 1375 1217 exaudiet
1407 1186 1478 1215 me
1512 1185 1613 1215 cum
1641 1171 1891 1213 clamavero

1055 1232 1112 1274 ad
1133 1245 1245 1274 eum.

1107 1288 1372 1339 Irascimini,
1402 1292 1446 1329 et
1473 1285 1609 1328 nolite
1637 1285 1843 1338 peccare:
1867 1282 1891 1307 *

1057 1358 1156 1398 quae
1177 1345 1323 1387 dicitis
1347 1345 1391 1385 in
1413 1342 1622 1385 cordibus
1642 1340 1821 1389 vestris,
1847 1338 1892 1379 in

1056 1401 1275 1443 cubilibus
1293 1401 1453 1443 vestris
1474 1396 1831 1451 compungimini.

1107 1458 1363 1500 Sacrificate
1399 1455 1667 1498 sacrificium
1703 1453 1893 1506 justitiae,

1058 1519 1102 1556 et
1127 1516 1305 1567 sperate
1329 1514 1374 1554 in
1397 1512 1607 1554 Domino:
1630 1512 1654 1538 *
1678 1509 1806 1551 multi
1831 1508 1892 1550 di-

1057 1576 1178 1612 cunt:
1207 1571 1316 1621 Quis
1335 1569 1531 1611 ostendit
1550 1566 1680 1609 nobis
1699 1565 1840 1608 bona?

1108 1627 1338 1678 Signatum
1374 1631 1442 1669 est
1475 1637 1608 1678 super
1635 1636 1718 1665 nos
1745 1622 1893 1663 lumen

1057 1683 1204 1725 vultus
1231 1684 1297 1725 tui
1324 1683 1532 1725 Domine:
1550 1683 1575 1709 *
1595 1679 1759 1723 dedisti
1786 1678 1893 1720 laeti-

1057 1740 1165 1781 tiam
1183 1741 1228 1781 in
1248 1739 1385 1782 corde
1403 1751 1516 1781 meo.

1109 1797 1151 1837 A
1176 1797 1322 1838 fructu
1346 1795 1571 1844 frumenti,
1599 1793 1707 1842 vini,
1734 1796 1779 1834 et
1806 1791 1894 1833 olei

1059 1853 1125 1894 sui
1143 1854 1167 1880 *
1183 1852 1466 1905 multiplicati
1486 1855 1597 1893 sunt.

1112 1909 1164 1950 In
1189 1922 1301 1962 pace
1325 1909 1370 1950 in
1397 1908 1592 1961 idipsum
1614 1906 1638 1932 *
1664 1905 1893 1954 dormiam,
1952 1911 1961 1919 ’

1059 1970 1104 2007 et
1121 1966 1412 2018 requiescam

1112 2022 1332 2072 Quoniam
1346 2027 1395 2064 tu
1404 2021 1596 2063 Domine
1612 2016 1894 2070 singulariter

1059 2078 1103 2118 in
1124 2091 1204 2131 spe
1223 2079 1247 2105 *
1267 2077 1538 2120 constituisti
1554 2089 1636 2118 me.

1115 2134 1215 2175 Ant.
1244 2135 1533 2176 Invocantem
1557 2130 1781 2174 exaudivit
1799 2130 1893 2171 Dfis

1060 2196 1261 2232 sanetum
1276 2204 1413 2241 suum,
1433 2190 1651 2231 Dominus
1667 2185 1893 2229 exaudivit

1060 2260 1171 2297 eum,
1191 2252 1236 2289 et
1255 2247 1483 2288 constituit
1503 2259 1604 2288 eum
1623 2245 1668 2285 in
1686 2255 1809 2296 pace.

1115 2302 1215 2341 Ant.
1234 2302 1460 2345 Laetentur
1479 2314 1644 2350 omnes,
1659 2301 1683 2326 *
1702 2299 1778 2351 qui
1798 2311 1893 2350 spe-

1060 2364 1158 2401 rant
1178 2360 1223 2400 in
1241 2365 1286 2401 te
1301 2360 1506 2401 Domine:
1526 2356 1734 2410 quoniam
1752 2361 1801 2397 tu
1820 2354 1893 2396 be-

1060 2415 1269 2458 nedixisti
1288 2417 1420 2468 justo,
1447 2419 1574 2456 scuto
1593 2413 1725 2455 bonae
1744 2411 1893 2453 volun-

1059 2472 1164 2513 tatis
1184 2478 1273 2514 tuae
1293 2470 1518 2514 coronasti
1537 2482 1646 2512 eum.

1348 2528 1547 2568 Psalmm
1570 2528 1608 2566 5.

1064 2579 1259 2684 Verba
1281 2601 1380 2629 mea
1403 2586 1582 2628 auribus
1606 2585 1787 2638 percipe
1806 2585 1893 2626 Do-

1172 2644 1304 2693 mine,
1349 2645 1373 2671 *
1418 2642 1614 2693 intellige
1657 2642 1894 2683 clamorem

1060 2713 1218 2742 meum.
