<?xml version="1.0" encoding="UTF-8"?>
<!DOCTYPE html PUBLIC "-//W3C//DTD XHTML 1.0 Transitional//EN"
    "http://www.w3.org/TR/xhtml1/DTD/xhtml1-transitional.dtd">
<html xmlns="http://www.w3.org/1999/xhtml" xml:lang="en" lang="en">
 <head>
  <title>
</title>
<meta http-equiv="Content-Type" content="text/html;charset=utf-8" />
  <meta name='ocr-system' content='tesseract 3.04.00' />
  <meta name='ocr-capabilities' content='ocr_page ocr_carea ocr_par ocr_line ocrx_word'/>
</head>
<body>
  <div class='ocr_page' id='page_1' title='image "./p4breviariumroma00cathuoft_0432.png"; bbox 0 0 2040 2944; ppageno 0'>
   <div class='ocr_carea' id='block_1_1' title="bbox 186 169 260 204">
    <p class='ocr_par' dir='ltr' id='par_1_1' title="bbox 186 169 260 204">
     <span class='ocr_line' id='line_1_1' title="bbox 186 169 260 204; baseline 0.027 -2"><span class='ocrx_word' id='word_1_1' title='bbox 186 169 260 204; x_wconf 89' lang='grc'>404</span> 
     </span>
    </p>
   </div>
   <div class='ocr_carea' id='block_1_2' title="bbox 630 162 1462 204">
    <p class='ocr_par' dir='ltr' id='par_1_2' title="bbox 630 162 1462 204">
     <span class='ocr_line' id='line_1_2' title="bbox 630 162 1462 204; baseline 0 -9"><span class='ocrx_word' id='word_1_2' title='bbox 630 163 701 195; x_wconf 83' lang='lat' dir='ltr'>Die</span> <span class='ocrx_word' id='word_1_3' title='bbox 725 163 754 195; x_wconf 74' lang='lat'>4.</span> <span class='ocrx_word' id='word_1_4' title='bbox 780 162 877 195; x_wconf 75' lang='lat' dir='ltr'>Nov.</span> <span class='ocrx_word' id='word_1_5' title='bbox 925 164 958 195; x_wconf 76' lang='lat' dir='ltr'>S.</span> <span class='ocrx_word' id='word_1_6' title='bbox 986 163 1113 195; x_wconf 67' lang='lat' dir='ltr'>(tm-oli</span> <span class='ocrx_word' id='word_1_7' title='bbox 1143 163 1267 204; x_wconf 65' lang='lat' dir='ltr'>Episc.</span> <span class='ocrx_word' id='word_1_8' title='bbox 1294 168 1327 196; x_wconf 83' lang='lat' dir='ltr'>et</span> <span class='ocrx_word' id='word_1_9' title='bbox 1355 162 1462 196; x_wconf 82' lang='lat' dir='ltr'>Conf.</span> 
     </span>
    </p>
   </div>
   <div class='ocr_carea' id='block_1_3' title="bbox 186 221 1900 236">
    <p class='ocr_par' dir='ltr' id='par_1_3' title="bbox 186 221 1900 236">
     <span class='ocr_line' id='line_1_3' title="bbox 186 221 1900 236; baseline 0 2708"><span class='ocrx_word' id='word_1_10' title='bbox 186 221 1900 236; x_wconf 95' lang='lat' dir='ltr'> </span> 
     </span>
    </p>
   </div>
   <div class='ocr_carea' id='block_1_4' title="bbox 185 259 1020 2746">
    <p class='ocr_par' dir='ltr' id='par_1_4' title="bbox 185 259 1017 824">
     <span class='ocr_line' id='line_1_4' title="bbox 188 259 1017 314; baseline -0.005 -10"><span class='ocrx_word' id='word_1_11' title='bbox 188 275 281 304; x_wconf 89' lang='lat' dir='ltr'>cor:</span> <span class='ocrx_word' id='word_1_12' title='bbox 304 268 350 304; x_wconf 90' lang='lat' dir='ltr'>et</span> <span class='ocrx_word' id='word_1_13' title='bbox 374 259 747 314; x_wconf 68' lang='lat' dir='ltr'>quemadmodum</span> <span class='ocrx_word' id='word_1_14' title='bbox 765 259 912 301; x_wconf 91' lang='lat' dir='ltr'>lumen</span> <span class='ocrx_word' id='word_1_15' title='bbox 932 259 1017 301; x_wconf 92' lang='lat' dir='ltr'>hoc</span> 
     </span>
     <span class='ocr_line' id='line_1_5' title="bbox 187 316 1016 370; baseline -0.006 -9"><span class='ocrx_word' id='word_1_16' title='bbox 187 318 326 361; x_wconf 89' lang='lat' dir='ltr'>videri</span> <span class='ocrx_word' id='word_1_17' title='bbox 346 331 433 359; x_wconf 92' lang='lat' dir='ltr'>non</span> <span class='ocrx_word' id='word_1_18' title='bbox 453 322 612 370; x_wconf 86' lang='lat' dir='ltr'>potest,</span> <span class='ocrx_word' id='word_1_19' title='bbox 636 317 719 358; x_wconf 91' lang='lat' dir='ltr'>nisi</span> <span class='ocrx_word' id='word_1_20' title='bbox 739 316 878 358; x_wconf 88' lang='lat' dir='ltr'>oculis</span> <span class='ocrx_word' id='word_1_21' title='bbox 897 329 1016 357; x_wconf 92' lang='lat' dir='ltr'>mun-</span> 
     </span>
     <span class='ocr_line' id='line_1_6' title="bbox 187 373 1015 424; baseline -0.004 -8"><span class='ocrx_word' id='word_1_22' title='bbox 187 375 266 424; x_wconf 94' lang='lat' dir='ltr'>dis,</span> <span class='ocrx_word' id='word_1_23' title='bbox 284 375 345 416; x_wconf 86' lang='lat' dir='ltr'>ita</span> <span class='ocrx_word' id='word_1_24' title='bbox 363 387 445 415; x_wconf 93' lang='lat' dir='ltr'>nec</span> <span class='ocrx_word' id='word_1_25' title='bbox 459 374 581 415; x_wconf 92' lang='lat' dir='ltr'>Deus</span> <span class='ocrx_word' id='word_1_26' title='bbox 596 373 780 422; x_wconf 88' lang='lat' dir='ltr'>videtur,</span> <span class='ocrx_word' id='word_1_27' title='bbox 797 373 880 413; x_wconf 92' lang='lat' dir='ltr'>nisi</span> <span class='ocrx_word' id='word_1_28' title='bbox 896 386 1015 414; x_wconf 92' lang='lat' dir='ltr'>mun-</span> 
     </span>
     <span class='ocr_line' id='line_1_7' title="bbox 187 429 1016 482; baseline -0.004 -9"><span class='ocrx_word' id='word_1_29' title='bbox 187 432 292 474; x_wconf 93' lang='lat' dir='ltr'>dum</span> <span class='ocrx_word' id='word_1_30' title='bbox 323 431 380 472; x_wconf 88' lang='lat' dir='ltr'>sit</span> <span class='ocrx_word' id='word_1_31' title='bbox 412 430 520 472; x_wconf 93' lang='lat' dir='ltr'>illud</span> <span class='ocrx_word' id='word_1_32' title='bbox 558 443 645 482; x_wconf 94' lang='lat' dir='ltr'>quo</span> <span class='ocrx_word' id='word_1_33' title='bbox 683 429 823 471; x_wconf 86' lang='lat' dir='ltr'>videri</span> <span class='ocrx_word' id='word_1_34' title='bbox 858 435 1016 481; x_wconf 90' lang='lat' dir='ltr'>potest.</span> 
     </span>
     <span class='ocr_line' id='line_1_8' title="bbox 186 486 1016 540; baseline -0.004 -11"><span class='ocrx_word' id='word_1_35' title='bbox 186 488 314 530; x_wconf 90' lang='lat' dir='ltr'>Beati</span> <span class='ocrx_word' id='word_1_36' title='bbox 349 487 538 540; x_wconf 86' lang='lat' dir='ltr'>pacifici:</span> <span class='ocrx_word' id='word_1_37' title='bbox 575 486 783 539; x_wconf 89' lang='lat' dir='ltr'>quoniam</span> <span class='ocrx_word' id='word_1_38' title='bbox 818 486 903 539; x_wconf 93' lang='lat' dir='ltr'>ipsi</span> <span class='ocrx_word' id='word_1_39' title='bbox 939 486 1016 526; x_wconf 88' lang='lat' dir='ltr'>filii</span> 
     </span>
     <span class='ocr_line' id='line_1_9' title="bbox 186 543 1016 596; baseline -0.002 -10"><span class='ocrx_word' id='word_1_40' title='bbox 186 545 269 586; x_wconf 91' lang='lat' dir='ltr'>Dei</span> <span class='ocrx_word' id='word_1_41' title='bbox 287 543 574 586; x_wconf 80' lang='lat' dir='ltr'>vocabuntur.</span> <span class='ocrx_word' id='word_1_42' title='bbox 605 544 657 584; x_wconf 90' lang='lat' dir='ltr'>In</span> <span class='ocrx_word' id='word_1_43' title='bbox 675 556 785 596; x_wconf 91' lang='lat' dir='ltr'>pace</span> <span class='ocrx_word' id='word_1_44' title='bbox 804 543 1016 596; x_wconf 86' lang='lat' dir='ltr'>perfectio</span> 
     </span>
     <span class='ocr_line' id='line_1_10' title="bbox 187 599 1017 653; baseline -0.002 -11"><span class='ocrx_word' id='word_1_45' title='bbox 187 606 264 651; x_wconf 85' lang='lat' dir='ltr'>est,</span> <span class='ocrx_word' id='word_1_46' title='bbox 283 601 358 643; x_wconf 95' lang='lat' dir='ltr'>ubi</span> <span class='ocrx_word' id='word_1_47' title='bbox 376 600 482 641; x_wconf 87' lang='lat' dir='ltr'>nihil</span> <span class='ocrx_word' id='word_1_48' title='bbox 502 603 733 653; x_wconf 79' lang='lat' dir='ltr'>repugnat:</span> <span class='ocrx_word' id='word_1_49' title='bbox 754 605 797 641; x_wconf 94' lang='lat' dir='ltr'>et</span> <span class='ocrx_word' id='word_1_50' title='bbox 815 599 917 641; x_wconf 90' lang='lat' dir='ltr'>ideo</span> <span class='ocrx_word' id='word_1_51' title='bbox 938 599 1017 640; x_wconf 89' lang='lat' dir='ltr'>filii</span> 
     </span>
     <span class='ocr_line' id='line_1_11' title="bbox 186 655 1017 711; baseline -0.004 -12"><span class='ocrx_word' id='word_1_52' title='bbox 186 659 270 700; x_wconf 92' lang='lat' dir='ltr'>Dei</span> <span class='ocrx_word' id='word_1_53' title='bbox 298 658 487 711; x_wconf 85' lang='lat' dir='ltr'>pacifici,</span> <span class='ocrx_word' id='word_1_54' title='bbox 516 658 723 710; x_wconf 85' lang='lat' dir='ltr'>quoniam</span> <span class='ocrx_word' id='word_1_55' title='bbox 750 656 857 697; x_wconf 92' lang='lat' dir='ltr'>nihil</span> <span class='ocrx_word' id='word_1_56' title='bbox 882 657 926 697; x_wconf 93' lang='lat' dir='ltr'>in</span> <span class='ocrx_word' id='word_1_57' title='bbox 950 655 1017 696; x_wconf 92' lang='lat' dir='ltr'>his</span> 
     </span>
     <span class='ocr_line' id='line_1_12' title="bbox 186 713 1016 766; baseline -0.002 -10"><span class='ocrx_word' id='word_1_58' title='bbox 186 716 352 757; x_wconf 86' lang='lat' dir='ltr'>resistit</span> <span class='ocrx_word' id='word_1_59' title='bbox 376 715 489 763; x_wconf 92' lang='lat' dir='ltr'>Deo,</span> <span class='ocrx_word' id='word_1_60' title='bbox 519 720 562 756; x_wconf 90' lang='lat' dir='ltr'>et</span> <span class='ocrx_word' id='word_1_61' title='bbox 589 714 742 766; x_wconf 78' lang='lat' dir='ltr'>utique</span> <span class='ocrx_word' id='word_1_62' title='bbox 769 714 848 754; x_wconf 84' lang='lat' dir='ltr'>filii</span> <span class='ocrx_word' id='word_1_63' title='bbox 872 713 1016 755; x_wconf 90' lang='lat' dir='ltr'>simili-</span> 
     </span>
     <span class='ocr_line' id='line_1_13' title="bbox 185 770 919 824; baseline -0.003 -11"><span class='ocrx_word' id='word_1_64' title='bbox 185 772 384 814; x_wconf 79' lang='lat' dir='ltr'>tudinem</span> <span class='ocrx_word' id='word_1_65' title='bbox 403 771 542 824; x_wconf 89' lang='lat' dir='ltr'>patris</span> <span class='ocrx_word' id='word_1_66' title='bbox 561 771 725 813; x_wconf 85' lang='lat' dir='ltr'>habere</span> <span class='ocrx_word' id='word_1_67' title='bbox 745 770 919 812; x_wconf 89' lang='lat' dir='ltr'>debent.</span> 
     </span>
    </p>

    <p class='ocr_par' dir='ltr' id='par_1_5' title="bbox 185 827 1018 1269">
     <span class='ocr_line' id='line_1_14' title="bbox 239 827 1017 881; baseline -0.004 -11"><span class='ocrx_word' id='word_1_68' title='bbox 239 831 291 881; x_wconf 92' lang='lat' dir='ltr'>R.</span> <span class='ocrx_word' id='word_1_69' title='bbox 319 829 414 870; x_wconf 89' lang='lat' dir='ltr'>Sint</span> <span class='ocrx_word' id='word_1_70' title='bbox 446 827 583 869; x_wconf 91' lang='lat' dir='ltr'>lumbi</span> <span class='ocrx_word' id='word_1_71' title='bbox 612 828 748 870; x_wconf 84' lang='lat' dir='ltr'>vestri</span> <span class='ocrx_word' id='word_1_72' title='bbox 779 827 1017 880; x_wconf 82' lang='lat' dir='ltr'>praecincti,</span> 
     </span>
     <span class='ocr_line' id='line_1_15' title="bbox 186 883 1018 941; baseline -0.004 -14"><span class='ocrx_word' id='word_1_73' title='bbox 186 890 230 927; x_wconf 92' lang='lat' dir='ltr'>et</span> <span class='ocrx_word' id='word_1_74' title='bbox 266 886 458 941; x_wconf 77' lang='lat' dir='ltr'>lucernae</span> <span class='ocrx_word' id='word_1_75' title='bbox 496 885 702 926; x_wconf 89' lang='lat' dir='ltr'>ardentes</span> <span class='ocrx_word' id='word_1_76' title='bbox 739 885 783 925; x_wconf 91' lang='lat' dir='ltr'>in</span> <span class='ocrx_word' id='word_1_77' title='bbox 816 883 1018 925; x_wconf 88' lang='lat' dir='ltr'>manibus</span> 
     </span>
     <span class='ocr_line' id='line_1_16' title="bbox 185 940 1017 985; baseline -0.004 -1"><span class='ocrx_word' id='word_1_78' title='bbox 185 943 359 984; x_wconf 87' lang='lat' dir='ltr'>vestris:</span> <span class='ocrx_word' id='word_1_79' title='bbox 392 946 414 969; x_wconf 84' lang='lat'>*</span> <span class='ocrx_word' id='word_1_80' title='bbox 443 944 500 985; x_wconf 91' lang='lat' dir='ltr'>Et</span> <span class='ocrx_word' id='word_1_81' title='bbox 528 955 609 984; x_wconf 93' lang='lat' dir='ltr'>vos</span> <span class='ocrx_word' id='word_1_82' title='bbox 637 941 802 983; x_wconf 86' lang='lat' dir='ltr'>similes</span> <span class='ocrx_word' id='word_1_83' title='bbox 834 940 1017 982; x_wconf 88' lang='lat' dir='ltr'>homini-</span> 
     </span>
     <span class='ocr_line' id='line_1_17' title="bbox 186 998 1017 1053; baseline -0.002 -13"><span class='ocrx_word' id='word_1_84' title='bbox 186 998 267 1040; x_wconf 94' lang='lat' dir='ltr'>bus</span> <span class='ocrx_word' id='word_1_85' title='bbox 300 999 660 1053; x_wconf 64' lang='lat' dir='ltr'>exspectantibus</span> <span class='ocrx_word' id='word_1_86' title='bbox 692 998 918 1040; x_wconf 87' lang='lat' dir='ltr'>dominum</span> <span class='ocrx_word' id='word_1_87' title='bbox 949 1011 1017 1039; x_wconf 93' lang='lat' dir='ltr'>su—</span> 
     </span>
     <span class='ocr_line' id='line_1_18' title="bbox 185 1055 1018 1109; baseline -0.001 -13"><span class='ocrx_word' id='word_1_88' title='bbox 185 1069 274 1105; x_wconf 88' lang='lat' dir='ltr'>um,</span> <span class='ocrx_word' id='word_1_89' title='bbox 308 1057 485 1109; x_wconf 92' lang='lat' dir='ltr'>quando</span> <span class='ocrx_word' id='word_1_90' title='bbox 515 1059 762 1098; x_wconf 87' lang='lat' dir='ltr'>revertatur</span> <span class='ocrx_word' id='word_1_91' title='bbox 789 1068 815 1096; x_wconf 87' lang='lat' dir='ltr'>a</span> <span class='ocrx_word' id='word_1_92' title='bbox 841 1055 1018 1108; x_wconf 79' lang='lat' dir='ltr'>nuptiis.</span> 
     </span>
     <span class='ocr_line' id='line_1_19' title="bbox 187 1110 1018 1165; baseline -0.002 -12"><span class='ocrx_word' id='word_1_93' title='bbox 187 1110 236 1160; x_wconf 62' lang='lat' dir='ltr'>V.</span> <span class='ocrx_word' id='word_1_94' title='bbox 256 1113 446 1164; x_wconf 86' lang='lat' dir='ltr'>Vigilate</span> <span class='ocrx_word' id='word_1_95' title='bbox 468 1126 590 1165; x_wconf 86' lang='lat' dir='ltr'>ergo,</span> <span class='ocrx_word' id='word_1_96' title='bbox 614 1113 715 1165; x_wconf 93' lang='lat' dir='ltr'>quia</span> <span class='ocrx_word' id='word_1_97' title='bbox 733 1111 913 1153; x_wconf 85' lang='lat' dir='ltr'>nescitis</span> <span class='ocrx_word' id='word_1_98' title='bbox 931 1123 1018 1163; x_wconf 92' lang='lat' dir='ltr'>qua</span> 
     </span>
     <span class='ocr_line' id='line_1_20' title="bbox 186 1168 1017 1212; baseline 0.002 -2"><span class='ocrx_word' id='word_1_99' title='bbox 186 1170 295 1211; x_wconf 90' lang='lat' dir='ltr'>hora</span> <span class='ocrx_word' id='word_1_100' title='bbox 314 1170 531 1212; x_wconf 88' lang='lat' dir='ltr'>Dominus</span> <span class='ocrx_word' id='word_1_101' title='bbox 550 1175 696 1212; x_wconf 88' lang='lat' dir='ltr'>vester</span> <span class='ocrx_word' id='word_1_102' title='bbox 715 1172 927 1211; x_wconf 81' lang='lat' dir='ltr'>venturus</span> <span class='ocrx_word' id='word_1_103' title='bbox 948 1168 1017 1212; x_wconf 86' lang='lat' dir='ltr'>sit.</span> 
     </span>
     <span class='ocr_line' id='line_1_21' title="bbox 186 1227 355 1269; baseline 0.006 -2"><span class='ocrx_word' id='word_1_104' title='bbox 186 1227 244 1268; x_wconf 85' lang='lat' dir='ltr'>Et</span> <span class='ocrx_word' id='word_1_105' title='bbox 263 1240 355 1269; x_wconf 88' lang='lat' dir='ltr'>vos.</span> 
     </span>
    </p>

    <p class='ocr_par' dir='ltr' id='par_1_6' title="bbox 471 1281 903 1333">
     <span class='ocr_line' id='line_1_22' title="bbox 471 1281 903 1333; baseline -0.007 -10"><span class='ocrx_word' id='word_1_106' title='bbox 471 1282 624 1323; x_wconf 85' lang='lat' dir='ltr'>Lectio</span> <span class='ocrx_word' id='word_1_107' title='bbox 646 1281 728 1322; x_wconf 82' lang='lat' dir='ltr'>viii.</span> <span class='ocrx_word' id='word_1_108' title='bbox 894 1320 903 1333; x_wconf 64' lang='grc'><em>,</em></span> 
     </span>
    </p>

    <p class='ocr_par' dir='ltr' id='par_1_7' title="bbox 187 1334 1017 1441">
     <span class='ocr_line' id='line_1_23' title="bbox 187 1334 1017 1441; baseline -0.005 -58"><span class='ocrx_word' id='word_1_109' title='bbox 187 1334 413 1441; x_wconf 84' lang='lat' dir='ltr'>Pacifici</span> <span class='ocrx_word' id='word_1_110' title='bbox 428 1345 574 1382; x_wconf 91' lang='lat' dir='ltr'>autem</span> <span class='ocrx_word' id='word_1_111' title='bbox 590 1340 635 1380; x_wconf 93' lang='lat' dir='ltr'>in</span> <span class='ocrx_word' id='word_1_112' title='bbox 647 1339 896 1392; x_wconf 89' lang='lat' dir='ltr'>semetipsis</span> <span class='ocrx_word' id='word_1_113' title='bbox 908 1344 1017 1388; x_wconf 87' lang='lat' dir='ltr'>sunt,</span> 
     </span>
    </p>

    <p class='ocr_par' dir='ltr' id='par_1_8' title="bbox 185 1396 1020 2473">
     <span class='ocr_line' id='line_1_24' title="bbox 311 1396 1018 1450; baseline -0.004 -11"><span class='ocrx_word' id='word_1_114' title='bbox 311 1398 384 1450; x_wconf 93' lang='lat' dir='ltr'>qui</span> <span class='ocrx_word' id='word_1_115' title='bbox 419 1409 572 1439; x_wconf 89' lang='lat' dir='ltr'>omnes</span> <span class='ocrx_word' id='word_1_116' title='bbox 605 1396 738 1438; x_wconf 91' lang='lat' dir='ltr'>animi</span> <span class='ocrx_word' id='word_1_117' title='bbox 772 1396 839 1437; x_wconf 91' lang='lat' dir='ltr'>sui</span> <span class='ocrx_word' id='word_1_118' title='bbox 870 1400 1018 1437; x_wconf 92' lang='lat' dir='ltr'>motus</span> 
     </span>
     <span class='ocr_line' id='line_1_25' title="bbox 188 1452 1018 1508; baseline -0.004 -12"><span class='ocrx_word' id='word_1_119' title='bbox 188 1456 507 1508; x_wconf 83' lang='lat' dir='ltr'>componentes</span> <span class='ocrx_word' id='word_1_120' title='bbox 530 1459 574 1495; x_wconf 90' lang='lat' dir='ltr'>et</span> <span class='ocrx_word' id='word_1_121' title='bbox 593 1453 870 1505; x_wconf 85' lang='lat' dir='ltr'>subjicientes</span> <span class='ocrx_word' id='word_1_122' title='bbox 889 1452 1018 1494; x_wconf 89' lang='lat' dir='ltr'>ratio-</span> 
     </span>
     <span class='ocr_line' id='line_1_26' title="bbox 187 1509 1019 1563; baseline -0.004 -10"><span class='ocrx_word' id='word_1_123' title='bbox 187 1512 242 1561; x_wconf 90' lang='lat' dir='ltr'>ni,</span> <span class='ocrx_word' id='word_1_124' title='bbox 268 1511 315 1553; x_wconf 92' lang='lat' dir='ltr'>id</span> <span class='ocrx_word' id='word_1_125' title='bbox 334 1516 411 1561; x_wconf 89' lang='lat' dir='ltr'>est,</span> <span class='ocrx_word' id='word_1_126' title='bbox 437 1511 573 1552; x_wconf 91' lang='lat' dir='ltr'>menti</span> <span class='ocrx_word' id='word_1_127' title='bbox 599 1515 642 1552; x_wconf 89' lang='lat' dir='ltr'>et</span> <span class='ocrx_word' id='word_1_128' title='bbox 661 1509 844 1563; x_wconf 83' lang='lat' dir='ltr'>spiritui,</span> <span class='ocrx_word' id='word_1_129' title='bbox 871 1522 1019 1551; x_wconf 91' lang='lat' dir='ltr'>carna-</span> 
     </span>
     <span class='ocr_line' id='line_1_27' title="bbox 186 1566 1018 1621; baseline -0.004 -11"><span class='ocrx_word' id='word_1_130' title='bbox 186 1569 340 1621; x_wconf 89' lang='lat' dir='ltr'>lesque</span> <span class='ocrx_word' id='word_1_131' title='bbox 386 1567 763 1620; x_wconf 81' lang='lat' dir='ltr'>concupiscentias</span> <span class='ocrx_word' id='word_1_132' title='bbox 805 1566 1018 1608; x_wconf 85' lang='lat' dir='ltr'>habentes</span> 
     </span>
     <span class='ocr_line' id='line_1_28' title="bbox 189 1623 1018 1676; baseline -0.004 -9"><span class='ocrx_word' id='word_1_133' title='bbox 189 1625 416 1675; x_wconf 86' lang='lat' dir='ltr'>edomitas,</span> <span class='ocrx_word' id='word_1_134' title='bbox 430 1625 540 1666; x_wconf 86' lang='lat' dir='ltr'>fiunt</span> <span class='ocrx_word' id='word_1_135' title='bbox 556 1637 739 1676; x_wconf 88' lang='lat' dir='ltr'>regnum</span> <span class='ocrx_word' id='word_1_136' title='bbox 754 1623 851 1665; x_wconf 92' lang='lat' dir='ltr'>Dei:</span> <span class='ocrx_word' id='word_1_137' title='bbox 870 1624 914 1664; x_wconf 94' lang='lat' dir='ltr'>in</span> <span class='ocrx_word' id='word_1_138' title='bbox 931 1636 1018 1676; x_wconf 94' lang='lat' dir='ltr'>quo</span> 
     </span>
     <span class='ocr_line' id='line_1_29' title="bbox 187 1680 1020 1733; baseline -0.001 -10"><span class='ocrx_word' id='word_1_139' title='bbox 187 1683 248 1724; x_wconf 90' lang='lat' dir='ltr'>ita</span> <span class='ocrx_word' id='word_1_140' title='bbox 264 1688 365 1724; x_wconf 91' lang='lat' dir='ltr'>sunt</span> <span class='ocrx_word' id='word_1_141' title='bbox 381 1682 583 1724; x_wconf 89' lang='lat' dir='ltr'>ordinata</span> <span class='ocrx_word' id='word_1_142' title='bbox 599 1681 755 1731; x_wconf 88' lang='lat' dir='ltr'>omnia,</span> <span class='ocrx_word' id='word_1_143' title='bbox 774 1686 822 1722; x_wconf 91' lang='lat' dir='ltr'>ut</span> <span class='ocrx_word' id='word_1_144' title='bbox 836 1680 883 1722; x_wconf 93' lang='lat' dir='ltr'>id</span> <span class='ocrx_word' id='word_1_145' title='bbox 899 1680 1020 1733; x_wconf 93' lang='lat' dir='ltr'>quod</span> 
     </span>
     <span class='ocr_line' id='line_1_30' title="bbox 188 1737 1019 1791; baseline -0.004 -10"><span class='ocrx_word' id='word_1_146' title='bbox 188 1745 255 1781; x_wconf 91' lang='lat' dir='ltr'>est</span> <span class='ocrx_word' id='word_1_147' title='bbox 273 1739 317 1780; x_wconf 90' lang='lat' dir='ltr'>in</span> <span class='ocrx_word' id='word_1_148' title='bbox 334 1739 512 1781; x_wconf 91' lang='lat' dir='ltr'>homine</span> <span class='ocrx_word' id='word_1_149' title='bbox 530 1741 805 1791; x_wconf 85' lang='lat' dir='ltr'>praecipuum</span> <span class='ocrx_word' id='word_1_150' title='bbox 821 1742 865 1779; x_wconf 90' lang='lat' dir='ltr'>et</span> <span class='ocrx_word' id='word_1_151' title='bbox 879 1737 1019 1779; x_wconf 85' lang='lat' dir='ltr'>excel·</span> 
     </span>
     <span class='ocr_line' id='line_1_31' title="bbox 185 1794 1018 1849; baseline -0.002 -12"><span class='ocrx_word' id='word_1_152' title='bbox 185 1796 291 1847; x_wconf 89' lang='lat' dir='ltr'>lens,</span> <span class='ocrx_word' id='word_1_153' title='bbox 313 1795 399 1838; x_wconf 93' lang='lat' dir='ltr'>hoc</span> <span class='ocrx_word' id='word_1_154' title='bbox 418 1798 606 1849; x_wconf 87' lang='lat' dir='ltr'>imperet</span> <span class='ocrx_word' id='word_1_155' title='bbox 625 1795 782 1837; x_wconf 88' lang='lat' dir='ltr'>ceteris</span> <span class='ocrx_word' id='word_1_156' title='bbox 801 1807 890 1836; x_wconf 93' lang='lat' dir='ltr'>non</span> <span class='ocrx_word' id='word_1_157' title='bbox 908 1794 1018 1836; x_wconf 89' lang='lat' dir='ltr'>relu-</span> 
     </span>
     <span class='ocr_line' id='line_1_32' title="bbox 187 1851 1018 1905; baseline -0.004 -10"><span class='ocrx_word' id='word_1_158' title='bbox 187 1853 418 1903; x_wconf 87' lang='lat' dir='ltr'>ctantibus,</span> <span class='ocrx_word' id='word_1_159' title='bbox 445 1866 544 1905; x_wconf 89' lang='lat' dir='ltr'>quae</span> <span class='ocrx_word' id='word_1_160' title='bbox 571 1857 672 1894; x_wconf 92' lang='lat' dir='ltr'>sunt</span> <span class='ocrx_word' id='word_1_161' title='bbox 697 1851 824 1893; x_wconf 90' lang='lat' dir='ltr'>nobis</span> <span class='ocrx_word' id='word_1_162' title='bbox 848 1851 1018 1893; x_wconf 87' lang='lat' dir='ltr'>bestiis-</span> 
     </span>
     <span class='ocr_line' id='line_1_33' title="bbox 188 1907 1018 1962; baseline -0.001 -11"><span class='ocrx_word' id='word_1_163' title='bbox 188 1923 272 1962; x_wconf 94' lang='lat' dir='ltr'>que</span> <span class='ocrx_word' id='word_1_164' title='bbox 293 1910 509 1959; x_wconf 76' lang='lat' dir='ltr'>cofnsmia;</span> <span class='ocrx_word' id='word_1_165' title='bbox 534 1914 666 1961; x_wconf 88' lang='lat' dir='ltr'>atque</span> <span class='ocrx_word' id='word_1_166' title='bbox 685 1908 878 1962; x_wconf 77' lang='lat' dir='ltr'>idipsum</span> <span class='ocrx_word' id='word_1_167' title='bbox 898 1907 1018 1960; x_wconf 91' lang='lat' dir='ltr'>quod</span> 
     </span>
     <span class='ocr_line' id='line_1_34' title="bbox 187 1964 1019 2015; baseline -0.002 -8"><span class='ocrx_word' id='word_1_168' title='bbox 187 1966 363 2007; x_wconf 88' lang='lat' dir='ltr'>excellit</span> <span class='ocrx_word' id='word_1_169' title='bbox 387 1966 431 2006; x_wconf 89' lang='lat' dir='ltr'>in</span> <span class='ocrx_word' id='word_1_170' title='bbox 450 1965 638 2015; x_wconf 87' lang='lat' dir='ltr'>homine,</span> <span class='ocrx_word' id='word_1_171' title='bbox 664 1964 710 2006; x_wconf 94' lang='lat' dir='ltr'>id</span> <span class='ocrx_word' id='word_1_172' title='bbox 729 1970 807 2015; x_wconf 86' lang='lat' dir='ltr'>est,</span> <span class='ocrx_word' id='word_1_173' title='bbox 832 1977 956 2006; x_wconf 92' lang='lat' dir='ltr'>mens</span> <span class='ocrx_word' id='word_1_174' title='bbox 976 1969 1019 2006; x_wconf 89' lang='lat' dir='ltr'>et</span> 
     </span>
     <span class='ocr_line' id='line_1_35' title="bbox 186 2020 1020 2075; baseline 0 -12"><span class='ocrx_word' id='word_1_175' title='bbox 186 2023 310 2073; x_wconf 89' lang='lat' dir='ltr'>ratio,</span> <span class='ocrx_word' id='word_1_176' title='bbox 336 2022 592 2075; x_wconf 92' lang='lat' dir='ltr'>subjiciatur</span> <span class='ocrx_word' id='word_1_177' title='bbox 610 2022 785 2075; x_wconf 90' lang='lat' dir='ltr'>potiori,</span> <span class='ocrx_word' id='word_1_178' title='bbox 811 2020 932 2073; x_wconf 93' lang='lat' dir='ltr'>quod</span> <span class='ocrx_word' id='word_1_179' title='bbox 952 2026 1020 2063; x_wconf 92' lang='lat' dir='ltr'>est</span> 
     </span>
     <span class='ocr_line' id='line_1_36' title="bbox 186 2078 1019 2132; baseline -0.002 -11"><span class='ocrx_word' id='word_1_180' title='bbox 186 2079 282 2132; x_wconf 85' lang='lat' dir='ltr'>ipsa</span> <span class='ocrx_word' id='word_1_181' title='bbox 298 2079 485 2130; x_wconf 89' lang='lat' dir='ltr'>Veritas,</span> <span class='ocrx_word' id='word_1_182' title='bbox 504 2079 752 2130; x_wconf 86' lang='lat' dir='ltr'>unigenitus</span> <span class='ocrx_word' id='word_1_183' title='bbox 770 2078 908 2120; x_wconf 84' lang='lat' dir='ltr'>Filius</span> <span class='ocrx_word' id='word_1_184' title='bbox 925 2078 1019 2119; x_wconf 93' lang='lat' dir='ltr'>Dei.</span> 
     </span>
     <span class='ocr_line' id='line_1_37' title="bbox 186 2134 1019 2189; baseline -0.004 -11"><span class='ocrx_word' id='word_1_185' title='bbox 186 2136 342 2189; x_wconf 92' lang='lat' dir='ltr'>Neque</span> <span class='ocrx_word' id='word_1_186' title='bbox 367 2137 483 2178; x_wconf 91' lang='lat' dir='ltr'>enim</span> <span class='ocrx_word' id='word_1_187' title='bbox 501 2136 720 2189; x_wconf 89' lang='lat' dir='ltr'>imperare</span> <span class='ocrx_word' id='word_1_188' title='bbox 740 2134 1019 2177; x_wconf 87' lang='lat' dir='ltr'>inferioribus</span> 
     </span>
     <span class='ocr_line' id='line_1_38' title="bbox 186 2192 1018 2246; baseline -0.002 -11"><span class='ocrx_word' id='word_1_189' title='bbox 186 2198 346 2246; x_wconf 89' lang='lat' dir='ltr'>potest,</span> <span class='ocrx_word' id='word_1_190' title='bbox 372 2193 457 2234; x_wconf 91' lang='lat' dir='ltr'>nisi</span> <span class='ocrx_word' id='word_1_191' title='bbox 484 2192 701 2245; x_wconf 82' lang='lat' dir='ltr'>superiori</span> <span class='ocrx_word' id='word_1_192' title='bbox 727 2205 774 2234; x_wconf 94' lang='lat' dir='ltr'>se</span> <span class='ocrx_word' id='word_1_193' title='bbox 797 2192 892 2245; x_wconf 93' lang='lat' dir='ltr'>ipse</span> <span class='ocrx_word' id='word_1_194' title='bbox 920 2192 1018 2234; x_wconf 95' lang='lat' dir='ltr'>sub-</span> 
     </span>
     <span class='ocr_line' id='line_1_39' title="bbox 187 2248 1019 2302; baseline 0.001 -12"><span class='ocrx_word' id='word_1_195' title='bbox 187 2250 314 2301; x_wconf 83' lang='lat' dir='ltr'>jiciat.</span> <span class='ocrx_word' id='word_1_196' title='bbox 354 2250 411 2292; x_wconf 92' lang='lat' dir='ltr'>Et</span> <span class='ocrx_word' id='word_1_197' title='bbox 436 2250 532 2292; x_wconf 87' lang='lat' dir='ltr'>haec</span> <span class='ocrx_word' id='word_1_198' title='bbox 561 2255 628 2292; x_wconf 90' lang='lat' dir='ltr'>est</span> <span class='ocrx_word' id='word_1_199' title='bbox 651 2262 740 2302; x_wconf 81' lang='lat' dir='ltr'>pax</span> <span class='ocrx_word' id='word_1_200' title='bbox 766 2262 865 2301; x_wconf 90' lang='lat' dir='ltr'>quae</span> <span class='ocrx_word' id='word_1_201' title='bbox 891 2248 1019 2291; x_wconf 88' lang='lat' dir='ltr'>datur</span> 
     </span>
     <span class='ocr_line' id='line_1_40' title="bbox 186 2306 1018 2349; baseline 0.001 -2"><span class='ocrx_word' id='word_1_202' title='bbox 186 2306 231 2346; x_wconf 90' lang='lat' dir='ltr'>in</span> <span class='ocrx_word' id='word_1_203' title='bbox 255 2311 374 2348; x_wconf 88' lang='lat' dir='ltr'>terra</span> <span class='ocrx_word' id='word_1_204' title='bbox 397 2306 648 2348; x_wconf 88' lang='lat' dir='ltr'>hominibus</span> <span class='ocrx_word' id='word_1_205' title='bbox 672 2306 802 2349; x_wconf 89' lang='lat' dir='ltr'>bonae</span> <span class='ocrx_word' id='word_1_206' title='bbox 824 2306 1018 2348; x_wconf 89' lang='lat' dir='ltr'>volunta-</span> 
     </span>
     <span class='ocr_line' id='line_1_41' title="bbox 186 2362 1019 2416; baseline 0.002 -13"><span class='ocrx_word' id='word_1_207' title='bbox 186 2363 257 2404; x_wconf 92' lang='lat' dir='ltr'>tis:</span> <span class='ocrx_word' id='word_1_208' title='bbox 282 2362 379 2405; x_wconf 90' lang='lat' dir='ltr'>haec</span> <span class='ocrx_word' id='word_1_209' title='bbox 397 2363 488 2405; x_wconf 89' lang='lat' dir='ltr'>vita</span> <span class='ocrx_word' id='word_1_210' title='bbox 507 2363 799 2405; x_wconf 89' lang='lat' dir='ltr'>consummati</span> <span class='ocrx_word' id='word_1_211' title='bbox 818 2363 1019 2416; x_wconf 87' lang='lat' dir='ltr'>perfecti-</span> 
     </span>
     <span class='ocr_line' id='line_1_42' title="bbox 189 2420 516 2473; baseline -0.003 -12"><span class='ocrx_word' id='word_1_212' title='bbox 189 2432 275 2472; x_wconf 88' lang='lat' dir='ltr'>que</span> <span class='ocrx_word' id='word_1_213' title='bbox 295 2420 516 2473; x_wconf 89' lang='lat' dir='ltr'>sapientis.</span> 
     </span>
    </p>

    <p class='ocr_par' dir='ltr' id='par_1_9' title="bbox 189 2476 1019 2746">
     <span class='ocr_line' id='line_1_43' title="bbox 243 2476 1019 2527; baseline 0.003 -10"><span class='ocrx_word' id='word_1_214' title='bbox 243 2477 295 2527; x_wconf 68' lang='lat' dir='ltr'>Rz.</span> <span class='ocrx_word' id='word_1_215' title='bbox 326 2476 473 2518; x_wconf 88' lang='lat' dir='ltr'>Media</span> <span class='ocrx_word' id='word_1_216' title='bbox 508 2483 638 2520; x_wconf 92' lang='lat' dir='ltr'>nocte</span> <span class='ocrx_word' id='word_1_217' title='bbox 676 2477 843 2519; x_wconf 90' lang='lat' dir='ltr'>clamor</span> <span class='ocrx_word' id='word_1_218' title='bbox 877 2477 1019 2519; x_wconf 88' lang='lat' dir='ltr'>factus</span> 
     </span>
     <span class='ocr_line' id='line_1_44' title="bbox 189 2533 1019 2586; baseline -0.001 -10"><span class='ocrx_word' id='word_1_219' title='bbox 189 2539 272 2576; x_wconf 89' lang='lat' dir='ltr'>est:</span> <span class='ocrx_word' id='word_1_220' title='bbox 308 2533 331 2556; x_wconf 86' lang='lat'>*</span> <span class='ocrx_word' id='word_1_221' title='bbox 361 2534 477 2575; x_wconf 91' lang='lat' dir='ltr'>Ecce</span> <span class='ocrx_word' id='word_1_222' title='bbox 510 2547 701 2586; x_wconf 92' lang='lat' dir='ltr'>sponsus</span> <span class='ocrx_word' id='word_1_223' title='bbox 732 2535 870 2584; x_wconf 86' lang='lat' dir='ltr'>venit,</span> <span class='ocrx_word' id='word_1_224' title='bbox 903 2535 1019 2575; x_wconf 83' lang='lat' dir='ltr'>exite</span> 
     </span>
     <span class='ocr_line' id='line_1_45' title="bbox 190 2583 1019 2640; baseline -0.002 -8"><span class='ocrx_word' id='word_1_225' title='bbox 190 2591 364 2632; x_wconf 89' lang='lat' dir='ltr'>obviam</span> <span class='ocrx_word' id='word_1_226' title='bbox 389 2590 438 2631; x_wconf 91' lang='lat' dir='ltr'>ei.</span> <span class='ocrx_word' id='word_1_227' title='bbox 478 2583 529 2635; x_wconf 64' lang='lat' dir='ltr'>V.</span> <span class='ocrx_word' id='word_1_228' title='bbox 551 2590 795 2632; x_wconf 89' lang='lat' dir='ltr'>Prudentes</span> <span class='ocrx_word' id='word_1_229' title='bbox 814 2590 1019 2640; x_wconf 86' lang='lat' dir='ltr'>Virgines</span> 
     </span>
     <span class='ocr_line' id='line_1_46' title="bbox 189 2647 1018 2700; baseline -0.001 -12"><span class='ocrx_word' id='word_1_230' title='bbox 189 2649 340 2700; x_wconf 87' lang='lat' dir='ltr'>aptate</span> <span class='ocrx_word' id='word_1_231' title='bbox 381 2651 552 2688; x_wconf 85' lang='lat' dir='ltr'>vestras</span> <span class='ocrx_word' id='word_1_232' title='bbox 592 2647 833 2700; x_wconf 88' lang='lat' dir='ltr'>lampades.</span> <span class='ocrx_word' id='word_1_233' title='bbox 891 2647 1018 2688; x_wconf 91' lang='lat' dir='ltr'>Ecce.</span> 
     </span>
     <span class='ocr_line' id='line_1_47' title="bbox 191 2703 665 2746; baseline 0.002 -3"><span class='ocrx_word' id='word_1_234' title='bbox 191 2703 345 2746; x_wconf 90' lang='lat' dir='ltr'>Gloria</span> <span class='ocrx_word' id='word_1_235' title='bbox 372 2703 502 2745; x_wconf 89' lang='lat' dir='ltr'>Patri.</span> <span class='ocrx_word' id='word_1_236' title='bbox 537 2703 665 2745; x_wconf 88' lang='lat' dir='ltr'>Ecce.</span> 
     </span>
    </p>
   </div>
   <div class='ocr_carea' id='block_1_5' title="bbox 1068 258 1901 1446">
    <p class='ocr_par' dir='ltr' id='par_1_10' title="bbox 1068 258 1901 1446">
     <span class='ocr_line' id='line_1_48' title="bbox 1376 258 1600 298; baseline -0.004 0"><span class='ocrx_word' id='word_1_237' title='bbox 1376 258 1526 298; x_wconf 84' lang='lat' dir='ltr'>Lectio</span> <span class='ocrx_word' id='word_1_238' title='bbox 1547 258 1600 297; x_wconf 74' lang='lat' dir='ltr'>ix.</span> 
     </span>
     <span class='ocr_line' id='line_1_49' title="bbox 1074 313 1897 418; baseline 0.002 -60"><span class='ocrx_word' id='word_1_239' title='bbox 1074 313 1185 418; x_wconf 89' lang='lat' dir='ltr'>De</span> <span class='ocrx_word' id='word_1_240' title='bbox 1202 317 1450 370; x_wconf 81' lang='lat' dir='ltr'>hujusmodi</span> <span class='ocrx_word' id='word_1_241' title='bbox 1464 331 1600 370; x_wconf 85' lang='lat' dir='ltr'>regno</span> <span class='ocrx_word' id='word_1_242' title='bbox 1615 320 1897 372; x_wconf 84' lang='lat' dir='ltr'>pacatissimo</span> 
     </span>
     <span class='ocr_line' id='line_1_50' title="bbox 1200 373 1899 418; baseline 0.003 -2"><span class='ocrx_word' id='word_1_243' title='bbox 1200 380 1244 416; x_wconf 93' lang='lat' dir='ltr'>et</span> <span class='ocrx_word' id='word_1_244' title='bbox 1276 373 1603 418; x_wconf 84' lang='lat' dir='ltr'>ordinatissimo</span> <span class='ocrx_word' id='word_1_245' title='bbox 1639 377 1798 418; x_wconf 92' lang='lat' dir='ltr'>missus</span> <span class='ocrx_word' id='word_1_246' title='bbox 1831 381 1899 418; x_wconf 91' lang='lat' dir='ltr'>est</span> 
     </span>
     <span class='ocr_line' id='line_1_51' title="bbox 1070 431 1899 486; baseline 0.004 -14"><span class='ocrx_word' id='word_1_247' title='bbox 1070 432 1187 473; x_wconf 86' lang='lat' dir='ltr'>foras</span> <span class='ocrx_word' id='word_1_248' title='bbox 1220 432 1427 485; x_wconf 91' lang='lat' dir='ltr'>princeps</span> <span class='ocrx_word' id='word_1_249' title='bbox 1460 431 1585 484; x_wconf 89' lang='lat' dir='ltr'>hujus</span> <span class='ocrx_word' id='word_1_250' title='bbox 1622 433 1786 484; x_wconf 82' lang='lat' dir='ltr'>saeculi,</span> <span class='ocrx_word' id='word_1_251' title='bbox 1824 434 1899 486; x_wconf 80' lang='lat' dir='ltr'>qui</span> 
     </span>
     <span class='ocr_line' id='line_1_52' title="bbox 1069 488 1898 541; baseline 0.004 -12"><span class='ocrx_word' id='word_1_252' title='bbox 1069 489 1289 541; x_wconf 90' lang='lat' dir='ltr'>perversis</span> <span class='ocrx_word' id='word_1_253' title='bbox 1321 488 1668 541; x_wconf 83' lang='lat' dir='ltr'>inordinatisque</span> <span class='ocrx_word' id='word_1_254' title='bbox 1705 488 1898 532; x_wconf 88' lang='lat' dir='ltr'>domina-</span> 
     </span>
     <span class='ocr_line' id='line_1_53' title="bbox 1068 545 1896 598; baseline 0.004 -12"><span class='ocrx_word' id='word_1_255' title='bbox 1068 551 1151 587; x_wconf 88' lang='lat' dir='ltr'>tur.</span> <span class='ocrx_word' id='word_1_256' title='bbox 1188 546 1284 587; x_wconf 90' lang='lat' dir='ltr'>Hac</span> <span class='ocrx_word' id='word_1_257' title='bbox 1312 558 1421 598; x_wconf 89' lang='lat' dir='ltr'>pace</span> <span class='ocrx_word' id='word_1_258' title='bbox 1449 545 1709 588; x_wconf 85' lang='lat' dir='ltr'>intrinsecus</span> <span class='ocrx_word' id='word_1_259' title='bbox 1737 548 1896 589; x_wconf 88' lang='lat' dir='ltr'>consti-</span> 
     </span>
     <span class='ocr_line' id='line_1_54' title="bbox 1069 602 1899 657; baseline 0.004 -14"><span class='ocrx_word' id='word_1_260' title='bbox 1069 605 1166 644; x_wconf 79' lang='lat' dir='ltr'>tuta</span> <span class='ocrx_word' id='word_1_261' title='bbox 1203 607 1335 655; x_wconf 88' lang='lat' dir='ltr'>atque</span> <span class='ocrx_word' id='word_1_262' title='bbox 1371 602 1561 654; x_wconf 88' lang='lat' dir='ltr'>firmata,</span> <span class='ocrx_word' id='word_1_263' title='bbox 1600 606 1899 657; x_wconf 77' lang='lat' dir='ltr'>quascumque</span> 
     </span>
     <span class='ocr_line' id='line_1_55' title="bbox 1069 659 1898 712; baseline 0.001 -11"><span class='ocrx_word' id='word_1_264' title='bbox 1069 660 1398 712; x_wconf 89' lang='lat' dir='ltr'>persecutiones</span> <span class='ocrx_word' id='word_1_265' title='bbox 1417 659 1489 701; x_wconf 95' lang='lat' dir='ltr'>ille</span> <span class='ocrx_word' id='word_1_266' title='bbox 1510 660 1586 712; x_wconf 94' lang='lat' dir='ltr'>qui</span> <span class='ocrx_word' id='word_1_267' title='bbox 1603 660 1721 702; x_wconf 88' lang='lat' dir='ltr'>foras</span> <span class='ocrx_word' id='word_1_268' title='bbox 1739 661 1898 702; x_wconf 90' lang='lat' dir='ltr'>missus</span> 
     </span>
     <span class='ocr_line' id='line_1_56' title="bbox 1070 716 1900 769; baseline 0.004 -12"><span class='ocrx_word' id='word_1_269' title='bbox 1070 721 1152 765; x_wconf 91' lang='lat' dir='ltr'>est,</span> <span class='ocrx_word' id='word_1_270' title='bbox 1176 716 1419 757; x_wconf 81' lang='lat' dir='ltr'>forinsecus</span> <span class='ocrx_word' id='word_1_271' title='bbox 1443 716 1745 767; x_wconf 80' lang='lat' dir='ltr'>concitaverit,</span> <span class='ocrx_word' id='word_1_272' title='bbox 1769 723 1900 769; x_wconf 88' lang='lat' dir='ltr'>auget</span> 
     </span>
     <span class='ocr_line' id='line_1_57' title="bbox 1069 772 1899 825; baseline 0.004 -12"><span class='ocrx_word' id='word_1_273' title='bbox 1069 772 1255 823; x_wconf 82' lang='lat' dir='ltr'>gloriam</span> <span class='ocrx_word' id='word_1_274' title='bbox 1275 786 1374 825; x_wconf 90' lang='lat' dir='ltr'>quae</span> <span class='ocrx_word' id='word_1_275' title='bbox 1394 773 1636 815; x_wconf 82' lang='lat' dir='ltr'>secundum</span> <span class='ocrx_word' id='word_1_276' title='bbox 1654 773 1799 815; x_wconf 91' lang='lat' dir='ltr'>Deum</span> <span class='ocrx_word' id='word_1_277' title='bbox 1819 779 1899 825; x_wconf 89' lang='lat' dir='ltr'>est;</span> 
     </span>
     <span class='ocr_line' id='line_1_58' title="bbox 1069 829 1898 884; baseline 0.002 -14"><span class='ocrx_word' id='word_1_278' title='bbox 1069 842 1158 871; x_wconf 92' lang='lat' dir='ltr'>non</span> <span class='ocrx_word' id='word_1_279' title='bbox 1178 829 1345 882; x_wconf 91' lang='lat' dir='ltr'>aliquid</span> <span class='ocrx_word' id='word_1_280' title='bbox 1368 830 1412 871; x_wconf 92' lang='lat' dir='ltr'>in</span> <span class='ocrx_word' id='word_1_281' title='bbox 1430 830 1506 872; x_wconf 91' lang='lat' dir='ltr'>illo</span> <span class='ocrx_word' id='word_1_282' title='bbox 1527 830 1716 873; x_wconf 80' lang='lat' dir='ltr'>aedificio</span> <span class='ocrx_word' id='word_1_283' title='bbox 1736 830 1898 884; x_wconf 74' lang='lat' dir='ltr'>labefa-</span> 
     </span>
     <span class='ocr_line' id='line_1_59' title="bbox 1071 886 1899 936; baseline 0.001 -8"><span class='ocrx_word' id='word_1_284' title='bbox 1071 891 1210 936; x_wconf 89' lang='lat' dir='ltr'>ctans,</span> <span class='ocrx_word' id='word_1_285' title='bbox 1245 887 1325 928; x_wconf 91' lang='lat' dir='ltr'>sed</span> <span class='ocrx_word' id='word_1_286' title='bbox 1353 886 1659 930; x_wconf 90' lang='lat' dir='ltr'>deficientibus</span> <span class='ocrx_word' id='word_1_287' title='bbox 1686 887 1899 929; x_wconf 86' lang='lat' dir='ltr'>machinis</span> 
     </span>
     <span class='ocr_line' id='line_1_60' title="bbox 1070 943 1900 997; baseline 0.004 -14"><span class='ocrx_word' id='word_1_288' title='bbox 1070 943 1160 984; x_wconf 90' lang='lat' dir='ltr'>suis</span> <span class='ocrx_word' id='word_1_289' title='bbox 1197 944 1472 986; x_wconf 87' lang='lat' dir='ltr'>innotescere</span> <span class='ocrx_word' id='word_1_290' title='bbox 1509 944 1693 995; x_wconf 71' lang='lat' dir='ltr'>faciens,</span> <span class='ocrx_word' id='word_1_291' title='bbox 1737 950 1900 997; x_wconf 89' lang='lat' dir='ltr'>quanta</span> 
     </span>
     <span class='ocr_line' id='line_1_61' title="bbox 1070 1001 1898 1044; baseline 0.002 -2"><span class='ocrx_word' id='word_1_292' title='bbox 1070 1001 1254 1043; x_wconf 85' lang='lat' dir='ltr'>firmitas</span> <span class='ocrx_word' id='word_1_293' title='bbox 1282 1001 1399 1043; x_wconf 88' lang='lat' dir='ltr'>intus</span> <span class='ocrx_word' id='word_1_294' title='bbox 1427 1005 1652 1044; x_wconf 81' lang='lat' dir='ltr'>exstructa</span> <span class='ocrx_word' id='word_1_295' title='bbox 1681 1003 1749 1044; x_wconf 88' lang='lat' dir='ltr'>sit.</span> <span class='ocrx_word' id='word_1_296' title='bbox 1789 1002 1898 1044; x_wconf 90' lang='lat' dir='ltr'>Ideo</span> 
     </span>
     <span class='ocr_line' id='line_1_62' title="bbox 1071 1058 1899 1112; baseline 0.002 -13"><span class='ocrx_word' id='word_1_297' title='bbox 1071 1058 1283 1111; x_wconf 89' lang='lat' dir='ltr'>sequitur:</span> <span class='ocrx_word' id='word_1_298' title='bbox 1327 1058 1472 1108; x_wconf 89' lang='lat' dir='ltr'>Beati,</span> <span class='ocrx_word' id='word_1_299' title='bbox 1519 1059 1593 1111; x_wconf 91' lang='lat' dir='ltr'>qui</span> <span class='ocrx_word' id='word_1_300' title='bbox 1632 1059 1899 1112; x_wconf 41' lang='lat' dir='ltr'>persecutio,-</span> 
     </span>
     <span class='ocr_line' id='line_1_63' title="bbox 1069 1115 1900 1168; baseline 0 -12"><span class='ocrx_word' id='word_1_301' title='bbox 1069 1128 1170 1157; x_wconf 93' lang='lat' dir='ltr'>nem</span> <span class='ocrx_word' id='word_1_302' title='bbox 1200 1115 1427 1168; x_wconf 72' lang='lat' dir='ltr'>patir&#39;mtur</span> <span class='ocrx_word' id='word_1_303' title='bbox 1458 1120 1641 1168; x_wconf 92' lang='lat' dir='ltr'>propter</span> <span class='ocrx_word' id='word_1_304' title='bbox 1671 1116 1900 1167; x_wconf 86' lang='lat' dir='ltr'>justitiam:</span> 
     </span>
     <span class='ocr_line' id='line_1_64' title="bbox 1071 1171 1898 1224; baseline 0.001 -11"><span class='ocrx_word' id='word_1_305' title='bbox 1071 1171 1277 1224; x_wconf 91' lang='lat' dir='ltr'>quoniam</span> <span class='ocrx_word' id='word_1_306' title='bbox 1297 1171 1494 1224; x_wconf 90' lang='lat' dir='ltr'>ipsorum</span> <span class='ocrx_word' id='word_1_307' title='bbox 1519 1177 1587 1214; x_wconf 92' lang='lat' dir='ltr'>est</span> <span class='ocrx_word' id='word_1_308' title='bbox 1606 1184 1789 1223; x_wconf 86' lang='lat' dir='ltr'>regnum</span> <span class='ocrx_word' id='word_1_309' title='bbox 1813 1185 1898 1214; x_wconf 86' lang='lat' dir='ltr'>coe-</span> 
     </span>
     <span class='ocr_line' id='line_1_65' title="bbox 1069 1228 1224 1270; baseline -0.006 0"><span class='ocrx_word' id='word_1_310' title='bbox 1069 1228 1224 1270; x_wconf 89' lang='lat' dir='ltr'>lorum.</span> 
     </span>
     <span class='ocr_line' id='line_1_66' title="bbox 1125 1289 1687 1331; baseline 0 -1"><span class='ocrx_word' id='word_1_311' title='bbox 1125 1290 1185 1331; x_wconf 95' lang='lat' dir='ltr'>Te</span> <span class='ocrx_word' id='word_1_312' title='bbox 1204 1289 1348 1331; x_wconf 91' lang='lat' dir='ltr'>Deum</span> <span class='ocrx_word' id='word_1_313' title='bbox 1367 1289 1608 1331; x_wconf 81' lang='lat' dir='ltr'>laudamus.</span> <span class='ocrx_word' id='word_1_314' title='bbox 1627 1290 1687 1330; x_wconf 89' lang='lat'>14.</span> 
     </span>
     <span class='ocr_line' id='line_1_67' title="bbox 1123 1354 1901 1399; baseline 0 -10"><span class='ocrx_word' id='word_1_315' title='bbox 1123 1356 1239 1399; x_wconf 65' lang='lat' dir='ltr'>Yesp.</span> <span class='ocrx_word' id='word_1_316' title='bbox 1262 1356 1308 1389; x_wconf 89' lang='lat' dir='ltr'>de</span> <span class='ocrx_word' id='word_1_317' title='bbox 1331 1366 1436 1398; x_wconf 87' lang='lat' dir='ltr'>sequ.</span> <span class='ocrx_word' id='word_1_318' title='bbox 1458 1365 1543 1388; x_wconf 88' lang='lat' dir='ltr'>cum</span> <span class='ocrx_word' id='word_1_319' title='bbox 1566 1356 1722 1389; x_wconf 72' lang='lat' dir='ltr'>comem.</span> <span class='ocrx_word' id='word_1_320' title='bbox 1744 1354 1901 1389; x_wconf 83' lang='lat' dir='ltr'>Oetavae</span> 
     </span>
     <span class='ocr_line' id='line_1_68' title="bbox 1074 1403 1742 1446; baseline -0.001 -9"><span class='ocrx_word' id='word_1_321' title='bbox 1074 1415 1117 1438; x_wconf 77' lang='lat' dir='ltr'>ae</span> <span class='ocrx_word' id='word_1_322' title='bbox 1135 1404 1191 1438; x_wconf 78' lang='lat' dir='ltr'>Ss.</span> <span class='ocrx_word' id='word_1_323' title='bbox 1211 1404 1349 1438; x_wconf 71' lang='lat' dir='ltr'>Vitalis</span> <span class='ocrx_word' id='word_1_324' title='bbox 1368 1408 1404 1437; x_wconf 84' lang='lat' dir='ltr'>et</span> <span class='ocrx_word' id='word_1_325' title='bbox 1421 1403 1617 1446; x_wconf 71' lang='lat' dir='ltr'>Agricolae</span> <span class='ocrx_word' id='word_1_326' title='bbox 1636 1403 1742 1437; x_wconf 81' lang='lat' dir='ltr'>Mart.</span> 
     </span>
    </p>
   </div>
   <div class='ocr_carea' id='block_1_6' title="bbox 1071 1501 1899 1855">
    <p class='ocr_par' dir='ltr' id='par_1_11' title="bbox 1071 1501 1899 1855">
     <span class='ocr_line' id='line_1_69' title="bbox 1266 1501 1701 1544; baseline 0 -1"><span class='ocrx_word' id='word_1_327' title='bbox 1266 1501 1350 1543; x_wconf 90' lang='lat' dir='ltr'>Die</span> <span class='ocrx_word' id='word_1_328' title='bbox 1369 1503 1407 1543; x_wconf 91' lang='grc'>4.</span> <span class='ocrx_word' id='word_1_329' title='bbox 1424 1501 1701 1544; x_wconf 90' lang='lat' dir='ltr'>Novembris.</span> 
     </span>
     <span class='ocr_line' id='line_1_70' title="bbox 1102 1568 1868 1623; baseline -0.01 -8"><span class='ocrx_word' id='word_1_330' title='bbox 1102 1573 1144 1614; x_wconf 87' lang='lat' dir='ltr'>S.</span> <span class='ocrx_word' id='word_1_331' title='bbox 1164 1572 1330 1614; x_wconf 82' lang='lat' dir='ltr'>Caroli</span> <span class='ocrx_word' id='word_1_332' title='bbox 1351 1570 1496 1623; x_wconf 86' lang='lat' dir='ltr'>Epise.</span> <span class='ocrx_word' id='word_1_333' title='bbox 1518 1574 1560 1610; x_wconf 92' lang='lat' dir='ltr'>et</span> <span class='ocrx_word' id='word_1_334' title='bbox 1582 1568 1868 1610; x_wconf 87' lang='lat' dir='ltr'>Confessoris.</span> 
     </span>
     <span class='ocr_line' id='line_1_71' title="bbox 1405 1643 1571 1687; baseline 0.006 -10"><span class='ocrx_word' id='word_1_335' title='bbox 1405 1643 1571 1687; x_wconf 77' lang='lat' dir='ltr'>Duplex.</span> 
     </span>
     <span class='ocr_line' id='line_1_72' title="bbox 1127 1699 1899 1754; baseline 0 -20"><span class='ocrx_word' id='word_1_336' title='bbox 1127 1700 1263 1734; x_wconf 83' lang='lat' dir='ltr'>Omnia</span> <span class='ocrx_word' id='word_1_337' title='bbox 1294 1700 1340 1734; x_wconf 92' lang='lat' dir='ltr'>de</span> <span class='ocrx_word' id='word_1_338' title='bbox 1369 1700 1513 1754; x_wconf 83' lang='lat' dir='ltr'>Comm.</span> <span class='ocrx_word' id='word_1_339' title='bbox 1543 1699 1652 1734; x_wconf 87' lang='lat' dir='ltr'>Conf.</span> <span class='ocrx_word' id='word_1_340' title='bbox 1680 1699 1790 1734; x_wconf 89' lang='lat' dir='ltr'>Pont.</span> <span class='ocrx_word' id='word_1_341' title='bbox 1828 1699 1899 1744; x_wconf 86' lang='lat'>[49]</span> 
     </span>
     <span class='ocr_line' id='line_1_73' title="bbox 1071 1754 1450 1792; baseline 0 -10"><span class='ocrx_word' id='word_1_342' title='bbox 1071 1754 1214 1792; x_wconf 84' lang='lat' dir='ltr'>praeter</span> <span class='ocrx_word' id='word_1_343' title='bbox 1239 1754 1450 1791; x_wconf 78' lang='lat' dir='ltr'>sequentia.</span> 
     </span>
     <span class='ocr_line' id='line_1_74' title="bbox 1406 1814 1569 1855; baseline -0.012 0"><span class='ocrx_word' id='word_1_344' title='bbox 1406 1814 1569 1855; x_wconf 87' lang='lat' dir='ltr'>Oratio.</span> 
     </span>
    </p>
   </div>
   <div class='ocr_carea' id='block_1_7' title="bbox 1069 1877 1902 2320">
    <p class='ocr_par' dir='ltr' id='par_1_12' title="bbox 1069 1877 1902 2320">
     <span class='ocr_line' id='line_1_75' title="bbox 1156 1877 1902 1922; baseline -0.004 0"><span class='ocrx_word' id='word_1_345' title='bbox 1156 1880 1360 1922; x_wconf 85' lang='lat' dir='ltr'>eclesiam</span> <span class='ocrx_word' id='word_1_346' title='bbox 1391 1884 1511 1921; x_wconf 89' lang='lat' dir='ltr'>tuam</span> <span class='ocrx_word' id='word_1_347' title='bbox 1539 1878 1728 1919; x_wconf 81' lang='lat' dir='ltr'>Domine</span> <span class='ocrx_word' id='word_1_348' title='bbox 1760 1877 1902 1919; x_wconf 87' lang='lat' dir='ltr'>sancti</span> 
     </span>
     <span class='ocr_line' id='line_1_76' title="bbox 1193 1933 1900 1986; baseline -0.006 -7"><span class='ocrx_word' id='word_1_349' title='bbox 1193 1936 1339 1979; x_wconf 91' lang='lat' dir='ltr'>Caroli</span> <span class='ocrx_word' id='word_1_350' title='bbox 1367 1933 1643 1978; x_wconf 89' lang='lat' dir='ltr'>Confessoris</span> <span class='ocrx_word' id='word_1_351' title='bbox 1675 1933 1740 1975; x_wconf 92' lang='lat' dir='ltr'>tui</span> <span class='ocrx_word' id='word_1_352' title='bbox 1767 1938 1900 1986; x_wconf 86' lang='lat' dir='ltr'>atque</span> 
     </span>
     <span class='ocr_line' id='line_1_77' title="bbox 1070 1990 1899 2044; baseline -0.006 -8"><span class='ocrx_word' id='word_1_353' title='bbox 1070 1993 1298 2036; x_wconf 87' lang='lat' dir='ltr'>Pontificis</span> <span class='ocrx_word' id='word_1_354' title='bbox 1313 1994 1519 2034; x_wconf 87' lang='lat' dir='ltr'>continua</span> <span class='ocrx_word' id='word_1_355' title='bbox 1536 1990 1815 2044; x_wconf 83' lang='lat' dir='ltr'>protectione</span> <span class='ocrx_word' id='word_1_356' title='bbox 1829 2003 1899 2032; x_wconf 89' lang='lat' dir='ltr'>eu-</span> 
     </span>
     <span class='ocr_line' id='line_1_78' title="bbox 1071 2046 1900 2101; baseline -0.008 -7"><span class='ocrx_word' id='word_1_357' title='bbox 1071 2050 1206 2094; x_wconf 91' lang='lat' dir='ltr'>stodi:</span> <span class='ocrx_word' id='word_1_358' title='bbox 1250 2055 1299 2092; x_wconf 94' lang='lat' dir='ltr'>ut</span> <span class='ocrx_word' id='word_1_359' title='bbox 1343 2049 1456 2091; x_wconf 91' lang='lat' dir='ltr'>sicut</span> <span class='ocrx_word' id='word_1_360' title='bbox 1500 2048 1623 2089; x_wconf 92' lang='lat' dir='ltr'>illum</span> <span class='ocrx_word' id='word_1_361' title='bbox 1664 2046 1900 2101; x_wconf 86' lang='lat' dir='ltr'>pastoralis</span> 
     </span>
     <span class='ocr_line' id='line_1_79' title="bbox 1071 2102 1900 2158; baseline -0.006 -9"><span class='ocrx_word' id='word_1_362' title='bbox 1071 2105 1322 2149; x_wconf 80' lang='lat' dir='ltr'>sollicitudo</span> <span class='ocrx_word' id='word_1_363' title='bbox 1343 2105 1585 2158; x_wconf 87' lang='lat' dir='ltr'>gloriosum</span> <span class='ocrx_word' id='word_1_364' title='bbox 1608 2102 1816 2154; x_wconf 87' lang='lat' dir='ltr'>reddidit;</span> <span class='ocrx_word' id='word_1_365' title='bbox 1838 2103 1900 2144; x_wconf 86' lang='lat' dir='ltr'>ita</span> 
     </span>
     <span class='ocr_line' id='line_1_80' title="bbox 1070 2161 1899 2215; baseline -0.007 -9"><span class='ocrx_word' id='word_1_366' title='bbox 1070 2177 1152 2206; x_wconf 93' lang='lat' dir='ltr'>nos</span> <span class='ocrx_word' id='word_1_367' title='bbox 1187 2163 1277 2215; x_wconf 89' lang='lat' dir='ltr'>ejus</span> <span class='ocrx_word' id='word_1_368' title='bbox 1308 2163 1564 2205; x_wconf 90' lang='lat' dir='ltr'>intercessio</span> <span class='ocrx_word' id='word_1_369' title='bbox 1600 2161 1645 2202; x_wconf 94' lang='lat' dir='ltr'>in</span> <span class='ocrx_word' id='word_1_370' title='bbox 1679 2165 1756 2202; x_wconf 91' lang='lat' dir='ltr'>tuo</span> <span class='ocrx_word' id='word_1_371' title='bbox 1790 2172 1899 2201; x_wconf 92' lang='lat' dir='ltr'>sem-</span> 
     </span>
     <span class='ocr_line' id='line_1_81' title="bbox 1069 2216 1899 2275; baseline -0.008 -12"><span class='ocrx_word' id='word_1_372' title='bbox 1069 2234 1150 2275; x_wconf 93' lang='lat' dir='ltr'>per</span> <span class='ocrx_word' id='word_1_373' title='bbox 1190 2220 1322 2262; x_wconf 90' lang='lat' dir='ltr'>faciat</span> <span class='ocrx_word' id='word_1_374' title='bbox 1358 2222 1508 2261; x_wconf 86' lang='lat' dir='ltr'>amore</span> <span class='ocrx_word' id='word_1_375' title='bbox 1544 2218 1772 2260; x_wconf 86' lang='lat' dir='ltr'>ferventes.</span> <span class='ocrx_word' id='word_1_376' title='bbox 1814 2216 1899 2258; x_wconf 90' lang='lat' dir='ltr'>Per</span> 
     </span>
     <span class='ocr_line' id='line_1_82' title="bbox 1070 2277 1538 2320; baseline -0.009 0"><span class='ocrx_word' id='word_1_377' title='bbox 1070 2277 1310 2320; x_wconf 88' lang='lat' dir='ltr'>Dominum</span> <span class='ocrx_word' id='word_1_378' title='bbox 1329 2282 1538 2319; x_wconf 88' lang='lat' dir='ltr'>nostrum.</span> 
     </span>
    </p>
   </div>
   <div class='ocr_carea' id='block_1_8' title="bbox 1069 2349 1901 2628">
    <p class='ocr_par' dir='ltr' id='par_1_13' title="bbox 1136 2349 1764 2386">
     <span class='ocr_line' id='line_1_83' title="bbox 1136 2349 1764 2386; baseline -0.005 0"><span class='ocrx_word' id='word_1_379' title='bbox 1136 2352 1285 2386; x_wconf 84' lang='lat' dir='ltr'>Deinde</span> <span class='ocrx_word' id='word_1_380' title='bbox 1310 2352 1351 2386; x_wconf 90' lang='lat' dir='ltr'>fit</span> <span class='ocrx_word' id='word_1_381' title='bbox 1376 2360 1570 2385; x_wconf 87' lang='lat' dir='ltr'>commem.</span> <span class='ocrx_word' id='word_1_382' title='bbox 1596 2349 1764 2384; x_wconf 86' lang='lat' dir='ltr'>Octavae.</span> 
     </span>
    </p>

    <p class='ocr_par' dir='ltr' id='par_1_14' title="bbox 1069 2403 1901 2628">
     <span class='ocr_line' id='line_1_84' title="bbox 1127 2403 1899 2458; baseline -0.006 -10"><span class='ocrx_word' id='word_1_383' title='bbox 1127 2408 1227 2448; x_wconf 82' lang='lat' dir='ltr'>Ant.</span> <span class='ocrx_word' id='word_1_384' title='bbox 1262 2408 1298 2448; x_wconf 92' lang='lat' dir='ltr'>O</span> <span class='ocrx_word' id='word_1_385' title='bbox 1324 2418 1456 2458; x_wconf 90' lang='lat' dir='ltr'>quam</span> <span class='ocrx_word' id='word_1_386' title='bbox 1477 2403 1718 2456; x_wconf 88' lang='lat' dir='ltr'>gloriosum</span> <span class='ocrx_word' id='word_1_387' title='bbox 1743 2407 1811 2445; x_wconf 84' lang='lat' dir='ltr'>est</span> <span class='ocrx_word' id='word_1_388' title='bbox 1835 2415 1899 2444; x_wconf 92' lang='lat' dir='ltr'>re-</span> 
     </span>
     <span class='ocr_line' id='line_1_85' title="bbox 1069 2459 1901 2515; baseline -0.002 -12"><span class='ocrx_word' id='word_1_389' title='bbox 1069 2476 1203 2515; x_wconf 89' lang='lat' dir='ltr'>gnum</span> <span class='ocrx_word' id='word_1_390' title='bbox 1222 2462 1266 2503; x_wconf 91' lang='lat' dir='ltr'>in</span> <span class='ocrx_word' id='word_1_391' title='bbox 1287 2474 1374 2514; x_wconf 94' lang='lat' dir='ltr'>quo</span> <span class='ocrx_word' id='word_1_392' title='bbox 1394 2474 1493 2503; x_wconf 90' lang='lat' dir='ltr'>cum</span> <span class='ocrx_word' id='word_1_393' title='bbox 1512 2459 1688 2502; x_wconf 81' lang='lat' dir='ltr'>Christo</span> <span class='ocrx_word' id='word_1_394' title='bbox 1708 2459 1901 2513; x_wconf 85' lang='lat' dir='ltr'>gaudent</span> 
     </span>
     <span class='ocr_line' id='line_1_86' title="bbox 1071 2516 1899 2567; baseline -0.005 -6"><span class='ocrx_word' id='word_1_395' title='bbox 1071 2532 1223 2561; x_wconf 90' lang='lat' dir='ltr'>omnes</span> <span class='ocrx_word' id='word_1_396' title='bbox 1233 2517 1390 2567; x_wconf 82' lang='lat' dir='ltr'>Sancti,</span> <span class='ocrx_word' id='word_1_397' title='bbox 1405 2516 1553 2559; x_wconf 86' lang='lat' dir='ltr'>amicti</span> <span class='ocrx_word' id='word_1_398' title='bbox 1569 2516 1695 2558; x_wconf 88' lang='lat' dir='ltr'>stolis</span> <span class='ocrx_word' id='word_1_399' title='bbox 1711 2517 1820 2559; x_wconf 89' lang='lat' dir='ltr'>albis</span> <span class='ocrx_word' id='word_1_400' title='bbox 1835 2529 1899 2558; x_wconf 90' lang='lat' dir='ltr'>se-</span> 
     </span>
     <span class='ocr_line' id='line_1_87' title="bbox 1071 2573 1899 2628; baseline -0.004 -11"><span class='ocrx_word' id='word_1_401' title='bbox 1071 2579 1263 2628; x_wconf 80' lang='lat' dir='ltr'>quuntur</span> <span class='ocrx_word' id='word_1_402' title='bbox 1285 2574 1461 2625; x_wconf 88' lang='lat' dir='ltr'>Agnum</span> <span class='ocrx_word' id='word_1_403' title='bbox 1486 2576 1765 2626; x_wconf 82' lang='lat' dir='ltr'>quocumque</span> <span class='ocrx_word' id='word_1_404' title='bbox 1789 2573 1899 2615; x_wconf 86' lang='lat' dir='ltr'>ierit.</span> 
     </span>
    </p>
   </div>
   <div class='ocr_carea' id='block_1_9' title="bbox 1077 2637 1899 2751">
    <p class='ocr_par' dir='ltr' id='par_1_15' title="bbox 1077 2637 1899 2751">
     <span class='ocr_line' id='line_1_88' title="bbox 1128 2637 1899 2695; baseline -0.008 -6"><span class='ocrx_word' id='word_1_405' title='bbox 1128 2637 1179 2689; x_wconf 67' lang='lat' dir='ltr'>V.</span> <span class='ocrx_word' id='word_1_406' title='bbox 1198 2643 1494 2686; x_wconf 86' lang='lat' dir='ltr'>Exsultabunt</span> <span class='ocrx_word' id='word_1_407' title='bbox 1516 2643 1657 2685; x_wconf 89' lang='lat' dir='ltr'>saneti</span> <span class='ocrx_word' id='word_1_408' title='bbox 1680 2643 1725 2684; x_wconf 92' lang='lat' dir='ltr'>in</span> <span class='ocrx_word' id='word_1_409' title='bbox 1748 2642 1899 2695; x_wconf 88' lang='lat' dir='ltr'>gloria.</span> 
     </span>
     <span class='ocr_line' id='line_1_89' title="bbox 1077 2699 1858 2751; baseline 0 -11"><span class='ocrx_word' id='word_1_410' title='bbox 1077 2701 1126 2751; x_wconf 74' lang='lat' dir='ltr'>Rt·</span> <span class='ocrx_word' id='word_1_411' title='bbox 1146 2701 1433 2743; x_wconf 78' lang='lat' dir='ltr'>Laetabuntur</span> <span class='ocrx_word' id='word_1_412' title='bbox 1454 2700 1499 2741; x_wconf 92' lang='lat' dir='ltr'>in</span> <span class='ocrx_word' id='word_1_413' title='bbox 1521 2699 1737 2741; x_wconf 84' lang='lat' dir='ltr'>cubilibus</span> <span class='ocrx_word' id='word_1_414' title='bbox 1757 2699 1858 2741; x_wconf 88' lang='lat' dir='ltr'>suis.</span> 
     </span>
    </p>
   </div>
  </div>
 </body>
</html>
