2040 2944
214 217 280 252 118

265 311 579 353 Haereditatem
596 308 733 350 Israel
753 320 881 349 servo
901 320 995 348 suo:
1010 307 1034 333 *

215 369 420 422 quomam
442 368 485 408 in
508 368 718 407 aeternum
736 363 1035 406 misericordia

215 426 316 477 ejus.

267 481 376 532 Quia
393 480 436 520 in
451 478 693 520 humilitate
706 483 855 520 nostra
869 490 1037 519 memor

216 538 294 579 fuit
315 536 466 578 nostri:
485 536 508 560 *
529 535 735 587 quoniam
758 535 802 575 in
827 536 1036 576 aeternum

215 591 511 635 misericordia
532 592 633 643 ejus.

265 650 320 691 Et
347 649 531 691 redemit
558 661 640 690 nos
669 647 723 689 ab
751 647 937 688 inimicis
963 660 1037 688 no·

215 707 330 748 stris:
347 706 371 731 *
393 705 599 758 quomam
621 705 664 745 in
684 706 894 746 aeternum
912 704 1037 745 mise-

215 762 402 805 ricOrdia
421 762 522 813 ejus.

267 819 351 869 Qui
370 818 445 860 dat
464 831 610 860 escam
625 817 742 859 omni
757 817 889 858 carni:
899 817 922 842 *
935 813 1038 868 qu'o-

214 877 330 917 niam
344 876 388 916 in
403 877 613 916 aeternum
626 873 923 916 misericordia
939 873 1040 924 ejus.

270 932 545 974 Confitemini
555 932 652 973 Deo
663 930 777 972 coeli:
794 931 817 955 *
835 930 1039 982 quoniam

218 991 260 1031 in
280 991 491 1030 aeternum
508 986 807 1029 misericordia
826 987 927 1038 ejus.

271 1045 547 1087 Confitemini
599 1044 791 1085 Domino
845 1042 1040 1084 domino-

218 1116 328 1144 rum:
347 1102 370 1127 *
391 1101 596 1154 quomam
618 1101 663 1142 in
687 1102 897 1142 aeternum
915 1099 1040 1141 mise-

219 1158 407 1201 ric6rdia
426 1159 527 1210 ejus.

272 1219 369 1257 Ant.
389 1215 606 1266 Quoniam
624 1215 668 1255 in
687 1215 897 1255 aeternum
915 1213 1041 1255 mise-

219 1271 407 1314 ric6rdia
427 1272 528 1323 ejus.

272 1331 369 1369 Ant.
399 1330 618 1380 Hvymnum
637 1329 818 1369 cantate.

478 1386 676 1425 Psalmus
696 1385 781 1424 136.

219 1438 396 1546 Super
437 1441 615 1481 flumina
655 1440 912 1492 Babylonis,
956 1439 1043 1481 illic

322 1497 513 1540 sedimus
551 1502 595 1538 et
630 1497 847 1538 flevimus:
883 1497 906 1522 *
944 1509 1042 1538 cum

220 1554 548 1597 recordaremur
567 1554 685 1595 Sion:

270 1612 321 1652 In
340 1610 544 1652 salicibus
563 1610 607 1651 in
625 1609 771 1651 medio
793 1611 894 1662 ejuS‚
911 1611 935 1636 *
953 1623 1041 1652 sus-

218 1667 449 1721 pendimus
469 1669 632 1719 Organa
650 1671 810 1708 nostra.

271 1724 382 1774 Quia
417 1723 503 1765 illic
539 1724 916 1775 interrogaverunt
951 1737 1043 1774 nos,

221 1781 293 1834 qui
312 1783 511 1834 captivos
531 1780 748 1822 duxerunt
765 1794 857 1830 nos,
870 1781 894 1806 *
908 1780 1043 1822 verba

219 1838 484 1879 cantianum:

272 1894 329 1935 Et
362 1894 435 1946 qui
471 1893 746 1935 abduxerunt
780 1906 876 1935 nos:
903 1894 927 1919 *
954 1894 1043 1946 Hy-

219 1963 369 1991 mnum
404 1952 576 1992 cantate
611 1949 738 1991 nobis
772 1949 828 1992 de
864 1950 1045 1992 canticis

220 2007 334 2048 Sion.

273 2062 506 2113 Quomodo
534 2062 805 2104 cantabimus
828 2063 1045 2104 canticum

222 2120 398 2161 Domini
415 2120 439 2146 *
457 2120 501 2160 in
519 2124 636 2161 terra
654 2119 815 2160 aliena?

273 2176 318 2218 Si
337 2176 498 2218 oblitus
517 2175 641 2217 fuero
665 2176 728 2217 tui
746 2176 1003 2226 Jerusalem,
1022 2177 1045 2203 *

223 2233 431 2274 oblivi6ni
449 2232 576 2274 detur
595 2232 775 2274 dextera
792 2246 900 2274 mea.

275 2289 512 2331 Adhaereat
543 2289 690 2340 lingua
719 2302 818 2331 mea
849 2289 1047 2332 faucibus

222 2346 342 2396 meis,
360 2346 383 2372 *
403 2347 440 2387 si
459 2359 546 2387 non
564 2348 804 2388 meminero
823 2347 902 2388 tui:

274 2403 318 2444 Si
342 2415 429 2444 non
452 2405 729 2455 proposuero
747 2403 1005 2453 Jerusalem,
1024 2404 1047 2430 *

224 2459 266 2500 in
286 2459 499 2512 principio
519 2459 683 2500 laetitiae
701 2472 823 2501 meae.

276 2515 444 2558 Memor
489 2520 584 2557 esto
629 2516 817 2558 Domine
860 2516 1049 2558 filiorum

224 2572 378 2623 Edom,
397 2573 420 2599 *
439 2573 483 2613 in
502 2572 572 2614 die
590 2572 851 2615 Jerusalem:

277 2629 361 2679 Qui
380 2628 544 2671 dicunt:
566 2629 812 2680 Exinanite,
833 2629 1049 2671 exinanite

226 2686 248 2711 *
267 2698 408 2738 usque
427 2685 483 2726 ad
502 2685 828 2727 fundamentum
847 2686 890 2727 in
911 2699 972 2727 ea.

278 2743 386 2784 Filia
402 2742 642 2794 Babylonis
655 2745 827 2785 misera:
845 2744 868 2770 *
883 2743 1051 2793 beatus,

779 217 886 250 Furia
913 216 1044 258 quintu
1072 216 1118 249 ud
1149 215 1349 256 Vespera&

1090 306 1163 358 qui
1207 304 1419 347 retribuet
1462 303 1542 346 tibi
1582 301 1914 345 retributionem

1088 368 1219 412 tuam,
1240 374 1370 414 quam
1389 360 1627 403 retribuisti
1643 358 1783 401 nobis.

1140 419 1320 469 Beatus,
1350 418 1423 470 qui
1441 416 1623 467 tenebit,
1647 416 1671 442 *
1696 420 1740 458 et
1767 414 1916 456 allidet

1089 475 1297 529 parvulos
1316 479 1418 516 tuos
1437 473 1493 516 ad
1511 478 1692 526 petram.

1143 542 1240 580 Ant.
1274 540 1490 588 Hymnum
1518 536 1691 576 cantate
1712 531 1840 573 nobis
1860 530 1916 574 de

1091 593 1271 635 canticis
1290 593 1405 634 Sion.

1169 663 1425 715 Capitulum.
1620 661 1671 699 ΙΙ.
1693 660 1789 700 Cor.
1810 660 1837 698 1.

1175 723 1400 766 enedictus
1426 723 1564 772 DeUS,
1604 726 1647 763 et
1673 721 1805 762 Pater
1830 719 1918 761 Do-

1190 780 1295 821 mini
1314 780 1454 822 nostri
1473 779 1497 820 J
1500 792 1577 821 esu
1599 778 1770 829 Christi,
1788 779 1920 820 Pater

1091 836 1510 887 misericordiarum,
1548 840 1591 877 et
1626 835 1749 876 Deus
1783 837 1920 877 totius

1093 893 1425 943 consolatioms,
1459 892 1532 945 qui
1560 891 1813 934 consolatur
1838 905 1920 934 nos

1093 948 1135 990 in
1156 950 1274 991 omni
1290 949 1573 992 tribulatione
1591 953 1753 991 nostra.

1404 1018 1612 1068 Hymnus.

1253 1088 1378 1127 agnae
1396 1076 1519 1117 Deus
1537 1076 1758 1129 potentiae,

1276 1133 1360 1183 Qui
1378 1132 1509 1174 fertili
1526 1137 1655 1185 natos
1674 1145 1788 1186 aqua

1199 1189 1363 1231 Partim
1382 1189 1591 1242 relinquis
1609 1189 1781 1241 gurgiti,

1197 1246 1363 1288 Partim
1380 1246 1501 1288 levas
1520 1247 1564 1287 in
1583 1248 1696 1288 aera.

1154 1313 1362 1354 Demersa
1379 1311 1570 1364 lymphis
1588 1311 1853 1364 imprimens,

1198 1368 1417 1410 Subvecta
1438 1368 1563 1410 coelis
1583 1369 1769 1420 erigens:

1198 1426 1259 1468 Ut
1277 1425 1413 1479 stirpe
1432 1425 1486 1468 ab
1506 1438 1593 1467 una
1611 1424 1798 1478 prodita,

1199 1482 1387 1524 Diversa
1405 1482 1604 1535 repleant
1620 1482 1733 1524 loca:

1149 1549 1328 1599 Largire
1347 1548 1514 1589 cunctis
1533 1546 1728 1597 servulis,

1200 1605 1322 1655 Quos
1340 1603 1523 1646 mundat
1539 1603 1658 1646 unda
1676 1602 1910 1655 sanguinis,

1198 1661 1382 1703 Nescire
1403 1660 1553 1713 lapsus
1572 1660 1811 1710 criminum,

1198 1718 1294 1760 Nec
1312 1718 1424 1760 ferre
1442 1717 1597 1759 mortis
1614 1716 1806 1759 ta'edium.

1156 1786 1207 1826 Ut
1226 1783 1355 1837 culpa
1374 1782 1540 1824 nullum
1559 1781 1792 1835 deprimat:

1198 1840 1379 1882 Nullum
1397 1838 1550 1881 efferat
1566 1839 1786 1891 jactantia:

1200 1897 1319 1938 Elisa
1338 1909 1462 1938 mens
1482 1908 1538 1938 ne
1557 1895 1774 1938 cancidat:

1202 1955 1330 1996 Elata
1347 1966 1471 1995 mens
1489 1965 1546 1994 ne
1563 1954 1749 1994 corruat.

1156 2024 1327 2069 Praesta,
1347 2018 1479 2060 Pater
1498 2018 1704 2071 piissime,

1200 2078 1408 2128 Patrique
1428 2087 1608 2128 compar
1628 2073 1776 2125 Unice,

1203 2135 1312 2176 Cum
1331 2132 1494 2184 Spiritu
1511 2130 1732 2172 Paraclito

1201 2193 1407 2241 Regnans
1424 2201 1505 2241 per
1524 2200 1652 2230 omne
1671 2186 1892 2229 saeculum.

1411 2246 1565 2287 Amen.

1156 2298 1205 2349 Y.
1218 2305 1444 2356 Dirigatur
1454 2301 1643 2343 Domine
1658 2301 1800 2343 oratio
1816 2313 1925 2342 mea.

1104 2362 1153 2412 R*-
1164 2362 1284 2404 Sicut
1295 2363 1522 2403 incensum
1531 2359 1575 2399 in
1586 2359 1827 2410 conspectu
1837 2362 1926 2399 tuo.

1162 2425 1228 2465 Ad
1252 2423 1425 2473 Magnis.
1448 2423 1544 2462 Ant.
1568 2422 1652 2461 Fac
1669 2419 1790 2460 Deus
1810 2419 1833 2443 *
1851 2431 1928 2471 po-

1100 2479 1280 2520 tentiam
1307 2479 1351 2520 in
1378 2476 1561 2521 brachio
1594 2480 1686 2518 tuo:
1723 2474 1928 2528 disperde

1102 2535 1330 2588 superbos,
1351 2540 1395 2577 et
1413 2533 1559 2577 exalta
1577 2531 1775 2574 humiles.

1162 2596 1313 2638 l'rcccs,
1347 2595 1380 2628 si
1411 2594 1586 2628 dicendae
1617 2594 1706 2634 sint,
1739 2593 1930 2626 habentur

1106 2654 1222 2686 supra
1247 2644 1285 2677 in
1305 2643 1421 2686 Vcsp.
1444 2643 1526 2677 Fer.
1549 2641 1595 2676 ΙΙ.
1618 2641 1690 2676 111.

1317 2730 1339 2732 ψ
1351 2715 1570 2745 ἡμέω-
