2040 2944
752 206 959 238 Commune

123 317 206 357 pro
220 303 447 345 Salvatere
467 303 689 353 dimiserit,
709 303 950 355 spiritualia

123 360 322 413 recipiet:
343 373 441 412 quae
461 360 791 413 comparatione
807 364 850 401 et
863 361 950 400 me-

123 417 208 458 rito
237 417 303 458 sui
330 417 391 458 ita
416 421 556 467 erunt,
590 417 714 469 quasi
746 417 782 457 si
810 428 949 469 parvo

123 476 306 515 numero
322 474 597 515 centenarius
612 476 818 514 numerus
834 485 949 514 com-

123 532 312 582 paretur.
371 532 432 572 Te
451 530 605 571 Deum.
625 531 682 570 14.

342 603 730 630 ——QQO—-ss

297 658 359 698 11.
401 657 517 698 Alia
542 656 776 698 Homilia.

125 723 275 765 Lectio
301 724 439 765 sancti
461 722 687 774 Evangelii
709 721 950 764 secundum

405 779 671 822 Matthaeum.

229 839 378 879 Lectio
400 840 464 878 vii.
615 839 716 890 Cap.
738 840 786 878 11.
808 839 845 878 d.

121 897 198 1003 In
221 897 297 939 illo
320 899 535 950 tempore:
564 896 859 950 Respendens
883 897 908 937 J
910 910 949 938 e-

196 967 270 995 sus
299 953 421 995 dixit:
453 954 676 996 Confiteor
702 953 782 995 tibi
807 954 949 1003 Pater,

121 1010 310 1052 Domine
342 1011 443 1053 coeli
477 1016 520 1053 et
545 1016 693 1061 terrae,
727 1011 827 1062 quia
855 1010 949 1052 abs-

123 1066 313 1109 condisti
329 1067 425 1109 haec
443 1081 469 1109 a
487 1067 765 1121 sapientibus,
790 1072 834 1109 et
851 1081 949 1120 pru-

123 1123 342 1174 dentibuS,
369 1129 412 1166 et
436 1124 642 1166 revelasti
668 1137 719 1166 ea
744 1124 950 1177 parvulis.

122 1180 180 1222 Et
196 1180 373 1233 reliqua.

127 1253 314 1296 Homilia
333 1254 471 1296 sancti
485 1254 719 1305 Augustini
728 1254 949 1307 Episcopi.

207 1319 388 1353 Sermone
407 1318 462 1352 lo.
482 1318 528 1352 de
546 1317 683 1352 Verbis
702 1317 866 1352 Domini.

133 1385 147 1421 χ’
171 1386 264 1432 52:22³*
280 1377 393 1417 enite
413 1375 470 1417 ad
488 1388 558 1417 me
574 1388 725 1417 omnes
743 1375 817 1427 qui
830 1375 949 1417 labo-

205 1430 215 1444 ”
291 1433 409 1474 ratis.
461 1433 605 1483 Quare
643 1432 758 1474 enim
799 1445 949 1474 omnes

132 1486 191 1517 32³2·
219 1476 272 1517 5Ῑέ
290 1488 557 1539 laboramus,
575 1489 659 1529 nisi
679 1489 780 1540 quia
802 1502 950 1530 sumus

121 1510 319 1587 hemines
337 1545 557 1596 mortales,
575 1545 761 1597 fragiles,
780 1545 949 1595 infirmi,

122 1600 241 1643 lutea
263 1615 369 1643 vasa
391 1604 636 1654 portantes,
666 1614 764 1653 quae
787 1601 951 1642 faciunt

122 1657 309 1699 invicem
341 1657 590 1709 angustias?
631 1657 719 1699 Sed
750 1659 787 1698 si
819 1671 949 1709 angu-

124 1713 307 1755 stiantur
317 1727 424 1755 vasa
438 1715 592 1764 carnis,
607 1713 841 1755 dilatentur
853 1717 949 1766 spa-

123 1770 183 1811 tia
202 1771 404 1812 caritatis.
441 1770 555 1821 Quid
583 1783 688 1822 erge
718 1770 838 1820 dicit,
865 1770 950 1812 Ve-

123 1829 213 1868 nite
245 1826 302 1868 ad
332 1840 402 1869 me
435 1839 586 1868 omnes
624 1827 697 1879 qui
728 1826 950 1877 laboratis,

123 1883 207 1924 nisi
221 1888 269 1924 ut
282 1896 370 1925 non
383 1883 615 1925 laboretis?
634 1883 835 1936 Denique
850 1896 950 1936 pro·
1000 1913 1005 1919 .

63 1969 65 1971 -
123 1940 274 1981 missio
304 1940 394 1991 ejus
422 1940 466 1980 in
492 1944 703 1992 promptu
731 1944 811 1989 est,
847 1942 950 1992 que-

123 1996 239 2037 niam
257 1996 508 2038 laborantes
527 1996 711 2038 vocavit.
743 1997 951 2046 Quaerent

123 2052 248 2102 forte,
270 2065 355 2105 qua
373 2052 575 2094 mercede
591 2053 737 2094 vocati
755 2056 866 2093 sunt.
894 2052 950 2094 Et

125 2121 206 2160 ego
234 2122 334 2159 vos,
361 2109 520 2161 inquit,
549 2108 752 2150 reficiam.
789 2108 950 2151 Tel-lite

125 2166 270 2217 jugum
288 2178 433 2207 meum
456 2178 588 2218 super
606 2177 702 2215 vos,
728 2170 772 2207 et
795 2165 951 2207 discite

125 2234 152 2262 a
168 2235 253 2272 me,
276 2234 364 2263 non
382 2221 593 2263 mundum
611 2221 839 2271 fabricare,
862 2234 951 2263 non

126 2283 282 2320 cuncta
291 2277 479 2320 visibilia
494 2282 537 2319 et
547 2277 779 2319 invisibilia
790 2281 950 2329 creare,

125 2346 213 2375 non
236 2335 281 2375 in
302 2335 400 2388 ipso
422 2334 586 2376 mundo
606 2334 820 2376 mirabilia
839 2335 950 2376 face-

126 2402 184 2440 re,
204 2395 247 2432 et
265 2393 463 2432 mortuos
482 2391 707 2441 suscitare3
727 2389 816 2439 sed,
836 2392 950 2441 Que-

126 2445 241 2487 niam
258 2447 375 2488 mitis
401 2461 512 2497 sum,
539 2452 582 2488 et
604 2447 779 2488 humilis
806 2447 950 2488 corde.

184 2502 234 2553 Rs,
259 2503 349 2545 Iste
381 2509 447 2546 est
475 2504 547 2557 qui
573 2508 673 2545 ante
697 2504 840 2545 Deum
863 2517 950 2545 ma-

127 2571 234 2610 gnas
261 2560 443 2602 virtutes
473 2563 681 2613 operatus
710 2564 793 2610 est,
825 2565 868 2601 et
896 2559 951 2601 de

128 2615 246 2656 omni
260 2615 393 2658 corde
408 2629 486 2658 suo
497 2616 692 2658 laudavit
701 2616 951 2657 Deminum:

132 2669 154 2691 *
179 2671 281 2735 Ipse
307 2671 547 2715 intercedat
575 2686 656 2726 pro
686 2673 879 2726 peccatis
908 2674 951 2713 ό-

127 2740 291 2769 mmum
308 2728 585 2781 popularum.
619 2723 665 2771 V
683 2730 799 2771 Ecce
817 2728 964 2781 homox

282 2869 345 2894 Pars
361 2869 530 2895 Autumnalis.

987 205 1188 237 Abbatum.

1003 302 1094 344 sine
1113 302 1298 355 querela,
1317 316 1447 344 verus
1462 302 1546 344 Dei
1561 301 1713 352 cultor,
1732 301 1827 343 abs-

1001 359 1143 400 tinens
1170 372 1216 400 se
1243 359 1297 401 ab
1323 360 1440 400 omni
1465 362 1600 412 epere
1623 358 1756 408 malo,
1786 362 1828 399 et

1002 418 1262 468 permanens
1277 416 1321 456 in
1336 416 1583 458 innocentia
1598 428 1687 456 sua.
1715 416 1828 467 Ipse.

1291 474 1437 514 Lectio
1460 474 1540 513 viii.

1001 525 1240 631 Magnus
1277 546 1374 575 esse
1401 532 1489 574 vis?
1517 545 1542 574 a
1565 533 1743 574 minimo
1768 533 1828 573 in-

1123 590 1230 642 cipe.
1267 590 1446 641 Cegitas
1473 602 1676 641 magnam
1701 589 1828 631 fabri-

1002 658 1099 687 cam
1140 650 1393 688 construere
1435 645 1727 688 celsitudinis?
1774 645 1829 687 de

1001 702 1284 744 fundamento
1322 703 1444 755 prius
1482 703 1627 754 cegita
1663 702 1828 744 humili-

1001 759 1115 800 tatis.
1143 760 1199 801 Et
1221 765 1429 812 quantam
1450 759 1633 812 quisque
1652 759 1761 809 vult,
1787 763 1830 800 et

1003 815 1198 869 dispenit
1217 817 1578 870 superimpenere
1594 815 1756 857 molem
1775 828 1829 856 ae—

1002 872 1145 922 dificii,
1163 878 1325 924 quanto
1343 873 1424 914 erit
1434 873 1572 924 majus
1584 872 1829 922 aedificium,

1002 933 1123 970 tanto
1145 929 1273 970 altius
1288 929 1398 971 fodit
1412 929 1752 970 fundamentum.
1773 929 1830 970 Et

1001 985 1169 1027 fabrica
1186 985 1362 1038 quidem
1378 999 1476 1027 cum
1491 986 1768 1036 construitur,
1786 985 1830 1026 in

1003 1044 1191 1095 superna
1209 1043 1447 1094 consurgit:
1468 1043 1541 1094 qui
1560 1047 1705 1084 autem
1719 1041 1831 1083 fodit

1001 1098 1347 1149 fundamentum,
1374 1099 1431 1140 ad
1455 1099 1542 1140 ima
1561 1099 1830 1152 deprimitur.
1873 1103 1875 1105 '

1002 1155 1119 1206 Ergo
1145 1160 1188 1196 et
1211 1155 1377 1198 fabrica
1401 1160 1503 1197 ante
1527 1155 1831 1197 celsitudinem

1002 1211 1264 1262 humiliatur,
1285 1217 1328 1254 et
1341 1212 1562 1263 fastigium
1575 1217 1679 1265 post
1693 1211 1828 1253 humi-

1001 1268 1226 1309 liatienem
1244 1269 1433 1320 erigitur.

1059 1325 1106 1364 R.
1139 1325 1233 1366 Sint
1265 1325 1402 1367 lumbi
1429 1325 1564 1367 vestri
1590 1326 1828 1377 praecincti,

1003 1385 1047 1422 et
1076 1380 1268 1422 lucernae
1305 1381 1508 1423 ardentes
1546 1382 1591 1422 in
1628 1381 1829 1423 manibus

1002 1437 1174 1479 vestris:
1192 1438 1211 1459 *
1230 1438 1287 1479 Et
1303 1450 1382 1479 vos
1403 1438 1565 1480 similes
1582 1438 1829 1480 hominibus

1004 1494 1361 1547 exspectantibus
1413 1494 1637 1536 deminum
1692 1508 1829 1556 suum,

1005 1550 1179 1603 quando
1195 1554 1438 1593 revertatur
1453 1565 1479 1592 a
1494 1552 1667 1604 nuptiis.
1690 1544 1735 1594 ,V
1756 1553 1828 1594 Vi-

1002 1607 1134 1658 gilate
1155 1620 1274 1658 ergo,
1296 1608 1397 1660 quia
1418 1609 1595 1650 nescitis
1616 1621 1702 1660 qua
1721 1608 1829 1650 hora

1002 1664 1217 1704 Deminus
1245 1669 1393 1706 vester
1420 1668 1629 1706 venturus
1661 1665 1728 1706 sit.
1772 1666 1828 1707 Et

1002 1732 1092 1761 vos.
1120 1719 1270 1761 Gloria
1288 1721 1418 1762 Patri.
1446 1721 1502 1762 Et
1520 1734 1611 1762 vos.

1305 1775 1455 1815 Lectio
1476 1776 1530 1814 ix.

1007 1818 1180 1941 Quod
1198 1837 1264 1875 est
1282 1833 1502 1885 fastigium
1524 1834 1828 1876 construendae

1105 1889 1299 1940 fabricae,
1325 1903 1455 1942 quam
1478 1889 1705 1932 molimur?
1740 1904 1827 1944 quo

1001 1949 1315 1998 perventurum
1329 1951 1396 1988 est
1409 1950 1617 1989 cacumen
1633 1947 1827 1989 aedificii?

1005 2002 1102 2044 Cito
1135 2002 1251 2053 dieo,
1287 2016 1427 2055 usque
1460 2003 1517 2045 ad
1545 2006 1829 2056 conspectum

1002 2059 1096 2100 Dei.
1143 2059 1315 2100 Videtis
1345 2073 1475 2112 quam
1503 2060 1723 2102 excelsum
1751 2066 1828 2111 est,

1004 2119 1166 2167 quanta
1197 2128 1267 2157 res
1300 2120 1367 2157 est
1394 2119 1648 2169 conspicere
1675 2117 1828 2159 Deum.

1004 2172 1088 2228 Qui
1120 2171 1358 2222 desiderat,
1399 2177 1442 2214 et
1476 2172 1595 2225 quod
1627 2173 1744 2223 dico,
1786 2178 1829 2215 et

1005 2228 1124 2280 quod
1152 2227 1274 2269 audit
1303 2228 1516 2280 intelligit.
1555 2229 1829 2278 Promittitur

1002 2283 1130 2326 nobis
1167 2286 1429 2337 conspectus
1465 2285 1568 2335 Dei,
1604 2286 1697 2327 veri
1732 2286 1830 2336 Dei,

1004 2341 1160 2381 summi
1178 2341 1273 2382 Dei.
1306 2341 1406 2382 Hoc
1430 2341 1544 2382 enim
1566 2341 1731 2383 bonum
1751 2346 1828 2391 est,

1003 2396 1224 2438 videntem
1248 2397 1408 2438 videre.
1440 2397 1554 2439 Nam
1581 2398 1655 2450 qui
1679 2398 1829 2440 colunt

1003 2452 1136 2494 falsos
1157 2453 1277 2503 deos,
1295 2453 1423 2495 facile
1441 2453 1539 2494 illos
1559 2453 1724 2496 vident:
1749 2454 1828 2496 sed

1005 2522 1080 2551 eos
1105 2509 1273 2559 vident,
1302 2509 1377 2561 qui
1401 2510 1553 2551 &culos
1578 2510 1756 2561 habent,
1784 2509 1828 2552 et¹

1003 2578 1091 2606 non
1105 2565 1265 2607 vident.
1291 2565 1432 2607 Nobis
1452 2570 1598 2608 autem
1615 2567 1826 2619 promitti-

1003 2626 1074 2663 tur
1098 2622 1207 2662 visie
1226 2622 1311 2663 Dei
1332 2622 1534 2673 viventis,
1563 2627 1607 2664 et
1629 2623 1826 2664 videntis.

1063 2677 1121 2719 Te
1138 2678 1282 2719 Deum
1300 2677 1539 2720 laudamus.
1561 2680 1621 2719 14.

1211 2749 1622 2773 ᾑ-ᾷῶξῢῇ-
