2040 2944
193 225 237 262 72
741 222 851 256 Fcria
877 220 1008 263 quinta
1034 218 1083 252 ad
1107 216 1344 251 Matutinum.

247 323 544 365 Obscurentur
570 318 683 360 Oculi
703 320 854 360 e6rum
879 331 933 359 ne
957 319 1015 358 vi-

195 380 340 422 deant:
359 379 382 404 *
406 383 448 419 et
471 377 648 418 dorsum
672 377 823 417 eerum
842 387 1016 428 semper

195 436 383 478 incurva.

246 489 431 532 Effunde
462 501 594 541 super
627 501 705 530 eos
737 489 845 529 iram
878 493 1015 530 tuam:

194 551 217 576 *
243 554 286 590 et
311 549 429 589 furor
456 546 531 587 irae
558 551 646 587 tuae
673 544 1016 598 comprehendat

194 617 280 647 eos.

245 661 339 702 Fiat
363 659 576 702 habitzitio
602 661 752 701 eerum
777 658 967 700 deserta:
991 658 1015 682 *

193 723 236 759 et
266 717 308 757 in
336 716 629 758 tabemeculis
662 717 813 757 eerum
845 727 932 756 non
960 714 1015 755 sit

193 774 266 825 qui
293 773 515 815 inhabitet.

244 829 459 880 Queniam
496 841 625 882 quern
661 833 709 870 tu
748 827 1015 880 percussisti,

192 886 413 939 persecuti
432 891 546 927 sunt:
565 886 588 911 *
608 890 651 926 et
668 897 800 937 super
816 883 1015 925 dolerem

192 942 419 984 vulnerum
447 944 645 983 meerum
672 940 945 983 addiderunt.

244 1000 433 1051 Appene
466 998 738 1050 iniquitatem
772 1010 903 1050 super
939 997 1014 1037 ini-

194 1056 404 1108 quitatem
431 1057 598 1097 cerum:
625 1055 648 1080 *
677 1059 720 1096 et
743 1067 830 1095 non
854 1054 1016 1095 intrent

193 1112 236 1152 in
263 1112 469 1164 justitiam
495 1117 625 1153 tuam.

243 1168 482 1210 Deleantur
507 1167 561 1210 de
585 1167 697 1209 libro
717 1166 968 1209 viventium:
991 1166 1014 1191 *

194 1230 238 1267 et
266 1238 364 1266 cum
391 1224 513 1276 justis
540 1237 627 1266 non
656 1224 935 1266 scribantur.-

245 1282 340 1332 Ego
374 1295 470 1322 sum
503 1294 672 1334 pauper
707 1285 751 1322 et
786 1279 958 1322 dolens:
992 1279 1015 1303 *

194 1338 311 1379 salus
337 1343 411 1379 tua
439 1338 559 1379 Deus
588 1337 781 1390 suscepit
807 1349 887 1378 me.

246 1394 459 1436 Laudabo
483 1407 641 1436 nomen
660 1394 742 1435 Dei
761 1407 860 1435 cum
884 1391 1015 1434 canti-

195 1464 263 1492 co:
282 1452 306 1476 *
325 1456 368 1493 et
386 1451 675 1501 magnificabo
695 1463 793 1492 eum
812 1451 855 1491 in
873 1448 1016 1491 laude:

247 1508 303 1549 Et
330 1507 520 1560 placebit
546 1507 643 1549 Deo
676 1520 807 1560 super
835 1506 1017 1548 vitulum

197 1563 431 1605 novellum:
458 1566 481 1591 *
510 1566 673 1605 cernua
703 1563 1018 1616 producentem

197 1626 241 1662 et
268 1620 461 1671 ungulas.

248 1676 438 1718 Videant
471 1679 688 1729 paliperes
723 1682 767 1719 et
798 1676 1018 1718 laetentun:

197 1733 220 1758 *
248 1733 430 1785 quaerite
457 1733 615 1783 Deum,
650 1739 694 1776 et
724 1734 842 1775 vivet
875 1733 1019 1774 anima

197 1794 353 1830 vestra.

249 1846 465 1895 Quoniam
522 1845 744 1888 exaudivit
800 1849 1020 1898 pauperes

196 1902 425 1943 Deminus:
460 1902 484 1927 *
519 1907 562 1944 et
595 1902 764 1944 vinctos
795 1915 900 1944 suos
933 1915 1019 1944 non

199 1957 410 2010 despexit.

248 2014 448 2056 Laudent
480 2014 600 2056 illum
629 2015 729 2056 coeli
761 2020 804 2057 et
836 2019 968 2066 terra,
996 2017 1019 2041 *

196 2084 325 2121 mare,
354 2076 397 2112 et
424 2071 568 2112 emnia
596 2071 767 2124 reptilia
791 2072 835 2112 in
863 2071 937 2113 eis.

247 2127 462 2178 Queniam
506 2128 627 2169 Deus
681 2127 846 2169 salvam
891 2128 1020 2170 faciet

196 2184 313 2281 {icam
340 2186 364 2211 *
392 2189 435 2226 et
462 2183 796 2226 aedificabuntur
822 2184 1019 2227 civitates

225 2253 251 2281 u
285 2254 320 2281 a.

249 2296 305 2337 Et
331 2295 634 2339 inhabitabunt
660 2297 730 2347 ibi,
758 2298 782 2323 *
810 2302 855 2339 et
882 2298 1017 2340 haere·

198 2352 333 2394 ditate
361 2356 585 2405 acquirent
612 2367 720 2395 eam.

248 2409 305 2450 Et
333 2422 480 2451 semen
507 2413 733 2452 serverum
763 2412 853 2463 ejus
880 2412 1017 2464 possi-

198 2464 318 2506 debit
337 2478 443 2515 eam,
462 2467 485 2491 *
505 2471 548 2508 et
568 2467 642 2518 qui
662 2466 845 2518 diligunt
859 2481 1018 2510 nomen

198 2522 300 2573 ejus,
326 2521 586 2564 habitabunt
612 2523 654 2563 in
683 2536 744 2565 ea.

466 2578 662 2619 psalmus
691 2581 756 2619 69.

288 2646 366 2675 eus
387 2634 429 2674 in
449 2633 710 2686 adjuterium
727 2649 871 2678 meum
885 2638 1019 2679 inten-

314 2690 384 2732 de:
402 2692 426 2716 *
445 2691 632 2733 Domine
654 2691 710 2733 ad
729 2691 1020 2744 adjuvandum

198 2760 267 2789 me
295 2747 461 2789 festina.

1122 314 1456 357 Confundantur
1483 318 1527 355 et
1555 315 1850 365 revereantur,
1875 316 1898 341 *

1071 373 1143 426 qui
1172 376 1374 424 quaerunt
1402 371 1591 412 animam
1617 382 1772 412 meam.

1120 429 1389 471 Avertantur
1411 429 1665 476 retrersum,
1684 431 1728 469 et
1746 425 1897 468 erube-

1068 491 1201 535 scant,
1230 486 1253 511 *
1283 485 1358 538 qui
1386 483 1538 526 volunt
1564 482 1671 524 mihi
1697 482 1823 524 mala.

1119 543 1388 584 Avertantur
1410 540 1558 582 statim
1577 539 1898 589 erubescentes,

1068 601 1091 626 *
1120 599 1195 651 qui
1222 598 1372 640 dicunt
1399 596 1522 638 mihi:
1549 596 1684 648 Euge,
1712 608 1833 648 euge.

1119 655 1354 697 Exsultent
1364 659 1408 696 et
1421 653 1625 695 laetentur
1635 653 1678 694 in
1687 658 1732 695 te
1745 665 1898 695 omnes

1069 712 1143 764 qui
1172 716 1373 764 quaerunt
1399 715 1459 761 te,
1487 710 1511 736 *
1540 715 1583 752 et
1611 709 1760 752 dicant
1787 722 1897 752 sem-

1067 781 1165 821 per:
1206 767 1511 819 Magnificetur
1547 767 1782 808 Deminus:
1824 765 1898 819 qui

1069 825 1253 876 diligunt
1282 824 1473 865 salutare
1500 829 1635 881 tuum.

1118 882 1216 932 Ego
1232 893 1337 922 vero
1354 882 1529 931 egenuS,
1545 885 1588 922 et
1602 892 1772 933 pauper
1787 892 1899 921 sum:

1067 939 1090 963 *
1118 939 1240 980 Deus
1269 937 1428 990 adjuva
1454 950 1536 979 me.

1119 994 1307 1046 Adjutor
1326 1007 1461 1045 meuS,
1481 998 1525 1036 et
1543 993 1755 1035 liberator
1772 1005 1899 1035 meus

1069 1064 1115 1093 es
1142 1057 1209 1093 tu:
1237 1053 1260 1078 *
1290 1051 1480 1093 Demine
1505 1063 1560 1092 ne
1587 1050 1783 1092 moreris.

1123 1111 1222 1152 Ant.
1257 1111 1444 1154 Domine
1472 1112 1594 1154 Deus
1621 1111 1667 1153 in
1694 1109 1899 1164 adjuteri-

1067 1183 1141 1211 um
1168 1182 1314 1211 meum
1342 1168 1531 1211 intende.

1123 1234 1221 1274 Ant.
1250 1232 1360 1272 Esto
1388 1229 1504 1271 mihi.

1339 1314 1538 1355 Psalmus
1567 1314 1638 1354 70.

1115 1406 1144 1433 n
1170 1397 1214 1434 te
1244 1391 1434 1433 Demine
1463 1390 1654 1444 speravi,
1682 1403 1770 1432 non
1799 1402 1899 1432 con-

1129 1448 1288 1491 fundar
1310 1449 1354 1489 in
1378 1449 1648 1490 aeternumz‘*
1672 1447 1716 1488 in
1739 1446 1902 1499 justitia

1069 1512 1146 1548 tua
1172 1506 1311 1548 libera
1338 1518 1420 1556 me,
1448 1510 1493 1547 et
1522 1504 1643 1557 eripe
1670 1516 1751 1545 me.

1121 1563 1287 1605 Inclina
1321 1561 1379 1605 ad
1412 1574 1483 1604 me
1520 1573 1671 1603 aurem
1705 1565 1844 1611 tuam,
1877 1561 1902 1586 *

1071 1625 1115 1662 et
1142 1620 1264 1662 salva
1291 1632 1373 1662 me.

1122 1677 1231 1719 Esto
1250 1676 1356 1718 mihi
1374 1676 1417 1717 in
1431 1676 1576 1718 Deum
1589 1676 1903 1727 protectorem,

1072 1739 1115 1776 et
1140 1734 1185 1774 in
1207 1733 1355 1775 locum
1372 1735 1603 1774 munitum:
1621 1732 1645 1758 *
1664 1736 1714 1773 ut
1733 1731 1903 1774 salvum
2002 1758 2005 1762 »

1071 1803 1141 1832 me
1169 1790 1314 1841 facias,

1124 1847 1341 1898 Queniam
1360 1846 1683 1888 firmamentum
1701 1857 1860 1896 meum,
1877 1845 1903 1872 *

1072 1909 1116 1946 et
1142 1903 1358 1955 refugium
1385 1915 1532 1944 meum
1559 1915 1608 1944 es
1635 1907 1694 1944 tu.

1123 1961 1245 2002 Deus
1277 1973 1401 2002 meus
1433 1959 1555 2013 eripe
1585 1971 1657 2000 me
1684 1957 1740 2000 de
1770 1971 1903 2001 manu

1072 2017 1336 2070 peccatoris,
1364 2017 1388 2042 *
1422 2021 1467 2058 et
1498 2015 1554 2058 de
1584 2028 1717 2057 manu
1748 2020 1902 2058 contra
1975 2071 1980 2079 ι

1071 2074 1213 2125 legem
1240 2073 1410 2125 agentis
1438 2078 1482 2115 et
1507 2072 1662 2124 iniqui:

1123 2130 1339 2180 Queniam
1378 2135 1427 2171 tu
1468 2141 1516 2171 es
1553 2129 1764 2182 patientia
1802 2141 1901 2170 mea

1072 2187 1278 2228 Demine:
1314 2187 1338 2212 *
1375 2185 1565 2228 Demine
1602 2198 1706 2239 spes
1741 2197 1840 2227 mea
1875 2198 1901 2226 a

1071 2243 1293 2294 juventute
1320 2256 1428 2285 mea.

1122 2300 1173 2340 In
1187 2305 1230 2342 te
1246 2300 1530 2342 confirmatus
1545 2313 1641 2342 sum
1656 2312 1711 2342 ex
1723 2299 1901 2342 uteroz*

1071 2355 1126 2397 de
1153 2361 1305 2398 ventre
1332 2357 1483 2399 matris
1510 2370 1621 2398 meae
1648 2362 1696 2399 tu
1725 2369 1772 2398 es
1799 2368 1899 2408 pro-

1070 2415 1213 2455 tector
1239 2426 1374 2454 meus.

1122 2470 1172 2510 In
1208 2475 1252 2511 te
1288 2470 1480 2512 cantatio
1517 2482 1616 2512 mea
1650 2481 1844 2522 semper:
1875 2470 1900 2496 *

1070 2530 1293 2578 tamquam
1330 2526 1581 2579 prodigium
1621 2526 1763 2567 factus
1803 2538 1900 2566 sum

1070 2582 1234 2624 multis:
1261 2589 1305 2625 et
1331 2589 1380 2625 tu
1408 2583 1582 2636 adjutor
1608 2582 1745 2624 fortis.

1123 2639 1365 2692 Repleatur
1400 2653 1451 2681 os
1487 2653 1633 2681 meum
1666 2638 1815 2688 laude,
1851 2642 1900 2679 ut

1072 2701 1243 2738 cantem
1275 2696 1463 2747 gleriam
1489 2703 1624 2739 tuam:
1651 2697 1675 2722 *
1701 2700 1797 2738 tota
1829 2695 1900 2737 die

1071 2752 1416 2803 magnitudinem
1443 2758 1575 2795 tuam.
