2040 2944
211 207 275 243 124

261 305 344 356 Qui
372 305 515 358 eperit
541 303 701 345 coelum
723 301 927 344 nubibus:
946 302 969 328 *
989 306 1033 344 et

210 367 336 415 parat
354 367 482 404 terrae
503 360 706 413 pluviam.

252 419 335 469 Qui
347 417 551 471 producit
563 417 606 457 in
616 415 838 457 mentibus
853 415 1032 457 foenum:

209 475 233 501 '⁸¹
252 480 296 517 et
314 474 493 516 herbam
513 473 711 515 servituti
729 471 964 513 hominum.

261 531 343 581 Qui
363 530 438 572 dat
452 530 652 582 jumentis
664 542 810 571 escam
820 529 1032 582 ipsorum:

209 588 232 613 ¹⁸¹
252 592 295 628 et
317 586 446 639 pullis
471 588 706 628 corverum
727 585 1031 628 invocantibus

209 655 317 685 eum.

257 699 358 741 Non
376 700 419 740 in
444 699 698 741 fortitudine
718 699 818 751 equi
836 699 1031 740 volunta-

207 761 295 798 tem
310 756 502 798 habebit:
520 756 544 782 *
562 769 645 798 nec
662 757 706 797 in
724 755 842 798 tibiis
861 756 942 797 viri
959 755 1031 797 be-

208 812 475 866 neplacitum
495 813 577 854 erit
596 813 646 855 ei.

258 869 590 923 Beneplacitum
609 874 676 912 est
688 869 880 911 Demino
900 881 1032 922 super

208 926 411 968 timentes
430 939 542 968 eum:
561 926 584 952 *
605 931 648 968 et
670 927 713 967 in
737 926 813 977 eis,
843 926 917 978 qui
936 939 1031 978 spe-

208 988 306 1024 rant
325 996 456 1036 super
474 983 774 1025 misericerdia
793 983 894 1035 ejus.

262 1047 358 1085 Ant.
383 1045 474 1084 Deo
493 1045 645 1082 nostro
665 1039 852 1093 jucunda
872 1040 927 1081 sit
945 1039 1032 1080 lau·

210 1096 342 1141 datio.

261 1158 358 1198 Ant.
387 1153 551 1196 Lauda.

472 1212 667 1253 Psalmus
688 1213 772 1252 147.

209 1265 394 1371 Lauda
437 1265 679 1307 Jerusalem
723 1266 974 1307 Dominum:
1010 1266 1034 1291 *

295 1323 318 1348 *
338 1321 468 1364 lauda
485 1322 629 1364 Deum
646 1327 769 1364 tuum
788 1323 902 1365 Sion.

263 1379 479 1430 Queniam
504 1379 767 1421 confortavit
791 1392 912 1421 seras
936 1391 1035 1432 por-

209 1439 353 1478 tarum
388 1438 575 1477 tuarum:
611 1436 634 1461 *
670 1436 893 1478 benedixit
936 1435 1036 1477 filiis

210 1493 295 1534 tuis
314 1493 358 1533 in
377 1496 431 1533 te.

262 1549 346 1600 Qui
373 1549 521 1602 pesuit
547 1549 656 1591 fines
683 1553 784 1591 tuos
812 1562 985 1602 pacem:
1013 1550 1036 1575 *

212 1610 255 1648 et
282 1605 412 1658 adipe
440 1605 644 1647 frumenti
671 1606 802 1647 satiat
827 1610 882 1648 te.

263 1662 346 1713 Qui
374 1662 531 1703 emittit
558 1662 780 1715 eloquium
807 1675 933 1704 suum
954 1667 1036 1704 ter-

211 1731 286 1760 rae:
314 1719 338 1744 *
365 1718 574 1761 velociter
603 1719 736 1761 currit
764 1732 908 1761 sermo
937 1720 1037 1771 ejus.

263 1775 347 1826 Qui
383 1774 459 1817 dat
493 1775 638 1817 nivem
674 1775 787 1817 sicut
822 1775 981 1817 lanam:
1014 1777 1037 1802 *

211 1831 414 1874 nebulam
443 1832 554 1873 sicut
581 1834 771 1875 cinerem
799 1833 977 1885 spargit.

262 1889 395 1930 Mittit
410 1888 663 1940 crystallum
679 1889 926 1931 suamsicut
934 1889 1036 1931 buc-

213 1945 359 1986 cellas:
382 1945 405 1971 *
434 1950 534 1987 ante
561 1945 718 1988 faciem
745 1946 919 1997 frigoris
947 1946 1037 1998 ejus

214 2003 310 2054 quis
330 2000 582 2043 sustinebit?

263 2059 445 2100 Emittet
463 2058 646 2100 verbum
670 2072 811 2109 suum,
840 2063 883 2101 et
904 2059 1038 2111 lique-

213 2115 342 2157 faciet
370 2128 436 2157 ea:
455 2115 478 2141 *
503 2115 626 2158 flabit
653 2116 832 2169 spiritus
861 2116 966 2168 ejus,
995 2121 1039 2158 et

214 2172 349 2213 fiuent
368 2184 506 2228 aquae.

265 2229 348 2278 Qui
371 2229 598 2270 annuntiat
619 2228 802 2270 verbum
826 2242 953 2271 suum
970 2230 994 2270 J
997 2242 1038 2270 a-

214 2284 312 2326 cob:
323 2286 346 2310 *
358 2285 550 2336 justitias,
566 2290 610 2327 et
622 2284 781 2337 judicia
796 2298 875 2327 sua
891 2286 1039 2327 Isra‘el.

264 2341 365 2382 Non
388 2341 490 2383 fecit
512 2342 657 2384 taliter
680 2342 799 2383 omni
816 2343 996 2384 natieni:
1015 2343 1038 2368 *

214 2402 258 2439 et
276 2397 435 2450 judicia
453 2411 531 2440 sua
549 2412 637 2440 non
654 2398 948 2441 manifestavit
967 2399 1056 2441 eis..

264 2457 300 2495 A
308 2469 330 2494 n
337 2461 362 2495 t.
381 2455 532 2496 Lauda
542 2455 784 2498 Jerusalem
791 2456 1039 2498 Dominum.

291 2511 548 2562 Capitulum.
704 2514 828 2554 Rom.
852 2516 898 2554 11.
919 2514 957 2555 d.

322 2567 506 2609 altitudo
537 2568 783 2611 divitiarum
812 2568 1038 2621 sapientiae

323 2628 367 2666 et
391 2624 583 2666 scientiae
602 2625 699 2666 Dei:
728 2638 858 2677 quam
876 2625 1037 2666 incom-

215 2680 524 2734 prehensibilia
551 2686 651 2723 sunt
678 2681 836 2733 judicia
863 2682 968 2733 ejuS,
997 2686 1040 2723 et

214 2737 538 2789 investigabiles
565 2738 647 2780 viae
676 2738 781 2790 ejus!

728 211 1121 245 Commemorationes
1147 210 1387 245 Communes.

1395 305 1604 355 Hymnus.

1208 371 1279 400 am
1306 357 1373 399 sol
1399 356 1567 399 recedit
1592 359 1760 408 igneus:

1213 415 1282 456 Tu
1308 414 1383 456 lux
1411 414 1617 467 perennis
1643 414 1808 462 Unitas,

1186 472 1372 521 Nostris,
1399 470 1529 513 beata
1555 470 1757 520 Trinitas,

1192 528 1379 570 Infunde
1405 527 1551 569 lumen
1580 526 1799 569 cordibus.

1139 598 1199 637 Te
1225 606 1353 635 mane
1380 592 1560 634 laudum
1588 592 1792 642 carmine,

1187 651 1252 692 Te
1281 650 1571 703 deprecamur
1598 651 1800 702 vespere3

1187 707 1392 758 Digneris
1419 711 1468 747 ut
1493 711 1538 748 te
1566 705 1790 758 supplices

1186 763 1436 806 Laudemus
1462 763 1575 804 inter
1603 761 1783 804 coblites.

1140 829 1266 878 Patri,
1295 828 1511 881 simulque
1538 827 1662 877 Filio,

1187 885 1376 938 Tibique
1405 889 1554 926 sancte
1581 884 1780 937 Spiritus,

1188 942 1309 983 Sicut
1335 941 1425 991 fuit,
1454 941 1510 982 sit
1536 941 1692 993 jugiter

1187 998 1375 1040 Saeclum
1398 1011 1479 1051 per
1507 1010 1637 1054 omne
1662 997 1814 1049 gloria.

1395 1055 1549 1097 Amen.

1140 1111 1189 1162 V.
1223 1115 1491 1168 Vespertina
1526 1115 1668 1157 oratio
1705 1114 1915 1156 ascendat

1087 1173 1144 1215 ad
1179 1177 1224 1215 t'e
1254 1172 1455 1214 Domine.
1501 1172 1551 1224 K.
1581 1172 1639 1213 Et
1675 1170 1916 1214 descendat

1088 1243 1220 1283 super
1246 1242 1327 1271 nos
1354 1228 1657 1271 misericordia
1682 1233 1769 1270 tua.

1138 1289 1209 1331 Ad
1224 1290 1397 1341 Magnis.
1421 1290 1520 1331 Ant.
1543 1289 1912 1342 Suscepit*Deus

1087 1346 1224 1388 Israel
1243 1349 1429 1400 paerum
1449 1359 1588 1387 suum:
1613 1346 1725 1388 sicut
1742 1345 1916 1387 locutus

1089 1408 1156 1445 est
1187 1403 1244 1444 ad
1271 1402 1512 1452 Abraham,
1549 1407 1592 1444 et
1626 1415 1774 1445 semen
1810 1402 1916 1454 ejus:

1090 1460 1283 1502 exaltare
1294 1459 1481 1501 humiles
1490 1472 1631 1512 usque
1641 1459 1685 1500 in
1696 1458 1916 1500 saeculum.

1139 1526 1262 1569 Capit.
1295 1526 1325 1560 O
1361 1524 1536 1560 altitudo.
1564 1525 1706 1560 dicitur
1734 1526 1773 1560 in
1798 1526 1915 1572 Vesp.

1087 1574 1246 1609 Sabbati
1278 1575 1325 1608 ab
1357 1573 1503 1608 Octava
1532 1573 1684 1609 Pentee.
1713 1586 1836 1619 usque
1866 1576 1916 1610 ad

1086 1623 1309 1657 Adventum
1326 1632 1412 1656 cum
1435 1622 1590 1666 Hymno
1609 1626 1645 1657 et
1664 1618 1710 1664 V.
1729 1624 1914 1667 sequenti.

1087 1672 1173 1705 Ant.
1196 1671 1245 1705 ad
1267 1671 1488 1714 Mag-gnificat
1510 1670 1660 1714 dicitur,
1682 1676 1798 1715 prout
1820 1673 1915 1707 assi-

1087 1724 1224 1762 gnatur
1253 1719 1351 1753 infra
1381 1719 1419 1752 in
1445 1718 1610 1762 Proprio
1641 1719 1688 1754 de
1712 1720 1914 1764 Tempore.

1086 1768 1180 1802 Post
1200 1769 1286 1801 Ant.
1309 1767 1380 1801 dic.
1404 1766 1536 1801 Oratio
1558 1767 1727 1811 propria.

1139 1829 1289 1863 Deinde
1320 1830 1413 1863 fiunt
1446 1834 1651 1872 sequentes
1676 1829 1915 1865 Commemo-

1088 1878 1258 1911 rationes
1276 1887 1509 1919 communes,
1530 1888 1598 1912 seu
1616 1878 1807 1922 Suffragia
1823 1877 1915 1913 San—

1089 1930 1245 1968 ctorum,
1264 1936 1351 1969 quae
1369 1925 1548 1960 dicuntur
1564 1926 1680 1960 etiam
1693 1925 1913 1962 adLaudes.

1153 1997 1575 2041 commemoratio
1600 1997 1661 2039 de
1683 1997 1853 2039 cruce.

1142 2058 1183 2091 In
1231 2058 1353 2092 feriali
1398 2062 1546 2093 tantum
1592 2057 1748 2101 Officio,
1800 2058 1914 2094 etiam

1089 2107 1244 2150 quando
1270 2117 1347 2140 non
1373 2107 1552 2141 dicuntur
1575 2107 1746 2142 Preces.'

1140 2158 1211 2199 Ad
1240 2159 1373 2211 Vesp.
1403 2164 1446 2201 et
1471 2159 1657 2200 Laudes.
1694 2159 1793 2201 Ant.
1836 2159 1919 2202 Per

1092 2217 1263 2268 signum
1289 2216 1441 2258 Crucis
1467 2215 1522 2258 de
1550 2216 1734 2258 inimicis
1757 2216 1919 2258 nostris

1091 2273 1229 2315 libera
1247 2285 1329 2314 nos
1349 2273 1471 2314 Deus
1491 2277 1652 2315 noster.

1143 2324 1193 2375 Y.
1235 2329 1388 2371 Omnis
1426 2334 1545 2372 terra
1581 2329 1737 2371 aderet
1771 2332 1836 2379 te,
1876 2334 1919 2371 et

1091 2386 1252 2439 psallat
1291 2386 1382 2428 tibi.
1435 2389 1484 2440 R'·
1533 2385 1757 2427 Psalmum
1801 2384 1919 2427 dicat

1091 2443 1255 2484 nemini
1282 2447 1360 2484 tuo
1388 2443 1587 2485 Demine.

1219 2510 1418 2550 Oremus.
1622 2512 1785 2552 Oratio.

1174 2571 1356 2622 erpetua
1397 2581 1494 2618 nos,
1536 2570 1788 2621 quaesumus
1830 2569 1918 2610 Do-

1193 2626 1320 2675 mine,
1347 2637 1457 2678 pace
1483 2625 1671 2667 cust6di:
1700 2638 1811 2678 quos
1839 2639 1919 2678 per

1091 2682 1256 2733 lignum
1300 2685 1464 2723 sanetae
1507 2682 1659 2723 Crucis
1704 2681 1918 2724 redimere

1093 2738 1296 2789 dignatus
1317 2751 1375 2780 es.
