2040 2944
574 172 644 205 Die
670 172 721 205 233.
747 171 845 205 Nov.
894 171 928 205 S.
955 171 1165 205 Clementis

233 271 315 311 Tui
332 271 539 323 precatus
558 272 740 310 munere

281 328 493 369 Nostrum
512 324 684 367 reatum
704 324 833 374 dilue,

282 385 452 425 Arcens
470 382 575 423 mali
595 381 859 432 contagium,

281 441 399 482 Vitae
419 438 640 492 repellens
662 438 856 479 taedium.

231 515 385 556 Soluta
403 518 505 555 sunt
523 514 608 564 iam
627 511 800 554 vincula

282 571 368 613 Tui
387 570 550 612 sacrati
570 569 786 622 corporis:

279 629 378 670 Nos
398 627 521 669 solve
540 626 695 668 vinclis
716 625 867 666 saeculi

281 685 413 727 Dono
433 683 611 736 superni
629 682 844 723 Numinis.

233 761 329 800 Deo
347 758 469 800 Patri
487 757 544 798 sit
562 756 713 808 gloria,

281 816 476 868 Eiusque
496 813 580 855 soli
597 812 723 861 Filio,

284 872 395 914 Cum
413 870 580 924 Spiritu
597 868 832 918 Paraclito‚

281 929 421 978 Nunc,
441 932 486 969 et
493 939 584 1024 ΕΞ·
603 938 733 968 omne
753 918 975 966 saeculum.

583 995 648 1024 en.

231 1046 280 1097 δν.
333 1051 486 1092 Justus
534 1054 584 1091 ut
632 1047 780 1101 palma
826 1046 1014 1088 florebit.

183 1108 230 1158 Rg.
268 1108 391 1149 Sicut
426 1106 586 1149 cedrus
615 1104 775 1147 Libani
806 1103 1013 1156 multipli-

180 1164 362 1206 cabitur.

236 1229 307 1269 Ad
346 1230 505 1270 Bencd.
554 1232 654 1270 Ant.
701 1231 810 1269 Cum
842 1227 926 1268 iter
958 1225 1015 1266 ad

179 1299 301 1328 mare
326 1287 533 1337 cepisset,
568 1284 763 1336 populus
790 1295 903 1324 voce
927 1295 1015 1323 ma-

180 1356 266 1395 gna
291 1341 527 1384 clamabat:
554 1341 743 1382 Domine
766 1340 790 1381 J
793 1353 871 1381 esu
896 1339 1015 1380 Chri-

181 1405 265 1450 ste,
297 1398 419 1440 salva
446 1397 586 1438 illum:
613 1402 657 1439 et
685 1397 889 1438 Clemens
917 1409 1017 1437 cum

181 1456 374 1498 lacrimis
421 1454 613 1497 dicebat:
658 1453 844 1506 Suscipe
885 1453 1018 1494 Pater

182 1513 386 1566 spiritum
403 1524 561 1554 meum.

519 1581 685 1621 Oratio

271 1656 367 1692 euS‚
395 1643 470 1695 qui
499 1656 582 1684 nos
611 1644 756 1684 annua
780 1641 900 1684 beati
925 1641 1018 1683 Cle-

286 1700 445 1741 mentis
455 1699 662 1752 Martyris
678 1699 743 1741 tui
758 1704 891 1751 atque
905 1699 1018 1739 Pon-

182 1757 315 1799 tificis
335 1756 615 1798 solemnitate
630 1756 846 1797 laetificas:
865 1756 1019 1796 conce-

185 1813 241 1855 de
260 1813 497 1866 propitius3
523 1818 572 1854 ut
591 1813 713 1864 cujus
732 1811 930 1853 natalitia
949 1813 1019 1852 co-

183 1870 328 1920 limus,
358 1870 567 1912 virtutem
596 1882 774 1922 quoque
797 1867 1019 1922 passionis

184 1927 416 1969 imitemur.
442 1926 528 1967 Per
546 1926 798 1967 Dominum.

236 1997 281 2030 Et
306 1997 345 2030 fit
371 2006 567 2030 commem.
594 1996 629 2031 S.
654 1995 879 2029 Felicitatis.

237 2055 338 2094 Ant.
368 2054 482 2094 Date
508 2053 548 2094 ei
572 2052 627 2094 de
646 2052 792 2093 fructu
811 2053 1020 2092 manuum

186 2113 382 2160 suarum,
411 2115 456 2151 et
480 2108 663 2150 laudent
689 2121 786 2150 eam
809 2108 854 2149 in
877 2107 1020 2161 portis

186 2169 323 2220 opera
344 2167 446 2219 ejus.

234 2228 284 2278 V.
330 2231 503 2272 Diffusa
539 2235 607 2272 est
640 2229 784 2280 gratia
814 2230 858 2270 in
890 2228 1019 2270 labiis

186 2289 284 2330 tuis.
335 2288 388 2340 Rz.
434 2287 679 2340 Propterea
713 2285 942 2329 benedixit
976 2291 1020 2328 te

186 2345 309 2386 Deus
328 2345 373 2386 in
391 2346 617 2385 aeternum.

518 2413 681 2453 Oratio.

271 2479 421 2524 raesta,
455 2477 707 2526 quaesumus
740 2476 1020 2526 omnipotens

297 2531 435 2571 Deus:
477 2535 543 2580 ut,
587 2530 733 2572 beatae
778 2530 1020 2572 Felicitatis

187 2586 395 2638 Martyris
426 2591 515 2628 tuae
547 2586 762 2628 solemnia
793 2589 1020 2628 recensen-

187 2648 274 2693 tes,
301 2642 468 2683 meritis
497 2642 636 2694 ipsius
662 2644 949 2694 protegamur
978 2648 1021 2684 et

188 2699 407 2752 precibus.
434 2699 518 2739 Per
538 2698 788 2740 Dominum.

1193 171 1310 213 Papae
1335 175 1372 204 et
1396 170 1502 204 Mart.

1333 265 1402 302 Ad
1425 264 1628 301 Tertiam.

1124 324 1221 362 Ant.
1250 323 1350 364 Non
1369 322 1479 364 meis
1497 322 1675 364 meritis.

1122 385 1261 436 Capit.
1290 384 1453 424 Beatus
1471 382 1549 424 vir.
1572 388 1620 424 ut
1639 396 1783 436 supra.
1806 382 1900 423 457.

1123 446 1171 497 Ιζι.
1192 445 1254 486 br.
1281 443 1438 485 Gloria
1462 448 1507 485 et
1530 442 1700 484 honore
1721 446 1744 471 *
1763 443 1898 484 Coro-

1067 501 1183 542 nasti
1207 514 1307 543 eum
1332 500 1534 542 Domine.
1577 498 1730 541 Gloria
1754 504 1799 541 et
1823 499 1899 541 ho-

1067 559 1186 600 nore.
1217 554 1264 605 V.
1283 559 1341 600 Et
1361 555 1628 600 constituisti
1647 567 1748 597 eum
1767 568 1901 609 super

1068 616 1204 668 opera
1219 617 1427 656 manuum
1443 615 1629 656 tuarum.
1655 612 1901 654 Coronasti.

1070 671 1221 713 Gloria
1238 671 1370 714 Patri.
1399 670 1553 712 Gloria
1572 674 1627 711 et.

1122 723 1171 774 V.
1190 728 1385 770 Posuisti
1404 727 1594 769 Domine
1614 738 1748 778 super
1769 730 1902 779 caput

1067 786 1170 837 eius.
1218 785 1267 837 R.
1294 784 1516 826 Coronam
1546 782 1602 825 de
1628 781 1778 835 lapide
1804 795 1902 835 pre-

1067 841 1195 884 tioso.

1343 893 1412 930 Ad
1434 892 1624 929 Sextam.

1124 950 1224 990 Ant.
1253 950 1358 993 Vidi
1376 963 1511 1004 supra
1528 954 1736 992 montem.

1123 1011 1385 1062 Capitulum.
1646 1009 1778 1049 Eccli.
1793 1010 1852 1048 15.

1069 1068 1280 1177 Cibavit
1302 1074 1425 1115 illum
1448 1086 1564 1126 pane
1586 1073 1691 1115 vitae
1713 1078 1758 1115 et
1780 1071 1903 1114 intel·

1160 1131 1318 1181 lectus,
1343 1136 1386 1172 et
1406 1143 1522 1182 aqua
1541 1129 1770 1182 sapientiae
1790 1128 1901 1170 salu-

1068 1188 1178 1229 taris
1203 1187 1376 1240 potavit
1398 1187 1521 1228 illum
1544 1186 1761 1228 Dominus
1779 1185 1903 1227 Deus

1070 1249 1231 1286 noster.

1126 1306 1174 1356 R.
1195 1304 1257 1345 br.
1286 1306 1481 1347 Posuisti
1503 1304 1695 1346 Domine
1717 1302 1740 1327 *
1764 1303 1906 1356 Super

1071 1367 1205 1415 caput
1231 1363 1334 1413 ejus.
1368 1362 1573 1403 Posuisti.
1612 1355 1662 1406 V
1685 1360 1906 1402 Coronam

1071 1419 1126 1460 de
1150 1418 1300 1472 lapide
1318 1419 1531 1471 pretioso.
1564 1418 1716 1470 Super.
1753 1416 1907 1486 Gloria

1069 1475 1201 1517 Patri.
1227 1476 1432 1517 Posuisti.

1125 1527 1175 1579 Y.
1209 1532 1371 1584 Magna
1397 1537 1464 1575 est
1488 1531 1630 1583 gloria
1656 1531 1747 1582 ejus
1770 1530 1815 1571 in
1841 1542 1906 1571 sa—

1071 1589 1203 1630 lutari
1221 1594 1312 1631 tuo.
1348 1588 1398 1639 R».
1418 1588 1619 1630 Gloriam
1637 1592 1682 1629 et
1700 1599 1907 1639 magnum

1073 1644 1283 1687 decorem
1301 1646 1505 1699 impones
1525 1657 1659 1698 super
1678 1657 1788 1686 eum.

1352 1719 1420 1756 Ad
1442 1720 1628 1756 Nonam.

1126 1778 1226 1818 Ant.
1256 1778 1422 1819 Omnes
1441 1782 1607 1830 gentes.

1127 1839 1391 1891 Capitulum.
1642 1835 1774 1876 Eccli.
1788 1835 1856 1875 39.

1075 1896 1268 2003 Justus
1297 1912 1374 1942 cor
1402 1913 1530 1941 suum
1553 1897 1739 1940 tradidit
1764 1897 1822 1939 ad
1848 1897 1907 1939 vi-

1168 1956 1395 2009 gilandum
1431 1954 1627 1998 diluculo
1664 1953 1722 1996 ad
1757 1954 1907 1995 Domi-

1073 2013 1291 2113 ΠὲιιῐιΑΙῗιιί
1309 2012 1432 2111 fecitd
1431 2012 1570 2062 illum
1561 2016 1641 2110 {t
1644 2011 1727 2109 t{111
1723 2012 1907 2064 conspe-

1075 2084 1099 2113 ο
1119 2070 1794 2182 11131.brlSlffilnfgnaeg-te{gxllorlialejus
1815 2127 1838 2152 *
1856 2129 1907 2169 In

1073 2187 1256 2230 salutari
1283 2192 1373 2230 tu0.
1413 2187 1586 2238 Magna.
1629 2181 1682 2232 V.
1709 2184 1908 2226 Gloriam

1074 2249 1119 2286 et
1143 2257 1350 2295 magnum
1377 2244 1585 2286 decorem
1610 2241 1814 2294 impones
1839 2255 1907 2283 su-

1073 2313 1154 2354 per
1171 2314 1283 2343 eum.
1311 2302 1363 2343 In
1381 2300 1574 2343 salutari.
1607 2297 1760 2340 Gloria
1774 2298 1908 2340 Patri.

1072 2358 1382 2459 Mellg-nalustus
1432 2418 1481 2455 ut
1527 2412 1676 2466 palma
1721 2412 1908 2454 florebit.

1076 2469 1126 2521 Rz.
1161 2472 1282 2514 Sicut
1320 2470 1480 2513 cedrus
1512 2469 1670 2512 Libani
1700 2469 1906 2522 multipli-

1074 2528 1257 2571 cabitur.

1280 2601 1342 2642 In
1360 2599 1423 2641 11.
1442 2599 1698 2650 Vesperis.

1128 2658 1217 2692 Ant.
1235 2657 1283 2692 de
1296 2656 1416 2691 Laud.
1442 2656 1522 2698 457;
1552 2655 1613 2691 Ps.
1630 2660 1671 2690 ut
1688 2656 1728 2690 in
1746 2655 1773 2691 1.
1789 2655 1907 2699 Vesp.

1075 2707 1122 2741 de
1147 2706 1294 2741 Comm.
1317 2706 1456 2748 Apost.
1481 2705 1530 2748 [2]
1554 2709 1591 2739 et
1615 2705 1703 2739 loco
1727 2703 1853 2738 ultimi
1900 2737 1903 2739 ,
