2040 2944
193 218 283 262 [216]

193 320 291 367 pter
315 314 571 365 dignitatem
594 312 763 355 virilem
786 311 840 354 ab
866 311 1019 354 6rdine

192 371 520 422 generationum
556 370 730 411 illarum
765 382 854 411 non
884 369 1020 411 fuisse

193 426 497 480 separandum,
514 439 568 468 ne
581 426 667 468 hoe
682 427 781 479 ipso
797 425 1020 468 videretur

193 483 248 525 ab
271 483 344 524 illa
368 483 527 524 femina
550 485 797 536 separatus,
826 483 896 524 cui
920 495 1020 525 eum

194 539 482 591 conjungebat
500 539 658 581 mentis
677 538 882 581 affectus?

245 603 308 642 Te
327 601 469 642 Deum
487 599 727 642 laudamus.
745 601 805 641 14.

457 685 536 727 Ad
561 686 758 727 Laudes

397 744 446 774 ct
486 750 583 782 per
623 738 817 773 Horas.

244 800 342 841 Ant.
362 801 394 839 1.
416 799 553 842 Jacob
574 805 721 842 autem
738 801 762 826 *
781 799 930 851 genuit
949 799 973 840 J
977 812 1019 841 ο-

193 855 302 909 seph
330 856 470 898 virum
496 856 665 906 Mariae,
694 855 750 898 de
779 869 864 908 qua
891 861 1020 898 natus

193 918 260 955 est
278 913 303 954 J
306 925 416 963 esus,
437 913 511 966 qui
530 915 713 955 vocatur
733 912 942 955 Christus.

247 973 313 1013 ps.
344 974 557 1019 Deminus
577 975 786 1026 regnavit.
804 975 864 1015 15.

244 1035 279 1073 2.
311 1035 467 1077 Missus
490 1040 557 1077 est
580 1038 603 1062 *
623 1036 819 1087 Angelus
840 1035 1021 1078 Gabriel

192 1105 218 1133 a
244 1093 342 1134 Deo
375 1093 418 1133 in
451 1093 673 1135 civitatem
702 1093 916 1142 Galilaeae,
951 1093 1021 1134 cui

192 1162 352 1191 nomen
368 1149 602 1200 Nazareth,
624 1149 681 1192 ad
699 1150 927 1202 Virginem
948 1149 1020 1192 de-

192 1208 446 1258 sponsatam
478 1207 594 1255 viro,
631 1207 701 1249 eui
736 1219 895 1248 nomen
928 1212 1021 1248 erat

191 1263 215 1304 J
219 1263 370 1316 oseph.

245 1326 281 1364 3.
319 1323 532 1366 Ascendit
563 1330 710 1366 autem
741 1326 764 1351 *
797 1323 965 1377 Joseph
996 1338 1022 1366 a

194 1379 379 1421 Galilaea
411 1380 466 1422 de
499 1381 676 1423 civitate
702 1380 944 1431 Nazareth,
978 1381 1022 1422 in

193 1436 403 1487 Judaeam‚
428 1437 472 1478 in
496 1437 720 1479 civitatem
740 1436 897 1488 David,
922 1450 1022 1490 quae

194 1495 377 1535 vocatur
395 1493 664 1535 Bethlehem.

247 1555 286 1593 4.
312 1555 367 1596 Et
391 1557 605 1596 venerunt
629 1555 901 1605 festinantes,
929 1556 953 1582 *
979 1562 1022 1598 et

194 1610 452 1653 invenerunt
479 1611 662 1652 Mariam
690 1618 734 1654 et
761 1612 786 1653 J
789 1611 948 1665 oseph‚
979 1619 1022 1655 et

194 1666 403 1710 infantem
421 1669 614 1721 positum
631 1669 675 1710 in
692 1669 924 1722 praesepio.

248 1734 286 1772 5.
314 1732 368 1771 Et
388 1729 483 1782 ipse
502 1730 527 1771 J
529 1743 629 1772 esus
652 1731 676 1757 *
697 1734 791 1772 erat
808 1730 1022 1784 incipiens

196 1785 320 1837 quasi
353 1788 564 1829 annerum
595 1787 792 1839 triginta,
824 1792 872 1829 ut
899 1793 1022 1840 puta·

194 1840 324 1883 batur
342 1842 457 1884 filius
475 1843 500 1884 J
502 1843 651 1897 oseph.

279 1926 536 1977 Capitulum.
696 1926 802 1966 Gen.
823 1927 888 1965 49.
910 1925 948 1966 d.

278 1986 574 2030 enedietidnes
599 1989 737 2042 patris
764 1989 827 2031 tui
855 1989 1023 2032 confor-

299 2046 405 2086 tz'itae
429 2051 528 2088 sunt
550 2045 930 2089 benedictic'mibus
950 2060 1023 2100 pa-

196 2105 310 2142 trum
343 2102 452 2154 ejus,
486 2101 628 2145 donec
659 2105 826 2146 veniret
855 2102 1024 2145 deside-

198 2157 308 2199 rium
336 2158 511 2200 collium
539 2163 821 2202 aetern6rum:
849 2159 956 2202 fiant
982 2160 1026 2201 in

200 2214 343 2266 eapite
361 2215 386 2256 J
389 2215 544 2269 oseph‚
569 2222 613 2258 et
636 2217 679 2258 in
704 2217 868 2259 vertice
886 2217 1025 2258 Naza-

200 2270 275 2311 raei
294 2272 404 2314 inter
422 2272 578 2315 fratres
597 2287 711 2316 suos.

515 2351 724 2401 Hymnus.

305 2410 470 2452 o'elitum
502 2412 668 2466 Joseph
705 2413 859 2464 decus,
895 2421 1027 2467 atque

510 2475 672 2511 nostrae

281 2521 409 2564 Certa
445 2537 546 2576 spes
581 2526 701 2576 vitae,
739 2528 1028 2580 columenque

511 2581 669 2632 mundi,

281 2638 398 2688 Quas
430 2636 509 2679 tibi
541 2638 630 2679 laeti
662 2641 875 2691 canimus,
911 2641 1028 2683 beni-

511 2707 621 2745 gnus

410 2750 592 2804 suscipe
611 2751 773 2794 laudes.

514 218 687 251 Officium
714 218 886 251 votivum
915 218 960 250 de
986 219 1020 250 S.
1046 217 1193 259 ,loseph
1222 218 1373 259 Sponso
1400 217 1440 251 Β.
1466 217 1511 250 Μ.
1535 217 1577 251 Υ.

1099 313 1163 352 Te
1183 310 1313 352 Sator
1331 322 1476 351 rerum
1495 309 1648 352 staruit
1665 308 1840 363 pudieae

1150 367 1342 418 Virginis
1392 379 1626 432 sponsum,
1674 365 1902 418 voluitque

1150 482 1215 523 Te
1239 422 1538 534 patrenYffiEi‚
1567 477 1690 522 dedit
1715 483 1759 521 et
1781 478 1902 520 mini-

1384 542 1522 579 strum

1279 595 1389 636 Esse
1409 594 1574 638 salutis.

1098 667 1168 707 Tu
1192 664 1539 719 Redemptdrem
1566 668 1740 711 stabulo
1765 671 1903 723 iacen-

1150 781 1290 831 Quem
1310 728 1650 850 ehdlfffiffi’Vatum
1669 784 1826 827 cecinit
1840 785 1902 828 fu-

1149 893 1325 947 Aspieis
1370 842 1590 947 ggllildldiis,
1640 896 1903 951 humilisque

1383 958 1534 996 natum

1279 1009 1453 1052 Numen
1471 1010 1642 1053 aderas.

1104 1082 1197 1122 Rex
1215 1080 1337 1122 Deus
1360 1093 1527 1145 regum,
1550 1081 1816 1124 Dominator
1837 1095 1904 1125 or-

1151 1194 1282 1246 Cujus
1311 1193 1368 1236 ad
1382 1136 1548 1236 lgldium
1573 1195 1722 1238 tremit
1747 1195 1904 1238 inferd-

1152 1306 1323 1356 Turba,
1363 1264 1636 1362 cilliniaronus
1670 1309 1906 1352 famulatur

1388 1364 1536 1416 aether,

1281 1421 1337 1462 Se
1354 1420 1435 1463 tibi
1455 1421 1614 1464 subdit.

1104 1491 1219 1533 Laus
1239 1491 1295 1532 sit
1316 1490 1504 1533 excelsae
1522 1491 1673 1534 Triadi
1690 1491 1906 1545 perennis,

1153 1549 1262 1599 Quae
1285 1546 1365 1589 tibi
1389 1548 1593 1600 praebens
1619 1548 1906 1602 superosffiho—

1383 1607 1525 1656 n6res⁷

1152 1663 1240 1704 Det
1258 1661 1345 1704 tuis
1363 1661 1492 1704 nobis
1511 1663 1678 1706 meritis
1695 1662 1841 1705 beatae

1284 1718 1456 1761 Gaudia
1475 1719 1589 1761 vitae.
1618 1720 1770 1762 Amen.

1132 1774 1183 1824 V.
1194 1776 1368 1819 Dedisti
1384 1776 1490 1817 mihi
1506 1777 1828 1829 protectidnem
1842 1789 1907 1818 sa-

1074 1833 1178 1875 lutis
1202 1838 1302 1875 tuae.
1347 1835 1397 1886 Η».
1422 1833 1479 1875 Et
1507 1832 1692 1876 dextera
1714 1838 1791 1876 tua
1816 1846 1907 1875 sus-

1077 1890 1194 1943 cepit
1212 1903 1293 1932 me.

1137 1947 1204 1987 Ad
1229 1946 1386 1987 Bened.
1410 1948 1508 1988 Ant.
1537 1946 1718 2000 Joseph,
1741 1946 1803 1988 fili
1822 1947 1908 1988 Da-

1076 2002 1162 2054 vid,
1181 2005 1206 2031 *
1225 2003 1315 2046 noli
1332 2003 1486 2046 timere
1506 2006 1707 2057 accipere
1725 2003 1909 2046 Mariam

1079 2061 1307 2114 conjugem
1334 2066 1471 2110 tuam3
1500 2059 1621 2113 quod
1647 2061 1761 2102 enim
1787 2060 1831 2102 in
1858 2072 1910 2102 ea

1078 2123 1227 2160 natum
1247 2122 1324 2168 est,
1346 2117 1402 2160 de
1419 2117 1586 2170 Spiritu
1604 2122 1758 2160 saneto
1778 2116 1857 2159 est.

1418 2177 1580 2217 Oratio.

1170 2247 1266 2283 eus,
1299 2234 1373 2286 qui
1398 2234 1608 2276 ineffabili
1633 2234 1911 2288 providentia

1190 2290 1369 2333 beatum
1411 2291 1437 2332 J
1439 2291 1580 2344 oseph
1625 2291 1910 2333 sanctissimae

1081 2348 1317 2390 Genitrieis
1357 2353 1446 2390 tuae
1492 2361 1704 2401 sponsum
1749 2347 1910 2398 eligere

1080 2404 1284 2455 dignatus
1303 2418 1365 2446 es:
1383 2410 1558 2458 praesta,
1578 2407 1844 2457 quaesumuffi
1862 2409 1912 2446 ut

1081 2474 1211 2513 quem
1244 2464 1546 2514 proteetdrem
1579 2463 1838 2503 veneramur
1867 2461 1912 2502 in

1080 2518 1227 2567 terris,
1259 2518 1598 2560 intercessdrem
1628 2517 1793 2560 habere
1824 2531 1911 2559 me-

1080 2577 1254 2616 reamur
1272 2575 1316 2616 in
1335 2574 1475 2616 coeh's:
1504 2575 1588 2625 Qui
1606 2575 1728 2616 vivis.

1352 2639 1420 2676 Ad
1442 2639 1647 2677 Tertiam.

1145 2692 1245 2732 Ant.
1265 2692 1423 2734 Missus
1443 2697 1521 2734 est.

1142 2754 1278 2805 Capit.
1302 2751 1649 2795 Benedictidnes.
1675 2758 1721 2792 ut
1741 2756 1882 2804 Supra.
