2040 2944
396 149 398 153 .
455 167 527 201 Dic
551 168 611 201 30.
636 168 738 210 Sept.
786 167 820 201 S.
846 165 1075 208 Hieronymi
1100 165 1242 207 P1·esb.‚
1268 165 1376 199 Conf.
1404 170 1439 199 et
1465 165 1572 199 Doct.

158 264 316 306 mentis
341 263 623 305 christianam
648 262 926 315 disciplinam
945 262 990 302 il-

158 320 371 362 lustravit.
426 319 511 370 Qui
543 319 601 361 ad
628 332 842 361 summam
870 330 990 360 sene-

159 379 324 418 ctutem
355 376 635 429 perveniens,
675 375 910 416 sanctitate
949 379 992 416 et

158 431 360 474 doctrina
387 432 588 482 illustris,
624 431 827 473 Honorio
855 430 990 483 impe-

157 491 307 531 ratere
334 489 540 539 migravit
566 489 611 529 in
638 487 812 529 coelum.
858 487 991 537 Cuius

158 551 320 598 corpus
357 544 415 587 ad
450 544 712 587 Bethlehem
752 542 991 596 sepultum,

157 604 315 654 pestea
325 602 514 642 Romam
527 601 572 642 in
582 600 810 642 basilicam
825 604 990 640 sanctae

157 658 310 699 Mariae
329 657 387 699 ad
404 658 612 710 Praesepe
630 655 893 699 translatum
913 660 991 697 est.

208 715 261 768 R.
286 714 377 756 Ιεῖθ
403 713 549 755 homo.
577 713 658 766 [72]

381 781 432 821 In
449 780 520 820 III.
540 781 764 821 Nocturno.

157 836 311 877 Lectio
337 836 478 877 sancti
497 834 726 886 Evangelii
749 836 991 878 secundum

440 891 710 934 Matthaeum.

207 952 360 994 Lectio
381 952 450 993 vii.
695 951 801 1002 Cap.
817 950 853 990 5.
868 949 908 990 b.

156 1000 233 1107 In
266 1005 341 1047 illo
370 1007 586 1058 tempore:
618 1005 743 1046 Dixit
770 1006 795 1045 J
797 1018 899 1046 esus
929 1004 990 1046 di-

218 1062 398 1114 scipulis
414 1062 520 1103 suis:
534 1062 630 1103 Vos
646 1061 751 1103 estis
768 1062 834 1102 sal
847 1066 990 1103 terrae.

158 1118 290 1168 Quod
309 1118 345 1159 si
364 1118 430 1160 sal
447 1118 682 1168 evanuerit,
702 1118 745 1158 in
763 1131 850 1170 quo
867 1118 990 1159 salie-

157 1174 249 1215 tur?
277 1175 335 1216 Et
353 1174 532 1227 reliqua.

158 1239 350 1281 Homilia
377 1240 416 1281 S.
445 1239 703 1291 Hieronymi
727 1239 990 1292 Prestteri.

224 1297 306 1331 Lib.
333 1297 360 1331 1.
386 1296 530 1330 Comm.
556 1296 596 1329 in
622 1306 703 1338 cap.
727 1295 757 1329 5.
782 1292 914 1329 Matth.

164 1343 299 1403 ῬἾ
319 1342 596 1395 appellantur
612 1343 820 1396 Apostoli
839 1348 882 1385 et
900 1343 988 1384 Do-

181 1405 253 1453 (ψ
276 1402 435 1441 ctores:
462 1399 564 1451 quia
588 1412 669 1452 per
692 1399 794 1440 illos
819 1400 988 1440 univer-

162 1467 163 1470 ’
187 1458 197 1462 ”
215 1454 229 1479 ‘3
276 1469 373 1497 sum
410 1455 636 1497 heminum
676 1455 882 1497 conditur
919 1469 988 1507 ge-

156 1525 249 1553 nus.
278 1511 410 1563 Quod
428 1512 466 1553 si
486 1511 551 1553 sal
571 1512 812 1562 evanuerit,
836 1512 880 1553 in
901 1525 988 1564 quo

157 1567 358 1611 salietur?
378 1569 424 1610 Si
439 1569 598 1611 doctor
614 1569 837 1619 erraverit,
857 1582 882 1610 a
902 1581 989 1621 quo

158 1624 244 1666 alio
270 1625 455 1666 doctore
480 1623 809 1666 emendabitur?
838 1625 911 1666 Ad
930 1628 990 1665 ni-

157 1681 295 1722 hilum
313 1682 432 1724 valet
454 1681 586 1731 ultra,
613 1681 698 1722 nisi
720 1687 768 1723 ut
790 1682 990 1723 mittatur

157 1738 292 1788 foras,
327 1743 370 1780 et
403 1737 687 1779 conculcetur
718 1737 773 1779 ab
807 1737 989 1779 homini-

157 1794 251 1836 bus.
310 1794 574 1847 Exemplum
620 1794 676 1836 de
724 1794 991 1845 agricultura

157 1855 382 1903 sumptum
406 1855 484 1892 θεῖ.
525 1850 598 1892 Sal
623 1851 783 1892 etenim
808 1851 922 1892 sicut
946 1850 990 1891 in

158 1906 357 1948 ciborum
385 1906 730 1956 condimentum,
759 1912 802 1949 et
828 1907 885 1948 ad
909 1907 989 1947 sic—

157 1962 322 2005 candas
341 1976 495 2005 carnes
515 1963 813 2005 necessarium
833 1968 910 2013 est,
929 1963 991 2004 ita

157 2020 290 2062 alium
313 2033 441 2062 usum
464 2033 554 2061 non
579 2019 724 2061 habet.
775 2020 904 2061 Certe
930 2019 987 2060 le—

155 2076 298 2127 gimus
337 2077 381 2118 in
417 2076 653 2129 Scripturis
690 2076 822 2118 urbes
861 2088 987 2128 quas-

157 2132 259 2174 dam
284 2134 349 2174 ira
375 2133 595 2175 victerum
623 2132 714 2174 sale
740 2132 986 2181 seminatas,

157 2194 205 2231 ut
221 2190 387 2231 nullum
405 2189 450 2230 in
467 2189 577 2242 ipsis
595 2202 773 2240 germen
789 2189 988 2230 oriretur.

206 2246 258 2298 R.
291 2247 383 2288 Iste
408 2251 476 2288 est
504 2245 579 2297 qui
604 2250 705 2286 ante
729 2245 873 2286 Deum
900 2257 986 2285 ma-

156 2313 264 2352 gnas
291 2302 476 2343 virtutes
506 2303 716 2353 operatus
737 2306 821 2350 est,
858 2305 903 2341 et
932 2299 987 2342 de

157 2358 276 2398 omni
290 2357 425 2399 corde
438 2370 519 2398 suo
529 2355 726 2398 laudavit
735 2356 987 2397 Deminum:

155 2414 178 2438 *
204 2414 308 2466 Ipse
334 2413 579 2455 intercedat
606 2425 688 2464 pro
718 2411 914 2464 peccatis
943 2413 986 2452 ό-

156 2469 321 2510 mnium
338 2469 616 2522 populorum.
644 2464 695 2515 V.
718 2469 834 2509 Ecce
851 2466 985 2508 homo

105 2542 107 2544 ·
158 2525 250 2566 sine
266 2526 455 2576 querela,
470 2538 602 2566 verus
616 2524 700 2565 Dei
720 2524 872 2573 cultor,
888 2522 984 2564 abs-

157 2581 300 2622 tinens
325 2593 373 2622 se
398 2581 453 2622 ab
477 2581 597 2622 omni
621 2583 756 2633 opere
780 2579 913 2629 malo,
942 2583 986 2619 et

157 2638 421 2689 permanens
435 2637 480 2677 in
493 2636 742 2678 innocentia
758 2649 846 2677 sua.
871 2636 984 2687 Ipse.

1327 260 1480 301 Lectio
1502 260 1588 301 viii.

1118 319 1276 359 aveant
1285 329 1389 368 ergo
1398 317 1605 359 doctores
1615 321 1659 374 et
1667 317 1877 369 episcopi,

1125 378 1171 415 et
1180 373 1358 416 videant
1368 375 1574 426 potentes
1584 375 1790 427 potenter
1798 378 1878 415 tor-

1042 432 1193 471 menta
1216 430 1449 480 sustinere,
1473 430 1668 482 nihilque
1694 443 1791 472 esse
1814 443 1876 471 re-

1042 486 1186 536 medii,
1207 485 1287 528 sed
1306 487 1521 538 majorum
1535 489 1704 528 ruinam
1719 485 1776 528 ad
1791 488 1876 528 tar-

1042 547 1188 583 tarum
1204 542 1378 584 ducere.
1396 543 1493 584 Vos
1510 544 1616 585 estis
1629 543 1705 584 lux
1714 542 1876 584 mundi.

1041 599 1144 641 Non
1162 603 1314 652 potest
1333 599 1488 640 civitas
1508 598 1723 641 abscondi
1743 613 1878 652 supra

1042 660 1240 697 montem
1267 656 1431 708 posita:
1457 668 1601 708 neque
1629 656 1877 698 accendunt

1041 712 1282 762 lucernam,
1309 716 1352 753 et
1375 717 1547 764 ponunt
1567 725 1665 754 eam
1684 711 1767 754 sub
1787 715 1877 754 mo-

1043 769 1130 818 dio,
1150 768 1231 810 sed
1250 781 1384 821 super
1404 768 1727 819 candelabrum,
1749 774 1797 811 ut
1815 769 1876 810 lu-

1043 830 1140 867 ceat
1178 825 1382 867 Omnibus
1417 826 1492 878 qui
1523 826 1567 866 in
1600 825 1733 867 domo
1767 830 1877 867 sunt.

1041 882 1187 923 Docet
1228 881 1438 923 fiduciam
1480 882 1771 934 praedicandi,
1823 895 1878 923 ne

1042 938 1251 990 Apostoli
1271 938 1602 980 abscondantur
1622 938 1681 980 ob
1700 943 1878 988 metum,

1043 998 1087 1035 et
1106 994 1193 1036 sint
1213 995 1377 1036 similes
1396 995 1587 1036 lucernae
1609 995 1690 1036 sub
1710 994 1877 1044 modi03

1043 1050 1123 1092 sed
1148 1055 1245 1093 tota
1270 1051 1475 1093 libertate
1506 1065 1554 1093 se
1586 1051 1795 1104 prodant,
1830 1056 1878 1092 ut

1043 1106 1164 1158 quod
1189 1107 1424 1150 audierunt
1443 1108 1487 1148 in
1507 1107 1737 1157 cubiculis,
1767 1110 1877 1160 prae·
1924 1105 1925 1108 ’

1044 1163 1192 1205 dicent
1211 1164 1255 1204 in
1274 1164 1416 1206 tectis.

1094 1228 1144 1279 lx'g.
1185 1225 1237 1265 In
1274 1224 1421 1267 medio
1453 1224 1667 1266 Ecclesiae
1705 1225 1877 1276 aperuit

1043 1294 1093 1323 os
1118 1283 1226 1333 ejus,
1250 1283 1274 1307 *
1297 1282 1354 1323 Et
1379 1281 1577 1333 implevit
1602 1294 1701 1322 eum
1726 1281 1875 1321 Domi-

1042 1351 1124 1379 nus
1140 1338 1297 1390 spiritu
1313 1338 1542 1390 sapientiae
1558 1343 1602 1379 et
1618 1337 1877 1378 intellectus.

1040 1389 1091 1442 V.
1118 1393 1446 1436 Jucunditatem
1471 1399 1514 1436 et
1538 1393 1878 1435 exsultationem

1041 1450 1356 1492 thesaurizavit
1381 1463 1514 1503 super
1539 1463 1648 1492 eum.
1677 1451 1743 1492 Et.
1772 1451 1876 1491 Glo—
1921 1458 1924 1462 “

1042 1507 1106 1548 ria
1123 1507 1256 1549 Patri.
1284 1507 1350 1549 Et.

1342 1570 1493 1611 IAectiO
1514 1571 1569 1610 iX.

1039 1618 1244 1723 Nolite
1263 1626 1421 1676 putare
1444 1623 1652 1674 quoniam
1672 1623 1771 1664 veni
1791 1623 1875 1663 sol·
1919 1634 1922 1639 ⁴

1147 1693 1251 1721 vere
1266 1680 1409 1731 legem
1424 1684 1499 1720 aut
1512 1678 1769 1731 prophetas:
1788 1692 1876 1720 non
1921 1680 1923 1682 ’

1043 1736 1143 1778 veni
1163 1736 1353 1785 solvere,
1381 1734 1460 1777 sed
1484 1735 1738 1787 adimplere.
1775 1735 1876 1776 Sive

1044 1791 1166 1845 quod
1199 1792 1254 1834 de
1285 1804 1332 1834 se
1363 1804 1443 1844 per
1472 1791 1583 1832 alios
1609 1791 1877 1843 prophetata

1044 1849 1347 1902 compleverit,
1396 1849 1489 1889 sive
1526 1846 1647 1899 quod
1684 1860 1736 1889 ea
1776 1860 1876 1900 quae

1042 1910 1145 1947 ante
1167 1910 1353 1958 propter
1377 1905 1677 1946 infirmitatem
1701 1903 1875 1946 audien-

1041 1962 1152 2004 tium
1178 1961 1306 2003 rudia
1335 1966 1378 2003 et
1406 1961 1665 2014 imperfecta
1693 1960 1876 2010 fuerant,

1042 2031 1121 2059 sua
1130 2017 1448 2070 praedicatione
1458 2016 1757 2070 compleverit,
1766 2017 1875 2058 iram
1918 2047 1921 2050 ⁴

1043 2074 1215 2124 tollens,
1232 2078 1275 2116 et
1285 2074 1427 2116 vicem
1436 2073 1612 2115 talionis
1624 2072 1875 2121 excludens,

1042 2135 1086 2172 et
1104 2130 1324 2172 occultam
1341 2131 1386 2171 in
1400 2134 1547 2171 mente
1563 2129 1874 2181 eoncupiscen-
1902 2178 1906 2182 ὁ

1040 2187 1147 2228 tiam
1163 2186 1388 2228 damnans.
1408 2187 1564 2226 Donec
1578 2187 1774 2227 transeat
1789 2198 1873 2227 coe-

1040 2242 1131 2283 lum
1160 2247 1204 2284 et
1229 2248 1358 2284 terra.
1394 2241 1718 2282 Promittantur
1745 2241 1874 2283 nobis

1040 2298 1142 2340 coeli
1166 2299 1285 2348 novi,
1314 2304 1358 2340 et
1382 2303 1501 2339 terra
1524 2309 1656 2346 nova,
1688 2310 1788 2349 quae
1814 2298 1872 2339 fa-

1041 2358 1191 2396 cturus
1212 2359 1278 2396 θεῖ
1296 2353 1512 2395 Dominus
1532 2353 1665 2394 Deus.
1701 2353 1746 2395 Si
1768 2367 1872 2405 ergo

1039 2423 1154 2452 nova
1185 2410 1375 2452 creanda
1403 2413 1520 2459 sunt,
1551 2411 1873 2461 consequenter
1918 2456 1920 2458 ,

1038 2469 1189 2509 vetera
1208 2467 1456 2508 transitura.

1092 2525 1157 2564 Te
1175 2523 1319 2564 Deum
1340 2522 1582 2563 laudamus.
1602 2523 1663 2563 14.

1090 2592 1132 2625 In
1152 2592 1196 2626 Π.
1215 2593 1331 2636 Vesp.
1356 2594 1396 2628 fit
1422 2605 1618 2630 commem.
1641 2595 1675 2630 S.
1691 2592 1867 2636 Remigii,

1039 2643 1080 2672 ut
1103 2640 1212 2673 infra.
1235 2642 1309 2676 352.
