2040 2944
675 170 779 205 Ordo
805 172 1163 205 Commendationis

206 265 365 308 Libera
403 265 590 306 Domine
639 265 827 307 animam
868 266 983 308 servi

153 321 231 371 tui,
259 321 371 363 sicut
397 320 593 362 liberasti
619 326 710 363 tres
735 325 900 374 pueros
927 322 982 363 de

154 378 323 418 camino
347 377 458 428 ignis
478 376 686 427 ardentis,
714 382 758 419 et
779 377 834 419 de
851 390 983 418 manu

151 432 268 483 regis
286 432 433 485 iniqui.
463 436 511 487 Ru
532 432 685 474 Amen.

206 487 366 531 Libera
406 487 593 529 D6mine
638 488 828 529 animam
868 489 983 529 servi

150 543 231 593 tui,
272 544 384 585 sicut
419 543 617 585 liberasti
648 544 891 586 Susannam
926 544 982 585 de

152 599 263 641 falso
284 599 472 641 crimine.
501 599 722 651 152Amen.
800 645 803 646 ⁷

206 654 363 697 Libera
402 654 590 696 Domine
637 656 825 697 animam
866 655 982 696 servi

150 711 229 760 tui,
256 710 370 752 sicut
394 710 591 752 liberasti
609 711 756 753 David
777 711 832 753 de
851 724 982 752 manu

150 766 265 817 regis
274 766 401 863 {anuh
428 772 472 808 et
494 766 550 808 de
568 779 699 808 manu
719 767 874 810 Goliae.

238 847 257 866 v.
363 835 427 864 en.

204 827 362 921 {ibera
401 878 588 920 D6mine
636 878 823 919 animam
867 878 982 919 servi

150 933 228 982 tui,
257 934 370 976 sicut
396 934 594 976 liberasti
611 934 791 976 Petrum
810 939 854 976 et
871 934 979 975 Pau-

151 989 242 1030 lum
260 989 316 1031 de
335 990 595 1032 carceribus.
623 993 674 1044 Rz.
694 990 847 1031 Amen.

156 1077 159 1084 1
204 1050 260 1089 Et
292 1046 404 1088 sicut
439 1045 739 1088 beatissimam
770 1045 982 1087 Theclam

150 1101 377 1152 Virginem
414 1107 458 1143 et
490 1101 730 1154 Martyrem
766 1106 888 1143 tuam
925 1100 981 1142 de

150 1156 290 1199 tribus
316 1157 600 1199 atrocissimis
622 1157 853 1199 tormentis
876 1156 979 1198 libe-

150 1213 276 1263 rasti,
298 1213 361 1254 sic
378 1213 565 1255 liberare
583 1212 774 1264 digneris
794 1212 982 1254 animam

150 1267 276 1319 hujus
299 1269 415 1310 servi
437 1269 516 1319 tui,
544 1273 588 1310 et
609 1274 755 1310 tecum
778 1268 913 1310 facias
937 1268 981 1309 in

149 1322 277 1365 bonis
297 1323 574 1376 congaudere
592 1324 858 1366 coelestibus.

206 1383 257 1434 R.
276 1380 429 1421 Amen.

227 1434 662 1534 ommendassrsattlict'ii
679 1491 867 1533 Domine
894 1492 980 1533 ani-

252 1560 370 1588 mam
413 1547 563 1589 famuli
604 1547 668 1589 tui
701 1550 777 1597 N.‚
829 1560 980 1600 preca-

149 1605 335 1655 murque
371 1608 416 1646 te
449 1602 638 1645 Domine
670 1603 696 1644 J
698 1615 776 1644 esu
807 1602 979 1645 Christe

150 1658 352 1701 Salvator
375 1659 540 1701 mundi:
569 1664 618 1701 ut
640 1664 823 1712 propter
849 1671 980 1711 quam

150 1714 208 1756 ad
236 1719 399 1757 terram
429 1715 771 1757 misericorditer
802 1713 978 1756 descen-

151 1770 270 1821 disti,
297 1771 649 1813 Patriarcharum
677 1773 854 1813 tuorum
882 1771 979 1812 sini-

150 1825 232 1867 bus
259 1826 478 1868 insinuare
505 1840 594 1869 non
623 1828 792 1868 renuas.
834 1827 980 1878 Agno-

151 1894 225 1923 sce
247 1882 436 1924 Domine
459 1886 704 1925 creaturam
728 1888 865 1933 tuam,
892 1896 980 1924 non

151 1950 177 1978 a
195 1936 277 1979 diis
297 1938 447 1980 alienis
465 1941 668 1989 creatam,
687 1938 767 1980 sed
784 1952 810 1980 a
823 1944 868 1981 te
883 1939 979 1980 solo

150 1993 247 2035 Deo
278 1994 380 2036 vivo
413 1999 458 2036 et
489 2007 610 2036 vero:
653 1995 755 2047 quia
789 2007 878 2036 non
913 2000 980 2036 est

151 2049 262 2090 alius
289 2049 411 2091 Deus
436 2055 600 2103 praeter
626 2055 686 2100 te,
727 2055 770 2092 et
796 2063 885 2091 non
914 2056 981 2092 est

151 2104 394 2146 secundum
412 2107 549 2158 opera
566 2111 652 2148 tua.
679 2106 877 2147 Laetifica
891 2106 979 2148 Do-

150 2161 265 2201 mine
303 2160 491 2202 animam
530 2163 621 2214 ejus
654 2161 699 2202 in
739 2163 981 2214 conspectu

150 2220 246 2266 tuo,
278 2221 322 2257 et
350 2229 405 2258 ne
434 2217 682 2258 memineris
703 2216 981 2268 iniquitatum

151 2272 242 2322 ejus
284 2272 576 2324 antiquarum,
621 2278 666 2314 et
704 2272 980 2322 ebrietatum,

153 2339 261 2378 quas
297 2327 525 2369 suscitavit
556 2328 678 2369 furor
710 2328 803 2369 sive
834 2328 981 2369 fervor

151 2382 254 2423 mali
283 2382 499 2424 desiderii.
534 2383 659 2425 Licet
685 2383 800 2424 enirn
826 2385 980 2435 pecca-

151 2437 277 2487 verit,
298 2443 445 2479 tamen
462 2439 654 2489 Patrem,
681 2444 724 2480 et
739 2439 912 2488 Filium,
938 2445 981 2480 et

151 2493 360 2544 Spiritum
377 2499 575 2536 sanctum
594 2507 681 2535 non
695 2494 881 2545 negavit,
901 2494 981 2535 sed

153 2548 348 2598 credidit,
368 2554 412 2591 et
430 2550 573 2591 zelum
587 2550 701 2591 Dei
690 2563 734 2590 ln
750 2562 798 2590 se
817 2549 980 2598 habuit,

152 2608 196 2645 et
213 2604 371 2654 Deum,
397 2606 471 2658 qui
488 2606 592 2648 fecit
611 2606 770 2655 Omnia,
793 2603 981 2646 fideliter

151 2658 364 2702 adoravit.

1188 172 1222 204 A
1227 182 1248 204 n
1254 172 1302 204 im
1308 181 1349 204 zu.

1375 270 1537 309 Oratio.

1038 321 1252 425 Delicta
1270 331 1515 383 juventutis,
1536 336 1579 373 et
1597 331 1865 382 ignorantias

1142 388 1243 439 ejus,
1264 390 1526 439 quaesumus,
1545 399 1600 428 ne
1618 388 1866 429 memineris

1034 442 1237 499 Domine3
1274 443 1354 484 sed
1391 443 1632 485 secundum
1663 456 1866 494 magnam

1034 498 1379 540 misericerdiam
1414 505 1535 541 tuam
1567 512 1737 541 memor
1768 505 1866 541 esto

1033 554 1148 595 illius
1169 555 1212 594 in
1230 555 1369 606 gldria
1389 555 1598 596 claritatis
1616 561 1716 596 tuae.
1749 555 1865 608 Ape-

1034 611 1200 652 riantur
1220 611 1259 652 ei
1279 611 1390 661 coeli,
1410 611 1684 652 collaetentur
1700 611 1762 652 illi
1779 611 1864 652 An-

1033 666 1131 716 geli.
1158 668 1208 707 In
1228 679 1410 718 regnum
1428 672 1552 709 tuum
1571 667 1758 708 Domine
1778 680 1866 708 ser-

1034 736 1137 763 vum
1154 728 1278 764 tuum
1298 723 1485 775 suscipe.
1524 723 1741 775 Suscipiat
1766 735 1866 764 eum

1035 785 1211 820 sanctus
1235 779 1424 820 Michael
1449 779 1752 829 Archangelus
1771 779 1864 829 Dei,

1035 835 1109 886 qui
1127 835 1293 876 militiae
1319 835 1512 876 coelestis
1531 835 1690 888 meruit
1707 834 1864 887 princi-

1033 892 1197 942 patum.
1229 891 1420 932 Veniant
1443 891 1505 931 illi
1531 891 1707 932 obviam
1726 890 1865 932 sancti

1034 946 1192 997 Angeli
1218 947 1317 997 Dei,
1351 952 1395 988 et
1422 946 1667 999 perducant
1695 959 1795 988 eum
1821 946 1866 986 in

1034 1002 1255 1044 civitatem
1266 978 1493 1044 eo'ele'stem
1502 1003 1755 1044 Jerusalem.
1774 1003 1866 1043 Sus·

1034 1058 1168 1110 cipiat
1193 1071 1292 1099 eum
1315 1057 1472 1100 beatus
1494 1059 1652 1100 Petrus
1672 1058 1864 1110 Aposto-

1033 1114 1117 1163 lus,
1151 1114 1221 1155 cui
1244 1127 1270 1155 a
1293 1114 1391 1155 Deo
1418 1114 1564 1156 claves
1587 1114 1710 1165 regni
1736 1114 1864 1155 coele-

1034 1169 1112 1210 stis
1131 1169 1306 1211 traditae
1327 1175 1436 1211 sunt.
1457 1169 1648 1221 Adjuvet
1664 1182 1763 1211 eum
1778 1182 1866 1210 san-

1034 1230 1131 1267 ctus
1149 1225 1311 1266 Paulus
1331 1226 1593 1278 Apostolus,
1614 1225 1688 1277 qui
1708 1225 1865 1276 dignus

1033 1281 1113 1323 fuit
1133 1294 1230 1323 esse
1250 1294 1329 1322 vas
1350 1281 1587 1323 electionis.
1615 1281 1866 1323 Intercedat

1032 1350 1115 1389 pro
1149 1350 1203 1379 eo
1236 1343 1413 1379 sanctus
1445 1338 1654 1387 Joannes‚
1700 1337 1866 1379 electus

1033 1393 1117 1435 Dei
1144 1393 1405 1446 Apostolus,
1438 1393 1508 1434 cui
1538 1393 1734 1434 revelata
1765 1398 1866 1434 sunt

1034 1451 1205 1491 secreta
1223 1449 1432 1491 coelestia.
1473 1449 1610 1490 Orent
1633 1461 1716 1501 pro
1741 1461 1796 1489 eo
1821 1461 1865 1490 o-

1033 1518 1156 1546 mnes
1176 1505 1316 1546 sancti
1331 1505 1549 1557 Apostoli,
1570 1504 1729 1556 quibus
1745 1517 1771 1545 a
1785 1504 1866 1545 Do-

1032 1561 1151 1602 mino
1177 1560 1280 1602 data
1305 1566 1372 1602 est
1395 1562 1596 1613 potestas
1619 1559 1784 1611 ligandi
1804 1565 1864 1601 at-

1035 1628 1121 1667 que
1146 1616 1356 1657 solvendi.
1392 1615 1675 1657 Intercedant
1700 1628 1784 1667 pro
1811 1627 1865 1656 eo

1036 1684 1187 1713 omnes
1220 1671 1367 1713 Sancti
1401 1677 1446 1713 et
1477 1671 1619 1712 Electi
1650 1671 1749 1720 Dei,
1791 1671 1866 1722 qui

1033 1740 1116 1779 pro
1156 1727 1317 1777 Christi
1354 1727 1528 1767 n6mine
1565 1728 1784 1768 tormenta
1820 1726 1865 1766 in

1033 1783 1120 1824 hoc
1139 1782 1301 1824 saeculo
1322 1782 1632 1824 sustinuerunt:
1651 1786 1700 1823 ut
1719 1784 1864 1823 vincu-

1033 1839 1087 1879 lis
1106 1839 1248 1880 carnis
1268 1841 1436 1887 exutus,
1455 1840 1686 1890 pervenire
1699 1839 1863 1878 merea-

1033 1900 1104 1936 tur
1123 1893 1181 1936 ad
1194 1894 1378 1945 gloriam
1392 1893 1514 1944 regni
1530 1892 1734 1943 coelestis,
1753 1905 1863 1945 prae-

1034 1953 1178 1992 stante
1204 1949 1396 2004 Domino
1428 1954 1581 1990 nostro
1609 1949 1634 1989 J
1637 1961 1715 1989 esu
1745 1948 1863 1989 Chri-

1034 2011 1119 2047 sto:
1144 2005 1228 2056 Qui
1252 2018 1352 2046 cum
1368 2005 1500 2045 Patre
1525 2009 1569 2045 et
1580 2004 1751 2056 'Spiritu
1769 2015 1863 2044 san-

1034 2067 1106 2103 cto
1125 2061 1232 2102 vivit
1252 2065 1296 2102 et
1315 2065 1468 2112 regnat
1485 2059 1529 2100 in
1548 2059 1710 2100 saecula
1728 2071 1864 2100 saecu—

1033 2117 1186 2158 lorum.
1221 2122 1271 2172 R·
1296 2116 1450 2157 Amffll.

1087 2187 1128 2221 Si
1152 2187 1332 2221 anxiatur
1356 2187 1482 2220 adhuc
1506 2187 1649 2228 anima,
1682 2185 1861 2220 dicuntur

1035 2235 1077 2268 hi
1096 2235 1251 2276 Psalmi,
1267 2234 1449 2269 videlicet
1466 2231 1719 2267 confitemini.
1743 2232 1797 2266 18.
1824 2237 1860 2267 et

1034 2286 1138 2316 totus
1160 2282 1221 2316 Ps.
1246 2280 1356 2316 Beati
1378 2278 1622 2314 immaculati.
1646 2290 1715 2323 per
1731 2281 1859 2315 Horas

1035 2329 1273 2363 distributus.
1301 2327 1355 2362 19.

1088 2384 1256 2426 Egressa
1281 2388 1407 2418 autem
1432 2385 1570 2427 anima,
1595 2384 1667 2418 dic.
1691 2384 1766 2418 hoc

1086 2441 1136 2491 lx'g.
1162 2438 1398 2480 Subvenite
1422 2437 1569 2478 Sancti
1588 2437 1687 2486 Dei,
1713 2441 1862 2479 occur-

1034 2495 1115 2535 rite
1135 2493 1293 2544 Angeli
1312 2493 1504 2534 Demini:
1522 2497 1544 2521 *
1565 2493 1861 2556 Suscipientes

1014 2550 1222 2591 ¹animam
1250 2549 1355 2600 ejus:
1373 2552 1396 2576 *
1422 2548 1668 2590 Offerentes
1697 2561 1792 2590 eam
1818 2548 1862 2587 in

1034 2606 1275 2656 conspectu
1302 2604 1526 2646 Altissimi.
1562 2604 1614 2654 V.
1645 2603 1862 2654 Suscipiat

1033 2665 1078 2701 te
1103 2660 1312 2710 Christus,
1345 2659 1420 2711 qui
1450 2660 1627 2701 vocavit
1658 2664 1718 2708 te,
1750 2662 1795 2699 et
1816 2657 1862 2704 in
