2040 2944
710 208 820 242 Feria
846 212 954 242 sexta
980 208 1028 241 ad
1052 208 1251 250 x'cspm-as.

200 307 348 348 Feria
370 306 516 348 sexta
536 306 601 347 ad
615 306 879 356 Vesperas.

182 361 279 400 Ant.
308 361 359 400 In
379 361 628 413 conspectu.

397 416 591 457 l'salmus
613 416 695 455 137.

133 482 158 525 ff
486 472 567 514 tibi
584 472 772 513 Demine
795 471 840 511 in
858 475 953 513 toto

162 539 239 563 1
264 529 399 571 corde
422 542 538 571 meo:
559 529 583 554 *
604 528 812 581 quoniam
835 527 953 569 audi-

136 585 139 593 '
263 586 319 627 sti
336 585 472 628 verba
491 585 579 627 oris
597 585 693 626 mei.

178 643 230 683 In
262 644 504 695 conspectu
537 641 808 693 Angelorum
841 641 953 694 psal-

127 699 215 740 lam
247 699 341 741 tibi:
368 700 393 725 *
425 697 621 740 adorabo
654 697 711 739 ad
742 697 954 750 templum

128 760 327 797 sanctum
353 760 492 806 tuum,
529 759 573 797 et
605 754 848 796 confitebor
879 757 953 796 no-

127 812 235 854 mini
251 817 340 854 tuo.

179 869 319 922 Super
340 868 642 911 misericordia
665 873 756 918 tua,
785 873 828 910 et
846 869 952 911 veri-

127 928 218 967 tate
254 930 347 967 tua:
374 925 398 951 *
427 926 633 978 queniam
668 925 955 976 magnificasti

129 995 260 1035 super
280 995 418 1033 omne,
436 995 596 1024 nomen
611 986 809 1022 sanctum
822 987 954 1023 tuum.

179 1039 231 1079 In
247 1042 521 1091 quacumque
536 1038 606 1080 die
621 1038 885 1080 invocavero
901 1043 955 1089 te,

129 1095 290 1137 exaudi
312 1108 397 1137 me:
416 1096 440 1121 *
463 1094 773 1147 multiplicabis
798 1095 843 1135 in
867 1095 954 1136 ani-

128 1165 200 1192 ma
218 1165 317 1193 mea
334 1152 550 1193 virtutem.

182 1208 481 1250 Confiteantur
499 1208 578 1250 tibi
596 1208 784 1249 Domine
804 1220 955 1250 omnes

127 1277 255 1316 reges
282 1270 427 1307 terrae:
454 1265 478 1291 *
508 1265 610 1317 quia
646 1264 879 1306 audierunt
911 1267 954 1306 ό-

128 1322 245 1363 mnia
263 1321 398 1364 verba
417 1321 506 1363 oris
525 1322 603 1363 tui:

180 1378 238 1419 Et
256 1382 432 1420 cantent
448 1378 493 1419 in
512 1378 594 1419 viis
608 1378 834 1420 Dominiz*
851 1380 954 1431 quo-

129 1435 246 1476 niam
263 1447 423 1486 magna
442 1439 509 1476 est
526 1434 668 1486 gloria
685 1435 874 1476 Domini.

182 1491 399 1542 Queniam
427 1491 626 1533 excelsus
650 1491 881 1541 Deminus‚
914 1496 957 1533 et

129 1547 308 1589 humilia
331 1548 525 1601 respicit:
549 1548 572 1573 *
598 1552 641 1590 et
665 1547 754 1589 alta
777 1561 804 1589 a
826 1547 956 1599 longe

133 1604 372 1656 cognoscit.

181 1661 227 1703 Si
246 1660 529 1702 ambulavero
547 1661 592 1702 in
614 1660 760 1702 medio
779 1660 955 1703 tribula-

130 1717 282 1767 tionis,
317 1717 559 1759 vivificabis
586 1731 670 1759 me:
698 1718 722 1743 *
750 1722 794 1759 et
825 1730 956 1770 super

129 1772 239 1815 iram
257 1773 531 1815 inimicorum
548 1776 746 1815 meorum
766 1773 956 1815 extendi-

131 1830 187 1872 sti
204 1843 382 1871 manum
399 1834 535 1881 tuam,
561 1835 604 1872 et
623 1830 791 1872 salvum
809 1843 879 1872 me
898 1831 955 1872 fe-

131 1887 190 1928 cit
209 1886 391 1929 dextera
407 1891 493 1928 tua.

182 1943 397 1985 Dominus
443 1943 655 1985 retribuet
696 1956 778 1996 pro
817 1957 902 1985 me:
933 1944 956 1969 *

131 2000 320 2042 Domine
338 1999 638 2042 misericordia
660 2004 736 2041 tua
758 2000 801 2041 in
823 2002 955 2042 saecu-

131 2056 239 2098 lum:
275 2058 412 2109 opera
447 2058 654 2098 manuum
695 2058 867 2098 tuarum
901 2070 956 2098 ne

133 2112 363 2166 despicias.

185 2168 285 2209 Ant.
324 2170 377 2210 In
413 2171 652 2222 conspectu
686 2169 957 2221 Angelorum

132 2226 318 2278 psallam
335 2225 415 2268 tibi
432 2226 554 2267 Deus
573 2239 707 2268 meus.

186 2282 284 2323 Ant.
312 2282 512 2324 Demine.

396 2339 594 2380 Psalmus
614 2338 701 2377 138.

225 2396 370 2438 omine
393 2395 593 2448 probasti
615 2408 701 2445 me,
729 2399 773 2436 et
800 2407 957 2446 cogno-

237 2453 339 2494 visti
365 2465 450 2494 me:
474 2453 497 2478 *
521 2457 569 2493 tu
598 2451 844 2502 cognovisti
871 2464 957 2492 ses-

135 2507 303 2550 sionem
330 2522 488 2559 meam,
525 2513 568 2550 et
596 2507 959 2549 resurrectienem

135 2577 287 2606 meam.

187 2621 444 2664 Intellexisti
464 2621 750 2673 cogitatienes
764 2632 884 2661 meas
904 2619 959 2662 de

136 2677 279 2728 longe:
298 2678 322 2704 *
341 2679 542 2720 semitam
559 2690 712 2727 meam,
736 2682 780 2719 et
798 2676 959 2718 funicu-

136 2733 226 2776 lum
243 2747 390 2776 meum
406 2734 688 2786 investigasti.

1765 210 1829 245 119

1056 303 1113 345 Et
1138 316 1288 346 omnes
1312 304 1405 345 vias
1428 317 1549 346 meas
1572 304 1827 357 praevidisti:

1005 359 1028 384 *
1041 359 1143 411 quia
1160 373 1248 401 non
1267 365 1334 402 est
1343 373 1487 402 sermo
1502 361 1546 401 in
1556 360 1702 412 lingua
1719 374 1827 402 mea.

1056 416 1172 458 Ecce
1204 417 1391 459 Domine
1422 422 1471 458 tu
1507 418 1751 468 cognovisti
1784 420 1827 459 ό-

1004 472 1122 513 mnia
1147 473 1402 523 novissima,
1439 478 1482 515 et
1509 476 1701 526 antiqua:
1729 474 1752 499 *
1780 479 1827 515 tu

1006 528 1203 570 formasti
1221 542 1307 579 me,
1335 534 1378 571 et
1399 530 1585 582 posuisti
1609 543 1740 583 super
1757 544 1828 572 me

1005 597 1181 626 manum
1198 590 1328 627 tuam.

1058 641 1269 683 Mirabilis
1300 643 1415 684 facta
1447 648 1513 684 est
1544 644 1722 685 scientia
1754 649 1828 686 tua

1008 711 1062 739 ex
1097 712 1183 740 me:
1213 699 1236 724 *
1267 699 1513 741 confortata
1550 705 1626 750 est,
1663 705 1706 742 et
1741 714 1828 742 non

1005 757 1164 807 petero
1185 755 1241 797 ad
1261 768 1366 797 eam.

1059 812 1156 861 Quo
1180 811 1255 854 ibo
1280 825 1306 853 a
1330 813 1485 865 spiritu
1509 812 1607 854 tuo?
1627 813 1650 838 *
1674 818 1716 854 et
1741 827 1827 866 quo

1007 881 1032 908 a
1050 868 1160 910 facie
1178 873 1253 909 tua
1272 869 1456 919 fugiam?

1057 924 1102 966 Si
1126 925 1366 967 ascendero
1394 926 1438 966 in
1463 925 1640 975 coelum,
1668 930 1715 967 tu
1742 926 1828 967 illic

1008 994 1070 1022 es:
1101 981 1125 1006 *
1158 981 1194 1022 si
1226 981 1496 1024 descendero
1528 982 1572 1022 in
1605 981 1829 1032 infernum,

1007 1037 1123 1079 ades.

1058 1095 1103 1136 Si
1130 1097 1358 1147 sumpsero
1386 1108 1552 1147 pennas
1576 1109 1696 1138 meas
1722 1096 1827 1138 dilu-

1007 1150 1123 1200 culo,
1151 1151 1175 1176 *
1203 1155 1247 1192 et
1274 1150 1528 1193 habitavero
1556 1153 1599 1193 in
1625 1154 1829 1195 extremis

1006 1220 1155 1248 maris:

1058 1264 1231 1306 Etenim
1253 1264 1355 1306 illuc
1373 1277 1526 1306 manus
1546 1269 1621 1306 tua
1642 1265 1830 1308 deducet

1007 1333 1092 1362 me:
1110 1321 1134 1347 *
1154 1325 1197 1363 et
1215 1320 1380 1363 tenebit
1397 1334 1468 1363 me
1487 1321 1666 1363 dextera
1685 1327 1769 1364 tua.

1059 1378 1116 1418 Et
1142 1377 1246 1419 dixi:
1282 1378 1483 1419 Fersitan
1510 1378 1703 1420 tenebrae
1731 1392 1828 1420 con-

1008 1433 1241 1476 culcabunt
1259 1447 1344 1476 me:
1363 1435 1386 1460 *
1406 1439 1449 1476 et
1461 1436 1555 1476 'nox
1574 1435 1829 1477 illuminatio

1007 1503 1105 1532 mea
1123 1491 1167 1532 in
1186 1490 1353 1532 deliciis
1371 1492 1491 1533 meis.

1061 1547 1173 1598 Quia
1198 1547 1392 1589 tenebrae
1419 1561 1506 1589 non
1534 1548 1828 1590 obscurabun-

1007 1608 1078 1645 tur
1098 1617 1123 1645 a
1140 1609 1195 1654 te,
1215 1609 1258 1646 et
1276 1617 1364 1646 nox
1383 1605 1494 1646 sicut
1513 1604 1606 1646 dies
1622 1605 1829 1646 illumina-

1007 1660 1138 1702 bitur:
1161 1661 1185 1686 *
1210 1661 1323 1702 sicut
1347 1660 1541 1703 tenebrae
1569 1662 1674 1713 ejus,
1702 1662 1762 1703 ita
1787 1667 1829 1703 et

1008 1716 1153 1759 lumen
1173 1717 1273 1769 ejus.

1061 1774 1171 1824 Quia
1188 1778 1236 1814 tu
1256 1773 1491 1826 possedisti
1510 1786 1635 1815 renes
1654 1787 1790 1816 meos:
1805 1775 1828 1800 *

1009 1830 1241 1883 suscepisti
1258 1843 1328 1871 me
1343 1829 1398 1871 de
1412 1833 1538 1872 utero
1550 1831 1700 1871 matris
1710 1844 1830 1872 meae.

1061 1886 1315 1928 Confitebor
1342 1886 1422 1928 tibi
1454 1887 1554 1939 quia
1580 1887 1831 1929 terribiliter

1008 1943 1310 1995 magnificatus
1335 1956 1396 1984 es:
1415 1943 1439 1969 *
1460 1943 1674 1985 mirabilia
1697 1946 1832 1997 opera

1008 2005 1094 2050 tua,
1113 2004 1157 2042 et
1175 2000 1318 2041 anima
1335 2012 1434 2041 mea
1452 2000 1680 2051 cognoscit
1693 2001 1831 2041 nimis.

1060 2057 1162 2098 Non
1185 2061 1252 2098 est
1275 2056 1540 2097 occultatum
1565 2069 1616 2097 os
1638 2069 1782 2098 meum
1805 2069 1831 2097 a

1009 2117 1063 2163 te,
1084 2112 1203 2166 quod
1222 2112 1363 2154 fecisti
1380 2113 1424 2153 in
1443 2112 1664 2154 occultoz*
1676 2117 1719 2154 et
1733 2112 1830 2154 sub-

1010 2170 1170 2210 stantia
1187 2182 1285 2211 mea
1302 2169 1346 2209 in
1363 2168 1638 2211 inferioribus
1657 2174 1796 2210 terrae.

1060 2226 1370 2279 Imperfectum
1392 2238 1537 2266 meum
1560 2224 1763 2267 viderunt
1787 2228 1830 2267 ό-

1011 2282 1095 2323 culi
1131 2283 1213 2332 tui,
1254 2286 1298 2323 et
1338 2282 1382 2322 in
1416 2281 1528 2323 libro
1564 2286 1640 2323 tuo
1681 2295 1831 2324 omnes

1010 2338 1267 2380 scribentur:
1285 2338 1308 2364 *
1328 2337 1421 2379 dies
1446 2337 1763 2388 formabuntur,
1789 2343 1832 2380 et

1010 2407 1138 2436 nemo
1157 2395 1201 2435 in
1221 2394 1293 2436 eis.

1061 2450 1168 2491 Mihi
1209 2454 1355 2491 autem
1394 2450 1522 2491 nimis
1558 2450 1830 2492 honorificati

1011 2512 1111 2549 sunt
1137 2507 1264 2548 amici
1290 2506 1354 2547 tui
1376 2507 1511 2548 Deus:
1529 2507 1553 2532 *
1577 2507 1704 2547 nimis
1732 2519 1829 2548 con-

1011 2564 1196 2605 fortatus
1216 2567 1283 2604 est
1299 2563 1568 2616 principatus
1588 2565 1749 2605 ebrum.

1062 2619 1358 2660 Dinumerabo
1387 2632 1483 2669 eos,
1511 2623 1555 2660 et
1582 2631 1712 2672 super
1740 2619 1828 2658 are-

1011 2689 1111 2717 nam
1129 2674 1546 2728 multiplicabuntur:
1560 2676 1584 2702 *
1597 2673 1828 2722 exsurrexi,

1012 2737 1056 2774 et
1075 2732 1217 2774 adhuc
1235 2745 1332 2773 sum
1349 2736 1505 2774 tecum.
