2040 2944
698 175 908 209 Commune
935 174 1181 208 Confessoris
1206 173 1414 207 I'ontiticis.

195 287 280 327 que
294 272 519 315 Pontificis
545 268 796 313 veneranda
821 267 1020 310 solemni-

191 336 279 381 taS,
317 335 360 372 et
392 328 674 370 devoti6nem
707 325 835 368 nobis
863 327 1022 376 augeat

193 393 236 430 et
255 386 452 429 salutem.
479 386 564 427 Per
582 383 832 426 Dominum.

468 462 562 502 Alia
586 462 748 502 Oratio.

190 523 414 630 Exaudi,
436 527 687 579 quaesumus
706 522 907 571 Domine,
925 532 1020 573 pre-

293 597 367 626 ces
391 588 582 632 nostraS‚
621 593 729 634 quas
758 579 803 620 in
826 577 947 620 beati
973 579 1021 618 N.

192 640 468 683 Confessoris
514 639 579 681 tui
620 643 752 690 atque
795 633 1021 677 Pontificis

192 698 471 740 solemnitate
496 695 748 738 deferimus:
776 696 820 734 et
844 691 919 744 qui
941 689 1023 732 tibi

191 755 322 807 digne
349 753 507 795 meruit
532 750 748 800 famulari,
776 750 868 802 eius
893 748 1021 788 inter-

191 810 450 853 cedentibus
465 809 631 851 meritis
646 806 701 849 ab
719 805 922 848 Omnibus
940 816 1022 845 nos

191 868 373 910 absolve
392 866 599 921 peccatis.
632 865 718 906 Per
739 861 988 904 Deminum.

244 934 317 968 Pro
336 933 571 968 Doctoribus
595 934 631 967 in
649 934 822 976 utrisque
841 932 956 977 Vesp.

245 991 314 1031 Ad
342 991 513 1037 Magnis:
540 991 639 1030 Ant.
661 990 697 1030 O
721 986 892 1029 Doctor
911 982 1022 1036 opti-

190 1059 271 1098 me,
282 1047 305 1073 *
320 1045 532 1088 Ecclesiae
549 1047 713 1085 sanctae
727 1039 1023 1090 lumen,beate

192 1106 252 1146 N..
275 1103 436 1145 divinae
455 1102 565 1154 legis
581 1102 763 1149 amator,
783 1097 1022 1151 deprecare

191 1174 272 1214 pro
293 1160 423 1202 nobis
441 1159 599 1200 Filium
618 1157 713 1200 Dei.

522 1234 687 1275 Oratio.

192 1293 380 1398 Deus,
424 1299 498 1352 qui
534 1295 703 1351 populo
735 1299 813 1337 tuo
845 1295 1021 1335 aeternae

308 1356 461 1398 salutis
487 1355 670 1396 beatum
698 1356 749 1396 N.
776 1351 1022 1392 ministrum

190 1413 397 1456 tribuisti:
444 1416 610 1466 praesta
658 1411 927 1462 quaesumus3
974 1412 1022 1448 ut

193 1483 323 1523 quem
341 1471 586 1511 Doctorem
604 1467 706 1509 vitae
727 1465 959 1506 habuimus
978 1463 1021 1504 in

190 1527 336 1577 terris,
372 1526 709 1568 intercessorem
739 1521 904 1563 habere
934 1533 1020 1561 me-

190 1586 364 1626 reamur
382 1584 426 1624 in
447 1582 581 1624 coelis.
607 1581 693 1622 Per
711 1578 960 1620 Dominum.

354 1667 442 1709 Ad
469 1666 858 1708 matutinum.

247 1735 369 1776 Invit.
401 1738 565 1785 Regem
594 1733 907 1776 Confessorum
932 1731 1020 1772 Do-

192 1793 366 1843 minum,
388 1795 410 1818 *
437 1792 598 1834 Venite
618 1790 862 1832 adoremus.

248 1854 310 1894 I's.
350 1855 512 1902 Venite,
541 1852 821 1894 exsultemus.
848 1851 886 1891 2.

249 1916 284 1954 H
290 1929 455 1966 ymnus.
479 1917 566 1956 Iste
582 1912 819 1955 Confessor
832 1910 1022 1952 D6mini.

194 1977 239 2012 ut
261 1985 401 2022 supra.
430 1970 514 2023 [49]

428 2051 476 2090 In
505 2051 534 2091 Ι.
563 2051 786 2091 Noeturno.

246 2117 344 2157 Ant.
383 2115 547 2156 Beatus
579 2114 661 2163 vir,
688 2113 712 2138 *
746 2112 820 2165 qui
850 2112 892 2152 in
923 2111 1021 2163 1636

191 2170 369 2212 Domini
398 2170 653 2212 meditatur:
694 2169 899 2211 voluntas
931 2169 1021 2220 ejus

191 2229 419 2280 permanet
447 2226 518 2269 die
547 2240 598 2268 ac
626 2231 770 2277 nocte,
804 2230 848 2267 et
877 2225 1022 2266 omnia

192 2287 482 2336 quaecumque
517 2283 667 2334 faciet,
715 2295 890 2335 semper
921 2294 1020 2335 pro-

192 2339 495 2393 sperabuntur.

482 2414 680 2454 Psalmus
709 2414 738 2452 1.

201 2484 207 2517 ζ
304 2481 427 2520 eatus
442 2479 519 2529 vir,
535 2479 611 2530 qui
630 2491 718 2520 non
733 2477 841 2520 abiit
855 2478 899 2518 in
919 2490 1020 2519 con-

205 2543 208 2548 ’
228 2536 297 2591 '55⁷³
321 2535 419 2575 silio
439 2535 685 2587 impierum,
705 2540 750 2576 et
767 2535 812 2575 in
831 2535 902 2575 via
920 2547 1020 2587 pec—

321 2593 519 2632 catorum
552 2604 641 2633 non
672 2591 808 2641 stetit,
841 2591 865 2617 *
899 2596 942 2632 et
975 2591 1019 2631 in

192 2647 402 2690 cathedra
422 2647 683 2700 pestilentiae
703 2661 791 2689 non
811 2646 938 2689 sedit:

243 2703 330 2747 Sed
345 2705 389 2745 in
404 2703 499 2756 lege
510 2704 690 2745 Domini
699 2704 904 2746 voluntas
918 2704 1020 2755 ejus,

1074 266 1098 293 *
1119 271 1163 308 et
1181 267 1226 308 in
1242 266 1338 319 lege
1354 268 1445 319 ejus
1464 266 1748 310 meditabitur
1765 267 1837 309 die
1851 279 1904 308 36

1076 328 1217 365 nocte.

1126 381 1184 422 Et
1211 380 1294 422 erit
1319 384 1547 432 tamquam
1573 380 1756 432 lignum,
1783 379 1904 433 quod

1074 437 1321 490 plantatum
1332 441 1399 478 est
1413 449 1540 478 secus
1552 436 1763 479 decursus
1773 439 1903 490 aqua-

1074 506 1190 544 rum„
1209 494 1233 519 *
1262 493 1383 546 quod
1410 493 1600 536 fructum
1629 506 1756 536 suum
1781 493 1904 536 dabit

1074 550 1119 591 in
1138 552 1339 604 tempore
1360 563 1455 592 suo:

1126 607 1183 649 Et
1210 607 1364 649 felium
1393 608 1484 659 ejus
1511 619 1601 649 non
1620 606 1799 649 defluet:
1815 607 1840 634 *
1861 611 1905 649 et

1076 664 1223 705 omnia
1242 667 1532 716 quaecumque
1552 663 1699 715 faciet,
1723 676 1903 717 prospe-

1074 720 1297 763 rabuntur.

1125 777 1229 819 Non
1261 777 1325 819 816
1357 777 1501 830 impii,
1534 790 1623 819 non
1656 777 1738 819 sic:
1768 777 1793 803 *
1825 776 1905 819 sed

1074 838 1301 886 tamquam
1345 834 1510 887 pulvis,
1554 847 1685 887 quem
1729 833 1905 887 prejicit

1075 895 1232 933 ventus
1250 903 1277 932 a
1294 891 1406 933 facie
1423 895 1565 933 terrae.

1126 947 1236 989 Ideo
1259 959 1350 989 non
1373 950 1605 999 resurgent
1628 947 1754 1000 impii
1777 947 1823 988 in
1845 947 1904 999 ju-

1076 1004 1207 1046 dicio:
1232 1004 1256 1031 *
1281 1017 1425 1057 neque
1451 1006 1711 1057 peccatores
1734 1004 1779 1045 in
1803 1016 1904 1046 con-

1076 1061 1177 1103 cilio
1197 1062 1422 1113 justorum.

1128 1118 1347 1168 Queniam
1382 1117 1507 1160 novit
1537 1117 1755 1159 Daminus
1787 1116 1905 1158 viam

1075 1176 1303 1273 jissstorum:
1325 1175 1350 1202 *
1375 1179 1419 1217 et
1441 1175 1525 1217 iter
1548 1174 1786 1228 impiorum
1807 1186 1904 1227 per-

1075 1234 1088 1272 1'
1122 1232 1165 1273 it.

1131 1291 1229 1331 Ant.
1259 1291 1422 1331 Beatus
1446 1288 1512 1330 vir
1537 1287 1613 1341 qui
1634 1287 1678 1328 in
1696 1287 1794 1339 lege
1815 1287 1903 1329 Do-

1074 1345 1179 1385 mini
1197 1345 1448 1387 meditatur:
1472 1344 1678 1386 voluntas
1699 1345 1789 1397 ejus
1808 1345 1903 1397 per-

1073 1406 1222 1443 manet
1241 1401 1312 1443 die
1332 1415 1384 1443 ac
1402 1405 1543 1451 nocte,
1563 1406 1607 1443 et
1626 1401 1774 1442 Omnia
1789 1413 1904 1453 quae-

1075 1461 1263 1511 cumque
1289 1458 1433 1509 faciet,
1471 1470 1646 1511 semper
1670 1470 1903 1511 prospera-

1073 1513 1247 1556 buntur.

1131 1576 1230 1616 Ant.
1259 1574 1422 1615 Beatus
1448 1571 1532 1613 iste
1559 1575 1756 1622 sanctus,
1777 1570 1802 1597 *
1830 1570 1906 1624 qui

1075 1629 1268 1671 confisus
1284 1633 1350 1670 est
1369 1628 1413 1669 in
1428 1628 1631 1678 D6mino,
1644 1626 1906 1681 praedicavit

1073 1687 1349 1738 praeceptum
1357 1685 1546 1735 Domini,
1559 1684 1823 1727 constitutus
1838 1689 1906 1726 est

1074 1742 1118 1783 in
1137 1747 1287 1784 monte
1307 1746 1460 1784 sancto
1482 1743 1584 1795 ejus.

1364 1802 1563 1843 Psalmus
1590 1801 1626 1841 2.

1160 1869 1266 1897 uare
1293 1856 1564 1897 fremuerunt
1593 1855 1775 1906 GenteS‚
1806 1855 1831 1881 *
1859 1860 1904 1897 et

1177 1912 1333 1966 populi
1357 1911 1559 1954 meditati
1586 1916 1688 1953 sunt
1715 1911 1885 1953 inania?

1169 1969 1374 2011 stiterunt
1397 1981 1524 2021 reges
1551 1973 1698 2018 terrae,
1721 1972 1766 2010 et
1787 1970 1903 2021 prin-

1075 2027 1196 2079 cipes
1221 2027 1523 2068 convenerunt
1546 2025 1591 2066 in
1615 2038 1750 2066 unum
1777 2025 1801 2051 *
1829 2024 1903 2066 ad-

1074 2084 1227 2124 versus
1277 2083 1542 2133 Dominum,
1594 2086 1639 2124 et
1691 2081 1903 2124 adversus

1075 2139 1296 2181 Christum
1324 2140 1425 2192 ejus.

1125 2196 1441 2248 Dirumpamus
1473 2194 1647 2237 vincula
1680 2196 1851 2236 eorum:
1878 2194 1902 2219 *

1074 2257 1118 2294 et
1144 2252 1428 2305 projiciamus
1455 2265 1482 2293 a
1509 2251 1638 2294 nobis
1664 2252 1812 2304 jugum
1840 2250 1902 2302 ip-

1073 2321 1234 2350 sorum.
1436 2348 1439 2350 .

1126 2366 1211 2416 Qui
1242 2365 1413 2407 habitat
1443 2365 1489 2406 in
1521 2363 1665 2414 coelis,
1700 2363 1903 2405 irridebit

1073 2434 1165 2464 eost
1179 2423 1203 2448 *
1220 2427 1264 2464 et
1277 2422 1495 2464 Dominus
1510 2419 1798 2462 subsannabit
1813 2433 1901 2462 eos.

1124 2479 1250 2520 Tunc
1268 2479 1473 2531 loquetur
1492 2476 1549 2519 ad
1569 2489 1646 2519 eos
1665 2477 1709 2517 in
1729 2477 1794 2518 ira
1813 2489 1902 2527 sua,

1072 2535 1095 2561 *
1116 2540 1159 2577 et
1178 2535 1223 2576 in
1241 2535 1388 2576 furore
1409 2546 1489 2575 suo
1508 2533 1791 2575 conturbabit
1813 2546 1901 2575 eos.

1123 2592 1219 2642 Ego
1239 2595 1386 2632 autem
1405 2590 1670 2632 constitutus
1691 2603 1788 2631 sum
1802 2590 1901 2632 Rex

1072 2647 1127 2689 ab
1148 2661 1202 2690 eo
1222 2660 1354 2700 super
1368 2647 1474 2688 Sion
1488 2651 1684 2688 montem
1700 2650 1900 2688 sanetum

1073 2705 1175 2756 ejus,
1194 2705 1217 2730 *
1236 2703 1486 2756 praedicans
1504 2704 1779 2756 praeceptum
1798 2703 1900 2755 ejus.
