2040 2944
619 207 722 241 Infra
746 208 1041 244 Hebdomadam
1064 222 1098 245 v.
1123 211 1369 254 Septembris.

147 306 244 345 rare
264 303 397 346 debet
416 305 604 346 amicitia
624 304 838 356 religioni,
863 318 973 358 prae-

146 359 394 412 ponderare
414 361 584 402 caritati
602 361 778 402 vitium?

200 426 251 478 R.
269 426 511 468 Benedicat
531 431 575 468 te
595 426 810 468 Dominus
829 427 872 467 in
891 428 972 467 vir-

146 487 240 525 tute
275 497 369 534 sua,
411 484 485 535 qui
516 496 595 536 per
626 487 671 524 te
704 483 761 524 ad
791 483 973 525 nihilum

147 540 316 591 redegit
334 540 533 582 inimicos
554 545 747 581 nostros:
766 543 789 568 *
809 541 867 582 Ut
885 553 973 582 non

149 596 325 638 deficiat
346 596 441 637 laus
464 601 540 638 tua
563 595 618 638 de
642 609 719 638 ore
738 596 973 638 hominum.

147 648 199 700 V.
215 653 482 695 Benedictus
500 653 733 703 Dominus,
761 653 835 705 qui
856 656 972 694 crea-

146 710 208 751 vit
237 709 398 751 coelum
426 715 470 752 et
497 715 674 752 terram:
708 711 810 762 quia
840 710 972 751 hedie

146 779 306 808 nomen
329 771 453 808 tuum
476 766 537 808 ita
560 767 867 819 magnificavit.
903 767 972 809 Ut.

148 822 298 864 Gloria
315 823 446 864 Patri.
474 823 543 865 Ut.

197 888 247 940 R.
276 888 346 929 vii.
382 887 477 929 Nos
507 887 638 928 alium
664 888 808 929 Deum
835 891 971 930 nesci-

145 957 252 995 mus,
270 948 434 997 praeter
448 945 696 995 Deminum,
714 945 758 985 in
775 957 861 996 quo
877 957 971 997 spe-

145 1003 307 1042 ramus:
321 1002 343 1026 *
361 1001 444 1050 Qui
464 1014 552 1042 non
572 1001 758 1053 despicit
777 1014 871 1051 nos,
891 1014 971 1043 nec

147 1059 321 1099 amovet
363 1057 550 1099 salutem
591 1071 714 1099 suam
750 1071 775 1098 a
811 1060 971 1108 genere

145 1118 308 1155 nostro.
340 1110 391 1161 V.
411 1114 732 1165 Indulgentiam
750 1115 889 1167 ipsius
910 1115 970 1156 fu-

146 1170 205 1210 sis
229 1170 421 1211 lacrimis
447 1171 739 1223 postulemus,
768 1176 812 1212 et
834 1170 970 1212 humi-

145 1226 298 1268 liemus
316 1227 379 1268 illi
397 1227 563 1268 animas
582 1232 768 1268 nostras.
796 1227 891 1277 Qui.

196 1291 246 1343 Ri.
284 1291 367 1331 viii.
402 1292 503 1334 Duo
545 1292 774 1345 Seraphim
815 1293 969 1334 clama-

143 1346 251 1389 bant
279 1347 389 1390 alter
417 1348 474 1390 ad
502 1348 701 1390 alterum:
724 1350 747 1374 *
774 1349 970 1399 Sanctus,

145 1409 337 1455 sanctus,
380 1409 556 1447 sanctus
598 1405 812 1446 Dominus
849 1405 970 1447 Deus

145 1459 354 1502 Sabaoth:
380 1461 403 1485 *
427 1461 563 1502 Plena
591 1467 657 1503 cst
685 1462 826 1502 omnis
853 1467 970 1503 terra

143 1515 283 1568 gloria
301 1518 403 1570 ejus.
435 1511 486 1563 V.
510 1517 620 1559 Tres
641 1523 741 1559 sunt
761 1518 835 1570 qui
852 1519 969 1560 testi-

143 1574 337 1616 monium
354 1572 459 1615 dant
481 1575 525 1615 in
544 1574 674 1624 coelo,
697 1575 843 1624 Pater,
861 1575 969 1616 Ver-

143 1629 259 1681 bum,
279 1635 322 1679 et
340 1631 526 1683 Spiritus
542 1636 736 1678 sanctus:
756 1635 799 1672 et
817 1630 862 1671 hi
880 1636 969 1672 tres

143 1700 276 1728 unum
295 1693 406 1729 sunt.
438 1688 633 1729 Sanctus.
671 1687 821 1728 GlOria
839 1687 969 1728 Patri.

142 1742 288 1784 Plena.

193 1803 305 1838 Feria
326 1803 388 1837 IV.
408 1802 522 1845 hujus
539 1802 806 1836 Hebdomadae
822 1806 911 1845 post
929 1802 965 1836 ii.

143 1855 179 1886 et
202 1851 255 1886 iii.
280 1851 503 1886 Lectionem
532 1851 672 1885 dicitur
700 1851 736 1884 ii.
763 1855 799 1884 et
823 1850 875 1884 iii.
898 1850 967 1884 Re-

142 1899 390 1954 sponsorium
423 1899 449 1933 I.
477 1899 667 1934 Nocturni
695 1899 809 1941 hujus
838 1899 967 1932 Domi-

140 1958 249 1982 nicae.

288 2044 483 2081 Feria
517 2044 827 2080 Secunda.

364 2104 432 2143 De
450 2100 564 2143 libro
583 2101 754 2143 Esther.

244 2161 396 2202 Lectio
416 2162 441 2202 i.
710 2160 812 2211 Cap.
827 2160 863 2199 2.

154 2232 218 2269 ff,
229 2228 297 2264 rat
328 2223 394 2264 vir
417 2221 596 2263 Judaeus
626 2222 671 2264 in
697 2223 837 2264 Susan
868 2223 967 2264 civi-

169 2281 184 2314 1.
203 2280 215 2311 ι)
246 2281 354 2329 tate,
399 2277 617 2321 vocabulo
661 2278 968 2321 Mardochaeus

143 2334 258 2376 filius
277 2336 302 2376 J
304 2340 385 2385 a'ir,
410 2335 487 2375 filii
506 2334 666 2384 semei,
694 2334 772 2375 filii
798 2335 887 2384 Cis,
914 2334 968 2376 de

143 2392 278 2443 stirpe
293 2392 318 2432 J
321 2391 460 2440 emini,
480 2391 554 2443 qui
572 2390 809 2432 translatus
827 2391 969 2432 fuerat

144 2446 199 2488 de
217 2447 459 2489 Jerusalem
479 2460 531 2488 eo
552 2449 768 2499 tempore,
794 2459 882 2497 quo
902 2447 927 2487 J
929 2459 968 2487 e-

145 2502 347 2545 choniam
370 2516 519 2554 regem
537 2503 562 2543 J
563 2501 651 2544 uda
674 2501 968 2543 Nabuchodo-

143 2571 278 2601 nosor
303 2572 381 2601 rex
403 2559 643 2611 Babyloms
669 2557 967 2607 transtulerat,

146 2615 219 2666 qui
249 2615 329 2657 fuit
359 2616 560 2657 nutritius
592 2614 694 2655 filiae
723 2614 868 2655 fratris
902 2613 969 2654 sui

143 2670 331 2719 Edissae‚
361 2684 458 2723 quae
484 2672 624 2712 altero
647 2670 821 2711 nomine
840 2681 967 2710 voca-

142 2726 274 2769 batur
291 2728 465 2769 Esther:
491 2732 534 2769 et
558 2731 792 2778 utrumque
816 2727 967 2778 paren-

296 2867 360 2892 Pars
375 2866 544 2892 Aut-umnam.

1025 310 1114 347 tem
1153 310 1370 351 amiserat:
1407 310 1590 362 pulchra
1625 312 1768 362 nimis,
1805 317 1849 354 et

1027 362 1187 404 decora
1231 365 1352 407 facie.
1406 366 1678 418 Mortuisque
1722 374 1848 420 patre

1027 419 1117 470 ejus
1150 432 1200 461 ac
1231 427 1386 472 matre,
1427 423 1732 465 Mardoehaeus
1766 424 1848 466 sibi

1027 487 1123 516 eam
1141 475 1369 530 adoptavit
1386 479 1429 519 in
1449 479 1592 520 filiam.

1082 536 1133 586 R.
1154 533 1340 575 D6mine
1359 535 1418 576 mi
1436 536 1543 576 Rex.
1564 538 1651 578 155.

1336 594 1486 636 Lectio
1507 596 1545 635 ii.

1031 642 1264 750 Cumque
1288 647 1612 699 percrebuisset
1636 650 1750 700 regis
1774 650 1848 690 im-

1115 703 1302 754 perium,
1328 708 1370 744 et
1394 704 1511 754 juxta
1529 705 1782 747 mandatum
1801 706 1846 746 il-

1024 758 1107 799 lius
1126 759 1275 800 multae
1293 759 1488 811 pulchrae
1508 762 1695 812 virgines
1715 762 1847 804 addu-

1026 817 1227 857 cerentur
1246 815 1399 864 Susam
1426 821 1469 857 et
1488 817 1609 868 Egeo
1629 817 1847 859 traderen-

1025 876 1095 912 tur
1114 871 1342 921 Eunuch03
1365 872 1524 913 Esther
1544 886 1718 926 quoque
1737 875 1848 916 inter

1026 930 1194 969 ceteras
1225 928 1393 980 puellas
1426 929 1466 970 ei
1496 929 1657 971 tradita
1688 936 1769 980 est,
1801 936 1849 973 ut

1025 987 1272 1026 servaretur
1302 985 1346 1025 in
1373 988 1553 1026 mimero
1581 986 1847 1028 feminarum.

1026 1041 1134 1090 Quae
1153 1040 1320 1093 placuit
1339 1041 1393 1091 ei,
1421 1047 1464 1082 et
1482 1042 1646 1083 invenit
1664 1044 1848 1094 gratiam

1023 1098 1067 1138 in
1100 1099 1340 1150 conspectu
1370 1098 1496 1139 illius.
1550 1099 1606 1139 Et
1637 1101 1848 1152 praecepit

1025 1153 1241 1203 eunuchO,
1272 1159 1320 1195 ut
1350 1155 1614 1196 acceleraret
1638 1156 1847 1197 mundum

1024 1210 1295 1259 muliebrem,
1329 1216 1372 1252 et
1402 1210 1596 1252 traderet
1628 1212 1667 1252 ei
1698 1218 1847 1264 partes

1025 1280 1141 1317 suas,
1167 1272 1211 1308 et
1234 1272 1405 1319 septem
1428 1267 1595 1320 puellas
1620 1269 1846 1320 speciosis-

1025 1324 1156 1363 simas
1172 1323 1227 1364 de
1243 1322 1376 1364 domo
1392 1323 1516 1374 regis
1536 1329 1579 1364 et
1593 1328 1683 1364 tam
1697 1324 1848 1376 ipsam,

1026 1392 1156 1431 quam
1175 1379 1463 1433 pedissequas
1482 1381 1572 1431 ejus
1593 1382 1767 1422 ornaret
1786 1386 1845 1422 at-

1025 1449 1110 1488 que
1141 1436 1373 1478 excoleret.
1430 1437 1538 1486 Quae
1571 1436 1710 1478 noluit
1741 1437 1847 1478 indi-

1024 1494 1124 1533 care
1144 1493 1182 1533 ei
1201 1493 1415 1545 pepulum
1440 1497 1483 1533 et
1506 1493 1693 1545 patriam
1712 1506 1848 1534 suam:

1024 1547 1329 1590 Mardocha'eus
1358 1549 1471 1590 enim
1497 1551 1769 1601 praeceperat
1796 1549 1846 1599 ei,

1022 1610 1070 1645 ut
1091 1604 1146 1646 de
1165 1605 1247 1646 hac
1267 1618 1314 1646 re
1334 1607 1510 1646 omnino
1531 1605 1748 1646 reticeret:
1775 1606 1848 1657 qui

1024 1661 1332 1703 deambulabat
1365 1661 1559 1712 quotidie
1592 1666 1691 1702 ante
1719 1664 1845 1703 vesti-

1022 1717 1172 1758 bulum
1193 1716 1360 1766 domus,
1378 1718 1423 1758 in
1444 1731 1529 1770 qua
1548 1717 1700 1758 electae
1719 1717 1845 1767 virgi-

1022 1786 1099 1815 nes
1119 1773 1423 1824 servabantur,
1452 1787 1601 1815 curam
1624 1786 1756 1824 agens
1782 1786 1845 1814 sa-

1021 1829 1123 1871 llitis
1142 1829 1312 1871 Esther.

1075 1888 1126 1939 R.
1152 1886 1362 1927 Consorta
1380 1899 1450 1928 me
1468 1886 1576 1928 Rex.
1596 1887 1682 1927 155.

1322 1944 1472 1984 Lectio
1491 1944 1544 1984 iii.

1108 1998 1260 2040 voluto
1285 2004 1430 2040 autem
1456 2000 1654 2051 tempore
1674 2011 1753 2051 per
1778 2001 1843 2039 or-

1108 2054 1264 2102 dinem,
1274 2055 1466 2096 instabat
1477 2054 1581 2101 dies,
1593 2067 1678 2106 quo
1685 2054 1844 2095 Esther

1020 2111 1111 2152 filia
1155 2110 1332 2152 Abiha'i'l
1375 2111 1519 2152 fratris
1560 2109 1843 2159 Mardochaei,

1023 2180 1154 2218 quam
1186 2167 1269 2208 sibi
1301 2167 1590 2220 adoptaverat
1620 2167 1664 2207 in
1695 2167 1843 2216 filiam,

1022 2222 1202 2264 deberet
1232 2223 1395 2264 intrare
1427 2222 1484 2264 ad
1515 2235 1673 2273 regem.
1735 2223 1842 2273 Quae

1020 2291 1108 2320 non
1141 2279 1343 2330 quaesivit
1367 2278 1631 2320 muliebrem
1664 2278 1842 2327 cultum,

1021 2334 1100 2376 sed
1127 2338 1415 2385 quaecumque
1441 2335 1580 2375 voluit
1603 2335 1748 2385 Egeus
1774 2347 1842 2375 eu-

1020 2389 1188 2431 nuchus
1208 2396 1354 2431 custos
1370 2391 1594 2441 virginum,
1614 2391 1710 2431 haec
1730 2391 1769 2431 ei
1788 2389 1843 2431 ad

1021 2448 1223 2486 ornatum
1247 2445 1379 2487 dedit.
1415 2446 1522 2487 Erat
1548 2447 1661 2487 enim
1685 2447 1841 2488 formo-

1023 2515 1072 2543 sa
1097 2501 1242 2550 valde,
1270 2506 1314 2542 et
1336 2501 1580 2544 incredibili
1606 2502 1841 2554 pulchritu-

1021 2557 1139 2608 dine,
1180 2558 1373 2599 omnium
1406 2558 1543 2599 oculis
1576 2558 1766 2610 gratiosa
1799 2562 1841 2598 et

1021 2614 1218 2655 amabilis
1236 2613 1478 2655 videbatur.
1510 2615 1654 2656 Ducta
1678 2618 1744 2655 est
1764 2615 1839 2653 ita-

1022 2683 1106 2722 que
1142 2668 1198 2710 ad
1234 2669 1479 2711 cubiculum
1515 2670 1629 2720 regis
1660 2668 1840 2710 Assueri

1020 2737 1168 2767 mense
1205 2725 1393 2776 decimo,
1431 2725 1505 2777 qui
1539 2727 1722 2767 vocatur
1758 2723 1838 2764 Te-

1572 2852 1634 2885 11·
