2040 2944
509 161 657 194 Domin.
686 159 782 192 infra
810 160 888 192 Oct.
917 159 1142 192 Numa-S&
1170 158 1348 191 Nominis
1374 158 1413 191 Β.
1440 157 1486 191 Μ.
1513 157 1555 191 V.

171 273 301 314 spere
319 258 530 314 procede,
557 263 601 300 et
619 271 765 309 regna.
796 258 864 300 Et.
900 258 1002 300 Glo-

171 319 236 358 ria
255 317 384 358 Patri.
412 315 580 367 Specie.

227 376 271 426 Y.
312 375 552 427 Adiuvabit
589 387 687 417 eam
718 375 841 418 Deus
878 375 1002 417 vultu

171 446 262 474 suo.
311 437 359 487 Rg.
383 432 506 473 Deus
530 432 574 472 in
599 430 747 474 medio
775 433 884 484 ejus,
913 444 1002 473 non

170 488 530 531 commovebitur.

449 566 516 603 Ad
539 566 727 603 Sextam.

226 623 256 660 A
266 628 319 661 nt.
358 619 509 670 Regali
529 632 583 661 ex
601 619 825 672 progenie.

224 683 484 734 Capitulum.
685 682 813 723 Eccli.
829 684 894 722 24.
910 683 948 723 b.

249 748 266 785 t
286 743 411 785 sicin
431 744 535 786 Sion
559 745 732 786 firmata
757 757 870 794 sum,
895 749 939 786 et
957 745 1002 786 in

280 800 458 843 civitate
492 801 767 843 sanctificata
802 801 1003 843 similiter

169 856 382 907 requievi,
409 863 452 899 et
476 858 520 898 in
538 857 783 899 Jerusalem
802 859 1002 910 potestas

168 924 278 953 mea.
312 913 370 955 Et
393 913 588 955 radicavi
612 914 656 954 in
674 914 844 966 populo
865 913 1000 956 hono-

168 969 358 1019 rificato,
387 971 492 1012 etin
512 977 638 1024 parte
657 971 742 1012 Dei
761 971 848 1012 mei
866 971 1001 1012 haere-

169 1024 283 1067 ditas
308 1026 440 1077 illius,
469 1032 513 1069 et
538 1028 582 1069 in
606 1026 880 1080 plenitudine
905 1040 1000 1068 san-

168 1084 341 1124 cto'rum
361 1082 558 1126 detentio
578 1098 687 1126 mea.

219 1146 268 1196 R.
304 1146 363 1186 br.
420 1143 662 1196 Adiuvabit
694 1158 792 1187 eam
824 1147 845 1170 *
878 1146 1002 1187 Deus

168 1199 293 1241 vultu
319 1214 412 1243 suo.
447 1201 699 1254 Adjuvabit.
734 1198 781 1249 V.
810 1202 932 1244 Deus
958 1203 1003 1243 in

168 1256 315 1298 medio
354 1259 462 1309 ejus,
507 1271 596 1300 non
641 1259 1002 1301 commovebitur.

167 1312 301 1354 Deus.
331 1315 485 1356 Gloria
503 1315 634 1356 Patri.
662 1315 914 1368 Adjuvabit.

221 1370 269 1420 Y.
297 1375 441 1427 Elegit
467 1389 565 1418 eam
584 1378 722 1427 Deus,
750 1382 794 1419 et
819 1378 1000 1431 praeele-

167 1431 230 1481 git
249 1444 357 1473 eam.
386 1433 434 1483 R.
454 1434 504 1474 In
523 1434 809 1477 tabernaculo
831 1447 911 1477 suo
927 1434 1001 1476 ha-

167 1487 309 1531 bitare
328 1490 433 1532 facit
453 1503 560 1532 eam.

446 1573 514 1609 Ad
538 1574 723 1610 Nonam.

220 1627 318 1665 Ant.
351 1627 461 1667 Cum
482 1626 765 1678 jucunditate.

219 1688 478 1739 Capitulum.
512 1720 514 1722 .
678 1686 890 1727 Eceli 24.
906 1686 945 1727 b.

214 1760 242 1786 n
273 1746 430 1799 plateis
464 1747 577 1790 sicut
607 1748 931 1792 cinnamomum
957 1756 1001 1794 et

228 1802 473 1845 balsamum
496 1808 790 1847 aromatizans
815 1806 1001 1850 odorem

168 1859 288 1902 dedi:
326 1861 452 1913 quasi
487 1862 665 1914 myrrha
702 1863 858 1914 electa,
896 1864 1001 1906 dedi

168 1916 431 1958 suavitatem
451 1917 614 1959 odoris.

219 1979 268 2030 R·.
303 1979 363 2019 br.
406 1978 552 2031 Ele'git
584 1993 680 2021 eam
713 1981 852 2031 Deus,
886 1984 907 2005 *
943 1982 1001 2024 Et

167 2035 396 2087 praeelegit
425 2048 532 2078 eam.
576 2037 732 2087 Elegit.
778 2032 827 2083 ,Y
860 2040 911 2080 In
938 2044 1000 2081 ta-

166 2090 406 2134 bernaculo
434 2105 515 2134 suo
541 2093 739 2136 habitare
764 2095 868 2138 facit
893 2108 1000 2137 eam.

167 2147 234 2189 Et.
264 2148 418 2190 Gloria
435 2150 565 2191 Patri.
593 2151 747 2203 Elegit.

219 2203 269 2254 Y.
283 2209 455 2252 Diffusa
470 2216 537 2252 est
551 2213 692 2262 gratia
707 2213 751 2254 in
761 2213 889 2255 labiis
901 2214 999 2255 tuis.

169 2264 218 2314 lit-
242 2264 487 2318 Propterea
506 2267 732 2311 benedixit
750 2275 794 2311 te
814 2270 936 2311 Deus
955 2271 999 2311 in

169 2322 392 2364 aeternum.

370 2409 431 2450 In
458 2411 519 2451 11.
545 2411 798 2462 vesperis.

222 2474 308 2507 Ant.
343 2474 389 2507 dc
424 2474 542 2507 Laud.
574 2473 655 2516 2673
691 2475 768 2516 Ps..
803 2475 926 2518 Cupit.
962 2480 999 2509 et

170 2521 307 2565 Hymn.
333 2527 373 2555 ut
399 2522 437 2554 in
462 2522 570 2555 festis
599 2523 635 2556 13.
662 2522 707 2555 M.
734 2523 775 2555 V.
802 2523 893 2566 [133]

222 2572 270 2623 V.
307 2574 526 2617 Nativitas
564 2582 630 2618 est
666 2578 799 2620 hodie
833 2585 998 2622 sanctae

166 2631 318 2672 Mariae
342 2631 545 2682 Virginis.
586 2635 635 2686 Rz.
667 2634 798 2686 Cujus
824 2635 914 2677 vita
938 2638 998 2676 in-

167 2688 284 2740 clyta
303 2694 482 2730 cunctas
502 2689 693 2732 illustrat
713 2691 933 2733 ecclesias.

1112 263 1182 304 Ad
1210 264 1382 313 Magnis.
1421 264 1519 304 Ant.
1558 261 1778 303 Nativitas
1803 266 1889 311 tua,

1056 314 1079 339 *
1099 313 1184 355 Dei
1200 315 1401 359 Genitrix
1415 317 1567 368 Virgo,
1586 316 1797 369 gaudium
1817 330 1888 359 an-

1055 370 1274 414 nuntiavit
1304 374 1511 415 universo
1538 374 1720 416 mundo:
1756 387 1812 416 ex
1844 379 1889 416 te

1057 427 1173 468 enim
1201 434 1326 471 ortus
1355 435 1424 472 est
1452 430 1519 472 sol
1545 431 1739 482 justitiae,
1769 430 1889 472 Chri-

1055 488 1150 525 stus
1168 484 1291 527 Deus
1310 492 1476 529 noster:
1504 487 1579 539 qui
1601 487 1778 529 solvens
1800 500 1888 529 ma-

1055 539 1353 593 ledictionem,
1381 542 1505 586 dedit
1522 543 1889 595 benedictiOnem‚

1062 602 1106 639 et
1147 599 1421 642 confundens
1456 606 1663 651 mortem,
1708 600 1891 644 donavit

1055 653 1185 696 nobis
1204 656 1339 698 vitam
1359 658 1684 711 sempiternam.

1111 719 1158 753 Et
1182 720 1222 752 tit
1247 729 1444 753 commem.
1471 721 1505 753 5.
1532 719 1722 761 Gorgonii
1748 719 1858 754 Mart.

1111 775 1210 815 Ant.
1243 775 1333 815 Iste
1364 779 1544 816 sanctus
1569 787 1653 828 pro
1684 775 1783 826 lege
1806 775 1891 817 Dei

1056 829 1123 870 sui
1143 830 1329 872 certavit
1348 844 1490 883 usque
1509 830 1567 873 ad
1586 837 1784 882 mortem,
1803 837 1847 874 et
1866 846 1892 874 a

1055 885 1203 927 verbis
1230 886 1468 940 impi6rum
1490 901 1580 930 non
1605 889 1765 931 timuit:
1798 889 1891 930 fun-

1057 941 1187 983 datus
1215 943 1330 984 enim
1355 949 1450 986 erat
1474 958 1608 998 supra
1626 945 1799 987 firmam
1816 959 1890 999 pe-

1056 1003 1182 1040 tram.

1110 1052 1159 1103 V.
1199 1056 1353 1098 Gldria
1385 1061 1429 1099 et
1460 1057 1631 1100 honore
1664 1060 1889 1102 coronasti

1056 1125 1158 1154 eum
1188 1113 1388 1156 D6mine.
1451 1117 1501 1167 R.
1536 1115 1593 1157 Et
1626 1115 1891 1158 constituisti

1057 1181 1157 1210 eum
1176 1183 1310 1223 super
1330 1173 1467 1224 opera
1482 1173 1691 1213 manuum
1705 1174 1891 1214 tuarum.

1393 1247 1556 1287 Oratio.

1056 1299 1283 1408 Sanctus
1306 1311 1407 1349 tuus
1427 1307 1616 1350 Domine
1637 1307 1890 1360 Gorgonius

1144 1376 1223 1404 sua
1241 1376 1324 1405 nos
1342 1363 1659 1407 intercessione
1678 1365 1890 1408 laetificet:

1056 1424 1100 1461 et
1124 1419 1198 1472 pia
1221 1420 1356 1462 faciat
1382 1421 1661 1464 solemnitate
1684 1421 1889 1473 gaudere.

1054 1477 1139 1518 Per
1157 1477 1410 1520 Dominum.

1055 1574 1291 1616 Dominica
1310 1574 1423 1617 infra
1439 1575 1535 1618 Oct.
1549 1575 1695 1618 Nativ.
1706 1576 1756 1617 B.
1766 1576 1823 1618 M.
1835 1576 1889 1618 V.

1189 1639 1267 1681 ss.
1286 1639 1514 1681 Nominis
1531 1641 1584 1682 B.
1604 1641 1667 1682 Μ.
1686 1641 1744 1683 V.

1315 1707 1471 1750 Duplex
1495 1708 1630 1750 majus.

1108 1758 1132 1802 ἒ
1156 1764 1197 1797 Si
1222 1764 1305 1797 haec
1327 1763 1479 1798 Domin.
1506 1763 1727 1798 immediate
1753 1774 1890 1808 sequa—

1054 1818 1116 1847 tur
1138 1812 1295 1846 Festum
1317 1812 1463 1854 Νῑιῐῑν.7
1491 1811 1607 1855 Vesp.
1631 1811 1812 1846 dicuntur
1835 1813 1890 1846 in·
1956 1816 1960 1825 ¹

1054 1866 1174 1903 tegra:
1200 1861 1247 1894 de
1266 1861 1394 1894 Nutiv.
1419 1860 1502 1894 sine
1521 1870 1718 1894 commem.
1737 1860 1794 1895 Ss.
1812 1860 1890 1895 No-

1054 1909 1180 1942 minis.
1229 1908 1269 1943 Si
1294 1914 1422 1942 autem
1447 1908 1604 1942 Festum
1628 1908 1686 1942 Ss.
1709 1908 1889 1943 Nominis

1055 1957 1202 1991 incidat
1228 1957 1268 1991 in
1293 1957 1397 1990 diem
1422 1956 1501 1991 Oct.
1529 1956 1677 1999 Nativ.‚
1711 1956 1890 1991 Officium

1054 2005 1094 2039 fit
1115 2005 1162 2038 de
1184 2015 1241 2047 eo,
1260 2005 1408 2048 absque
1427 2014 1561 2039 comm.
1581 2004 1659 2039 diei
1679 2004 1849 2039 Octavae.

1108 2057 1246 2091 Omnia
1271 2062 1312 2091 ut
1339 2058 1378 2091 in
1403 2057 1531 2091 Festis
1556 2057 1597 2091 B.
1623 2057 1758 2091 Mariae
1783 2057 1889 2101 Virg.

1053 2116 1123 2150 per
1147 2115 1290 2140 annum
1315 2105 1419 2150 [133],
1443 2110 1586 2150 praeter
1610 2105 1824 2150 sequentia.

1276 2179 1338 2219 In
1355 2179 1391 2219 Ι.
1411 2178 1662 2230 vesperis.

1107 2238 1179 2280 Ad
1207 2239 1382 2290 Magnis.
1408 2240 1451 2280 in
1479 2241 1576 2282 Ant.
1613 2240 1774 2283 Sancta
1797 2241 1887 2282 Ma-

1052 2299 1116 2338 ria
1143 2296 1303 2338 dicitur
1332 2297 1374 2336 in
1401 2296 1501 2337 fine:
1531 2297 1796 2350 quicumque
1821 2299 1887 2339 ce-

1052 2353 1226 2396 lebrant
1244 2353 1309 2395 tui
1324 2353 1465 2396 sancti
1478 2353 1682 2395 Nominis
1698 2366 1888 2396 comme·

1052 2411 1355 2452 morati6nem.

1394 2466 1558 2507 Oratio.

1133 2522 1317 2573 oncede,
1337 2525 1590 2576 quaesumus
1607 2526 1887 2577 omnipotens

1145 2580 1281 2621 Deus:
1313 2586 1361 2622 ut
1394 2579 1550 2622 fideles
1581 2581 1661 2630 tui,
1696 2580 1771 2632 qui
1804 2580 1886 2622 sub

1053 2637 1342 2679 sanctissimae
1377 2637 1572 2687 Virginis
1608 2637 1760 2679 Mariae
1798 2637 1887 2679 No-

1050 2694 1168 2736 mine
1187 2699 1231 2735 et
1248 2693 1528 2747 protectione
1547 2693 1770 2745 laetimtur3
1794 2695 1886 2747 ejus
