2040 2944
583 174 653 208 Die
682 174 730 208 17.
756 174 945 209 Octobris.
992 174 1027 208 S.
1051 174 1253 217 Hcdwigis
1280 174 1427 208 Vidute.

150 271 336 313 audierit
354 270 575 312 Christum
596 270 700 312 data
719 269 901 311 dextera
920 268 980 310 di-

150 329 322 369 centem
365 327 468 369 sibi:
513 327 735 379 Deinceps
783 330 832 367 ut
876 338 981 367 vera

149 396 314 437 sponsa
357 396 504 426 meum
548 382 713 425 zelabis
753 382 980 424 honorem.

148 440 214 482 Eo
249 440 524 490 consiliante,
567 439 757 480 maxime
795 438 980 480 arduum

148 502 301 539 votum
337 497 499 547 emisit,
542 494 762 538 efficiendi
804 507 980 548 semper

149 552 366 606 quidquid
404 552 643 606 perfectius
685 564 782 594 esse
824 551 979 593 intelli-

148 615 282 661 geret.
301 609 439 651 Multa
451 609 645 651 coelestis
660 608 890 661 sapientiae
905 607 980 649 do-

150 669 352 708 cumenta
377 666 658 719 conscripsit,
687 664 846 717 quibus
874 664 980 706 fide-

148 722 254 764 lium
287 728 457 765 mentes
495 721 552 764 ad
589 723 792 775 supernae
824 721 980 774 patriae

150 779 418 822 desiderium
435 779 625 820 maxime
644 778 903 820 excitantur.

203 839 254 890 R.
286 835 490 878 Dilexisti
516 835 739 888 justitiam,
776 839 820 876 et
848 834 979 876 odisti

149 892 438 945 iniquitatem:
470 896 496 921 ²⁸¹·
516 893 759 944 Propterea
786 891 910 932 unxit
936 895 980 932 te

149 949 289 999 Deus,
342 949 464 991 Deus
508 954 610 990 tuus
659 948 759 990 oleo
804 947 980 989 laetitiae.

150 1002 200 1055 V.
225 1006 413 1059 Propter
441 1006 684 1055 veritatem,
712 1009 756 1046 et
782 1017 979 1046 mansue-

149 1061 358 1113 tudinem,
380 1067 424 1104 et
440 1062 657 1115 justitiam.
685 1062 937 1114 Propterea.

444 1120 596 1161 Lectio
616 1121 669 1160 vi.

152 1171 300 1280 Cum
318 1179 464 1216 autem
479 1173 655 1216 assidua
669 1173 821 1216 ederet
837 1175 980 1216 exem-

238 1230 314 1284 pla
331 1231 560 1281 virtutum,
584 1235 675 1272 tam
701 1230 832 1272 anxio
853 1231 978 1272 casti-

148 1287 280 1338 gandi
299 1287 499 1340 corporis
515 1287 735 1329 desiderio
753 1287 979 1337 aestuabat,

147 1348 196 1386 ut
216 1345 416 1396 quamvis
437 1357 565 1386 secus
581 1344 819 1386 suaderent
835 1344 979 1386 morbi

148 1401 306 1453 quibus
320 1401 625 1452 afflictabatur,
638 1414 802 1454 corpus
818 1400 979 1451 ciliciis,

147 1457 324 1509 catenis,
340 1458 580 1500 urticarum
598 1457 844 1511 manipulis,
864 1457 978 1499 aliis-

148 1526 233 1566 que
252 1515 502 1567 asperrimis
528 1515 713 1566 flagellis
739 1527 860 1568 saepe
885 1527 978 1555 cru-

147 1570 303 1622 ciaret,
342 1576 386 1612 et
419 1571 656 1624 aliquando
689 1571 803 1612 inter
831 1571 979 1623 spinas

147 1626 381 1678 volutaret,
401 1627 463 1669 sic
482 1628 627 1669 Deum
646 1627 813 1679 alloqui
834 1626 979 1669 solita:

147 1683 336 1725 Domine
357 1689 432 1725 aut
445 1684 550 1738 pati,
570 1689 645 1726 aut
658 1684 788 1725 mori:
808 1696 855 1724 se
871 1696 979 1725 sem-

148 1752 229 1792 per
261 1739 507 1782 miserrima
538 1745 680 1782 morte
719 1743 980 1793 pereuntem

150 1796 426 1847 existimans,
478 1795 687 1850 quamdiu
737 1810 762 1838 a
809 1795 980 1838 coelesti

149 1854 327 1894 aeternae
355 1853 458 1895 vitae
486 1853 608 1895 fonte
642 1852 830 1894 abesset.
875 1853 978 1893 Pro-

147 1908 311 1962 phetiae
330 1908 449 1951 dono
469 1909 692 1959 excelluit,
713 1911 899 1961 eamque
919 1907 980 1950 di-

147 1965 260 2007 vinis
281 1965 615 2008 charismatibus
635 1971 726 2007 tam
740 1964 980 2007 liberaliter

147 2021 448 2076 locupletabat
475 2022 710 2072 Dominus,
737 2026 786 2063 ut
816 2021 979 2074 saepius

149 2079 398 2121 exclamans
421 2081 594 2131 peteret
612 2077 839 2120 beneficiis
863 2078 907 2118 in
931 2090 978 2119 se

149 2134 307 2177 divinis
338 2134 521 2177 modum
552 2135 740 2188 imponi,
776 2146 858 2176 nec
889 2138 979 2176 tam

148 2192 280 2234 celeri
303 2192 525 2234 oblivione
549 2191 778 2245 culparum
801 2192 979 2232 suarum

147 2249 406 2290 memoriam
422 2248 599 2291 aboleri.
623 2247 898 2290 Intolerabili
912 2248 980 2299 igi·

147 2309 218 2346 tur
246 2305 382 2347 divini
409 2306 572 2347 amoris
598 2303 802 2346 incendio
829 2303 979 2357 potius

150 2373 282 2412 quam
300 2362 344 2404 vi
361 2361 515 2412 morbi,
535 2361 664 2403 Albae
684 2374 783 2403 cum
803 2360 977 2402 decum-

147 2416 283 2468 beret,
302 2418 598 2471 praenuntiato
619 2430 711 2459 suae
726 2417 881 2459 mortis
897 2416 978 2468 die,

150 2473 460 2516 ecclesiasticis
489 2474 773 2516 sacramentis
800 2475 978 2523 munita,

149 2529 349 2572 alumnos
382 2530 438 2572 ad
465 2543 642 2583 pacem,
679 2530 908 2572 caritatem
935 2534 979 2571 et

150 2585 395 2637 regularem
444 2587 770 2630 observantiam
821 2585 977 2627 adhor-

149 2644 257 2691 tata,
283 2642 364 2684 sub
390 2643 607 2686 columbae
633 2643 780 2696 specie
799 2642 977 2695 purissi—

149 2711 266 2739 mam
285 2699 474 2740 animam
492 2700 590 2742 Deo
608 2698 819 2749 reddidit,
838 2710 978 2740 annos

1802 172 1869 208 375

1033 273 1137 310 nata
1152 271 1380 319 sexaginta
1397 274 1579 321 septem,
1600 280 1715 309 anno
1730 267 1866 308 mille-

1034 325 1145 367 simo
1195 325 1546 378 quingentesimo
1591 325 1866 375 octogesimo

1034 381 1251 431 secundo,
1287 381 1442 423 Idibus
1481 381 1710 431 Octobris,
1748 382 1868 433 juxta

1033 437 1292 480 Kalendarii
1303 438 1493 480 Romani
1503 437 1867 480 emendationem.

1033 495 1087 536 Ei
1110 495 1317 536 morienti
1342 493 1500 537 adesse
1518 496 1639 536 visus
1665 500 1732 536 est
1755 494 1868 536 inter

1034 551 1306 602 Angelorum
1319 551 1494 602 agmina
1509 551 1710 593 Christus
1724 551 1749 592 J
1751 563 1867 592 esus:

1034 613 1079 650 et
1103 608 1234 650 arbor
1257 607 1376 649 arida
1409 608 1533 650 cellae
1557 608 1759 661 proxima
1783 613 1867 649 sta-

1033 664 1113 706 tim
1127 665 1328 707 effloruit.
1354 665 1459 716 Ejus
1475 678 1639 718 corpus
1653 677 1794 717 usque
1810 663 1867 706 ad

1034 721 1147 763 hanc
1175 721 1292 763 diem
1319 721 1644 774 incorruptum,
1674 720 1864 763 odorato

1033 777 1205 830 liquore
1232 778 1561 827 circumfusum,
1589 778 1663 831 pia
1687 791 1866 819 venera-

1034 835 1154 876 tione
1167 834 1336 876 colitur.
1357 834 1581 876 Miraculis
1598 834 1754 876 claruit
1765 839 1867 876 ante

1034 896 1078 933 et
1096 896 1201 944 post
1221 891 1400 941 obitum,
1421 894 1608 944 eamque
1625 891 1867 942 Gregorius

1034 946 1232 989 decimus
1253 948 1431 999 quintus
1455 948 1500 988 in
1519 950 1773 990 sanctorum
1791 951 1866 989 nu-

1033 1017 1203 1047 merum
1222 1004 1381 1046 retulit.

1087 1064 1139 1115 Ιίι.
1157 1060 1419 1103 Afferentur.
1446 1060 1522 1113 [91]

1086 1123 1129 1157 In
1150 1123 1214 1157 III.
1238 1123 1437 1158 Nocturno
1456 1123 1628 1157 Homilia
1656 1124 1693 1158 in
1718 1124 1863 1165 Evang.

1034 1171 1166 1207 Simile
1190 1171 1263 1206 erit
1285 1181 1456 1215 regnum.
1485 1172 1531 1206 de
1558 1172 1693 1206 codem
1720 1174 1864 1207 Comm.

1035 1220 1062 1253 1.
1088 1219 1187 1254 loco.
1216 1219 1286 1263 [93]

1086 1267 1130 1301 In
1146 1267 1347 1302 Laudibus
1366 1273 1402 1302 ct
1418 1268 1464 1302 ΙΙ.
1483 1269 1668 1313 Vesperis
1687 1269 1864 1313 Hymnus

1033 1320 1073 1350 ut
1096 1316 1135 1350 in
1151 1316 1177 1350 I.
1195 1315 1312 1359 Vesp.
1335 1317 1411 1352 373.

1240 1391 1325 1432 Die
1353 1391 1411 1431 17.
1440 1391 1658 1433 Octobris.

1189 1456 1232 1496 S.
1260 1455 1522 1505 Hedwigis
1547 1456 1717 1498 Viduae.

1318 1507 1581 1551 Semiduplcx.

1087 1560 1223 1595 Omnia
1260 1560 1307 1594 de
1344 1561 1547 1596 Communi
1586 1572 1655 1596 nec
1692 1562 1864 1605 Virginis

1030 1619 1100 1642 nec
1125 1608 1306 1652 Martyris
1337 1608 1413 1652 [99]
1432 1615 1574 1653 praeter
1600 1611 1812 1653 sequentia.

1360 1660 1525 1703 Oratio.

1032 1712 1217 1818 DeuS,
1247 1717 1321 1769 qui
1348 1717 1525 1759 beatam
1552 1717 1814 1767 Hedwigem
1842 1731 1868 1759 a

1137 1774 1287 1815 saeculi
1301 1787 1467 1826 pompa
1482 1773 1539 1815 ad
1553 1773 1761 1815 humilem
1776 1779 1864 1815 tuae

1033 1830 1174 1872 crucis
1198 1830 1423 1882 sequelam
1446 1835 1543 1871 toto
1569 1830 1705 1872 corde
1728 1836 1865 1872 trans-

1031 1889 1094 1928 ire
1114 1886 1320 1928 docuisti:
1337 1885 1547 1938 concede3
1563 1892 1612 1928 ut
1631 1887 1722 1938 ejus
1742 1888 1865 1928 meri-

1031 1944 1088 1985 tis
1115 1948 1158 1985 et
1178 1943 1382 1996 exemplo
1404 1942 1626 1985 discamus
1645 1943 1866 1996 perituras

1031 1998 1183 2041 mundi
1212 1999 1384 2041 calcare
1415 1999 1610 2049 delicias,
1639 2005 1683 2042 et
1708 2000 1751 2040 in
1779 2013 1865 2041 am-

1032 2056 1167 2108 plexu
1190 2060 1278 2097 tuae
1303 2056 1445 2098 crucis
1471 2057 1617 2098 omnia
1640 2056 1768 2098 nobis
1791 2056 1864 2098 ad-

1032 2112 1253 2154 versantia
1287 2114 1511 2165 superare:
1562 2113 1646 2164 Qui
1678 2113 1790 2154 vivis
1822 2118 1866 2154 et

1031 2182 1200 2220 regnas.

1081 2239 1125 2273 In
1156 2239 1182 2274 Ι.
1212 2239 1412 2275 Nocturno
1444 2240 1649 2274 Lectiones
1683 2240 1730 2274 de
1762 2240 1860 2275 Scri-

1029 2291 1142 2331 ptura
1167 2292 1402 2323 occurrente.

1261 2353 1311 2391 In
1334 2353 1385 2392 II.
1409 2352 1631 2392 Nocturno.

1333 2417 1486 2458 Lectio
1507 2417 1561 2457 iv.

1043 2472 1365 2525 ⁴«
1401 2473 1532 2524 regiis
1566 2472 1685 2514 clara
1710 2473 1862 2514 natali-

1192 2529 1286 2579 bus,
1311 2529 1562 2571 innocentia
1588 2534 1736 2571 tamen
1760 2530 1861 2571 vitae

1078 2582 1090 2596 ψ
1107 2582 1115 2590 ”“
1191 2586 1322 2637 longe
1341 2585 1512 2636 clarior,
1537 2591 1702 2627 sanctae
1726 2585 1861 2626 Elisa-

1029 2641 1176 2684 bethae
1209 2641 1311 2682 filiae
1348 2642 1463 2692 regis
1498 2642 1736 2693 Hungariae
1773 2653 1860 2681 ma-

1029 2700 1204 2748 tertera,
1214 2697 1445 2740 Bertholdi
1460 2703 1504 2740 et
1518 2697 1702 2749 Agnetis
1717 2696 1859 2738 Mora-
