2040 2944
778 190 989 223 Commune
1018 191 1304 232 Apostolorum.

245 292 398 331 Bened.
438 289 585 339 Cujus,
621 290 684 329 vel
724 292 919 337 Quorum
956 287 1012 328 fe-

186 351 300 387 stum
329 345 523 386 colimus.

473 404 620 443 Lectio
644 404 725 442 viii.

233 473 259 500 n
279 459 623 509 regeneratione,
648 471 748 499 cum
768 458 933 500 sederit
946 459 1012 499 Fi-

253 516 336 556 lius
361 515 551 556 hominis
573 515 618 556 in
643 514 748 556 sede
773 515 1013 567 majestatis

185 586 276 613 suae
305 572 495 624 (quando
524 577 567 614 et
593 572 756 613 mortui
785 571 839 613 de
865 584 1012 613 corru-

184 629 335 682 ptione
355 632 584 680 resargent
600 629 868 681 incorrupti),
891 628 1012 670 sede-

183 686 287 727 bitis
316 691 360 727 et
388 699 466 727 vos
495 686 539 726 in
568 685 690 726 soliis
718 685 1013 737 judicantium,

184 742 530 784 condemnantes
546 742 781 784 duodecim
798 741 938 783 tribus
952 742 1012 782 Is-

184 799 291 840 rael:
330 799 431 852 quia
459 798 585 840 vobis
616 798 915 848 credentibus,
952 798 1013 839 illi

185 855 365 898 credere
394 855 639 897 noluerunt.
682 856 739 896 Et
767 856 910 896 omnis
940 856 1014 908 qui

184 913 408 965 reliquerit
432 912 623 962 domum,
652 911 721 953 vel
742 912 910 962 fratres,
939 917 1014 953 aut

184 972 376 1019 sorores,
405 974 479 1010 aut
502 974 688 1022 patrem,
717 974 792 1010 aut
815 973 1012 1019 matrem,

183 1031 259 1068 aut
283 1028 482 1075 uxorem,
521 1031 596 1067 aut
618 1025 749 1075 filios,
783 1030 858 1067 aut
883 1038 1013 1076 agros

183 1088 366 1136 propter
386 1095 546 1124 nomen
565 1095 728 1132 meum,
758 1082 1013 1135 centuplum

184 1140 385 1193 accipiet,
415 1145 459 1182 et
482 1140 616 1181 vitam
640 1141 851 1180 aeternam
875 1140 1012 1192 possi-

182 1196 314 1238 debit.
354 1197 500 1238 Locus
525 1197 608 1238 iste
629 1209 729 1237 cum
748 1196 822 1237 illa
843 1197 1012 1237 senten-

180 1254 242 1295 tia
271 1255 488 1305 congruit,
529 1253 573 1294 in
603 1266 689 1305 qua
716 1253 918 1294 Salvator
950 1253 1011 1294 lo-

183 1311 343 1362 quitur:
383 1311 484 1351 Non
514 1310 615 1351 veni
643 1323 799 1362 pacem
826 1312 1011 1359 mittere,

182 1366 262 1408 sed
286 1366 490 1418 gladium.
531 1366 647 1408 Veni
671 1366 787 1407 enim
807 1368 1012 1419 separare

181 1423 404 1465 hominem
433 1437 458 1464 a
485 1428 610 1476 patre
634 1435 731 1472 suo,
761 1428 804 1464 et
827 1428 1012 1464 matrem

180 1493 205 1521 a
221 1480 320 1529 filia,
342 1485 386 1522 et
400 1493 557 1521 nurum
577 1492 603 1520 a
621 1492 767 1521 socru:
787 1484 831 1521 et
849 1479 1013 1520 inimici

179 1536 368 1578 hominis
396 1536 629 1578 domestici
656 1537 757 1588 ejus.
797 1537 881 1586 Qui
907 1549 1012 1587 ergo

180 1599 364 1646 propter
383 1593 517 1635 fidem
536 1592 709 1642 Christi,
739 1598 782 1634 et
801 1592 1012 1646 praedica-

180 1651 345 1692 tionem
369 1649 612 1701 Evangelii,
651 1663 804 1691 omnes
830 1649 1013 1691 affectus

182 1707 545 1760 contempserint,
589 1712 722 1759 atque
757 1706 933 1748 divitias
971 1711 1015 1747 et

182 1764 331 1805 saeculi
359 1764 624 1816 voluptates:
660 1764 732 1805 isti
761 1763 1014 1816 centuplum

184 1821 409 1873 recipient,
430 1826 473 1862 et
492 1821 627 1862 vitam
647 1822 858 1862 aeternam
876 1820 1014 1872 possi-

186 1875 363 1918 debunt.

239 1936 284 1987 Rg.
315 1934 394 1975 Isti
414 1938 515 1975 sunt
533 1934 613 1974 viri
633 1933 783 1983 sancti,
805 1946 916 1986 quos
933 1932 1014 1974 ele-

186 1990 249 2041 git
268 1991 484 2031 Dominus
510 1991 554 2031 in
579 1991 762 2032 caritate
787 2003 875 2032 non
902 1990 1016 2040 ficta,

187 2052 231 2088 et
251 2046 373 2088 dedit
392 2047 476 2088 illis
491 2047 675 2098 gloriam
691 2047 1016 2100 sempiternam:

184 2107 203 2127 *
227 2104 423 2153 Quorum
440 2104 640 2146 doctrina
656 2104 792 2155 fulget
807 2103 1016 2152 Ecclesia,

188 2165 235 2201 ut
259 2160 352 2202 sole
376 2161 490 2202 luna.
528 2158 574 2208 δ”.
608 2161 756 2202 Sancti
780 2173 859 2213 per
883 2160 1016 2201 fidem

187 2217 384 2259 vicerunt
407 2231 557 2269 regna:
585 2217 755 2270 operati
775 2222 876 2258 sunt
900 2218 1016 2269 justi-

188 2273 303 2314 tiam.
333 2275 540 2324 Quorum.
568 2274 732 2315 Gloria.
761 2274 968 2324 Quorum.

242 2331 397 2371 Bened.
437 2331 506 2372 Ad
525 2331 792 2372 societatem.

484 2391 635 2432 Lectio
658 2392 709 2431 ix.

185 2444 296 2549 Ex
338 2444 569 2485 occasione
615 2443 740 2495 hujus
788 2442 1015 2484 sententiae

295 2499 470 2551 quidam
498 2500 782 2542 introducunt
805 2499 922 2540 mille
946 2512 1017 2539 an-

190 2569 270 2597 nos
289 2561 390 2608 post
411 2557 787 2605 resurrectionem,
810 2555 1017 2603 dicentes,

190 2618 293 2654 tunc
318 2611 444 2653 nobis
470 2613 721 2665 centuplum
743 2613 936 2654 omnium
955 2625 1018 2652 re-

191 2683 287 2710 rum
314 2682 423 2721 quas
447 2668 704 2718 dimisimus,
740 2675 784 2711 et
804 2669 939 2710 vitam
964 2682 1018 2709 ae-

190 2728 359 2767 ternam
386 2738 482 2766 esse
511 2725 797 2767 reddendam:
839 2737 927 2766 non
956 2725 1016 2765 in-

1065 286 1326 338 telligentes,
1356 287 1493 340 quod,
1522 289 1560 329 si
1583 289 1628 329 in
1651 289 1808 331 ceteris
1833 288 1893 330 di-

1064 357 1149 395 gna
1182 344 1238 385 sit
1271 345 1570 397 repromissio,
1607 345 1650 386 in
1682 345 1893 387 uxoribus

1065 403 1278 454 appareat
1305 401 1552 454 turpitudo:
1588 406 1636 443 ut
1661 403 1736 455 qui
1762 415 1893 444 unam

1064 471 1146 510 pro
1170 458 1362 500 Domino
1383 458 1606 508 dimiserit,
1633 463 1809 500 centum
1829 473 1892 501 re-

1065 515 1198 567 cipiat
1222 515 1265 555 in
1291 515 1450 556 futaro.
1493 515 1655 556 Sensus
1682 528 1785 567 ergo
1810 517 1894 558 iste

1066 577 1146 613 est:
1175 572 1258 622 Qui
1278 571 1467 613 carnalia
1486 584 1567 624 pro
1586 571 1814 614 Salvatore
1833 572 1893 614 di-

1064 629 1247 678 miserit,
1284 628 1526 681 spiritualia
1559 629 1756 682 recipiet:
1795 643 1893 682 quae

1066 686 1394 738 comparatione
1423 690 1467 727 et
1493 685 1651 726 merito
1680 686 1747 726 sui
1769 686 1829 727 ita
1854 699 1894 728 e-

1065 746 1175 792 runt,
1196 743 1320 795 quasi
1340 743 1376 783 si
1390 755 1529 795 parvo
1549 745 1733 784 mimero
1753 747 1895 784 cente-

1064 799 1211 840 narius
1230 802 1438 841 numerus
1458 801 1748 851 comparetur.

1122 861 1268 895 Deinde
1289 862 1427 896 dicitur
1445 861 1637 906 Hymnus:

1114 913 1181 953 ‘Te
1199 912 1343 954 Deum
1362 912 1604 954 laudamus.
1627 914 1686 953 14.

1330 985 1409 1026 Ad
1431 985 1628 1026 Laudes

1287 1047 1334 1074 et
1371 1051 1460 1083 per
1498 1039 1679 1074 Horas

1124 1097 1218 1136 Ant.
1248 1098 1272 1136 l.
1310 1097 1403 1136 Hoc
1423 1100 1490 1136 est
1513 1097 1786 1148 praeceptum
1807 1108 1894 1136 me-

1064 1166 1153 1202 um,
1177 1153 1200 1178 *
1234 1158 1281 1193 ut
1315 1152 1504 1203 diligatis
1540 1152 1743 1202 invicem,
1782 1153 1894 1194 sicut

1065 1209 1197 1251 dilexi
1225 1222 1315 1250 vos.

1125 1268 1275 1307 Psalm.
1307 1266 1522 1307 Dominus
1554 1266 1763 1317 regnavit.
1799 1279 1897 1307 cum

1070 1324 1258 1375 reliquis.
1284 1323 1342 1363 15.

1119 1382 1154 1420 2.
1195 1381 1403 1432 Majorem
1442 1380 1668 1421 caritatem
1704 1380 1727 1404 *
1764 1392 1893 1421 nemo

1064 1435 1208 1486 habet,
1228 1442 1276 1478 ut
1296 1437 1485 1477 animam
1505 1449 1628 1477 suam
1645 1441 1782 1488 ponat
1798 1436 1894 1488 quis

1064 1506 1146 1546 pro
1167 1493 1317 1534 amicis
1337 1493 1438 1534 suis.

1120 1552 1156 1590 3.
1186 1550 1275 1591 Yos
1297 1550 1425 1591 amici
1443 1550 1529 1591 mei
1549 1549 1666 1598 estis,
1685 1549 1708 1574 *
1728 1549 1765 1589 si
1784 1549 1894 1590 fece-

1066 1607 1159 1648 ritis
1180 1619 1278 1659 quae
1297 1607 1508 1659 praecipio
1527 1605 1666 1655 vobis,
1686 1605 1792 1647 dicit
1806 1605 1895 1646 Do-

1065 1677 1219 1704 mmus.

1120 1722 1156 1760 4.
1187 1721 1308 1762 Beati
1331 1720 1518 1773 pacifici,
1537 1721 1560 1745 *
1588 1719 1708 1762 beati
1731 1718 1895 1760 mundo

1067 1776 1216 1818 corde:
1256 1778 1462 1830 quoniam
1488 1777 1574 1830 ipsi
1601 1777 1745 1818 Deum
1778 1775 1896 1818 vide-

1067 1834 1188 1875 bunt

1120 1892 1156 1930 Γ).
1191 1892 1238 1932 ln
1261 1891 1472 1944 patientia
1490 1895 1638 1932 vestra
1657 1890 1681 1916 *
1700 1888 1896 1942 posside-

1067 1947 1169 1989 bitis
1190 1949 1356 1990 animas
1375 1953 1556 1990 vestras.

1149 2017 1408 2069 Capitulum.
1559 2018 1711 2069 Ephes.
1727 2019 1762 2057 2.
1780 2017 1818 2058 d.

1068 2074 1303 2180 Fratres:
1331 2079 1355 2119 J
1358 2092 1428 2119 am
1452 2091 1540 2120 non
1565 2078 1670 2119 estis
1688 2076 1897 2129 hospites,

1166 2141 1209 2178 et
1225 2135 1420 2177 advenae:
1448 2135 1527 2177 sed
1546 2135 1650 2176 estis
1670 2134 1786 2176 cives
1803 2145 1896 2174 san-

1070 2194 1256 2242 ctorum,
1291 2197 1334 2234 et
1362 2192 1591 2234 domestici
1618 2191 1715 2232 Dei:
1748 2201 1896 2242 super-

1069 2249 1274 2290 aedificati
1290 2262 1421 2302 super
1436 2248 1765 2290 fundamentum
1779 2246 1897 2298 Apo-

1070 2305 1283 2347 stolorum
1326 2311 1369 2347 et
1405 2305 1746 2358 Prophetarum,
1798 2302 1897 2354 ipso

1071 2367 1195 2404 sumo
1217 2362 1412 2413 angulari
1431 2361 1577 2414 lapide
1593 2360 1767 2402 Christo
1782 2359 1805 2399 J
1810 2372 1898 2401 esu.

1123 2419 1170 2470 R.
1199 2420 1297 2461 Deo
1318 2419 1492 2471 gratias.

1379 2487 1586 2537 Hymnus.

1174 2554 1339 2595 xsultet
1359 2552 1478 2595 orbis
1498 2551 1686 2603 gaadiis:

1201 2610 1371 2652 Coelum
1391 2608 1574 2650 resultet
1592 2607 1812 2649 laudibus:

1149 2666 1469 2720 Apostolorum
1488 2665 1673 2715 gloriam

1149 2723 1299 2765 Tellus
1319 2727 1362 2764 et
1381 2727 1498 2763 astra
1517 2722 1763 2763 concinunt.
