2040 2944
206 247 275 282 170

204 347 325 383 tanta
354 340 509 382 domus
533 338 664 387 illius,
694 342 857 390 quanta
883 337 963 378 fuit
988 336 1031 377 in

204 401 382 440 suorum
401 409 551 447 regum
570 394 708 436 libera
726 397 959 446 potestate.

250 454 300 505 R'·
334 453 621 503 Congregatae
641 456 753 493 sunt.
771 451 858 491 163.

496 507 651 548 LectlO
672 507 724 547 Vl.

198 560 416 665 Deinde
452 564 720 606 Ptolemaeus
753 564 862 615 Lagi
899 564 1030 614 filius,

300 627 403 675 post
422 621 664 663 Alexandri
683 626 871 663 mortem
896 623 1029 674 capti-

202 692 282 721 vos
309 679 412 720 inde
442 679 485 719 in
514 679 758 731 AEgyptum
792 678 1030 720 transtulit:

202 749 313 788 quos
357 737 447 788 ejus
491 737 723 777 successor
763 734 1029 776 Ptolemaeus

199 792 513 846 Philadelphus
538 791 951 834 benevolentissime
970 792 1029 833 in-

200 848 255 891 de
281 849 459 891 dimisit:
489 862 570 902 per
601 862 731 902 quem
763 848 926 890 factum
951 854 1029 899 est,

198 913 246 948 ut
278 906 564 959 Septuaginta
597 906 886 958 interpretum
917 905 1028 946 Scri-

198 966 351 1016 pturas
389 962 662 1004 haberemus.
720 961 891 1003 Deinde
929 975 1028 1003 con-

197 1021 289 1062 triti
309 1025 409 1061 sunt
427 1019 571 1069 bellis,
600 1032 698 1071 quae
719 1019 762 1059 in
783 1018 1027 1061 Machabae-

200 1079 324 1118 orum
343 1077 467 1118 libris
488 1075 774 1129 explicantur.
806 1076 914 1117 Post
932 1075 1028 1118 haec

198 1135 315 1186 capti
331 1147 356 1175 a
367 1146 469 1184 rege
483 1132 762 1174 Alexandriae
773 1132 1028 1183 Ptolemaeo,

198 1191 271 1243 qui
292 1196 359 1232 est
378 1190 626 1243 appellatus
640 1189 906 1242 Epiphanes,
926 1189 1027 1231 inde

196 1247 251 1289 ab
276 1247 500 1289 Antiocho
523 1260 625 1298 rege
649 1247 786 1299 syriae
812 1247 962 1288 multis
985 1252 1028 1288 et

196 1304 466 1355 gravissimis
485 1304 611 1345 malis
631 1302 687 1345 ad
706 1303 825 1345 idola
842 1303 1028 1345 colenda

197 1361 429 1413 compulsi:
458 1361 763 1414 templumque
795 1361 939 1412 ipsum
963 1373 1027 1402 re—

196 1418 363 1470 pletum
392 1417 616 1469 sacrilegis
642 1417 1027 1469 superstitionibus

198 1474 420 1525 Gentium,
445 1474 565 1526 quod
589 1479 735 1515 tamen
760 1472 849 1515 dux
874 1476 1027 1515 eorum

197 1531 521 1572 strenuissimus
535 1531 560 1571 J
562 1530 683 1580 udas,
702 1530 776 1581 qui
791 1530 924 1572 etiam
938 1530 1027 1572 Ma—

197 1587 403 1629 chabaeus
433 1588 575 1629 dictus
605 1593 686 1636 est,
715 1587 924 1628 Antiochi
951 1587 1026 1629 d1'1-

197 1644 320 1686 cibus
340 1644 496 1697 pulsis,
525 1644 580 1686 ab
608 1645 727 1685 omni
751 1644 825 1685 illa
843 1644 1026 1685 idolola-

194 1703 291 1742 triae
311 1701 682 1742 contaminatione
700 1700 939 1742 mundavit.

245 1759 297 1809 R.
325 1758 421 1799 Tua
440 1763 506 1800 est
525 1758 735 1810 potentia.
756 1759 844 1798 163.

245 1815 296 1855 R.
316 1813 385 1854 vii.
413 1814 603 1856 Refulsit
623 1815 701 1855 sol.
720 1810 824 1853 ibid.

245 1872 296 1922 R.
318 1870 401 1910 viii.
427 1872 528 1912 Duo
548 1871 790 1924 Seraphim.
806 1868 909 1910 ibid.

364 1976 540 2012 Feria
573 1975 859 2014 Secunda.

231 2029 299 2071 De
319 2029 432 2070 libro
453 2029 597 2082 primo
618 2029 987 2071 Machabaeorum.

296 2090 448 2131 Lectio
469 2090 493 2130 i.
721 2088 823 2139 Cap.
839 2087 876 2127 4.
894 2086 919 2127 f.

250 2162 258 2206 f
306 2156 378 2193 nte
429 2154 690 2194 matutinum
742 2154 1026 2195 surrexerunt

324 2209 474 2260 quinta
503 2214 547 2250 et
568 2208 780 2259 vigesima
813 2208 885 2250 die
908 2222 1026 2251 men-

197 2265 257 2305 sis
290 2265 392 2306 noni
434 2265 519 2316 (hic
557 2270 624 2307 est
655 2265 819 2307 mensis
853 2266 1025 2318 Casleu)

197 2321 423 2363 centesimi
492 2321 816 2374 quadragesimi
879 2324 1026 2365 octavi

197 2377 312 2418 anni:
341 2383 384 2419 et
407 2378 660 2421 obtulerunt
679 2379 942 2421 sacrificium
962 2393 1025 2422 se-

197 2433 389 2476 cundum
412 2434 555 2486 legem
580 2448 714 2488 super
739 2435 877 2477 altare
903 2436 1024 2478 holo-

197 2492 450 2532 caustorum
469 2504 648 2542 novum,
679 2492 800 2544 quod
818 2492 1025 2534 fecerunt.

196 2546 445 2588 Secundum
486 2552 661 2600 tempus
702 2554 747 2590 et
784 2549 1025 2590 secundum

198 2602 329 2653 diem,
364 2604 407 2644 in
435 2617 520 2656 qua
546 2606 954 2647 contaminaverunt
977 2605 1024 2646 il-

196 2659 273 2701 lud
293 2660 477 2709 Gentes,
501 2661 545 2700 in
564 2661 660 2713 ipsa
679 2664 939 2704 renovatum
959 2666 1025 2703 est

197 2716 239 2756 in
266 2716 463 2766 canticis,
493 2722 536 2758 et
562 2717 757 2767 citharis,
785 2722 828 2759 et
853 2718 1025 2770 cinyris‚

198 2776 241 2814 et
260 2772 479 2825 cymbalis.
513 2773 570 2814 Et
596 2774 754 2816 cecidit
779 2775 921 2815 omnis
948 2776 1025 2827 po-

708 238 809 271 Infra
833 236 1128 270 Hebdomndam
1154 236 1190 269 ii.
1217 234 1406 269 Octobris.

1085 335 1215 388 pulus
1234 336 1275 376 in
1295 336 1462 386 faciem,
1482 340 1526 378 et
1545 335 1851 387 adoraverunt,
1871 341 1915 378 et

1084 392 1403 435 benedixerunt
1429 393 1474 434 in
1503 392 1665 434 coelum
1693 405 1810 443 eum,
1840 393 1914 446 qui

1084 450 1365 503 prosperavit
1385 450 1458 491 eis.

1133 506 1182 556 R'·
1213 507 1335 548 Dixit
1353 507 1377 547 J
1380 506 1501 548 udas.
1520 506 1609 547 164.

1388 557 1541 598 Lectio
1562 557 1601 596 ii.

1162 624 1180 660 t
1204 619 1401 661 fecerunt
1421 619 1745 661 dedicationem
1764 619 1914 661 altaris

1180 676 1335 719 diebus
1358 682 1476 727 octo,
1502 682 1545 718 et
1566 676 1820 719 obtulerunt
1839 676 1915 719 ho·

1083 734 1283 776 locausta
1298 747 1397 775 cum
1411 733 1574 783 laetitia,
1594 738 1637 775 et
1652 733 1915 775 sacrificium

1085 790 1304 841 salutariS,
1329 796 1373 832 et
1391 789 1544 832 laudis.
1571 791 1628 832 Et
1648 791 1915 838 ornaverunt

1083 847 1241 889 faciem
1273 847 1427 900 templi
1461 847 1637 889 coronis
1670 847 1834 898 aureiS,
1871 852 1915 894 et

1083 905 1285 946 scatulis:
1319 910 1362 946 et
1395 904 1710 946 dedicaverunt
1743 909 1914 958 portas,

1083 967 1127 1003 et
1144 961 1444 1014 pastophoria,
1466 966 1510 1004 et
1527 961 1832 1015 imposuerunt
1852 962 1914 1004 eis

1083 1019 1244 1069 januas.
1280 1019 1336 1061 Et
1360 1019 1476 1061 facta
1499 1024 1569 1061 est
1592 1018 1748 1061 laetitia
1772 1019 1817 1060 in
1835 1020 1912 1071 po-

1081 1075 1186 1127 pulo
1226 1089 1385 1127 magna
1423 1075 1569 1126 valde,
1621 1081 1665 1117 et
1709 1077 1914 1117 aversum

1082 1138 1149 1174 est
1174 1132 1465 1186 opprobrium
1491 1132 1710 1174 Gentium.
1746 1133 1804 1175 Et
1829 1134 1913 1175 sta-

1081 1190 1163 1230 tuit
1181 1190 1206 1230 J
1209 1189 1337 1239 udas,
1366 1194 1410 1231 et
1435 1189 1593 1231 fratres
1618 1190 1727 1242 ejus,
1755 1194 1800 1232 et
1822 1189 1913 1231 uni-

1080 1247 1209 1287 versa
1228 1246 1413 1288 ecclesia
1427 1246 1566 1287 Israel
1583 1251 1631 1287 ut
1647 1248 1803 1298 agatur
1819 1245 1914 1288 dies

1082 1302 1385 1344 dedicationis
1398 1303 1548 1345 altaris
1570 1303 1615 1344 in
1638 1302 1912 1356 temporibus

1082 1360 1172 1400 suis
1204 1360 1260 1402 ab
1294 1372 1407 1401 anno
1439 1361 1483 1402 in
1516 1373 1677 1402 annum
1708 1373 1789 1414 per
1818 1360 1912 1402 dies

1082 1422 1184 1458 octo
1208 1429 1233 1458 a
1254 1417 1405 1469 quinta
1425 1422 1468 1458 et
1483 1417 1695 1469 vigesima
1710 1416 1781 1459 die
1795 1429 1912 1459 men-

1082 1473 1142 1514 sis
1167 1474 1343 1524 CasleU,
1369 1487 1468 1516 cum
1493 1474 1647 1516 laetitia
1671 1478 1715 1516 et
1738 1473 1913 1525 gaudio.

1131 1527 1183 1580 Rz.
1211 1531 1490 1572 Ornaverunt
1508 1530 1676 1572 faciem.
1695 1532 1784 1572 164.

1378 1584 1533 1626 Lectio
1554 1584 1612 1625 iii.

1160 1649 1178 1685 t
1201 1643 1531 1686 aedificaverunt
1552 1646 1595 1686 in
1616 1647 1817 1698 tempore
1835 1645 1911 1688 illo

1170 1706 1365 1743 montem
1384 1701 1500 1752 Sion,
1520 1707 1564 1744 et
1582 1715 1663 1755 per
1683 1702 1912 1745 circuitum

1079 1770 1230 1799 muros
1250 1758 1382 1809 altos,
1411 1763 1456 1800 et
1477 1763 1622 1801 turres
1645 1759 1812 1810 firmas,
1839 1772 1911 1803 ne-

1080 1815 1258 1866 quando
1286 1818 1486 1858 venirent
1515 1817 1699 1867 Gentes,
1735 1821 1780 1859 et
1811 1829 1911 1859 con-

1080 1871 1303 1914 culcarent
1318 1885 1418 1914 eum
1433 1873 1546 1915 sicut
1561 1876 1691 1916 antea
1703 1873 1912 1915 fecerunt.

1079 1927 1136 1969 Et
1168 1928 1405 1971 collocavit
1443 1929 1532 1971 illic
1569 1930 1825 1980 exercitum,
1863 1934 1912 1972 ut

1080 1986 1307 2027 servarent
1327 1999 1442 2036 eum,
1467 1991 1511 2028 et
1530 1986 1715 2028 munivit
1734 1999 1835 2028 eum
1854 1986 1911 2028 ad

1080 2041 1416 2084 custodiendam
1446 2042 1729 2093 Bethsuram,
1760 2047 1810 2084 ut
1836 2042 1910 2084 ha-

1078 2096 1204 2139 beret
1228 2099 1421 2152 populus
1445 2099 1732 2142 munitionem
1758 2105 1912 2142 contra

1078 2153 1235 2196 faciem
1253 2154 1475 2197 Idumaeae.

1131 2214 1184 2265 R.
1209 2211 1261 2252 In
1278 2211 1463 2264 hymnis.
1482 2214 1571 2255 164.

1297 2318 1460 2355 Feria
1491 2318 1694 2355 Tertia.

1119 2370 1187 2411 De
1206 2369 1320 2412 libro
1339 2371 1483 2424 primo
1502 2371 1871 2414 Machabaeorum.

1183 2430 1335 2471 Lectio
1356 2430 1379 2469 i.
1649 2427 1752 2479 Cap.
1768 2427 1805 2466 5.

1092 2501 1110 2537 4
1168 2497 1186 2534 t
1204 2493 1368 2535 factum
1387 2498 1464 2542 est,
1483 2498 1532 2535 ut
1549 2492 1780 2534 audierunt
1795 2493 1908 2535 Gen-

1190 2555 1257 2591 tes
1289 2549 1334 2590 in
1368 2549 1554 2591 circaitu
1586 2549 1688 2601 quia
1720 2548 1908 2591 aedifica-

1077 2611 1170 2647 tum
1190 2610 1258 2647 est
1276 2605 1430 2655 altare,
1449 2610 1494 2646 et
1512 2606 1809 2647 sanctuarium
1828 2607 1908 2648 sic-

1077 2667 1126 2703 ut
1143 2662 1281 2714 prius,
1300 2661 1425 2703 iratae
1444 2666 1545 2702 sunt
1564 2660 1709 2703 valde:
1728 2667 1772 2703 et
1792 2662 1907 2714 cogi-

1077 2718 1231 2760 tabant
1265 2717 1423 2759 tollere
1459 2730 1597 2769 genus
1633 2718 1790 2770 Jacob,
1833 2719 1907 2772 qui

1079 2779 1201 2816 erant
1219 2774 1333 2816 inter
1352 2787 1448 2825 eOS,
1476 2779 1520 2816 et
1546 2777 1776 2827 coeperunt
1795 2777 1907 2817 occi-
