2040 2944
618 149 728 182 Dom.
755 148 780 182 I.
805 147 884 182 Oct.
928 148 984 183 Ss.
1010 148 1165 183 Rosarii
1189 148 1230 182 B.
1255 147 1389 182 Mariae
1410 148 1454 181 V.

237 246 320 296 Qui
372 243 598 285 annuntiat
650 244 834 285 verbum
887 255 1014 284 suum

183 301 338 343 Jacob:
371 301 393 326 *
425 300 629 352 justitias,
669 305 712 341 et
744 298 903 351 judicia
937 312 1014 340 sua

184 358 330 398 Israel.

235 413 336 454 Non
357 413 459 454 fecit
478 412 623 454 taliter
643 413 763 454 omni
781 413 966 455 nationi:
991 415 1014 439 ¹⁸¹

183 475 226 511 et
242 469 401 521 judicia
421 481 500 509 sua
519 481 607 509 non
624 469 922 511 manifestavit
942 470 1014 510 eis.

238 532 337 570 Ant.
382 529 598 571 Viderunt
635 543 732 571 eam
771 530 873 571 filiae
910 530 1015 571 Sion

182 589 439 628 vernantem
462 586 505 627 in
525 586 708 628 floribus
726 589 943 635 rosarum,
973 592 1016 628 et

182 643 480 684 beatissimam
499 643 865 695 praedicaverunt.

266 713 525 765 Capitulum.
638 712 769 754 Eccli.
783 714 848 762 24,
863 714 927 753 39.

230 781 258 808 n
286 780 356 810 me
383 769 526 819 gratia
555 769 697 810 omnis
724 769 808 810 viae
838 774 881 810 et
906 770 1014 811 veri-

255 825 375 874 tatiS,
400 826 443 866 in
467 838 538 867 me
563 826 705 867 omnis
725 837 828 878 spes
848 826 953 867 vitae
973 831 1016 867 et

182 881 373 922 virtutis:
407 894 489 932 ego
526 882 651 934 quasi
690 894 791 923 rosa
819 881 1015 934 plantata

182 949 314 989 super
346 938 464 979 rivos
496 940 708 990 aquarum
744 938 1016 979 fructificavi.

495 1001 704 1052 Hymnus.

308 1058 475 1100 oelestis
496 1059 608 1100 aulae
628 1059 830 1109 Nuntius,

328 1115 504 1156 Arcana
519 1114 719 1167 pandens
734 1115 949 1164 Numinis,

286 1171 468 1212 Plenam
489 1171 651 1213 salutat
670 1172 813 1223 gratia

286 1228 369 1269 Dei
389 1227 622 1269 Parentem
641 1228 880 1279 Virginem.

236 1292 372 1343 Virgo
394 1295 689 1344 propinquam
710 1293 920 1344 sanguine

286 1348 470 1389 Matrem
492 1349 515 1389 J
519 1350 674 1390 oannis
694 1350 852 1399 visitat,

284 1405 369 1454 Qui
389 1404 564 1446 clausus
588 1405 687 1447 alvo
708 1405 902 1457 gestiens

284 1460 458 1502 Adesse
478 1461 702 1503 Christum
720 1462 902 1504 nuntiat.

242 1526 444 1576 Verbum,
464 1526 586 1578 quod
606 1533 706 1569 ante
727 1528 889 1569 saecula

286 1583 322 1622 E
342 1588 488 1625 mente
507 1583 653 1625 Patris
676 1583 853 1636 prodiit,

289 1639 326 1679 E
347 1639 500 1681 Matris
518 1639 619 1681 alvo
638 1640 834 1691 Virginis

288 1695 487 1737 Mortalis
507 1696 655 1737 Infans
675 1697 879 1738 nascitur.

236 1760 420 1812 Templo
439 1760 613 1813 puellus
633 1761 811 1810 sistitur,

285 1816 481 1869 Legique
500 1822 628 1869 paret
646 1817 821 1868 Legifer

286 1872 371 1914 Hic
391 1886 439 1914 se
459 1872 737 1926 Redemptor
757 1877 955 1926 paupere

286 1928 436 1971 Pretio
456 1929 714 1982 redemptus
733 1929 942 1971 immolat.

238 2000 375 2046 Quem
394 1995 478 2046 jam
500 1994 680 2036 dolebat
699 1994 932 2047 perditum,

289 2050 395 2091 Mox
415 2050 518 2092 laeta
538 2051 678 2092 Mater
697 2052 862 2093 invenit

291 2107 447 2157 Ignota
469 2106 614 2149 doctis
635 2107 855 2149 mentibus

288 2162 617 2205 Edisserentem
636 2164 806 2205 Filium.

241 2231 351 2277 Jesu,
371 2228 451 2270 tibi
472 2229 528 2270 sit
547 2229 698 2280 gloria,

290 2285 373 2335 Qui
396 2290 524 2327 natus
546 2299 593 2327 es
614 2285 669 2327 de
688 2286 882 2336 Virgine,

291 2341 401 2382 Cum
419 2342 551 2383 Patre
571 2347 615 2384 et
634 2342 751 2383 almo
771 2342 937 2395 Spiritu

289 2398 338 2438 In
359 2398 626 2450 sempiterna
647 2399 819 2440 saecula.
866 2399 1019 2440 Amen.

240 2455 302 2488 Sic
328 2455 581 2488 terminantur
605 2455 747 2498 Hymni
773 2456 822 2489 ad
842 2456 1018 2498 Comple-

187 2502 327 2537 torium
353 2508 388 2537 et
411 2503 461 2536 ad
486 2503 623 2537 Horas.

239 2547 290 2600 V.
317 2552 488 2602 Regina
520 2553 806 2594 sacratissimi
832 2553 1019 2602 Rosarii,

186 2621 265 2649 ora
289 2621 372 2660 pro
398 2608 538 2649 nobis.
566 2609 617 2660 Re.
642 2610 700 2651 Ut
719 2609 838 2659 digni
859 2609 1019 2651 efficia·

188 2677 284 2705 mur
311 2665 677 2716 promissionibus
698 2665 869 2707 Christi.

1120 244 1193 287 Ad
1213 245 1388 297 Magnis.
1418 246 1518 288 Ant.
1551 245 1691 287 Beata
1719 257 1781 301 es,
1804 245 1900 287 Vir·

1068 312 1125 350 go
1151 300 1306 350 Maria,
1331 302 1415 343 Dei
1441 300 1658 350 Genitrix‚
1687 314 1787 353 quae
1812 314 1902 343 cre-

1069 355 1220 398 didisti
1253 357 1463 407 Domin03
1497 356 1695 409 perfecta
1729 363 1831 399 sunt
1858 359 1900 398 in

1069 418 1112 454 te
1145 426 1244 464 quae
1272 414 1389 456 dicta
1417 418 1518 455 sunt
1548 412 1645 463 tibi,
1676 414 1902 456 intercede

1069 482 1152 521 pro
1172 470 1300 511 nobis
1321 471 1377 512 ad
1395 471 1511 511 Dr‘im
1529 469 1673 511 Deum
1692 476 1902 513 nostrum.

1408 534 1572 576 Oratio.

1160 608 1248 646 eus,
1263 597 1383 648 cujus
1394 596 1655 648 Unigenitus
1667 607 1748 648 per
1757 596 1903 645 vitam,

1175 658 1362 694 mortem
1387 658 1431 694 et
1449 652 1817 694 resurrectionem
1836 665 1904 693 su-

1071 720 1141 748 am
1168 708 1297 751 nobis
1327 709 1480 750 salutis
1508 711 1687 751 aeternae
1720 709 1903 761 praemia

1071 765 1360 817 comparavit:
1401 765 1596 808 concede
1635 767 1904 818 quaesumus:

1071 826 1118 862 ut
1154 820 1250 862 haec
1286 822 1495 874 mysteria
1529 822 1804 864 sanctissimo
1832 821 1904 863 be·

1072 879 1157 918 atae
1177 877 1330 919 Mariae
1349 878 1542 929 Virginis
1569 878 1759 921 Rosario
1785 890 1904 919 reco-

1070 932 1220 982 lentes,
1241 939 1285 975 et
1299 934 1518 976 imitemur
1534 934 1655 987 quod
1671 933 1904 983 continent,

1071 994 1114 1030 et
1144 989 1264 1041 quod
1296 993 1574 1042 promittunt,
1607 992 1905 1043 assequamur.

1070 1045 1154 1086 Per
1173 1045 1380 1088 eumdem
1398 1047 1647 1088 Dominum.

1123 1114 1171 1148 Et
1192 1114 1235 1147 fit
1259 1123 1393 1147 comm.
1418 1112 1635 1148 Dominicae
1660 1122 1804 1147 occurr.

1235 1175 1323 1216 Ad
1350 1175 1740 1216 Matutinum.

1124 1239 1247 1279 Invit.
1263 1236 1594 1278 Solemnitatem
1613 1236 1790 1278 Rosarii
1806 1235 1904 1277 Vir-

1069 1293 1180 1343 ginis
1191 1293 1342 1334 Mariae
1354 1293 1642 1335 celebremus:
1654 1292 1905 1334 *Christum

1071 1351 1161 1401 ejus
1181 1350 1339 1391 Filium
1356 1350 1591 1392 adoremus
1610 1350 1861 1391 Dominum.

1124 1413 1192 1453 Ps.
1229 1412 1392 1461 Venite,
1412 1411 1690 1453 exsultemus.

1379 1484 1592 1534 Hymnus.

1171 1555 1198 1582 n
1218 1547 1368 1583 monte
1389 1541 1516 1582 olivis
1537 1541 1709 1582 consito

1192 1596 1468 1650 Redemptor
1488 1610 1630 1647 orans,
1648 1596 1853 1650 procidit,

1174 1654 1344 1703 Moeret,
1362 1654 1571 1706 pavescit,
1591 1653 1750 1707 deficit,

1173 1710 1344 1753 Sudore
1363 1723 1546 1752 manans
1566 1710 1801 1761 sanguinis.

1126 1784 1164 1822 A
1184 1779 1414 1832 proditore
1433 1779 1620 1822 traditus

1175 1837 1398 1889 Raptatur
1417 1837 1461 1878 in
1481 1848 1639 1889 poenas
1659 1836 1792 1884 DeuS,

1177 1893 1399 1945 Durisque
1418 1893 1591 1934 vinctus
1610 1890 1796 1933 nexibus

1176 1949 1346 2000 Flagris
1366 1949 1557 1991 cruentis
1579 1947 1775 1990 caeditur.

1129 2021 1299 2061 Intexta
1319 2019 1460 2061 acutis
1479 2018 1687 2063 sentibus,

1166 2076 1351 2117 ‚Corona
1370 2074 1659 2124 contumeliae,

1175 2131 1417 2184 Squallenti
1435 2134 1643 2174 amictum
1659 2133 1867 2183 purpura,

1177 2189 1346 2239 Regem
1366 2190 1551 2230 coronat
1568 2187 1732 2239 gloriae.

1078 2283 1082 2288 -
1133 2257 1256 2299 Molis
1276 2270 1451 2299 crucem
1470 2262 1538 2299 ter
1557 2256 1719 2306 arduae,

1176 2314 1359 2363 Sudans,
1380 2314 1588 2356 anhelans
1608 2312 1856 2362 concidens,

1177 2369 1251 2412 Ad
1269 2371 1433 2412 montis
1453 2382 1593 2422 usque
1612 2369 1823 2411 verticem

1179 2426 1367 2468 Gestare
1387 2427 1430 2468 vi
1449 2425 1740 2478 compellitur.

1129 2497 1339 2539 Confixus
1359 2502 1456 2538 atro
1476 2495 1623 2547 stipite

1177 2553 1298 2594 Inter
1316 2552 1528 2594 scelestos
1547 2554 1768 2602 innocens,

1179 2608 1359 2650 Orando
1378 2621 1461 2661 pro
1480 2608 1734 2657 tortoribus,

1180 2665 1426 2716 Exsanguis
1446 2664 1566 2706 efflat
1585 2664 1797 2716 spiritum.
