2040 2944
161 276 247 317 niae
280 280 431 318 custos
463 274 771 327 rigidissimus,
812 289 909 318 eam
941 276 996 317 ab

162 333 281 374 omni
304 332 404 374 labe
429 345 586 385 puram
609 332 666 374 ad
688 333 905 374 tumulum
928 346 996 373 us-

164 402 249 441 que
275 389 478 431 servavit.
519 389 637 440 Erga
666 401 819 430 omnes
848 389 997 438 comis,

162 446 206 486 in
232 458 280 487 se
305 459 394 488 uno
420 445 714 488 excruciando
740 458 871 497 asper
892 451 997 487 erat.

162 502 296 544 Domi
321 502 519 554 forisque
546 503 592 543 in
614 501 783 543 honore
809 501 996 551 habitus,

162 571 402 610 numquam
443 558 599 600 extulit
640 558 848 607 animum;
895 557 998 599 edia

162 627 269 656 vero
295 615 530 668 impiorum
556 619 600 656 et
623 614 822 655 convicia
845 614 996 655 immo-

163 670 240 712 bili
268 670 526 713 fortitudine
551 670 770 712 toleravit.
810 671 900 712 Tot
924 683 995 711 au-

162 731 259 768 ctus
283 727 470 777 meritis,
499 739 613 768 anno
639 726 871 768 millesimo
901 739 995 768 sex-

161 784 403 825 centesimo
432 783 798 836 quinquagesimo
825 788 994 835 quarto,

162 837 233 880 die
253 839 389 881 natali
406 840 630 892 Deiparae,
655 852 788 891 quam
812 852 836 880 a
855 843 994 892 puero

161 908 336 949 semper
351 894 647 945 adamaverat,
666 895 724 937 ad
740 896 996 937 Coelestium

162 951 315 994 sedem
368 952 619 1004 emigravit,
683 964 797 993 anno
852 952 996 993 aetatis

162 1013 320 1061 quarto
353 1022 488 1062 supra
520 1009 895 1061 septuagesimum
923 1008 995 1049 ab·

161 1065 320 1107 soluto.
357 1065 500 1108 Editis
524 1071 630 1118 post
654 1064 825 1107 obitum
849 1077 902 1106 00
923 1064 994 1106 de-

160 1124 372 1175 precante
386 1122 614 1175 prodigiis,
634 1122 738 1164 Pius
757 1134 900 1163 nonus
919 1121 994 1163 ho-

159 1181 292 1220 nores
312 1179 353 1220 ei
371 1179 569 1221 coelitum
587 1180 827 1221 Beatorum
847 1178 994 1220 decre-

161 1235 235 1276 vit.
277 1236 361 1277 His
389 1241 538 1278 autem
565 1249 666 1278 cum
694 1236 854 1279 deinde
880 1249 996 1278 nova

159 1291 373 1334 miracula
408 1295 717 1343 accessissent,
752 1294 845 1335 Leo
882 1293 995 1335 deci-

161 1361 259 1390 mus
283 1349 439 1391 tertius
466 1363 580 1392 anno
604 1350 837 1392 millesimo
859 1351 995 1392 octin—

159 1406 404 1456 gentesimo
417 1407 690 1458 octogesimo
702 1409 874 1456 octavo,
890 1407 997 1448 Afri-

161 1474 213 1503 ca
230 1462 471 1514 Evangelio
491 1476 580 1505 non
599 1464 660 1505 ita
679 1463 853 1516 pridem
872 1467 995 1517 aper-

159 1523 216 1568 ta,
235 1519 451 1571 insignem
469 1520 586 1562 hunc
599 1519 873 1571 Nigritarum
890 1523 994 1573 apo-

161 1574 324 1617 stolum
360 1576 623 1618 Sancterum
666 1577 791 1618 fastis
833 1577 994 1619 adscri-

158 1631 257 1683 psit.

212 1687 262 1738 Rz.
288 1689 380 1731 Iste
398 1689 545 1731 homo.
564 1689 646 1742 [72]

342 1813 349 1814 ἶ
385 1769 434 1807 In
461 1769 532 1807 III.
552 1768 777 1808 Nocturno.

163 1830 316 1874 Lectio
340 1833 481 1875 sancti
488 1833 730 1931 {evangelii
753 1834 994 1876 secundum

528 1902 667 1932 ucam.

240 1944 392 1986 Lectio
413 1946 482 1986 vii.
680 1946 784 1998 Cap.
800 1947 864 1986 10.
881 1959 914 1986 e.

209 2019 238 2046 n
256 2005 332 2048 illo
348 2008 565 2060 tempore:
584 2007 887 2061 Legisperitus
904 2010 994 2061 qui-

228 2062 328 2104 dam
349 2063 503 2106 volens
527 2064 763 2116 justificare
789 2067 994 2118 seipsum,

162 2118 274 2160 dixit
299 2118 357 2161 ad
379 2120 544 2162 Jesum:
572 2121 629 2163 Et
655 2122 753 2174 quis
780 2126 846 2163 est
870 2135 994 2164 meus

161 2176 412 2227 preximus?
440 2176 498 2218 Et
516 2177 696 2229 reliqua.

294 2253 486 2294 Homilia
514 2255 655 2297 sancti
682 2256 863 2297 Joannis

423 2310 740 2363 Chrysostomi.

284 2369 342 2402 Ex
366 2368 508 2402 Homil.
533 2369 566 2402 8.
591 2368 677 2402 adv.
703 2368 875 2402 Judaeos.

172 2428 210 2480 {a
285 2423 439 2465 mitare
450 2424 771 2466 Samaritanum
784 2425 907 2466 illum
920 2426 994 2477 qui

172 2480 210 2539 ,ξ
234 2478 272 2538 “²33
299 2480 344 2520 in
355 2480 596 2531 Evangelio
608 2486 776 2523 tantam
788 2494 892 2531 erga
902 2482 992 2522 vul-

174 2543 192 2554 “
298 2539 499 2578 neratum
516 2538 724 2590 praestitit
739 2536 992 2578 sollicitadi-

161 2605 272 2634 nem.
303 2593 477 2634 Etenim
500 2593 590 2635 11110
613 2594 826 2646 praeteriit
850 2593 992 2642 levita,

163 2704 284 2746 flexit
308 2706 364 2747 ad
392 2707 621 2756 jacentem
657 2705 737 2748 sed
760 2705 991 2746 inclemen-

640 182 712 215 Die
737 183 767 217 9.
794 182 896 225 Sept.
944 182 978 217 S.
1005 183 1109 217 Petri
1134 183 1275 217 Claver
1300 183 1407 217 Conf.

1049 282 1117 318 ter
1146 277 1471 329 crudeliterque
1499 276 1654 318 relicto
1682 276 1774 325 illo,
1810 276 1882 317 ab·

1050 333 1205 374 ierunt.
1269 334 1568 376 Samaritanus
1606 339 1769 382 autem,
1809 333 1883 384 qui

1050 389 1169 430 nulla
1195 403 1250 431 ex
1268 395 1395 443 parte
1419 390 1482 430 illi
1501 391 1758 441 conjunctus
1779 394 1884 438 erat,

1050 459 1139 487 non
1170 447 1489 499 praetercurrit:
1528 446 1608 488 sed
1645 449 1882 488 occurrens

1050 503 1258 544 misertus
1288 508 1372 553 est,
1409 503 1638 545 instillavit
1666 503 1812 544 eleum
1840 506 1884 543 et

1050 559 1214 609 vinum,
1246 559 1458 612 impesuit
1491 559 1632 609 asino,
1669 558 1795 600 duxit
1826 558 1883 599 ad

1051 615 1354 666 diverserium,
1374 616 1608 668 pecuniam
1627 615 1789 668 partim
1810 614 1881 655 de-

1051 671 1130 722 dit,
1150 673 1310 724 partim
1329 672 1554 724 pollicitus
1574 677 1655 720 est,
1676 684 1758 724 pro
1779 672 1883 722 ejus,

1053 728 1127 779 qui
1145 728 1253 769 nihil
1273 727 1330 770 ad
1353 729 1499 781 ipsum
1518 727 1785 781 pertinebat,
1812 739 1882 767 cu-

1051 785 1232 825 ratione.
1274 785 1319 825 Si
1342 784 1641 826 Samaritanus
1668 783 1780 824 adeo
1806 782 1881 823 hu-

1050 842 1205 881 manus
1224 841 1429 893 mitisque
1449 841 1528 882 fuit
1544 852 1648 891 erga
1662 839 1883 880 heminem

1051 897 1265 947 ignetum,
1319 909 1451 948 quam
1495 896 1687 938 habituri
1733 907 1882 935 sumus

1050 966 1132 995 nos
1169 953 1357 1003 veniam,
1403 953 1439 994 si
1481 952 1689 1005 proprios
1726 952 1883 992 fratres

1049 1009 1370 1060 neglexerimus
1384 1009 1429 1049 in
1443 1008 1569 1049 malis
1583 1005 1881 1058 gravioribus?

1049 1066 1090 1107 N
1094 1078 1117 1107 0
1165 1066 1298 1116 igitur
1347 1065 1688 1114 dissimulemus,
1739 1075 1883 1114 neque

1049 1122 1333 1164 inclementer
1387 1123 1721 1174 praetereamus3
1779 1119 1883 1171 quin

1050 1179 1222 1221 etiamsi
1251 1179 1325 1220 alii
1351 1179 1438 1220 hoc
1465 1178 1662 1227 fecerint,
1699 1189 1806 1218 cave
1834 1180 1881 1217 tu

1049 1249 1104 1277 ne
1123 1236 1242 1278 idem
1260 1237 1407 1278 facias.

1103 1297 1152 1347 R.
1183 1295 1274 1336 Iste
1301 1299 1368 1336 est
1397 1295 1471 1346 qui
1496 1298 1596 1334 ante
1622 1293 1767 1334 Deum
1792 1304 1879 1331 ma-

1049 1365 1157 1402 gnas
1187 1352 1370 1393 virtutes
1399 1352 1608 1403 operatus
1637 1354 1720 1398 est,
1754 1353 1797 1389 et
1826 1347 1881 1388 de

1050 1408 1169 1450 omni
1207 1404 1344 1449 corde
1380 1420 1461 1448 suo
1498 1405 1695 1448 laudavit
1732 1403 1880 1445 Domi-

1048 1479 1166 1506 num:
1189 1465 1210 1487 *
1228 1466 1332 1518 Ipse
1354 1463 1599 1505 intercedat
1621 1474 1704 1516 pro
1726 1462 1880 1514 pecca-

1035 1522 1105 1567 ,tis
1134 1522 1329 1563 omnium
1356 1520 1635 1574 populorum.
1683 1515 1732 1565 V.
1763 1518 1880 1558 Ecce

1047 1578 1181 1619 homo
1203 1578 1295 1619 sine
1317 1577 1512 1629 querela,
1538 1588 1669 1617 verus
1688 1574 1772 1615 Dei
1793 1573 1878 1615 cul-

1047 1639 1134 1684 tor,
1172 1634 1396 1676 abstinens
1431 1646 1479 1674 se
1512 1632 1566 1674 ab
1596 1631 1715 1673 omni
1744 1632 1879 1682 epere

1047 1690 1181 1740 malo,
1208 1695 1252 1731 et
1276 1691 1539 1743 permanens
1562 1688 1606 1728 in
1629 1685 1879 1728 innocentia

1049 1760 1139 1788 sua.
1166 1747 1281 1799 Ipse.

1342 1800 1492 1840 Lectio
1515 1799 1595 1838 viii.

1048 1851 1257 1956 Neque
1277 1859 1391 1900 enim
1408 1857 1708 1899 Samaritanus
1724 1855 1796 1896 ille
1817 1854 1877 1895 di-

1161 1916 1303 1958 cebat:
1335 1915 1422 1957 Ubi
1454 1927 1570 1956 nunc
1603 1911 1876 1960 sacerdotes,

1046 1974 1122 2016 ubi
1153 1986 1269 2015 nunc
1300 1972 1522 2026 pharisaei,
1556 1970 1632 2012 ubi
1664 1982 1779 2010 nunc
1805 1969 1876 2009 Ju-

1048 2031 1246 2072 daeorum
1267 2028 1499 2071 doctores?
1518 2026 1607 2069 Sed
1624 2024 1807 2079 perinde
1825 2037 1876 2066 ac

1047 2089 1256 2129 venatum
1281 2083 1516 2138 quemdam
1541 2083 1780 2124 maximum
1803 2094 1875 2122 na-

1047 2149 1145 2185 ctus
1165 2147 1298 2189 esset,
1325 2142 1386 2183 ita
1412 2139 1611 2182 lucrandi
1635 2151 1785 2179 ansam
1810 2150 1874 2178 ar-

1047 2201 1191 2253 ripuit.
1253 2199 1311 2240 Et
1346 2203 1395 2239 tu
1434 2209 1539 2248 ergo
1576 2208 1675 2237 cum
1712 2193 1875 2236 videris

1047 2257 1180 2297 alium
1206 2257 1407 2306 egentem
1434 2253 1658 2295 curatiene
1683 2251 1754 2292 vel
1782 2253 1880 2301 cer-⁴

1045 2313 1167 2365 poris
1199 2311 1270 2353 vel
1301 2310 1474 2359 animae,
1513 2321 1568 2350 ne
1601 2308 1724 2350 dicas
1756 2306 1875 2359 apud

1045 2370 1342 2420 temetipsum:
1365 2368 1509 2416 Quare
1529 2365 1602 2406 ille
1623 2369 1667 2406 et
1684 2364 1756 2405 ille
1776 2376 1875 2405 eum

1045 2438 1134 2466 non
1167 2422 1453 2465 curaverunt?
1495 2421 1583 2463 Sed
1614 2420 1736 2462 illum
1768 2425 1817 2461 tu
1848 2432 1874 2459 a

1045 2480 1202 2522 morbo
1231 2479 1386 2528 libera,
1414 2491 1496 2519 nec
1521 2477 1716 2519 rationes
1742 2475 1872 2525 negli-

1045 2537 1203 2587 gentiae
1232 2535 1286 2576 ab
1316 2534 1400 2575 illis
1430 2534 1590 2584 exigas.
1644 2533 1688 2574 Si
1720 2543 1873 2572 aurum

1046 2595 1190 2643 jacens
1221 2591 1433 2640 invenias,
1473 2603 1577 2630 num
1615 2588 1723 2630 dicis
1755 2584 1872 2637 apud

161 2649 376 2700 praeteriit
395 2649 656 2701 pharisaeus,
677 2662 729 2690 ac
748 2654 902 2690 neuter
921 2648 992 2690 de·
1045 2650 1357 2700 temetipsum:.
1395 2648 1538 2696 Quare
1577 2645 1648 2686 ille
1685 2647 1759 2683 aut
1798 2641 1870 2681 ille

1044 2717 1131 2745 non
1164 2701 1456 2745 sustulerunt?
1498 2707 1542 2743 et
1573 2713 1660 2742 non
1691 2699 1870 2739 festinas
