2040 2944
620 209 722 243 Infra
747 210 1042 245 Hebdomadam
1067 212 1115 246 iv.
1139 213 1382 249 Novembris.

151 306 317 346 animas
337 307 500 348 eorum.
531 307 588 348 Et
607 307 689 348 erit
708 308 821 350 sicut
838 311 975 361 popu-

151 361 229 411 lus,
250 362 315 403 sic
334 363 557 405 sacerdos:
577 367 621 404 et
635 363 825 406 visitabo
845 378 977 418 super

151 430 251 459 eum
267 419 360 460 vias
380 421 486 471 ejus,
512 425 556 462 et
575 420 864 471 cogitationes
885 423 975 473 ejus

150 473 334 516 reddam
362 476 411 517 ei.
451 476 508 518 Et
537 476 786 527 comedent,
818 482 861 519 et
888 490 977 519 non

151 531 478 574 saturabuntur:
522 532 726 574 fornicati
770 538 887 584 sunt,
933 539 976 576 et

150 600 239 628 non
267 590 563 631 cessaverunt:
595 589 802 642 quoniam
828 591 975 631 Domi-

148 656 252 685 num
285 645 611 698 dereliquerunt
642 646 686 687 in
717 658 804 687 non
833 652 974 689 custo-

150 699 323 743 diendo.
367 702 417 755 Rz.
455 702 574 743 Misit
591 702 817 744 Dominus.
836 704 923 744 197.

332 810 524 847 Feria
557 810 799 848 Tertia.

294 862 451 915 Incipit
477 862 576 904 Joel
601 863 837 916 Propheta.

252 922 403 964 Lectio
422 923 446 964 i.
721 926 823 977 Cap.
843 927 872 966 1.

159 995 251 1060 14}st
265 984 419 1027 erbum
443 986 637 1036 Domini,
666 986 786 1038 quod
810 986 975 1027 factum

214 1031 235 1078 s
296 1047 363 1084 est
395 1042 451 1084 ad
482 1043 580 1085 Joel
611 1043 748 1084 fssium
779 1043 964 1086 Phatuel

148 1097 312 1140 Audite
331 1098 417 1140 hoc
437 1112 582 1150 senes,
609 1105 653 1141 et
677 1100 854 1142 auribus
879 1114 974 1153 per-

148 1155 280 1208 cipite
323 1168 475 1198 omnes
517 1156 788 1198 habitatores
829 1162 974 1199 terrae:

149 1211 187 1252 si
216 1212 380 1254 factum
412 1218 478 1254 est
505 1213 623 1255 istud
650 1213 693 1254 in
722 1213 876 1255 diebus
904 1228 974 1256 ve-

148 1269 264 1318 stris,
287 1274 361 1311 aut
378 1269 423 1310 in
441 1269 596 1312 diebus
615 1275 791 1323 patrum
809 1274 973 1313 vestro-

146 1323 265 1366 rum?
301 1325 552 1382 Super-hoc
577 1326 678 1368 filiis
697 1327 854 1369 vestris
879 1341 973 1369 nar-

147 1384 251 1431 rate,
277 1386 321 1423 et
338 1382 416 1423 filii
434 1383 569 1424 vestri
588 1383 689 1424 filiis
709 1384 809 1434 suis,
836 1389 879 1426 et
898 1385 975 1426 filii

147 1440 300 1480 eorum
333 1440 605 1490 generationi
637 1440 798 1482 alterae.
851 1441 972 1483 Resi-

147 1494 281 1536 duum
312 1498 456 1536 erucae
489 1497 682 1538 comedit
707 1498 896 1545 locusta,
931 1504 974 1540 et

146 1551 370 1593 residuum
412 1552 597 1594 locustae
641 1555 833 1596 comedit
874 1555 971 1596 bru-

146 1607 271 1658 chus,
298 1613 341 1650 et
365 1609 589 1651 residuum
607 1610 762 1653 bruchi
781 1612 973 1654 comedit

145 1663 312 1716 rubigo.
359 1663 411 1714 Rt-
444 1666 486 1707 A
504 1666 616 1708 facie
635 1667 806 1709 furoris.
825 1669 912 1710 197.

455 1719 607 1761 Lectio
626 1720 666 1760 ii.

227 1779 553 1831 xpergiscimini
572 1780 694 1832 ebrii,
721 1786 765 1823 et
784 1782 901 1831 flete,
929 1787 973 1824 et

239 1834 403 1877 ululate
432 1849 603 1887 omnes,
636 1838 710 1890 qui
736 1838 884 1880 bibitis
913 1839 971 1880 vi-

143 1904 248 1932 num
272 1891 316 1932 in
342 1891 588 1936 dulcedine:
614 1895 821 1946 quoniam
842 1896 972 1948 periit

144 1946 200 1989 ab
220 1959 296 1989 ore
312 1954 473 1991 vestro.
502 1949 622 1991 Gens
642 1951 756 1992 enim
774 1951 971 1993 aseendit

145 2016 279 2056 super
298 2009 460 2046 terram
478 2019 632 2057 meam,
651 2007 776 2048 fortis
793 2012 837 2049 et
850 2008 969 2049 innu-

143 2059 379 2102 merabilis:
417 2061 571 2104 dentes
606 2064 696 2115 ejus
732 2069 781 2105 ut
817 2064 970 2106 dentes

143 2114 300 2158 leonis:
340 2122 383 2159 et
414 2119 603 2161 molares
636 2121 726 2171 ejus
758 2125 807 2162 ut
838 2120 971 2162 eatuli

143 2171 294 2214 leonis.
352 2174 506 2217 Posuit
539 2178 712 2218 vineam
747 2190 891 2218 meam
926 2178 971 2218 in

145 2227 384 2282 desertum,
410 2236 454 2273 et
471 2232 603 2274 ficum
620 2247 763 2275 meam
784 2233 969 2276 decorti-

145 2285 277 2327 cavit:
319 2287 490 2330 nudans
529 2289 735 2342 spoliavit
774 2303 887 2340 eam,
927 2296 971 2332 et

143 2341 343 2392 projecit:
370 2344 458 2386 albi
482 2345 586 2387 facti
612 2351 711 2388 sunt
735 2347 844 2387 rami
868 2348 969 2398 ejus.

185 2397 249 2448 λΙζι.
274 2398 506 2442 Civitatem
524 2402 653 2443 istam
670 2407 728 2443 tu.
746 2403 835 2443 198.

447 2458 599 2499 Lectio
619 2458 674 2497 iii.

230 2511 355 2563 lange
375 2514 500 2565 quasi
517 2515 640 2565 virgo
665 2516 860 2555 accincta
878 2527 967 2555 sac-

235 2581 287 2610 co
307 2582 439 2622 super
453 2570 594 2611 virum
607 2570 850 2622 pubertatis
866 2583 967 2611 suae.

142 2624 278 2665 Periit
293 2626 565 2675 sacrificium,
586 2632 629 2668 et
645 2626 797 2668 libatio
818 2626 872 2667 de
892 2625 966 2667 do-

142 2692 214 2721 mo
246 2681 438 2722 Domini:
479 2682 682 2723 luxerunt
714 2680 968 2723 sacerdotes

142 2736 327 2777 ministri
357 2737 547 2778 Domini.
587 2737 868 2790 Depopulata
900 2742 967 2778 est

297 2876 360 2900 Pars
376 2876 544 2900 Aummnalis.

1029 310 1161 360 regio,
1180 311 1290 352 luxit
1308 311 1478 353 humus:
1501 314 1705 364 quoniam
1725 314 1852 357 deva-

1029 367 1191 407 statum
1215 372 1281 408 est
1303 368 1510 419 triticum,
1534 370 1763 412 confusum
1785 377 1852 414 est

1028 422 1191 472 vinum,
1229 423 1419 475 elanguit
1456 425 1610 467 oleum.
1672 427 1853 470 Confusi

1028 483 1129 519 sunt
1154 479 1374 530 agricolae,
1401 481 1675 524 ululaverunt
1699 485 1852 526 vinito-

1028 547 1099 576 res
1136 547 1268 587 super
1303 535 1536 587 frumento,
1581 545 1624 581 et
1664 539 1850 591 hordeo,

1029 591 1131 642 quia
1150 592 1279 644 periit
1297 593 1450 634 messis
1470 595 1572 645 agri.

1083 654 1133 694 R.
1158 652 1291 694 Genti
1308 655 1555 705 peccatrici.
1574 657 1660 697 198.

1238 784 1399 821 Feria
1433 786 1646 833 Quarta.

1201 843 1267 882 De
1297 842 1322 882 J
1324 842 1420 884 oele
1446 843 1680 896 Propheta.

1134 906 1287 948 Lectio
1307 908 1331 947 i.
1593 909 1695 961 Cap.
1716 911 1750 950 3.

1036 976 1145 1020 :2123
1178 966 1332 1009 diebus
1364 969 1465 1019 illis,
1503 976 1546 1012 et
1576 971 1620 1011 in
1651 973 1850 1025 tempore

1034 1023 1063 1045 ³⁵
1080 1026 1107 1058 νῦ
1132 1023 1206 1064 illo
1227 1037 1325 1065 cum
1345 1027 1604 1069 convertero
1625 1029 1849 1081 captivita-

1026 1083 1116 1120 tem
1148 1079 1276 1131 Juda,
1311 1086 1354 1122 et
1385 1082 1639 1125 Jerusalem:
1673 1097 1849 1137 congre-

1026 1135 1142 1186 gabo
1172 1149 1323 1179 omnes
1353 1138 1535 1190 Gentes,
1564 1146 1607 1182 et
1635 1140 1850 1183 deducam

1027 1205 1101 1234 eas
1130 1193 1173 1234 in
1202 1194 1361 1236 vallem
1385 1195 1409 1235 J
1413 1196 1616 1249 osaphat:
1644 1202 1688 1239 et
1715 1198 1848 1240 disee-

1026 1249 1164 1302 ptabo
1198 1264 1296 1292 cum
1329 1252 1390 1293 eis
1424 1252 1485 1295 ibi
1518 1266 1650 1307 super
1681 1255 1848 1308 populo

1026 1319 1142 1356 meo,
1184 1313 1227 1349 et
1269 1307 1528 1351 haereditate
1570 1323 1667 1352 mea
1702 1312 1849 1362 Israel,

1027 1375 1138 1414 quos
1176 1363 1478 1417 disperserunt
1509 1367 1553 1407 in
1585 1367 1848 1418 nationibus,

1026 1424 1070 1460 et
1089 1424 1250 1461 terram
1270 1434 1413 1463 meam
1433 1422 1683 1465 diviserunt.
1711 1424 1767 1465 Et
1783 1437 1848 1465 su-

1025 1488 1105 1528 per
1129 1478 1342 1530 populum
1365 1492 1510 1520 meum
1530 1480 1740 1521 miserunt
1759 1493 1848 1522 sor-

1024 1537 1129 1573 tem:
1154 1539 1196 1575 et
1221 1537 1462 1586 posuerunt
1483 1540 1669 1589 puerum
1687 1537 1730 1577 in
1748 1550 1847 1589 pro-

1025 1589 1204 1639 stibulo,
1249 1596 1292 1632 et
1330 1593 1520 1644 puellam
1559 1593 1849 1635 vendiderunt

1024 1658 1105 1696 pro
1125 1646 1225 1687 vino
1246 1652 1293 1688 ut
1311 1647 1519 1691 biberent.

1081 1708 1132 1758 R.
1152 1707 1365 1750 Indicabo
1385 1710 1464 1751 tibi
1481 1710 1625 1752 homo.
1644 1712 1732 1752 198.

1333 1777 1486 1818 Lectio
1506 1778 1545 1817 ii.

1029 1832 1237 1938 Verum
1257 1838 1363 1891 quid
1381 1839 1485 1880 mihi
1505 1845 1548 1881 et
1563 1840 1690 1882 vobis
1704 1841 1846 1892 Tyrus

1128 1898 1171 1935 et
1204 1893 1357 1945 Sidon,
1390 1901 1434 1937 et
1466 1896 1606 1937 omnis
1637 1897 1846 1938 terminus

1022 1950 1382 1992 Palaestinorum?
1409 1953 1620 2004 numquid
1638 1953 1846 1995 ultionem

1023 2019 1104 2048 vos
1123 2006 1316 2049 reddetis
1335 2007 1461 2049 mihi?
1482 2014 1525 2050 et
1541 2010 1577 2049 si
1591 2009 1847 2051 ulciscimini

1022 2076 1103 2104 vos
1123 2069 1276 2105 contra
1300 2077 1386 2114 me,
1415 2065 1501 2106 cito
1522 2065 1731 2107 velociter
1748 2066 1844 2107 red-

1023 2119 1125 2160 dam
1160 2120 1502 2162 Vicissitudinem
1544 2121 1669 2163 vobis
1713 2135 1845 2174 super

1023 2180 1155 2228 caput
1191 2181 1395 2218 vestrum.
1452 2178 1694 2228 Argentum
1731 2180 1845 2220 enim

1021 2245 1181 2281 meum,
1210 2237 1253 2274 et
1281 2245 1433 2274 aurum
1459 2233 1634 2275 tulistis:
1662 2239 1706 2276 et
1733 2235 1843 2277 desi-

1023 2287 1233 2329 derabilia
1259 2301 1371 2339 mea,
1400 2294 1444 2330 et
1470 2289 1760 2341 pulcherrima
1784 2292 1843 2332 in-

1021 2344 1180 2384 tulistis
1198 2344 1242 2384 in
1261 2343 1442 2386 delubra
1461 2350 1617 2387 vestra.
1652 2346 1710 2389 Et
1729 2347 1843 2390 filios

1021 2399 1148 2448 Juda,
1177 2404 1220 2440 et
1245 2399 1360 2441 filios
1383 2401 1626 2443 Jerusalem
1650 2402 1842 2445 vendidi-

1021 2455 1099 2496 stis
1118 2455 1218 2495 filiis
1234 2455 1499 2507 Graecorum,
1519 2462 1567 2498 ut
1584 2457 1714 2509 longe
1732 2459 1842 2500 face-

1020 2511 1125 2551 retis
1145 2523 1221 2552 eos
1240 2511 1295 2552 de
1314 2511 1473 2554 finibus
1493 2513 1592 2554 suis.
1625 2514 1741 2556 Eece
1761 2526 1840 2566 ego

1021 2566 1242 2607 suscitabo
1262 2579 1338 2608 eos
1359 2567 1414 2608 de
1431 2567 1550 2618 loco,
1571 2569 1615 2609 in
1635 2582 1722 2622 quo
1742 2583 1839 2611 ven-

1021 2622 1192 2663 didistis
1212 2635 1304 2663 eos:
1329 2627 1372 2664 et
1390 2626 1641 2666 convertam
1660 2625 1839 2667 retribu-

1019 2679 1184 2719 tionem
1205 2683 1397 2720 vestram
1419 2680 1462 2720 in
1486 2686 1619 2733 caput
1636 2686 1839 2722 vestrum.

1075 2738 1125 2788 Ην.
1148 2739 1376 2790 Angustiae
1394 2739 1499 2781 mihi
1519 2746 1629 2782 sunt.
1648 2741 1732 2782 197.

1573 2869 1612 2901 15
