2040 2944
183 170 281 216 [304]

708 169 777 203 Die
802 170 854 203 23.
882 171 961 202 Oet.
1009 168 1066 202 Ss.
1093 168 1377 211 lx’edemptoris.

237 271 337 310 Ant.
374 268 656 320 Suscepimus
693 267 814 309 Deus
850 268 1015 309 miseri-

182 322 379 365 cordiam
399 329 519 365 tuam
540 324 583 364 in
602 323 750 365 medio
770 324 923 377 templi
939 325 1015 365 tui.

236 390 335 428 Ant.
364 387 430 426 Tu
455 398 502 426 es
528 386 623 438 ipse
647 386 746 426 Rex
771 398 914 436 meus,
941 386 1016 438 qui

181 441 364 482 mandas
392 442 558 483 salutes
586 442 630 482 in
657 442 807 484 Jacob.

456 510 655 550 Psalmus
676 510 739 549 23.

182 568 444 673 Domini*
437 577 505 613 est
537 577 672 622 terra,
708 577 752 614 et
784 572 1014 625 plenitudo

292 640 398 679 ejus·
421 628 589 670 *orbis
608 631 837 677 terrarum,
862 633 906 670 et
925 629 1014 670 uni-

181 697 207 723 v
210 684 296 724 ersi
316 685 390 737 qui
409 684 639 727 habitant
627 699 671 726 1n
692 698 756 727 eo.

233 741 344 791 Quia
371 741 467 794 ipse
496 755 629 795 super
653 742 791 783 maria
816 742 1015 784 fundavit

181 809 295 838 eum:
314 798 403 840 *et
431 811 564 851 super
588 799 769 840 flumina
793 812 1014 852 praepara-

181 853 243 895 vit
263 866 373 895 eum.

232 911 340 961 Quis
378 911 587 953 ascendet
621 912 665 952 in
696 916 893 953 montem
925 913 1013 953 Do-

179 965 310 1007 mini?
353 968 376 993 *
414 972 489 1009 aut
526 968 623 1021 quis
662 968 801 1010 stabit⁴
832 969 876 1010 in
912 969 1012 1011 loco

181 1029 336 1066 sancto
363 1023 477 1077 ejus?

231 1081 449 1123 Innocens
495 1081 696 1124 manibus
751 1087 795 1124 et
847 1082 1013 1124 mundo

181 1138 331 1188 corde,
359 1140 382 1166 *
414 1139 488 1191 qui
515 1151 604 1180 non
630 1139 804 1192 accepit
830 1139 874 1179 in
898 1152 1012 1181 vano

180 1195 367 1236 animam
389 1208 527 1246 suam,
552 1208 635 1237 nec
659 1196 819 1247 juravit
843 1196 887 1237 in
907 1195 1012 1238 dolo

179 1252 383 1302 proximo
410 1265 502 1293 suo.

231 1308 317 1349 Hic
363 1309 550 1361 accipiet
591 1308 945 1350 benedictionem
987 1322 1013 1351 a

178 1364 385 1406 Domino:
405 1367 429 1392 *
449 1370 493 1407 et
507 1366 855 1407 misericordiam
874 1379 899 1407 a
913 1367 1012 1408 Deo

180 1421 361 1462 salutari
380 1435 473 1463 suo.

231 1478 349 1519 Haee
371 1484 438 1520 est
468 1479 694 1530 generatio
725 1479 1013 1531 quaerentium

181 1546 298 1584 eum,
339 1536 364 1562 *
402 1536 693 1587 quaerentium
734 1536 893 1581 faeiem
928 1536 1013 1578 Dei

179 1590 330 1633 Jacob.

231 1648 434 1690 Attollite
475 1654 628 1702 portas
675 1650 900 1702 principes
940 1663 1010 1692 ve-

178 1709 308 1755 stras,
337 1711 380 1747 et
406 1706 636 1747 elevamini
659 1712 804 1759 portae
828 1709 1010 1749 aeterna-

179 1760 257 1802 les:
276 1762 299 1787 *
321 1767 364 1804 et
382 1762 582 1804 introibit
600 1763 699 1804 Rex
717 1763 882 1814 gloriae.

230 1822 337 1872 Quis
363 1828 430 1864 est
453 1823 537 1865 iste
557 1824 655 1865 Rex
679 1823 856 1875 gloriae?
877 1826 901 1852 *
920 1825 1010 1867 Do-

177 1879 320 1920 minus
351 1879 477 1921 fortis
510 1885 553 1922 et
580 1885 760 1933 potens:
793 1881 1010 1923 Dominus

178 1940 337 1986 potens
355 1936 399 1976 in
418 1937 585 1988 praelio.

229 1992 434 2034 Attollite
478 1999 632 2046 portas
673 1995 897 2047 principes
938 2008 1008 2036 ve-

178 2052 307 2098 stras,
334 2054 377 2091 et
402 2050 632 2091 elevamini
656 2056 799 2103 portae
826 2054 1008 2094 aeterna-

176 2103 257 2145 les:
275 2106 299 2130 *
319 2111 363 2147 et
381 2106 579 2148 introibit
598 2107 696 2149 Rex
716 2108 880 2159 gloriae.

229 2165 336 2215 Quis
361 2172 429 2208 est
452 2167 535 2208 iste
555 2168 653 2209 Rex
671 2168 852 2219 gloriae?
872 2170 895 2196 *
915 2169 1010 2210 Dfis

179 2221 418 2264 virtutum
406 2237 502 2276 ipse
524 2229 591 2266 est
610 2225 708 2266 Rex
727 2225 891 2276 gloriae.

235 2283 334 2324 Ant.
356 2285 425 2324 Tu
449 2297 496 2325 es
521 2285 618 2337 ipse
641 2285 740 2327 Rex
764 2299 906 2336 meus,
935 2286 1010 2339 qui

176 2337 359 2379 mandas
379 2340 573 2382 salutes
562 2355 605 2381 1n
624 2341 776 2384 Jacob.

234 2400 333 2440 Ant
376 2402 562 2443 Immola
599 2403 697 2443 Deo
744 2403 1009 2444 sacrificium

175 2453 329 2504 laudis,
349 2462 392 2497 et
407 2457 544 2499 redde
559 2458 788 2500 Altissimo
803 2465 908 2502 vota
921 2465 1008 2502 tua.

451 2527 647 2568 Psalmus
677 2530 743 2569 45.

183 2580 350 2685 Deus
368 2591 519 2627 noster
538 2588 766 2639 refugium,
791 2593 835 2630 et
854 2589 1008 2630 virtus:

288 2643 312 2668 *
349 2641 523 2694 adjutor
559 2643 602 2683 in
640 2644 1008 2692 tribulationibus,

177 2710 276 2749 quae
295 2698 554 2740 invenerunt
572 2712 654 2740 nos
674 2701 813 2741 nimis.

1120 267 1365 319 Propterea
1394 279 1484 308 non
1515 266 1766 308 timebimus
1799 266 1904 308 dum

1067 323 1318 366 turbabitur
1347 328 1484 365 terra:
1517 324 1542 350 *
1573 328 1616 365 et
1642 323 1904 365 transferen-

1068 385 1139 422 tur
1158 385 1332 422 montes
1352 380 1396 421 in
1416 392 1493 422 cor
1512 379 1656 421 maris.

1119 441 1380 491 Sonuerunt,
1396 446 1440 483 et
1454 440 1645 483 turbatae
1659 445 1762 482 sunt
1776 453 1904 494 aquae

1071 500 1240 539 eorum:
1268 500 1292 526 *
1321 497 1574 539 conturbati
1601 502 1704 540 sunt
1730 501 1904 539 montes

1068 554 1113 595 in
1133 554 1392 596 fortitudine
1412 555 1514 606 ejus.

1120 615 1333 657 Fluminis
1360 617 1554 668 impetus
1580 614 1776 656 laetificat
1802 613 1904 656 civi-

1067 674 1206 714 tatem
1225 672 1324 714 Dei:
1347 673 1370 698 *
1393 671 1684 713 sanctificavit
1702 670 1904 713 taberne-

1069 728 1216 770 culum
1236 742 1363 770 suum
1382 729 1649 770 Altissimus.

1119 789 1242 832 Deus
1261 790 1306 831 in
1319 788 1467 831 medio
1486 790 1588 842 ejus,
1607 801 1698 830 non
1712 800 1904 830 commo-

1067 846 1254 888 vebitur:
1275 848 1298 874 *
1319 845 1543 898 adjuvabit
1562 858 1660 887 eam
1674 845 1799 887 Deus
1815 857 1904 886 ma-

1067 915 1122 944 ne
1142 902 1347 944 diluculo.

1121 963 1409 1006 Conturbatae
1437 967 1538 1005 sunt
1561 963 1746 1013 Gentes,
1775 967 1819 1004 et
1842 962 1903 1003 in-

1068 1021 1231 1063 clinata
1254 1025 1355 1062 sunt
1377 1033 1527 1072 regna:
1551 1020 1575 1046 *
1600 1019 1725 1062 dedit
1747 1031 1905 1062 vocem

1067 1091 1203 1128 suam,
1221 1082 1344 1119 mota
1363 1082 1430 1119 est
1448 1082 1577 1119 terra.

1118 1139 1337 1180 Dominus
1365 1138 1579 1180 virtutum
1606 1137 1852 1180 nobiscum:
1879 1138 1904 1166 *

1067 1197 1300 1248 susceptor
1319 1199 1472 1236 noster
1490 1195 1614 1236 Deus
1633 1194 1785 1236 Jacob.

1118 1257 1293 1307 Venite,
1317 1261 1361 1298 et
1384 1255 1531 1298 videte
1555 1257 1692 1308 opera
1713 1255 1904 1307 Domini,

1068 1326 1167 1365 quae
1186 1313 1337 1366 posuit
1351 1311 1556 1366 prodigia
1573 1324 1708 1365 super
1726 1316 1903 1354 terram:

1066 1371 1090 1397 *
1118 1370 1321 1412 auferens
1353 1368 1471 1411 bella
1502 1382 1644 1422 usque
1678 1368 1736 1411 ad
1769 1368 1904 1411 finem

1064 1431 1207 1468 terrae.

1118 1488 1284 1530 Arcum
1321 1489 1538 1536 conteret,
1577 1490 1621 1527 et
1657 1485 1904 1537 confringet

1066 1557 1201 1585 arma:
1219 1545 1243 1570 *
1264 1549 1307 1586 et
1326 1548 1452 1585 scuta
1471 1541 1704 1584 comburet
1720 1542 1823 1593 igni.

1117 1606 1304 1656 Vaezste,
1333 1609 1378 1647 et
1403 1603 1551 1646 videte
1582 1603 1791 1656 quoniam
1818 1616 1901 1655 ego

1066 1675 1163 1704 sum
1176 1663 1312 1704 Deus:
1327 1662 1351 1687 *
1368 1660 1598 1703 exaltabor
1612 1661 1658 1701 in
1673 1659 1902 1711 Gentibus,

1066 1723 1110 1761 et
1129 1718 1360 1761 exaltabor
1378 1718 1423 1759 in
1441 1722 1571 1759 terra.

1115 1780 1334 1822 Dominus
1362 1779 1574 1821 virtutum
1600 1777 1849 1820 nobiscum:
1876 1778 1901 1805 *

1065 1839 1297 1890 susceptor
1315 1841 1469 1878 noster
1486 1835 1610 1877 Deus
1628 1834 1779 1877 Jacob.

1121 1903 1220 1944 Ant.
1264 1901 1450 1943 Immola
1491 1901 1590 1942 Deo
1635 1900 1901 1942 sacrificium

1063 1958 1218 2008 laudis,
1239 1964 1282 2000 et
1296 1957 1435 2000 redde
1449 1957 1678 1999 Alt1'ssimo
1694 1962 1800 2000 vota
1813 1962 1900 1998 tua.

1121 2018 1173 2070 Y.
1193 2023 1415 2066 Memento
1452 2021 1594 2064 nostri
1628 2021 1820 2063 Domine
1855 2021 1900 2062 in

1062 2080 1344 2132 beneplacito
1372 2079 1529 2133 populi
1556 2078 1631 2120 tui.
1682 2079 1735 2130 R.
1754 2078 1900 2120 Visita

1062 2149 1143 2178 nos
1170 2137 1215 2178 in
1244 2137 1428 2179 salutari
1454 2142 1544 2178 tuo.

1151 2225 1305 2266 Sermo
1326 2223 1465 2265 sancti
1483 2223 1646 2264 Leonis
1664 2222 1812 2274 Papae.

1070 2290 1187 2323 Serni.
1200 2291 1227 2323 1.
1244 2290 1289 2323 de
1303 2290 1446 2332 jejunio
1461 2301 1495 2324 x.
1507 2289 1652 2323 mensis
1669 2293 1705 2323 et
1718 2288 1902 2323 collectis.

1374 2350 1528 2390 Lectio
1549 2351 1602 2390 iv.

1169 2418 1181 2458 i
1208 2418 1413 2468 fideliter,
1443 2417 1734 2466 dilectissimi,
1762 2421 1896 2469 atque

1061 2423 1160 2562 Ξ
1194 2475 1417 2527 sapienter
1458 2473 1693 2516 creationis
1729 2478 1896 2515 nostrae

1192 2531 1486 2582 intelligamus
1512 2528 1755 2579 exordium,
1778 2530 1895 2571 inve-

1060 2588 1230 2629 niemus
1262 2588 1485 2629 hominem
1517 2585 1619 2628 ideo
1657 2585 1715 2627 ad
1745 2586 1894 2636 imagi-

1060 2657 1161 2685 nem
1180 2644 1265 2685 Dei
1284 2642 1523 2692 conditum,
1547 2648 1596 2683 ut
1614 2642 1810 2684 imitator
1829 2642 1896 2683 sui

1061 2705 1179 2742 esset
1203 2699 1411 2742 auctoris:
1439 2703 1484 2740 et
1509 2698 1622 2740 hanc
1651 2711 1749 2740 esse
1772 2702 1894 2739 natu-
