2040 2944
205 238 271 274 214

207 336 458 377 custodiens
484 338 680 387 pactum,
717 337 761 374 et
788 331 1031 373 misericor-

209 391 325 433 diam
346 390 623 441 diligentibus
642 394 701 438 te,
722 394 766 430 et
785 387 1031 430 custodien-

207 448 325 489 tibus
357 446 563 488 mandata
595 450 681 487 tua.
736 445 1031 493 Peccavimus,

205 504 476 555 iniquitatem
496 502 686 550 fecimus,
705 502 838 554 impie
854 501 1032 552 egimus,

207 566 250 601 et
283 559 559 601 recessimus:
592 564 636 600 et
664 557 979 600 declinavimus
1007 570 1032 598 a

205 615 421 657 mandatis
440 615 538 664 tuis,
558 628 609 656 ac
628 614 808 666 judiciis.

257 676 302 726 Rg.
333 671 587 714 Laudabilis
607 672 810 725 populus.
830 672 920 712 196.

508 729 660 770 Lectio
682 729 720 768 ii.

285 783 401 826 dhuc
425 797 495 826 me
520 785 729 836 loquente
753 785 797 826 in
822 784 1033 834 oratione,

315 854 418 884 ecce
443 842 508 883 vir
535 841 730 891 Gabriel,
761 854 891 893 quem
915 841 1032 883 vide-

205 911 298 939 ram
317 899 360 938 in
376 898 543 940 visione
563 911 586 939 a
606 898 836 950 principio,
856 898 944 939 cito
960 910 1031 939 vo-

205 955 300 996 lans
324 955 468 1005 tetigit
492 968 561 996 me
586 955 629 995 in
649 956 850 1007 tempore
870 954 1031 995 sacrifi-

206 1011 261 1052 cii
279 1012 527 1064 vespertini.
559 1011 615 1053 Et
634 1010 784 1052 docuit
803 1024 889 1060 me,
910 1016 953 1052 et
971 1011 1032 1052 lo-

206 1071 332 1109 cutus
369 1074 435 1109 est
467 1068 586 1118 mihi,
626 1068 838 1120 dixitque:
876 1068 1033 1110 Daniel

205 1138 319 1166 nunc
343 1126 544 1176 egressus
569 1137 665 1165 sum
683 1130 730 1166 ut
750 1124 955 1166 docerem
977 1130 1032 1174 te,

205 1186 249 1222 et
263 1182 539 1233 intelligeres.
567 1181 637 1222 Ab
654 1181 837 1223 exordio
851 1194 1032 1234 precum

204 1240 377 1280 tuarum
411 1240 614 1289 egressus
647 1243 713 1280 est
746 1251 906 1280 sermo:
951 1251 1032 1290 ego

204 1300 351 1337 autem
370 1296 471 1337 veni
489 1300 537 1337 ut
555 1295 794 1337 indicarem
812 1295 903 1345 tibi,
930 1296 1032 1348 quia

205 1353 272 1393 vir
291 1351 610 1394 desiderierum
630 1365 691 1394 es:
711 1358 758 1394 tu
778 1365 884 1403 ergo
901 1353 1031 1393 anim-

205 1408 386 1451 adverte
409 1411 672 1460 sermonem,
698 1415 742 1451 et
760 1409 954 1460 intellige
973 1410 1031 1451 vi-

205 1465 384 1507 sionem.
420 1466 707 1519 Septuaginta
730 1465 1031 1508 hebdomades

205 1521 473 1564 abbreviatae
510 1528 610 1564 sunt
650 1535 781 1575 super
818 1523 1031 1575 populum

204 1583 343 1628 tuum,
389 1584 432 1621 et
473 1593 606 1632 super
645 1579 799 1620 urbem
836 1584 1033 1621 sanctam

203 1640 324 1676 tuam
339 1641 395 1677 ut
419 1638 745 1678 consummetur
772 1637 1031 1690 praevarica-

203 1692 277 1741 tio,
302 1698 345 1734 et
364 1692 495 1734 finem
516 1693 703 1746 accipiat
722 1695 964 1746 peccatum,
990 1699 1033 1736 et

205 1748 403 1790 deleatur
439 1749 663 1801 iniquitas,
706 1755 749 1792 et
786 1749 1032 1792 adducatur

203 1805 367 1856 justitia
400 1806 681 1858 sempiterna,
722 1812 766 1848 et
798 1807 1032 1859 impleatur

205 1862 327 1911 visio,
347 1867 391 1904 et
407 1863 653 1916 prophetia,
670 1869 713 1906 et
727 1866 914 1915 ungatur
929 1864 1030 1905 San·
1097 1913 1102 1918 .
1132 1872 1194 1917 ἐἷς
1205 1887 1209 1893 ,
1220 1877 1230 1886 ⁷

203 1924 298 1960 ctus
318 1922 580 1961 sanctorum.

255 1976 305 2027 R1.
334 1976 562 2027 Angustiae
581 1976 687 2017 mihi
707 1981 818 2018 sunt.
838 1977 922 2018 197.

503 2033 653 2073 Lectio
674 2034 726 2073 iii.

273 2089 361 2131 cito
389 2102 512 2140 ergo,
540 2095 584 2132 et
610 2088 926 2132 animadverte:
961 2090 1031 2132 Ab

289 2146 407 2187 exitu
428 2147 658 2196 sermonis,
687 2152 735 2188 ut
754 2149 911 2188 iterum
931 2146 1032 2188 aedi-

203 2203 358 2244 ficetur
383 2203 641 2251 Jerusalem,
666 2216 805 2256 usque
831 2202 887 2245 ad
915 2203 1031 2245 Chri-

205 2265 319 2301 stum
339 2259 510 2310 ducem,
529 2259 832 2302 hebdomades
852 2266 1032 2314 septem,

205 2320 249 2357 et
298 2316 600 2358 hebdomades
652 2319 879 2368 sexaginta
933 2316 1032 2359 duae

205 2378 346 2414 erunt:
375 2378 418 2415 et
441 2387 613 2415 rursum
633 2373 923 2415 aedificabitur
943 2374 1031 2427 pla-

203 2431 285 2478 tea,
306 2435 350 2471 et
367 2431 479 2470 muri
498 2430 542 2471 in
558 2431 758 2482 angustia
772 2432 1032 2484 temporum.

175 2536 182 2542 ⁸
204 2486 261 2527 Et
309 2492 411 2538 post
460 2486 761 2529 hebdomades
807 2490 1033 2539 sexaginta

205 2542 315 2584 duas
348 2542 574 2585 occidetur
609 2544 823 2586 Christus:
865 2549 908 2586 et
945 2557 1033 2586 non

205 2599 286 2640 erit
313 2600 403 2651 ejus
428 2601 636 2652 populus,
671 2601 745 2654 qui
777 2605 1032 2652 eum'nega-

207 2658 331 2697 turus
351 2662 427 2697 est.
455 2656 511 2698 Et
527 2657 757 2708 civitatem,
777 2663 821 2700 et
837 2660 1033 2699 sanctua-

204 2712 316 2753 rium
336 2711 567 2765 dissipabit
590 2714 780 2766 populus
804 2727 902 2756 cum
922 2713 1034 2756 duce

204 2772 404 2810 venturo:
438 2774 481 2810 et
512 2769 609 2811 finis
643 2771 733 2822 ejus
761 2771 958 2822 vastitaS,
990 2776 1033 2813 et

778 235 978 269 Dominicu
1007 235 1065 267 1x'.
1092 233 1334 267 Novembris.

1084 337 1188 385 post
1211 331 1342 373 finem
1365 332 1469 374 belli
1494 335 1658 374 statuta
1682 331 1912 374 desolatio.

1086 388 1374 430 Confirmabit
1396 394 1542 430 autem
1564 394 1743 442 pactum
1765 389 1912 430 multis

1084 444 1362 487 hebdomada
1407 458 1511 486 una:
1556 451 1600 487 et
1643 445 1687 486 in
1732 444 1912 487 dimidio

1084 501 1374 543 hebdomadis
1403 501 1578 543 deficiet
1605 501 1750 544 hostia
1777 507 1821 543 et
1849 514 1913 543 sa-

1085 558 1312 600 crificium:
1334 564 1377 600 et
1397 559 1479 600 erit
1498 559 1542 599 in
1560 558 1728 612 templo
1749 558 1912 600 abomi-

1084 615 1203 656 natio
1243 614 1547 657 desolationis:
1593 620 1637 657 et
1677 627 1818 667 usque
1858 614 1915 656 ad

1085 672 1506 714 consummationem
1534 677 1577 714 et
1603 671 1735 713 finem
1765 683 1912 724 perse-

1085 727 1255 770 verabit
1274 728 1504 770 desolatio.

1136 787 1186 838 Ην.
1212 785 1331 826 Misit
1351 785 1575 826 Dominus.
1595 785 1681 826 197.

1356 889 1639 926 Sabbato

1143 944 1229 972 ante
1254 938 1497 973 Dominicam
1522 939 1583 973 IV.
1610 939 1854 973 Novembris.

1137 989 1207 1030 Ad
1223 989 1397 1040 Magnis.
1426 991 1524 1031 Ant.
1553 990 1637 1040 Qui
1658 990 1872 1033 coelorum
1890 993 1914 1018 *
1975 1040 1986 1045 „

1087 1045 1285 1087 contines
1312 1045 1533 1096 thronum,
1571 1052 1615 1088 et
1644 1047 1828 1100 abyssos
1854 1048 1914 1089 in-

1085 1102 1237 1152 tueris,
1265 1102 1453 1144 Domine
1477 1103 1576 1144 Rex
1598 1116 1768 1155 regum,
1794 1117 1914 1146 mon-

1085 1164 1152 1200 tes
1178 1158 1417 1211 ponderas,
1450 1164 1614 1200 terram
1638 1160 1786 1213 palmo
1813 1173 1914 1202 con-

1086 1215 1241 1257 cludis:
1270 1215 1430 1257 exaudi
1454 1228 1536 1258 nos
1561 1216 1750 1258 Domine
1774 1217 1819 1258 in
1844 1230 1914 1268 ge-

1085 1272 1263 1314 mitibus
1283 1272 1458 1314 nostris.

1135 1326 1185 1374 V.
1225 1329 1497 1381 Vespertina‘
1527 1329 1669 1371 oratio
1707 1328 1916 1372 ascendat

1086 1384 1143 1426 ad
1175 1390 1218 1426 te
1251 1385 1451 1427 Domine.
1498 1386 1548 1425 R.
1587 1385 1644 1427 Et
1676 1385 1916 1428 descendat

1086 1455 1218 1495 super
1236 1454 1318 1483 nos
1337 1441 1639 1484 misericordia
1658 1447 1743 1484 tua.

1374 1535 1412 1537 ⁴„
1448 1522 1657 1551 &ss

1135 1597 1411 1646 Dominica
1432 1596 1519 1647 IV.
1542 1596 1868 1648 Novembris,
1888 1637 1891 1640 .

1320 1677 1368 1715 In
1396 1677 1426 1715 Ι.
1455 1677 1677 1716 Nocturno.

1155 1736 1312 1789 Incipit
1330 1737 1441 1779 liber
1462 1738 1576 1779 Osee
1595 1737 1844 1790 Prophetae.

1186 1802 1338 1845 Lectio
1359 1804 1382 1843 i.
1656 1804 1758 1855 Cap.
1779 1804 1808 1843 1.

1242 1863 1395 1906 erbum
1409 1864 1597 1914 Domini,
1618 1863 1742 1916 quod·
1754 1864 1915 1906 factum

1089 1955 1138 1985 ,Υ
1166 1955 1168 1958 .
1194 1915 1227 1984 Υξ
1259 1926 1326 1962 est
1362 1920 1418 1963 ad
1452 1921 1567 1962 Osee
1603 1920 1740 1962 filium
1771 1920 1914 1970 Beeri‚

1094 1974 1234 2001 -ss222
1259 1978 1302 2018 in
1340 1977 1495 2020 diebus
1532 1977 1669 2027 Oziae,
1709 1977 1735 2018 J
1737 1976 1914 2028 oathan,

1086 2033 1248 2084 Achaz,
1270 2034 1472 2076 Ezechiae
1491 2045 1644 2085 regum
1662 2033 1686 2074 J
1687 2032 1786 2083 uda,
1810 2033 1915 2075 etin

1087 2089 1242 2132 diebus
1274 2090 1514 2132 Jeroboam
1545 2090 1623 2131 filii
1655 2090 1760 2132 Joas
1798 2088 1917 2141 regis

1085 2147 1234 2188 Israel.
1289 2147 1558 2200 Principium
1589 2146 1799 2199 loquendi
1828 2146 1916 2188 Do-

1086 2204 1204 2245 mino
1222 2204 1265 2244 in
1286 2204 1415 2246 Osee:
1435 2210 1479 2245 et
1498 2203 1607 2246 dixit
1626 2203 1840 2245 Dominus
1859 2203 1915 2245 ad

1088 2260 1218 2302 Osee:
1237 2260 1375 2310 Vade,
1395 2273 1517 2302 sume
1536 2259 1615 2302 tibi
1633 2261 1817 2301 uxorem
1831 2259 1915 2301 for-

1086 2317 1370 2367 nicationum,
1396 2323 1440 2359 et
1465 2317 1534 2359 fac
1551 2316 1631 2359 tibi
1651 2316 1767 2358 filios
1787 2316 1916 2357 forni-

1087 2375 1322 2416 cationum:
1356 2375 1459 2426 quia
1486 2373 1703 2415 fornicans
1732 2372 1915 2414 fornica-

1087 2431 1203 2473 bitur
1221 2436 1339 2472 terra
1360 2444 1384 2472 a
1404 2431 1607 2472 Domino.
1643 2429 1700 2470 Et
1723 2428 1844 2478 abiit,
1874 2434 1917 2471 et

1087 2488 1259 2541 accepit
1296 2487 1462 2530 Gomer
1498 2486 1634 2527 filiam
1669 2485 1916 2527 Debela'im:

1087 2550 1132 2587 et
1151 2545 1365 2598 concepit,
1385 2549 1428 2586 et
1444 2543 1618 2596 peperit
1637 2542 1676 2584 ei
1696 2541 1843 2583 filium.

1136 2603 1186 2654 lit·
1217 2601 1321 2643 Vidi
1339 2600 1578 2641 Dominum
1604 2597 1831 2640 sedentem
1850 2611 1916 2640 su-

1087 2670 1167 2710 per
1191 2657 1349 2699 solium
1374 2656 1595 2698 excelsum
1619 2660 1662 2697 et
1683 2655 1916 2697 elevatum:

1088 2720 1131 2756 et
1154 2714 1284 2767 plena
1306 2719 1400 2755 erat
1424 2713 1564 2754 omnis
1583 2717 1699 2754 terra
1718 2713 1915 2765 majesta-

1086 2776 1130 2813 te
1146 2772 1252 2823 ejus:
1266 2767 1287 2790 *
1307 2770 1363 2811 Et
1381 2782 1433 2811 ea
1454 2781 1553 2821 quae
1571 2768 1652 2811 sub
1667 2769 1766 2822 ipso
1783 2773 1916 2818 erant,
