2040 2944
755 181 964 214 Commune
993 181 1104 214 unius
1131 181 1320 223 Martyris.

240 281 335 319 Ant.
368 280 410 318 ln
434 278 633 319 universa
660 282 779 319 terra
805 278 945 328 gloria
966 282 1009 319 et

183 334 348 376 honore
377 334 599 376 coronasti
627 347 736 376 eum.

241 388 287 437 Y.
298 391 488 432 Posuisti
499 391 595 431 Dfie
612 404 743 443 super
759 396 890 444 caput
907 392 1009 443 ejus.

188 450 235 499 Κ.
252 447 471 488 Coronam
491 446 546 488 de
567 446 714 499 lapide
734 448 942 500 pretioso.

240 506 364 545 Pater
392 508 551 545 noster.

239 560 481 600 Absolutio.
516 562 649 612 Ipsius
667 562 819 612 pietas.

239 615 286 662 Y.
311 617 335 656 J
339 616 423 658 ube
452 616 613 658 domne
640 616 914 659 benedicere.

241 673 398 713 Bcncd.
429 674 546 714 Deus
564 674 694 714 Pater
720 676 1009 726 omnipotens,

186 740 334 780 Sermo
364 739 502 780 sancti
530 740 762 789 Augustini
789 739 1010 792 Episcopi.

370 796 485 827 δἐι-ιη.
511 795 562 827 44.
590 796 634 827 de
661 795 821 828 Sanctis.

485 846 636 885 Lectio
659 847 708 884 iv.

255 903 560 956 ‘ariumphalis
583 903 701 944 beati
727 903 931 955 Martyris
962 902 1011 942 N.

187 945 300 1021 a}
324 959 418 1001 dies
450 959 581 1001 hodie
609 959 737 1001 nobis
763 961 1009 1001 anniversa-

288 1023 298 1038 ⁹
324 1017 385 1057 ria
400 1015 652 1058 celebritate
673 1017 870 1058 recurrit:
890 1018 1010 1068 cujus

181 1072 488 1123 glorificationi
517 1073 628 1114 sicut
655 1073 903 1124 congandet
931 1074 1009 1115 Ec-

183 1129 329 1179 clesia,
365 1130 427 1171 sic
447 1131 537 1181 ejus
559 1130 769 1182 proponit
787 1130 1011 1182 sequenda

184 1187 377 1237 vestigia.
421 1186 466 1227 Si
494 1186 609 1227 enim
637 1186 943 1238 compatimur,
969 1192 1011 1228 et

184 1242 622 1294 conglorificabimur.
649 1243 699 1283 In
715 1243 835 1294 cujus
850 1243 1009 1294 glorio—

183 1312 232 1340 so
251 1301 392 1349 agone
413 1299 500 1340 duo
520 1299 648 1340 nobis
667 1302 892 1352 praecipue
911 1313 1011 1341 con-

183 1355 417 1397 sideranda
442 1361 557 1397 sunt:
585 1356 786 1398 indurata
805 1356 1011 1398 videlicet

182 1413 363 1453 tortoris
379 1412 558 1462 saevitia,
575 1418 618 1454 et
630 1413 836 1465 Martyris
851 1413 1010 1454 invicta

183 1469 405 1521 patientia.
441 1469 618 1510 Saevitia
635 1470 829 1519 tortoris,
849 1475 895 1510 ut
916 1483 1011 1511 eam

184 1525 465 1566 detestemur:
492 1526 704 1578 patientia
723 1526 940 1578 Martyris,
964 1532 1011 1568 ut

184 1595 280 1623 eam
313 1582 541 1623 imitemur.
588 1582 705 1624 Audi
735 1583 1012 1624 Psalmistam

183 1638 395 1679 adversus
438 1638 648 1680 malitiam
693 1639 1010 1692 increpantem:

183 1695 286 1735 Noli
329 1695 524 1736 aemulari
563 1696 607 1736 in
653 1695 1010 1746 malignantibus:

186 1752 391 1803 quoniam
435 1757 659 1803 tamquam
699 1752 865 1793 foenum
896 1753 1011 1794 velo-

185 1808 293 1849 citer
331 1810 541 1849 arescent.
589 1808 719 1859 Quod
755 1814 903 1850 autem
940 1809 1011 1851 ad-

186 1866 336 1905 versus
374 1865 662 1915 malignantes
696 1867 909 1918 patientia
942 1879 1012 1908 ex-

186 1920 375 1962 hibenda
402 1922 473 1971 sit,
506 1922 607 1963 audi
626 1923 894 1975 Apostolum
918 1936 1011 1964 sua-

186 1976 375 2018 dentem:
395 1978 609 2020 Patientia
622 1977 750 2020 vobis
765 1980 1012 2021 necessaria

187 2038 263 2083 est,
292 2038 338 2075 ut
360 2036 592 2087 reportetis
611 2036 937 2088 promissiones.

240 2091 287 2142 Rg.
317 2091 562 2132 Honestum
588 2092 692 2134 fecit
717 2092 839 2133 illum
864 2093 1011 2134 Domi-

186 2160 277 2196 nuS,
300 2152 344 2189 et
363 2147 603 2190 custodivit
623 2161 722 2190 eum
743 2149 796 2190 ab
817 2149 1012 2198 inimicis,

188 2208 230 2244 et
258 2217 282 2244 a
309 2203 616 2246 seductoribus
642 2206 802 2247 tutavit
826 2205 962 2247 illum:
991 2210 1011 2231 *

188 2260 243 2320 Et
271 2260 394 2301 dedit
427 2261 487 2301 illi
522 2261 766 2303 claritatem
795 2264 1012 2304 aeternam.

191 2314 236 2359 Υ.
264 2316 591 2369 Descenditque
611 2331 710 2359 cum
735 2319 809 2360 illo
834 2320 877 2360 in
896 2320 1012 2361 fove-

188 2385 272 2421 am,
310 2373 422 2465 eltitin
451 2374 633 2416 vinculis
663 2388 751 2416 non
780 2376 1014 2429 dereliquit

189 2437 298 2465 eum.
385 2457 392 2465 .

244 2479 398 2519 Bencd.
429 2482 629 2524 Christus
648 2486 886 2536 perpetuae.

499 2538 646 2578 Lectio
670 2552 704 2577 v.

190 2585 448 2693 Coronata
467 2596 614 2646 itaque
635 2602 702 2637 est
719 2596 839 2637 beati
853 2596 1013 2647 Marty-

279 2650 337 2691 ris
356 2651 581 2702 patientia:
605 2653 852 2705 mancipata
871 2657 937 2693 est
958 2665 1012 2693 ae-

188 2707 323 2750 ternis
343 2707 608 2749 cruciatibus
627 2709 806 2750 tortoris
827 2709 1012 2751 incorre-

1061 283 1132 319 cta
1145 278 1322 319 malitia.
1333 279 1433 320 Hoc
1446 279 1675 322 attendens
1689 281 1733 321 in
1747 282 1888 332 agone

1062 347 1141 375 suo
1164 335 1382 385 gloriosus
1409 335 1570 377 Christi
1596 336 1775 388 athleta,
1801 350 1888 378 non

1062 391 1286 432 exhorruit
1314 394 1546 434 carcerem.
1586 393 1659 435 Ad
1683 393 1888 435 imitatio-

1061 460 1160 489 nem
1191 448 1347 500 capitis
1381 449 1446 489 sui
1478 449 1684 491 toleravit
1714 450 1888 503 probra,

1061 505 1268 546 sustinuit
1286 505 1522 555 irrisiones,
1543 506 1715 557 flagella
1732 519 1820 548 non
1839 510 1888 548 ti-

1061 561 1185 602 muit:
1227 567 1270 603 et
1307 567 1415 614 quot
1449 567 1549 603 ante
1583 567 1771 604 mortem
1806 576 1888 616 pro

1062 617 1236 659 Christo
1271 618 1451 671 pertulit
1483 619 1715 671 supplicia,
1749 624 1818 661 tot
1850 620 1890 661 ei

1063 673 1117 715 de
1136 687 1182 715 se
1203 675 1365 716 obtulit
1383 675 1609 717 sacrificia.
1629 676 1760 726 Quod
1775 677 1890 718 enim

1061 731 1321 783 propinante
1340 732 1562 784 Apostolo
1582 732 1771 782 biberat,
1803 733 1890 774 alte

1066 787 1297 829 retinebat:
1317 789 1429 839 Quia
1442 801 1529 829 non
1545 794 1646 830 sunt
1661 789 1890 841 condignae

1062 844 1292 896 passiones
1312 845 1438 897 hujus
1463 846 1676 898 temporis
1700 845 1757 887 ad
1779 846 1890 887 futu-

1062 913 1155 941 ram
1182 901 1386 952 gloriam,
1424 915 1522 954 quae
1551 902 1818 944 revelabitur
1847 903 1891 943 in

1062 957 1200 998 nobis.
1233 958 1289 999 Et
1310 958 1412 1009 quia
1430 961 1786 1000 momentaneum
1805 958 1891 1000 hoc

1064 1019 1107 1055 et
1126 1013 1223 1055 leve
1242 1020 1406 1055 nostrae
1430 1014 1740 1065 tribulationis,
1767 1018 1891 1057 aeter-

1063 1083 1166 1111 num
1197 1071 1350 1122 gloriae
1390 1071 1565 1123 pondus
1602 1075 1811 1125 operatur
1847 1072 1891 1113 in

1063 1127 1199 1168 coelis.
1238 1128 1378 1179 Hujus
1407 1129 1712 1180 promissionis
1741 1131 1892 1170 amore

1063 1197 1088 1224 a
1124 1184 1310 1225 terrenis
1346 1187 1604 1237 suspensus,
1646 1190 1689 1227 et
1723 1198 1892 1238 praegu-

1064 1243 1179 1281 stata
1195 1243 1398 1293 supernae
1416 1242 1643 1284 suavitatis
1660 1241 1892 1283 dulcedine

1063 1297 1341 1339 ineffabiliter
1362 1297 1560 1347 affectus,
1596 1298 1771 1340 dicebat
1791 1311 1892 1340 cum

1064 1354 1310 1395 Psalmista:
1339 1354 1455 1404 Quid
1478 1355 1583 1395 mihi
1607 1360 1675 1396 est
1700 1355 1744 1395 in
1766 1355 1892 1404 coelo‚

1066 1416 1109 1452 et
1137 1423 1162 1451 a
1189 1416 1233 1451 te
1263 1411 1369 1462 quid
1395 1411 1514 1452 volui
1542 1424 1673 1464 super
1701 1409 1891 1453 terram?

1065 1467 1236 1508 Defecit
1269 1480 1372 1509 caro
1409 1480 1507 1509 mea
1541 1473 1584 1510 et
1617 1480 1695 1509 cor
1726 1480 1891 1509 meum:

1063 1525 1183 1565 Deus
1200 1524 1346 1565 cordis
1361 1525 1458 1575 mei,
1480 1530 1523 1566 et
1538 1537 1642 1577 pars
1657 1537 1754 1566 mea
1769 1524 1891 1565 Deus

1063 1581 1106 1621 in
1126 1583 1349 1622 aeternum.

1119 1637 1168 1689 R.
1202 1637 1482 1678 Desiderium
1515 1637 1672 1679 animae
1701 1638 1792 1689 ejus
1819 1637 1893 1678 tri-

1064 1693 1199 1735 buisti
1231 1694 1270 1735 ei
1298 1694 1502 1745 Domine,
1528 1695 1551 1717 *
1583 1694 1640 1734 Et
1667 1693 1893 1734 voluntate

1064 1750 1281 1791 labiorum
1309 1751 1399 1802 ejus
1426 1763 1513 1792 non
1539 1749 1753 1791 fraudasti
1783 1762 1893 1791 eum.

1069 1800 1117 1852 Y.
1134 1807 1351 1856 Quoniam
1371 1806 1626 1860 praevenisti
1641 1819 1740 1847 eum
1758 1806 1803 1846 in
1817 1805 1902 1852 ber

1064 1862 1389 1905 nedictionibus
1418 1862 1678 1905 dulcedinis:
1705 1862 1891 1914 posuisti

1065 1919 1108 1960 in
1137 1919 1281 1972 capite
1309 1921 1400 1971 ejus
1428 1921 1637 1962 coronam
1662 1918 1717 1960 de
1743 1917 1891 1971 lapide

1065 1976 1274 2028 pretioso.
1303 1977 1369 2018 Et.

1121 2026 1281 2067 Bened.
1311 2028 1458 2079 lgnem
1479 2028 1545 2069 sui
1564 2027 1736 2071 amoris.

1370 2084 1519 2124 Lectio
1542 2085 1593 2123 vi.

1070 2134 1500 2242 Contemplabatur
1530 2145 1644 2186 enim
1681 2148 1890 2196 quantum

1166 2201 1210 2241 in
1235 2203 1466 2251 aenigmate
1491 2201 1720 2242 infirmitas
1744 2198 1890 2240 huma-

1064 2271 1119 2298 na
1139 2257 1316 2298 oculum
1335 2258 1495 2299 mentis
1514 2258 1558 2298 in
1578 2256 1824 2298 aeternitate
1844 2255 1890 2296 fi-

1063 2327 1166 2365 gere
1192 2319 1352 2367 potest‚
1384 2319 1545 2366 quanta
1574 2313 1659 2354 sint
1687 2313 1889 2364 supernae

1064 2371 1252 2412 civitatis
1268 2370 1442 2422 gandia:
1461 2375 1505 2412 et
1521 2383 1571 2411 ea
1587 2371 1788 2410 enarrare
1803 2381 1890 2409 non

1065 2427 1304 2477 sufficiens,
1351 2425 1608 2468 admirando
1655 2424 1892 2466 clamabat:

1065 2484 1181 2534 Quid
1205 2483 1311 2524 mihi
1337 2488 1404 2525 est
1428 2483 1471 2523 in
1495 2479 1634 2523 coelo?
1673 2482 1807 2531 Quasi
1830 2481 1890 2522 di-

1064 2546 1198 2582 ceret:
1226 2539 1410 2582 Excedit
1429 2539 1544 2580 vires
1563 2551 1694 2587 meaS,
1718 2537 1891 2579 excedit

1064 2597 1317 2638 facultatem
1336 2595 1599 2647 eloquentiae
1622 2607 1748 2643 meae,
1776 2599 1890 2635 tran-

1065 2652 1235 2694 scendit
1265 2651 1556 2704 capacitatem
1590 2651 1890 2702 intelligentiae

1064 2722 1174 2751 meae
1202 2707 1310 2750 illud
1337 2707 1492 2757 decus,
1526 2707 1599 2748 illa
1626 2707 1784 2758 gloria,
1816 2706 1890 2747 illa
