2040 2944
776 770 859 811 Die
887 771 944 811 21.
973 771 1255 823 Septembris.

542 858 584 898 S.
614 857 847 899 Matthaei
880 859 1086 910 Apostoli
1116 866 1157 901 et
1188 860 1493 911 Evangelistae.

824 937 978 980 Duplex
1001 938 1031 972 2.
1057 938 1205 972 classis.

209 1018 346 1052 Omnia
387 1019 435 1053 de
479 1019 683 1053 Communi
718 1020 896 1063 Apostol.
940 1017 988 1061 [2]

157 1071 297 1109 praeter
323 1077 427 1110 sequ.

495 1125 657 1165 Oratio.

166 1196 190 1225 a.
226 1170 247 1224 f
271 1210 274 1216 ,
306 1168 326 1232 '‚
354 1174 440 1214 eati
460 1173 667 1226 Apostoli
691 1179 735 1215 et
759 1174 987 1224 Evangeli-

166 1231 193 1283 3³.
253 1229 335 1280 1⁴1³,ss
371 1229 988 1282 staeMatthaei,Domine,pre-

162 1273 285 1328 :di-2222
369 1285 493 1327 cibus
510 1286 778 1338 adjuvemur:
795 1291 854 1335 ut,
870 1286 991 1338 quod

155 1341 427 1392 possibilitas
473 1348 624 1384 nostra
670 1355 758 1384 non
805 1342 989 1393 obtinet,

156 1397 249 1448 ejus
282 1398 411 1439 nobis
443 1399 762 1442 intercessione
791 1398 989 1441 donetur.

155 1453 240 1494 Per
259 1454 508 1496 Dominum.

209 1520 255 1554 Et
280 1521 319 1555 fit
345 1532 540 1556 commem.
568 1523 731 1565 praeced.

211 1572 309 1613 Ant.
356 1571 563 1613 Gaudent
596 1573 639 1612 in
673 1573 798 1614 coelis
833 1573 988 1614 animae

155 1629 420 1678 sanctorum,
433 1629 507 1681 qui
518 1629 681 1671 Christi
692 1630 877 1681 vestigia
888 1636 989 1671 sunt

156 1684 311 1724 secuti:
332 1690 375 1727 et
396 1686 496 1737 quia
515 1698 598 1738 pro
619 1687 711 1737 ejus
726 1689 877 1728 amore
893 1689 987 1727 san—

154 1739 329 1788 guinem
355 1754 482 1783 suum
508 1741 731 1792 fuderunt,
760 1742 862 1785 ideo
889 1757 987 1785 cum

157 1795 332 1838 Christo
353 1798 576 1840 exsultant
595 1799 688 1840 sine
708 1799 805 1841 fine.

210 1850 259 1900 Y.
286 1853 583 1896 Exsultabunt
607 1856 749 1897 sancti
772 1857 815 1896 in
836 1856 988 1907 gloria.

160 1911 208 1961 Ra
224 1909 512 1952 Laetabuntur
531 1911 574 1951 in
593 1912 811 1954 cubilibus
831 1914 931 1954 suis.

211 1967 375 2007 Oratio.
405 1968 535 2018 Deus,
566 1969 639 2021 qui
666 1982 759 2010 nos.
787 1970 873 2010 318.

210 2031 250 2065 In
273 2032 298 2065 I.
321 2032 519 2067 Nocturno
545 2034 748 2069 Lectiones
773 2037 820 2070 Et
843 2036 988 2071 factum

155 2083 222 2113 est.
255 2080 300 2114 de
327 2080 529 2114 Communi
554 2082 699 2125 Evang.
725 2083 798 2126 [18]

391 2147 439 2185 In
464 2147 513 2185 II.
539 2147 762 2188 Nocturno.

462 2207 612 2247 Lectio
634 2208 685 2247 iv.

213 2261 519 2323 <³422²92⁷3affl¹²1³¹1S⁹
547 2264 621 2315 qui
646 2269 690 2305 et
716 2264 842 2314 Levi,
868 2268 986 2319 Apo-

164 2322 214 2375 {ij
232 2324 274 2378 1:³5]
331 2318 470 2386 stolus
504 2325 547 2383 et
577 2320 876 2372 Evangelista,
910 2323 987 2364 Ca-

156 2373 988 2482 sedffietplgagffisggmogigugelgggffi

155 2487 333 2526 secutus
373 2492 439 2528 est
482 2487 641 2539 ipsum:
685 2502 816 2541 quem
855 2492 988 2532 etiam

156 2553 254 2582 cum
297 2541 478 2593 reliquis
519 2543 745 2597 discipulis
784 2549 987 2589 convivio

1043 1019 1331 1069 ficisceretur,
1360 1031 1461 1071 quae
1488 1019 1528 1060 ei
1551 1017 1609 1060 ad
1632 1019 1876 1072 praedican-

1044 1074 1149 1116 dum
1176 1075 1414 1125 obtigerat,
1442 1075 1610 1127 primus
1638 1075 1683 1115 in
1709 1074 1877 1124 Judatea,

1042 1136 1228 1184 propter
1257 1143 1335 1172 eos
1365 1131 1438 1183 qui
1464 1143 1519 1172 ex
1545 1131 1877 1173 circumcisione

1044 1187 1334 1236 crediderant,
1344 1187 1634 1238 Evangelium
1641 1187 1666 1228 J
1668 1200 1746 1229 esu
1757 1187 1876 1229 Chri-

1043 1244 1098 1284 sti
1109 1243 1315 1285 hebraice
1327 1243 1512 1296 scripsit.
1531 1243 1638 1284 Mox
1650 1243 1694 1284 in
1704 1243 1875 1286 AEthio-

1043 1301 1161 1352 piam
1180 1300 1424 1353 profectus,
1453 1299 1741 1352 Evangelium
1764 1313 1875 1353 prae-

1043 1356 1224 1406 dicavit,
1257 1370 1309 1398 ac
1335 1356 1701 1409 praedicationem
1727 1357 1877 1400 multis

1043 1413 1266 1456 miraculis
1285 1413 1573 1455 confirmavit.

1095 1485 1146 1535 Ru
1173 1478 1278 1520 Vidi
1301 1480 1560 1531 conjunctos
1579 1479 1699 1520 viros
1717 1478 1877 1520 haben-

1043 1539 1110 1576 tes
1136 1534 1394 1588 splendidas
1420 1540 1583 1584 vestes,
1612 1540 1656 1577 et
1683 1535 1878 1586 Angelus

1044 1591 1223 1632 Domini
1240 1591 1417 1633 locutus
1437 1596 1505 1633 est
1524 1591 1581 1633 ad
1599 1604 1685 1640 me,
1711 1590 1878 1633 dicens:

1043 1651 1066 1675 *
1095 1648 1174 1689 Isti
1203 1653 1304 1689 sunt
1333 1648 1414 1688 viri
1447 1647 1589 1689 sancti
1617 1647 1721 1689 facti
1750 1649 1877 1689 amici

1043 1704 1137 1745 Dei.
1165 1702 1215 1754 V.
1234 1703 1340 1746 Vidi
1359 1704 1580 1755 Angelum
1598 1704 1681 1745 Dei
1705 1704 1876 1752 fortem,

1044 1760 1266 1802 volantem
1286 1773 1366 1812 per
1385 1759 1579 1801 medium
1598 1760 1777 1810 coelum‚
1802 1773 1875 1802 vo-

1043 1829 1093 1858 ce
1116 1829 1276 1868 magna
1300 1816 1564 1858 clamentem
1583 1822 1627 1858 et
1646 1816 1876 1858 dicentem.

1042 1873 1122 1915 Isti
1141 1878 1252 1915 sunt.

1355 1924 1509 1966 Lectio
1529 1939 1568 1965 v.

1089 1986 1150 2028 llo
1168 1986 1300 2037 igitur
1314 1987 1358 2026 in
1372 1986 1524 2038 primis
1541 1986 1765 2036 miraculo,
1788 1999 1876 2038 quo

1103 2043 1220 2094 regis
1245 2043 1380 2084 filiam
1404 2055 1429 2083 a
1452 2042 1637 2084 mortuis
1657 2043 1876 2092 excitavit,

1042 2112 1191 2150 regem
1202 2104 1386 2151 patrem,
1402 2105 1445 2141 et
1460 2101 1644 2141 uxorem
1659 2099 1762 2150 ejus,
1777 2112 1876 2140 cum

1043 2156 1245 2197 universa
1277 2155 1507 2208 provincia
1544 2154 1602 2197 ad
1635 2154 1799 2196 Christi
1829 2155 1876 2196 fi-

1043 2211 1145 2253 dem
1164 2212 1393 2254 convertit.
1422 2212 1546 2263 Rege
1563 2214 1755 2261 mortuo,
1778 2211 1876 2252 Hir-

1042 2274 1182 2318 taem,
1202 2269 1293 2319 ejus
1314 2271 1562 2318 successor,
1586 2281 1685 2310 cum
1703 2267 1874 2319 Iphige-

1042 2327 1168 2374 niam,
1189 2325 1354 2375 regiam
1370 2325 1515 2374 filiam,
1534 2324 1667 2366 vellet
1682 2323 1767 2364 sibi
1782 2322 1877 2365 dari

1042 2381 1085 2422 in
1104 2381 1444 2430 matrimonium,
1463 2379 1734 2428 Mamaeum,
1754 2381 1876 2431 cujus

1043 2439 1178 2490 opera
1201 2437 1275 2478 illa
1301 2437 1596 2488 virginitatem
1621 2436 1719 2477 Deo
1745 2439 1875 2479 vove-

1042 2498 1127 2543 rat,
1156 2498 1200 2535 et
1226 2493 1271 2534 in
1295 2498 1449 2535 sancto
1474 2493 1709 2545 proposito
1729 2505 1875 2545 perse-

1042 2549 1236 2599 verabat,
1255 2549 1313 2591 ad
1333 2549 1472 2591 altare
1490 2549 1746 2600 mysterium
1766 2549 1875 2590 cele-

157 2598 341 2650 excepit.
378 2599 485 2640 Post
516 2599 675 2642 Christi
705 2604 987 2644 resurrectio·
1042 2605 1244 2648 brantem
1276 2604 1587 2656 jussit'occidi.
1630 2605 1715 2654 Qui
1743 2604 1875 2646 unde-

156 2667 267 2705 nem,
288 2656 525 2707 antequam
539 2656 582 2696 in
599 2659 871 2708 provinciam
887 2672 986 2712 pro·
1043 2662 1157 2703 cimo
1201 2661 1428 2702 Kalendas
1466 2661 1674 2703 Octobris
1718 2674 1876 2702 munus
