<?xml version="1.0" encoding="UTF-8"?>
<!DOCTYPE html PUBLIC "-//W3C//DTD XHTML 1.0 Transitional//EN"
    "http://www.w3.org/TR/xhtml1/DTD/xhtml1-transitional.dtd">
<html xmlns="http://www.w3.org/1999/xhtml" xml:lang="en" lang="en">
 <head>
  <title>
</title>
<meta http-equiv="Content-Type" content="text/html;charset=utf-8" />
  <meta name='ocr-system' content='tesseract 3.04.00' />
  <meta name='ocr-capabilities' content='ocr_page ocr_carea ocr_par ocr_line ocrx_word'/>
</head>
<body>
  <div class='ocr_page' id='page_1' title='image "./p4breviariumroma00cathuoft_0864.png"; bbox 0 0 2040 2944; ppageno 0'>
   <div class='ocr_carea' id='block_1_1' title="bbox 201 163 276 199">
    <p class='ocr_par' dir='ltr' id='par_1_1' title="bbox 201 163 276 199">
     <span class='ocr_line' id='line_1_1' title="bbox 201 163 276 199; baseline 0.013 -1"><span class='ocrx_word' id='word_1_1' title='bbox 201 163 276 199; x_wconf 82' lang='lat'>20*</span> 
     </span>
    </p>
   </div>
   <div class='ocr_carea' id='block_1_2' title="bbox 193 260 1033 2742">
    <p class='ocr_par' dir='ltr' id='par_1_2' title="bbox 193 260 1033 2742">
     <span class='ocr_line' id='line_1_2' title="bbox 204 260 1030 303; baseline -0.001 -1"><span class='ocrx_word' id='word_1_2' title='bbox 204 265 248 302; x_wconf 90' lang='lat' dir='ltr'>et</span> <span class='ocrx_word' id='word_1_3' title='bbox 273 273 299 302; x_wconf 93' lang='lat' dir='ltr'>a</span> <span class='ocrx_word' id='word_1_4' title='bbox 328 261 635 303; x_wconf 82' lang='lat' dir='ltr'>seductoribus</span> <span class='ocrx_word' id='word_1_5' title='bbox 661 261 822 303; x_wconf 87' lang='lat' dir='ltr'>tutavit</span> <span class='ocrx_word' id='word_1_6' title='bbox 845 260 982 302; x_wconf 85' lang='lat' dir='ltr'>illum:</span> <span class='ocrx_word' id='word_1_7' title='bbox 1009 264 1030 287; x_wconf 86' lang='lat'>*</span> 
     </span>
     <span class='ocr_line' id='line_1_3' title="bbox 202 317 1033 373; baseline 0 -15"><span class='ocrx_word' id='word_1_8' title='bbox 202 317 260 373; x_wconf 86' lang='lat' dir='ltr'>Et</span> <span class='ocrx_word' id='word_1_9' title='bbox 292 317 414 359; x_wconf 87' lang='lat' dir='ltr'>dedit</span> <span class='ocrx_word' id='word_1_10' title='bbox 444 317 506 359; x_wconf 85' lang='lat' dir='ltr'>illi</span> <span class='ocrx_word' id='word_1_11' title='bbox 539 318 784 360; x_wconf 67' lang='lat' dir='ltr'>claritatem</span> <span class='ocrx_word' id='word_1_12' title='bbox 814 319 1033 360; x_wconf 89' lang='lat' dir='ltr'>aetemam.</span> 
     </span>
     <span class='ocr_line' id='line_1_4' title="bbox 204 371 1031 428; baseline 0.004 -14"><span class='ocrx_word' id='word_1_13' title='bbox 204 371 253 421; x_wconf 97' lang='lat' dir='ltr'>V</span> <span class='ocrx_word' id='word_1_14' title='bbox 267 374 292 415; x_wconf 89' lang='lat' dir='ltr'><strong>J</strong></span> <span class='ocrx_word' id='word_1_15' title='bbox 292 379 439 416; x_wconf 90' lang='lat' dir='ltr'>ustum</span> <span class='ocrx_word' id='word_1_16' title='bbox 454 374 636 416; x_wconf 82' lang='lat' dir='ltr'>deduxit</span> <span class='ocrx_word' id='word_1_17' title='bbox 650 375 746 416; x_wconf 77' lang='lat' dir='ltr'>Dfis</span> <span class='ocrx_word' id='word_1_18' title='bbox 762 387 843 428; x_wconf 91' lang='lat' dir='ltr'>per</span> <span class='ocrx_word' id='word_1_19' title='bbox 858 375 952 416; x_wconf 92' lang='lat' dir='ltr'>vias</span> <span class='ocrx_word' id='word_1_20' title='bbox 967 388 1031 417; x_wconf 92' lang='lat' dir='ltr'>re—</span> 
     </span>
     <span class='ocr_line' id='line_1_5' title="bbox 203 431 1033 483; baseline 0 -11"><span class='ocrx_word' id='word_1_21' title='bbox 203 435 307 481; x_wconf 83' lang='lat' dir='ltr'>ctaS‚</span> <span class='ocrx_word' id='word_1_22' title='bbox 324 435 367 472; x_wconf 87' lang='lat' dir='ltr'>et</span> <span class='ocrx_word' id='word_1_23' title='bbox 382 431 576 473; x_wconf 90' lang='lat' dir='ltr'>ostendit</span> <span class='ocrx_word' id='word_1_24' title='bbox 586 431 648 472; x_wconf 92' lang='lat' dir='ltr'>illi</span> <span class='ocrx_word' id='word_1_25' title='bbox 659 444 842 483; x_wconf 90' lang='lat' dir='ltr'>regnum</span> <span class='ocrx_word' id='word_1_26' title='bbox 853 431 947 473; x_wconf 91' lang='lat' dir='ltr'>Dei.</span> <span class='ocrx_word' id='word_1_27' title='bbox 965 432 1033 474; x_wconf 90' lang='lat' dir='ltr'>Et.</span> 
     </span>
     <span class='ocr_line' id='line_1_6' title="bbox 513 492 721 533; baseline 0.005 -2"><span class='ocrx_word' id='word_1_28' title='bbox 513 492 665 533; x_wconf 83' lang='lat' dir='ltr'>Lectio</span> <span class='ocrx_word' id='word_1_29' title='bbox 685 506 721 532; x_wconf 77' lang='lat' dir='ltr'>v,</span> 
     </span>
     <span class='ocr_line' id='line_1_7' title="bbox 203 544 1033 650; baseline 0.001 -65"><span class='ocrx_word' id='word_1_30' title='bbox 203 545 354 650; x_wconf 87' lang='lat' dir='ltr'>Tam</span> <span class='ocrx_word' id='word_1_31' title='bbox 390 544 643 586; x_wconf 88' lang='lat' dir='ltr'>salutarium</span> <span class='ocrx_word' id='word_1_32' title='bbox 681 547 865 598; x_wconf 83' lang='lat' dir='ltr'>operum</span> <span class='ocrx_word' id='word_1_33' title='bbox 901 558 1033 587; x_wconf 91' lang='lat' dir='ltr'>causa</span> 
     </span>
     <span class='ocr_line' id='line_1_8' title="bbox 291 601 1032 643; baseline 0.003 -2"><span class='ocrx_word' id='word_1_34' title='bbox 291 601 444 643; x_wconf 82' lang='lat' dir='ltr'>incidit</span> <span class='ocrx_word' id='word_1_35' title='bbox 482 601 506 642; x_wconf 91' lang='lat' dir='ltr'><strong>J</strong></span> <span class='ocrx_word' id='word_1_36' title='bbox 509 603 675 643; x_wconf 91' lang='lat' dir='ltr'>oannes</span> <span class='ocrx_word' id='word_1_37' title='bbox 715 602 761 642; x_wconf 94' lang='lat' dir='ltr'>in</span> <span class='ocrx_word' id='word_1_38' title='bbox 797 602 1032 643; x_wconf 92' lang='lat' dir='ltr'>acerrimas</span> 
     </span>
     <span class='ocr_line' id='line_1_9' title="bbox 201 658 1032 710; baseline 0.002 -12"><span class='ocrx_word' id='word_1_39' title='bbox 201 658 513 700; x_wconf 84' lang='lat' dir='ltr'>insectationes</span> <span class='ocrx_word' id='word_1_40' title='bbox 559 658 786 699; x_wconf 84' lang='lat' dir='ltr'>hominum</span> <span class='ocrx_word' id='word_1_41' title='bbox 830 671 1032 710; x_wconf 80' lang='lat' dir='ltr'>nequam,</span> 
     </span>
     <span class='ocr_line' id='line_1_10' title="bbox 202 714 1033 767; baseline 0.001 -12"><span class='ocrx_word' id='word_1_42' title='bbox 202 714 276 766; x_wconf 93' lang='lat' dir='ltr'>qui</span> <span class='ocrx_word' id='word_1_43' title='bbox 315 727 414 756; x_wconf 93' lang='lat' dir='ltr'>eum</span> <span class='ocrx_word' id='word_1_44' title='bbox 450 727 502 755; x_wconf 95' lang='lat' dir='ltr'>ac</span> <span class='ocrx_word' id='word_1_45' title='bbox 540 714 703 764; x_wconf 84' lang='lat' dir='ltr'>socios,</span> <span class='ocrx_word' id='word_1_46' title='bbox 746 715 878 756; x_wconf 90' lang='lat' dir='ltr'>etiam</span> <span class='ocrx_word' id='word_1_47' title='bbox 914 715 1033 767; x_wconf 94' lang='lat' dir='ltr'>apud</span> 
     </span>
     <span class='ocr_line' id='line_1_11' title="bbox 199 771 1031 821; baseline 0.001 -10"><span class='ocrx_word' id='word_1_48' title='bbox 199 771 462 812; x_wconf 91' lang='lat' dir='ltr'>Pontificem</span> <span class='ocrx_word' id='word_1_49' title='bbox 480 771 738 821; x_wconf 81' lang='lat' dir='ltr'>Maximum,</span> <span class='ocrx_word' id='word_1_50' title='bbox 758 771 873 813; x_wconf 91' lang='lat' dir='ltr'>fictis</span> <span class='ocrx_word' id='word_1_51' title='bbox 893 772 1031 813; x_wconf 87' lang='lat' dir='ltr'>crimi-</span> 
     </span>
     <span class='ocr_line' id='line_1_12' title="bbox 200 827 1032 883; baseline 0.002 -15"><span class='ocrx_word' id='word_1_52' title='bbox 200 827 450 883; x_wconf 83' lang='lat' dir='ltr'>nati6nibus</span> <span class='ocrx_word' id='word_1_53' title='bbox 475 828 754 880; x_wconf 87' lang='lat' dir='ltr'>impetentes,</span> <span class='ocrx_word' id='word_1_54' title='bbox 782 841 936 870; x_wconf 90' lang='lat' dir='ltr'>recens</span> <span class='ocrx_word' id='word_1_55' title='bbox 962 841 1032 870; x_wconf 93' lang='lat' dir='ltr'>co-</span> 
     </span>
     <span class='ocr_line' id='line_1_13' title="bbox 201 883 1032 938; baseline 0.002 -13"><span class='ocrx_word' id='word_1_56' title='bbox 201 886 346 925; x_wconf 90' lang='lat' dir='ltr'>actam</span> <span class='ocrx_word' id='word_1_57' title='bbox 369 884 577 926; x_wconf 89' lang='lat' dir='ltr'>familiam</span> <span class='ocrx_word' id='word_1_58' title='bbox 599 883 788 937; x_wconf 91' lang='lat' dir='ltr'>perdere</span> <span class='ocrx_word' id='word_1_59' title='bbox 807 885 926 926; x_wconf 92' lang='lat' dir='ltr'>omni</span> <span class='ocrx_word' id='word_1_60' title='bbox 946 898 1032 938; x_wconf 92' lang='lat' dir='ltr'>ope</span> 
     </span>
     <span class='ocr_line' id='line_1_14' title="bbox 200 939 1032 992; baseline 0.004 -12"><span class='ocrx_word' id='word_1_61' title='bbox 200 940 463 982; x_wconf 89' lang='lat' dir='ltr'>nitebantur.</span> <span class='ocrx_word' id='word_1_62' title='bbox 503 939 653 990; x_wconf 90' lang='lat' dir='ltr'>Adeo,</span> <span class='ocrx_word' id='word_1_63' title='bbox 681 941 917 992; x_wconf 90' lang='lat' dir='ltr'>instigante</span> <span class='ocrx_word' id='word_1_64' title='bbox 946 941 1032 983; x_wconf 80' lang='lat' dir='ltr'>da&#39;e-</span> 
     </span>
     <span class='ocr_line' id='line_1_15' title="bbox 200 996 1031 1049; baseline 0.001 -12"><span class='ocrx_word' id='word_1_65' title='bbox 200 1009 348 1046; x_wconf 89' lang='lat' dir='ltr'>mone,</span> <span class='ocrx_word' id='word_1_66' title='bbox 384 996 587 1038; x_wconf 87' lang='lat' dir='ltr'>efferbuit</span> <span class='ocrx_word' id='word_1_67' title='bbox 613 997 827 1049; x_wconf 90' lang='lat' dir='ltr'>procella,</span> <span class='ocrx_word' id='word_1_68' title='bbox 860 1003 908 1040; x_wconf 92' lang='lat' dir='ltr'>ut</span> <span class='ocrx_word' id='word_1_69' title='bbox 935 998 1031 1039; x_wconf 92' lang='lat' dir='ltr'>reli-</span> 
     </span>
     <span class='ocr_line' id='line_1_16' title="bbox 199 1052 1033 1103; baseline 0.001 -9"><span class='ocrx_word' id='word_1_70' title='bbox 199 1053 313 1103; x_wconf 72' lang='lat' dir='ltr'>giesi</span> <span class='ocrx_word' id='word_1_71' title='bbox 331 1053 509 1095; x_wconf 91' lang='lat' dir='ltr'>sodales</span> <span class='ocrx_word' id='word_1_72' title='bbox 530 1053 649 1094; x_wconf 88' lang='lat' dir='ltr'>omni</span> <span class='ocrx_word' id='word_1_73' title='bbox 667 1052 725 1095; x_wconf 93' lang='lat' dir='ltr'>ad</span> <span class='ocrx_word' id='word_1_74' title='bbox 743 1054 1033 1095; x_wconf 90' lang='lat' dir='ltr'>victitandum</span> 
     </span>
     <span class='ocr_line' id='line_1_17' title="bbox 200 1109 1031 1163; baseline 0.002 -13"><span class='ocrx_word' id='word_1_75' title='bbox 200 1109 399 1151; x_wconf 90' lang='lat' dir='ltr'>subsidio</span> <span class='ocrx_word' id='word_1_76' title='bbox 419 1110 595 1162; x_wconf 85' lang='lat' dir='ltr'>privati,</span> <span class='ocrx_word' id='word_1_77' title='bbox 622 1109 869 1163; x_wconf 83' lang='lat' dir='ltr'>dejectique</span> <span class='ocrx_word' id='word_1_78' title='bbox 895 1124 918 1152; x_wconf 92' lang='lat' dir='ltr'>e</span> <span class='ocrx_word' id='word_1_79' title='bbox 941 1111 1031 1152; x_wconf 85' lang='lat' dir='ltr'>suis</span> 
     </span>
     <span class='ocr_line' id='line_1_18' title="bbox 200 1165 1031 1220; baseline 0.002 -13"><span class='ocrx_word' id='word_1_80' title='bbox 200 1165 387 1216; x_wconf 79' lang='lat' dir='ltr'>aedibus,</span> <span class='ocrx_word' id='word_1_81' title='bbox 427 1166 514 1207; x_wconf 90' lang='lat' dir='ltr'>alio</span> <span class='ocrx_word' id='word_1_82' title='bbox 548 1167 798 1219; x_wconf 80' lang='lat' dir='ltr'>perfugium</span> <span class='ocrx_word' id='word_1_83' title='bbox 832 1170 1031 1220; x_wconf 73' lang='lat' dir='ltr'>quaerere</span> 
     </span>
     <span class='ocr_line' id='line_1_19' title="bbox 199 1222 1031 1275; baseline 0.001 -11"><span class='ocrx_word' id='word_1_84' title='bbox 199 1223 344 1264; x_wconf 90' lang='lat' dir='ltr'>coacti</span> <span class='ocrx_word' id='word_1_85' title='bbox 371 1223 543 1264; x_wconf 81' lang='lat' dir='ltr'>fuerint.</span> <span class='ocrx_word' id='word_1_86' title='bbox 597 1222 686 1265; x_wconf 91' lang='lat' dir='ltr'>Sed</span> <span class='ocrx_word' id='word_1_87' title='bbox 719 1236 847 1275; x_wconf 87' lang='lat' dir='ltr'>aquae</span> <span class='ocrx_word' id='word_1_88' title='bbox 880 1223 1031 1265; x_wconf 84' lang='lat' dir='ltr'>multae</span> 
     </span>
     <span class='ocr_line' id='line_1_20' title="bbox 199 1281 1031 1332; baseline 0.002 -12"><span class='ocrx_word' id='word_1_89' title='bbox 199 1292 439 1331; x_wconf 84' lang='lat' dir='ltr'><strong>numquam</strong></span> <span class='ocrx_word' id='word_1_90' title='bbox 473 1281 714 1331; x_wconf 89' lang='lat' dir='ltr'>potuerunt</span> <span class='ocrx_word' id='word_1_91' title='bbox 751 1283 1031 1332; x_wconf 79' lang='lat' dir='ltr'>exstinguere</span> 
     </span>
     <span class='ocr_line' id='line_1_21' title="bbox 200 1337 1031 1390; baseline 0.002 -13"><span class='ocrx_word' id='word_1_92' title='bbox 200 1338 429 1378; x_wconf 88' lang='lat' dir='ltr'>caritatem</span> <span class='ocrx_word' id='word_1_93' title='bbox 461 1337 543 1378; x_wconf 89' lang='lat' dir='ltr'>viri</span> <span class='ocrx_word' id='word_1_94' title='bbox 574 1338 674 1387; x_wconf 90' lang='lat' dir='ltr'>Dei,</span> <span class='ocrx_word' id='word_1_95' title='bbox 708 1338 783 1389; x_wconf 93' lang='lat' dir='ltr'>qui</span> <span class='ocrx_word' id='word_1_96' title='bbox 816 1337 1031 1390; x_wconf 85' lang='lat' dir='ltr'>praeclare</span> 
     </span>
     <span class='ocr_line' id='line_1_22' title="bbox 199 1394 1031 1447; baseline 0.002 -12"><span class='ocrx_word' id='word_1_97' title='bbox 199 1394 283 1436; x_wconf 87' lang='lat' dir='ltr'>sibi</span> <span class='ocrx_word' id='word_1_98' title='bbox 324 1399 471 1436; x_wconf 91' lang='lat' dir='ltr'>actum</span> <span class='ocrx_word' id='word_1_99' title='bbox 513 1394 703 1436; x_wconf 88' lang='lat' dir='ltr'>ducebat</span> <span class='ocrx_word' id='word_1_100' title='bbox 740 1395 777 1435; x_wconf 91' lang='lat' dir='ltr'>si</span> <span class='ocrx_word' id='word_1_101' title='bbox 815 1395 1031 1447; x_wconf 86' lang='lat' dir='ltr'>quidlibet</span> 
     </span>
     <span class='ocr_line' id='line_1_23' title="bbox 198 1451 1031 1504; baseline 0.001 -12"><span class='ocrx_word' id='word_1_102' title='bbox 198 1464 281 1504; x_wconf 91' lang='lat' dir='ltr'>pro</span> <span class='ocrx_word' id='word_1_103' title='bbox 300 1451 325 1492; x_wconf 90' lang='lat' dir='ltr'><strong>J</strong></span> <span class='ocrx_word' id='word_1_104' title='bbox 328 1463 406 1492; x_wconf 92' lang='lat' dir='ltr'>esu</span> <span class='ocrx_word' id='word_1_105' title='bbox 422 1451 584 1493; x_wconf 87' lang='lat' dir='ltr'>Christi</span> <span class='ocrx_word' id='word_1_106' title='bbox 601 1452 777 1493; x_wconf 85' lang='lat' dir='ltr'>nomine</span> <span class='ocrx_word' id='word_1_107' title='bbox 794 1453 1031 1504; x_wconf 91' lang='lat' dir='ltr'>pateretur.</span> 
     </span>
     <span class='ocr_line' id='line_1_24' title="bbox 198 1507 1029 1560; baseline 0.002 -12"><span class='ocrx_word' id='word_1_108' title='bbox 198 1509 441 1560; x_wconf 85' lang='lat' dir='ltr'>Impetrata</span> <span class='ocrx_word' id='word_1_109' title='bbox 457 1520 483 1549; x_wconf 91' lang='lat' dir='ltr'>a</span> <span class='ocrx_word' id='word_1_110' title='bbox 497 1507 676 1550; x_wconf 89' lang='lat' dir='ltr'>Summo</span> <span class='ocrx_word' id='word_1_111' title='bbox 692 1508 906 1550; x_wconf 90' lang='lat' dir='ltr'>Pontifice</span> <span class='ocrx_word' id='word_1_112' title='bbox 922 1508 1029 1551; x_wconf 89' lang='lat' dir='ltr'>Gre-</span> 
     </span>
     <span class='ocr_line' id='line_1_25' title="bbox 197 1564 1029 1618; baseline 0.002 -13"><span class='ocrx_word' id='word_1_113' title='bbox 197 1565 322 1615; x_wconf 83' lang='lat' dir='ltr'>gorio</span> <span class='ocrx_word' id='word_1_114' title='bbox 344 1564 649 1606; x_wconf 82' lang='lat' dir='ltr'>decimotertio</span> <span class='ocrx_word' id='word_1_115' title='bbox 670 1578 762 1606; x_wconf 84' lang='lat' dir='ltr'>suae</span> <span class='ocrx_word' id='word_1_116' title='bbox 784 1565 1029 1618; x_wconf 88' lang='lat' dir='ltr'>Congrega-</span> 
     </span>
     <span class='ocr_line' id='line_1_26' title="bbox 198 1621 1031 1674; baseline 0.002 -12"><span class='ocrx_word' id='word_1_117' title='bbox 198 1621 330 1662; x_wconf 84' lang='lat' dir='ltr'>tionis</span> <span class='ocrx_word' id='word_1_118' title='bbox 376 1621 728 1672; x_wconf 84' lang='lat' dir='ltr'>confirmatione,</span> <span class='ocrx_word' id='word_1_119' title='bbox 780 1622 1031 1674; x_wconf 84' lang='lat' dir='ltr'>Apostolici</span> 
     </span>
     <span class='ocr_line' id='line_1_27' title="bbox 198 1678 1029 1721; baseline 0.001 -2"><span class='ocrx_word' id='word_1_120' title='bbox 198 1679 265 1719; x_wconf 91' lang='lat' dir='ltr'>sui</span> <span class='ocrx_word' id='word_1_121' title='bbox 288 1678 454 1720; x_wconf 83' lang='lat' dir='ltr'>laboris</span> <span class='ocrx_word' id='word_1_122' title='bbox 478 1678 646 1720; x_wconf 91' lang='lat' dir='ltr'>fructus</span> <span class='ocrx_word' id='word_1_123' title='bbox 667 1681 923 1720; x_wconf 91' lang='lat' dir='ltr'>constanter</span> <span class='ocrx_word' id='word_1_124' title='bbox 942 1692 1029 1721; x_wconf 92' lang='lat' dir='ltr'>ser-</span> 
     </span>
     <span class='ocr_line' id='line_1_28' title="bbox 198 1735 1029 1789; baseline 0.001 -13"><span class='ocrx_word' id='word_1_125' title='bbox 198 1735 336 1785; x_wconf 88' lang='lat' dir='ltr'>vavit,</span> <span class='ocrx_word' id='word_1_126' title='bbox 360 1735 450 1776; x_wconf 92' lang='lat' dir='ltr'>imo</span> <span class='ocrx_word' id='word_1_127' title='bbox 475 1735 546 1776; x_wconf 92' lang='lat' dir='ltr'>vel</span> <span class='ocrx_word' id='word_1_128' title='bbox 570 1735 685 1777; x_wconf 91' lang='lat' dir='ltr'>ultra</span> <span class='ocrx_word' id='word_1_129' title='bbox 709 1735 867 1788; x_wconf 89' lang='lat' dir='ltr'>patriae</span> <span class='ocrx_word' id='word_1_130' title='bbox 886 1736 1029 1789; x_wconf 83' lang='lat' dir='ltr'>reipu-</span> 
     </span>
     <span class='ocr_line' id='line_1_29' title="bbox 198 1791 1029 1835; baseline 0.004 -3"><span class='ocrx_word' id='word_1_131' title='bbox 198 1791 326 1833; x_wconf 90' lang='lat' dir='ltr'>blicae</span> <span class='ocrx_word' id='word_1_132' title='bbox 362 1792 473 1833; x_wconf 87' lang='lat' dir='ltr'>fines</span> <span class='ocrx_word' id='word_1_133' title='bbox 510 1792 730 1834; x_wconf 85' lang='lat' dir='ltr'>uberrime</span> <span class='ocrx_word' id='word_1_134' title='bbox 767 1793 899 1834; x_wconf 85' lang='lat' dir='ltr'>auxit.</span> <span class='ocrx_word' id='word_1_135' title='bbox 960 1793 1029 1835; x_wconf 92' lang='lat' dir='ltr'>Ob</span> 
     </span>
     <span class='ocr_line' id='line_1_30' title="bbox 198 1848 1029 1901; baseline 0.002 -12"><span class='ocrx_word' id='word_1_136' title='bbox 198 1849 419 1900; x_wconf 81' lang='lat' dir='ltr'>cegnitam</span> <span class='ocrx_word' id='word_1_137' title='bbox 443 1849 487 1889; x_wconf 93' lang='lat' dir='ltr'>in</span> <span class='ocrx_word' id='word_1_138' title='bbox 512 1848 662 1891; x_wconf 90' lang='lat' dir='ltr'>arduis</span> <span class='ocrx_word' id='word_1_139' title='bbox 686 1850 818 1891; x_wconf 92' lang='lat' dir='ltr'>etiam</span> <span class='ocrx_word' id='word_1_140' title='bbox 841 1850 1029 1901; x_wconf 82' lang='lat' dir='ltr'>negetiis</span> 
     </span>
     <span class='ocr_line' id='line_1_31' title="bbox 198 1905 1029 1960; baseline 0.004 -14"><span class='ocrx_word' id='word_1_141' title='bbox 198 1905 463 1957; x_wconf 67' lang='lat' dir='ltr'>singularem</span> <span class='ocrx_word' id='word_1_142' title='bbox 479 1907 570 1958; x_wconf 92' lang='lat' dir='ltr'>ejus</span> <span class='ocrx_word' id='word_1_143' title='bbox 585 1905 876 1958; x_wconf 79' lang='lat' dir='ltr'>prudentiam,</span> <span class='ocrx_word' id='word_1_144' title='bbox 897 1919 1029 1960; x_wconf 87' lang='lat' dir='ltr'>saepe,</span> 
     </span>
     <span class='ocr_line' id='line_1_32' title="bbox 197 1962 1028 2015; baseline 0.004 -12"><span class='ocrx_word' id='word_1_145' title='bbox 197 1975 357 2014; x_wconf 91' lang='lat' dir='ltr'>magno</span> <span class='ocrx_word' id='word_1_146' title='bbox 382 1962 546 2015; x_wconf 91' lang='lat' dir='ltr'>ubique</span> <span class='ocrx_word' id='word_1_147' title='bbox 571 1975 670 2004; x_wconf 92' lang='lat' dir='ltr'>cum</span> <span class='ocrx_word' id='word_1_148' title='bbox 690 1963 934 2004; x_wconf 89' lang='lat' dir='ltr'>animarum</span> <span class='ocrx_word' id='word_1_149' title='bbox 952 1963 1028 2006; x_wconf 94' lang='lat' dir='ltr'>bo-</span> 
     </span>
     <span class='ocr_line' id='line_1_33' title="bbox 197 2018 1029 2072; baseline 0.002 -12"><span class='ocrx_word' id='word_1_150' title='bbox 197 2031 270 2070; x_wconf 90' lang='lat' dir='ltr'>no,</span> <span class='ocrx_word' id='word_1_151' title='bbox 296 2018 459 2061; x_wconf 92' lang='lat' dir='ltr'>nedum</span> <span class='ocrx_word' id='word_1_152' title='bbox 483 2019 538 2061; x_wconf 93' lang='lat' dir='ltr'>ab</span> <span class='ocrx_word' id='word_1_153' title='bbox 559 2020 785 2072; x_wconf 89' lang='lat' dir='ltr'>episcopis</span> <span class='ocrx_word' id='word_1_154' title='bbox 805 2019 1029 2062; x_wconf 85' lang='lat' dir='ltr'>adhibitus</span> 
     </span>
     <span class='ocr_line' id='line_1_34' title="bbox 197 2075 1027 2129; baseline 0.004 -13"><span class='ocrx_word' id='word_1_155' title='bbox 197 2081 264 2118; x_wconf 91' lang='lat' dir='ltr'>est</span> <span class='ocrx_word' id='word_1_156' title='bbox 297 2075 354 2118; x_wconf 94' lang='lat' dir='ltr'>ad</span> <span class='ocrx_word' id='word_1_157' title='bbox 385 2075 645 2118; x_wconf 91' lang='lat' dir='ltr'>relevandas</span> <span class='ocrx_word' id='word_1_158' title='bbox 678 2077 1027 2129; x_wconf 91' lang='lat' dir='ltr'>componendas-</span> 
     </span>
     <span class='ocr_line' id='line_1_35' title="bbox 198 2132 1029 2183; baseline 0.002 -10"><span class='ocrx_word' id='word_1_159' title='bbox 198 2145 283 2183; x_wconf 92' lang='lat' dir='ltr'>que</span> <span class='ocrx_word' id='word_1_160' title='bbox 294 2133 579 2175; x_wconf 91' lang='lat' dir='ltr'>ecclesiarum</span> <span class='ocrx_word' id='word_1_161' title='bbox 595 2145 677 2183; x_wconf 89' lang='lat' dir='ltr'>res,</span> <span class='ocrx_word' id='word_1_162' title='bbox 693 2132 773 2175; x_wconf 92' lang='lat' dir='ltr'>sed</span> <span class='ocrx_word' id='word_1_163' title='bbox 784 2138 828 2175; x_wconf 94' lang='lat' dir='ltr'>et</span> <span class='ocrx_word' id='word_1_164' title='bbox 839 2134 1029 2176; x_wconf 89' lang='lat' dir='ltr'>Romani</span> 
     </span>
     <span class='ocr_line' id='line_1_36' title="bbox 196 2188 1028 2242; baseline 0.006 -14"><span class='ocrx_word' id='word_1_165' title='bbox 196 2188 423 2231; x_wconf 90' lang='lat' dir='ltr'>Pontificis</span> <span class='ocrx_word' id='word_1_166' title='bbox 443 2190 707 2231; x_wconf 89' lang='lat' dir='ltr'>auctoritate</span> <span class='ocrx_word' id='word_1_167' title='bbox 727 2190 956 2242; x_wconf 88' lang='lat' dir='ltr'>delegatus</span> <span class='ocrx_word' id='word_1_168' title='bbox 971 2191 1028 2233; x_wconf 91' lang='lat' dir='ltr'>ad</span> 
     </span>
     <span class='ocr_line' id='line_1_37' title="bbox 196 2245 1028 2298; baseline 0.005 -12"><span class='ocrx_word' id='word_1_169' title='bbox 196 2245 398 2288; x_wconf 89' lang='lat' dir='ltr'>intricata</span> <span class='ocrx_word' id='word_1_170' title='bbox 430 2246 567 2298; x_wconf 85' lang='lat' dir='ltr'>litigia</span> <span class='ocrx_word' id='word_1_171' title='bbox 600 2246 862 2297; x_wconf 84' lang='lat' dir='ltr'>dirimenda,</span> <span class='ocrx_word' id='word_1_172' title='bbox 895 2253 939 2290; x_wconf 89' lang='lat' dir='ltr'>et</span> <span class='ocrx_word' id='word_1_173' title='bbox 971 2248 1028 2290; x_wconf 93' lang='lat' dir='ltr'>ad</span> 
     </span>
     <span class='ocr_line' id='line_1_38' title="bbox 197 2301 1027 2353; baseline 0.004 -10"><span class='ocrx_word' id='word_1_174' title='bbox 197 2301 427 2353; x_wconf 84' lang='lat' dir='ltr'>religiosas</span> <span class='ocrx_word' id='word_1_175' title='bbox 477 2303 663 2345; x_wconf 83' lang='lat' dir='ltr'>familias</span> <span class='ocrx_word' id='word_1_176' title='bbox 712 2304 1027 2346; x_wconf 90' lang='lat' dir='ltr'>reformandas.</span> 
     </span>
     <span class='ocr_line' id='line_1_39' title="bbox 196 2359 1025 2414; baseline 0.005 -15"><span class='ocrx_word' id='word_1_177' title='bbox 196 2359 367 2401; x_wconf 87' lang='lat' dir='ltr'>Pariter</span> <span class='ocrx_word' id='word_1_178' title='bbox 405 2366 558 2402; x_wconf 91' lang='lat' dir='ltr'>sancto</span> <span class='ocrx_word' id='word_1_179' title='bbox 590 2360 788 2414; x_wconf 89' lang='lat' dir='ltr'>Josepho</span> <span class='ocrx_word' id='word_1_180' title='bbox 824 2362 1025 2403; x_wconf 86' lang='lat' dir='ltr'>Calasan-</span> 
     </span>
     <span class='ocr_line' id='line_1_40' title="bbox 198 2415 1026 2471; baseline 0.005 -15"><span class='ocrx_word' id='word_1_181' title='bbox 198 2415 297 2465; x_wconf 85' lang='lat' dir='ltr'>ctio,</span> <span class='ocrx_word' id='word_1_182' title='bbox 323 2417 501 2468; x_wconf 78' lang='lat' dir='ltr'>ejusque</span> <span class='ocrx_word' id='word_1_183' title='bbox 520 2430 633 2470; x_wconf 91' lang='lat' dir='ltr'>pene</span> <span class='ocrx_word' id='word_1_184' title='bbox 654 2418 864 2471; x_wconf 83' lang='lat' dir='ltr'>collapsae</span> <span class='ocrx_word' id='word_1_185' title='bbox 890 2419 1026 2460; x_wconf 91' lang='lat' dir='ltr'>socie-</span> 
     </span>
     <span class='ocr_line' id='line_1_41' title="bbox 193 2473 1025 2527; baseline 0.004 -13"><span class='ocrx_word' id='word_1_186' title='bbox 193 2473 274 2514; x_wconf 87' lang='lat' dir='ltr'>tati</span> <span class='ocrx_word' id='word_1_187' title='bbox 293 2478 458 2524; x_wconf 86' lang='lat' dir='ltr'>praesto</span> <span class='ocrx_word' id='word_1_188' title='bbox 482 2473 574 2516; x_wconf 89' lang='lat' dir='ltr'>fuit.</span> <span class='ocrx_word' id='word_1_189' title='bbox 615 2474 748 2517; x_wconf 85' lang='lat' dir='ltr'>Haud</span> <span class='ocrx_word' id='word_1_190' title='bbox 762 2475 905 2516; x_wconf 88' lang='lat' dir='ltr'>levem</span> <span class='ocrx_word' id='word_1_191' title='bbox 922 2488 1025 2527; x_wconf 91' lang='lat' dir='ltr'>quo-</span> 
     </span>
     <span class='ocr_line' id='line_1_42' title="bbox 199 2529 1026 2582; baseline 0.004 -12"><span class='ocrx_word' id='word_1_192' title='bbox 199 2541 284 2581; x_wconf 94' lang='lat' dir='ltr'>que</span> <span class='ocrx_word' id='word_1_193' title='bbox 302 2529 518 2581; x_wconf 89' lang='lat' dir='ltr'>impendit</span> <span class='ocrx_word' id='word_1_194' title='bbox 542 2533 721 2582; x_wconf 80' lang='lat' dir='ltr'>eperam</span> <span class='ocrx_word' id='word_1_195' title='bbox 745 2531 933 2582; x_wconf 82' lang='lat' dir='ltr'>negetiis</span> <span class='ocrx_word' id='word_1_196' title='bbox 953 2545 1026 2573; x_wconf 93' lang='lat' dir='ltr'>no—</span> 
     </span>
     <span class='ocr_line' id='line_1_43' title="bbox 198 2586 1027 2639; baseline 0.004 -13"><span class='ocrx_word' id='word_1_197' title='bbox 198 2586 383 2627; x_wconf 91' lang='lat' dir='ltr'>socomii</span> <span class='ocrx_word' id='word_1_198' title='bbox 401 2586 542 2627; x_wconf 93' lang='lat' dir='ltr'>sancti</span> <span class='ocrx_word' id='word_1_199' title='bbox 558 2587 746 2639; x_wconf 84' lang='lat' dir='ltr'>Spiritus</span> <span class='ocrx_word' id='word_1_200' title='bbox 765 2588 808 2628; x_wconf 92' lang='lat' dir='ltr'>in</span> <span class='ocrx_word' id='word_1_201' title='bbox 823 2588 962 2638; x_wconf 64' lang='lat' dir='ltr'>Sarda,</span> <span class='ocrx_word' id='word_1_202' title='bbox 983 2593 1027 2629; x_wconf 90' lang='lat' dir='ltr'>et</span> 
     </span>
     <span class='ocr_line' id='line_1_44' title="bbox 197 2642 1026 2686; baseline 0.002 -4"><span class='ocrx_word' id='word_1_203' title='bbox 197 2642 460 2683; x_wconf 84' lang='lat' dir='ltr'>monialibus</span> <span class='ocrx_word' id='word_1_204' title='bbox 497 2642 657 2684; x_wconf 87' lang='lat' dir='ltr'>oblatis</span> <span class='ocrx_word' id='word_1_205' title='bbox 695 2649 859 2685; x_wconf 87' lang='lat' dir='ltr'>sanctae</span> <span class='ocrx_word' id='word_1_206' title='bbox 895 2645 1026 2686; x_wconf 89' lang='lat' dir='ltr'>Fran-</span> 
     </span>
     <span class='ocr_line' id='line_1_45' title="bbox 199 2699 847 2742; baseline 0.002 -2"><span class='ocrx_word' id='word_1_207' title='bbox 199 2701 328 2740; x_wconf 87' lang='lat' dir='ltr'>ciscae</span> <span class='ocrx_word' id='word_1_208' title='bbox 346 2699 560 2741; x_wconf 84' lang='lat' dir='ltr'>Romanae</span> <span class='ocrx_word' id='word_1_209' title='bbox 582 2700 847 2742; x_wconf 82' lang='lat' dir='ltr'>excolendis.</span> 
     </span>
    </p>
   </div>
   <div class='ocr_carea' id='block_1_3' title="bbox 615 164 1498 211">
    <p class='ocr_par' dir='ltr' id='par_1_3' title="bbox 615 164 1498 211">
     <span class='ocr_line' id='line_1_46' title="bbox 615 164 1498 211; baseline 0.007 -14"><span class='ocrx_word' id='word_1_210' title='bbox 615 164 686 198; x_wconf 87' lang='lat' dir='ltr'>Die</span> <span class='ocrx_word' id='word_1_211' title='bbox 713 165 761 198; x_wconf 90' lang='lat'>11.</span> <span class='ocrx_word' id='word_1_212' title='bbox 788 164 868 199; x_wconf 89' lang='lat' dir='ltr'>Oet.</span> <span class='ocrx_word' id='word_1_213' title='bbox 915 166 957 201; x_wconf 90' lang='lat' dir='ltr'>B.</span> <span class='ocrx_word' id='word_1_214' title='bbox 981 167 1147 202; x_wconf 88' lang='lat' dir='ltr'>Joannis</span> <span class='ocrx_word' id='word_1_215' title='bbox 1172 168 1365 203; x_wconf 87' lang='lat' dir='ltr'>Leonardi</span> <span class='ocrx_word' id='word_1_216' title='bbox 1390 169 1498 211; x_wconf 73' lang='lat' dir='ltr'>Conf.</span> 
     </span>
    </p>
   </div>
   <div class='ocr_carea' id='block_1_4' title="bbox 1079 260 1917 2752">
    <p class='ocr_par' dir='ltr' id='par_1_4' title="bbox 1083 260 1916 537">
     <span class='ocr_line' id='line_1_47' title="bbox 1141 260 1914 313; baseline 0 -12"><span class='ocrx_word' id='word_1_217' title='bbox 1141 261 1192 313; x_wconf 56' lang='lat' dir='ltr'>Ra,</span> <span class='ocrx_word' id='word_1_218' title='bbox 1206 260 1385 302; x_wconf 88' lang='lat' dir='ltr'>Amavit</span> <span class='ocrx_word' id='word_1_219' title='bbox 1408 273 1508 302; x_wconf 90' lang='lat' dir='ltr'>eum</span> <span class='ocrx_word' id='word_1_220' title='bbox 1525 260 1752 312; x_wconf 82' lang='lat' dir='ltr'>Dominus,</span> <span class='ocrx_word' id='word_1_221' title='bbox 1779 265 1824 303; x_wconf 90' lang='lat' dir='ltr'>et</span> <span class='ocrx_word' id='word_1_222' title='bbox 1847 273 1914 302; x_wconf 92' lang='lat' dir='ltr'>or-</span> 
     </span>
     <span class='ocr_line' id='line_1_48' title="bbox 1083 316 1916 368; baseline 0.001 -10"><span class='ocrx_word' id='word_1_223' title='bbox 1083 318 1204 359; x_wconf 90' lang='lat' dir='ltr'>navit</span> <span class='ocrx_word' id='word_1_224' title='bbox 1241 329 1355 358; x_wconf 91' lang='lat' dir='ltr'>eum:</span> <span class='ocrx_word' id='word_1_225' title='bbox 1391 316 1552 359; x_wconf 92' lang='lat' dir='ltr'>stolam</span> <span class='ocrx_word' id='word_1_226' title='bbox 1587 316 1738 368; x_wconf 81' lang='lat' dir='ltr'>gloriae</span> <span class='ocrx_word' id='word_1_227' title='bbox 1774 317 1916 359; x_wconf 88' lang='lat' dir='ltr'>induit</span> 
     </span>
     <span class='ocr_line' id='line_1_49' title="bbox 1085 373 1914 427; baseline 0.001 -12"><span class='ocrx_word' id='word_1_228' title='bbox 1085 387 1194 424; x_wconf 89' lang='lat' dir='ltr'>eum,</span> <span class='ocrx_word' id='word_1_229' title='bbox 1218 375 1240 399; x_wconf 86' lang='lat'>*</span> <span class='ocrx_word' id='word_1_230' title='bbox 1253 374 1311 416; x_wconf 91' lang='lat' dir='ltr'>Et</span> <span class='ocrx_word' id='word_1_231' title='bbox 1329 373 1386 415; x_wconf 92' lang='lat' dir='ltr'>ad</span> <span class='ocrx_word' id='word_1_232' title='bbox 1404 378 1558 427; x_wconf 90' lang='lat' dir='ltr'>portas</span> <span class='ocrx_word' id='word_1_233' title='bbox 1577 373 1773 426; x_wconf 82' lang='lat' dir='ltr'>paradisi</span> <span class='ocrx_word' id='word_1_234' title='bbox 1791 386 1914 416; x_wconf 91' lang='lat' dir='ltr'>coro-</span> 
     </span>
     <span class='ocr_line' id='line_1_50' title="bbox 1084 427 1915 480; baseline 0.001 -9"><span class='ocrx_word' id='word_1_235' title='bbox 1084 431 1205 473; x_wconf 88' lang='lat' dir='ltr'>navit</span> <span class='ocrx_word' id='word_1_236' title='bbox 1220 443 1330 472; x_wconf 92' lang='lat' dir='ltr'>eum.</span> <span class='ocrx_word' id='word_1_237' title='bbox 1363 427 1415 480; x_wconf 64' lang='lat' dir='ltr'>W.</span> <span class='ocrx_word' id='word_1_238' title='bbox 1424 429 1571 472; x_wconf 88' lang='lat' dir='ltr'>Induit</span> <span class='ocrx_word' id='word_1_239' title='bbox 1587 442 1687 472; x_wconf 92' lang='lat' dir='ltr'>eum</span> <span class='ocrx_word' id='word_1_240' title='bbox 1700 430 1915 472; x_wconf 82' lang='lat' dir='ltr'>Dominus</span> 
     </span>
     <span class='ocr_line' id='line_1_51' title="bbox 1083 485 1916 537; baseline -0.001 -8"><span class='ocrx_word' id='word_1_241' title='bbox 1083 487 1266 529; x_wconf 92' lang='lat' dir='ltr'>loricam</span> <span class='ocrx_word' id='word_1_242' title='bbox 1286 485 1405 537; x_wconf 88' lang='lat' dir='ltr'>fidei,</span> <span class='ocrx_word' id='word_1_243' title='bbox 1432 491 1476 528; x_wconf 91' lang='lat' dir='ltr'>et</span> <span class='ocrx_word' id='word_1_244' title='bbox 1503 487 1677 528; x_wconf 89' lang='lat' dir='ltr'>ornavit</span> <span class='ocrx_word' id='word_1_245' title='bbox 1700 499 1811 529; x_wconf 92' lang='lat' dir='ltr'>eum.</span> <span class='ocrx_word' id='word_1_246' title='bbox 1848 486 1916 530; x_wconf 87' lang='lat' dir='ltr'>Et.</span> 
     </span>
    </p>

    <p class='ocr_par' dir='ltr' id='par_1_5' title="bbox 1390 546 1620 587">
     <span class='ocr_line' id='line_1_52' title="bbox 1390 546 1620 587; baseline -0.004 0"><span class='ocrx_word' id='word_1_247' title='bbox 1390 546 1542 587; x_wconf 90' lang='lat' dir='ltr'>Lectio</span> <span class='ocrx_word' id='word_1_248' title='bbox 1563 547 1620 586; x_wconf 68' lang='lat' dir='ltr'>vi.</span> 
     </span>
    </p>

    <p class='ocr_par' dir='ltr' id='par_1_6' title="bbox 1089 596 1915 705">
     <span class='ocr_line' id='line_1_53' title="bbox 1089 596 1915 705; baseline 0.001 -64"><span class='ocrx_word' id='word_1_249' title='bbox 1089 596 1334 705; x_wconf 75' lang='lat' dir='ltr'>Graviter</span> <span class='ocrx_word' id='word_1_250' title='bbox 1384 599 1540 642; x_wconf 91' lang='lat' dir='ltr'>dolens</span> <span class='ocrx_word' id='word_1_251' title='bbox 1585 600 1752 643; x_wconf 89' lang='lat' dir='ltr'>Gentes</span> <span class='ocrx_word' id='word_1_252' title='bbox 1802 600 1915 642; x_wconf 89' lang='lat' dir='ltr'>adeo</span> 
     </span>
    </p>

    <p class='ocr_par' dir='ltr' id='par_1_7' title="bbox 1079 656 1917 2752">
     <span class='ocr_line' id='line_1_54' title="bbox 1196 656 1916 709; baseline 0.001 -12"><span class='ocrx_word' id='word_1_253' title='bbox 1196 656 1409 709; x_wconf 81' lang='lat' dir='ltr'>plurimas</span> <span class='ocrx_word' id='word_1_254' title='bbox 1442 657 1624 699; x_wconf 85' lang='lat' dir='ltr'>remotis</span> <span class='ocrx_word' id='word_1_255' title='bbox 1655 657 1700 698; x_wconf 92' lang='lat' dir='ltr'>in</span> <span class='ocrx_word' id='word_1_256' title='bbox 1731 657 1916 708; x_wconf 82' lang='lat' dir='ltr'>regioni-</span> 
     </span>
     <span class='ocr_line' id='line_1_55' title="bbox 1084 712 1915 765; baseline 0.002 -11"><span class='ocrx_word' id='word_1_257' title='bbox 1084 713 1167 754; x_wconf 92' lang='lat' dir='ltr'>bus</span> <span class='ocrx_word' id='word_1_258' title='bbox 1187 712 1343 755; x_wconf 91' lang='lat' dir='ltr'>sedere</span> <span class='ocrx_word' id='word_1_259' title='bbox 1362 712 1507 755; x_wconf 92' lang='lat' dir='ltr'>adhuc</span> <span class='ocrx_word' id='word_1_260' title='bbox 1525 714 1569 755; x_wconf 89' lang='lat' dir='ltr'>in</span> <span class='ocrx_word' id='word_1_261' title='bbox 1587 713 1798 765; x_wconf 88' lang='lat' dir='ltr'>tenebris,</span> <span class='ocrx_word' id='word_1_262' title='bbox 1817 714 1915 756; x_wconf 88' lang='lat' dir='ltr'>luce</span> 
     </span>
     <span class='ocr_line' id='line_1_56' title="bbox 1084 770 1917 821; baseline 0.001 -10"><span class='ocrx_word' id='word_1_263' title='bbox 1084 770 1311 821; x_wconf 87' lang='lat' dir='ltr'>Evangelii</span> <span class='ocrx_word' id='word_1_264' title='bbox 1331 772 1546 820; x_wconf 88' lang='lat' dir='ltr'>carentes;</span> <span class='ocrx_word' id='word_1_265' title='bbox 1564 770 1917 813; x_wconf 91' lang='lat' dir='ltr'>inflammabatur</span> 
     </span>
     <span class='ocr_line' id='line_1_57' title="bbox 1086 826 1916 878; baseline 0 -9"><span class='ocrx_word' id='word_1_266' title='bbox 1086 826 1308 869; x_wconf 92' lang='lat' dir='ltr'>desiderio</span> <span class='ocrx_word' id='word_1_267' title='bbox 1346 827 1565 878; x_wconf 87' lang='lat' dir='ltr'>migrandi</span> <span class='ocrx_word' id='word_1_268' title='bbox 1598 828 1642 869; x_wconf 92' lang='lat' dir='ltr'>in</span> <span class='ocrx_word' id='word_1_269' title='bbox 1679 828 1777 869; x_wconf 91' lang='lat' dir='ltr'>illas</span> <span class='ocrx_word' id='word_1_270' title='bbox 1815 840 1916 869; x_wconf 90' lang='lat' dir='ltr'>oras</span> 
     </span>
     <span class='ocr_line' id='line_1_58' title="bbox 1085 883 1915 936; baseline 0.002 -12"><span class='ocrx_word' id='word_1_271' title='bbox 1085 883 1141 925; x_wconf 94' lang='lat' dir='ltr'>ad</span> <span class='ocrx_word' id='word_1_272' title='bbox 1181 883 1329 925; x_wconf 91' lang='lat' dir='ltr'>lumen</span> <span class='ocrx_word' id='word_1_273' title='bbox 1363 897 1482 926; x_wconf 86' lang='lat' dir='ltr'>verae</span> <span class='ocrx_word' id='word_1_274' title='bbox 1523 884 1746 936; x_wconf 76' lang='lat' dir='ltr'>religienis</span> <span class='ocrx_word' id='word_1_275' title='bbox 1781 884 1915 926; x_wconf 87' lang='lat' dir='ltr'>effun-</span> 
     </span>
     <span class='ocr_line' id='line_1_59' title="bbox 1085 939 1916 984; baseline 0.002 -2"><span class='ocrx_word' id='word_1_276' title='bbox 1085 939 1289 982; x_wconf 90' lang='lat' dir='ltr'>dendum.</span> <span class='ocrx_word' id='word_1_277' title='bbox 1348 941 1409 983; x_wconf 91' lang='lat' dir='ltr'>At</span> <span class='ocrx_word' id='word_1_278' title='bbox 1441 954 1541 982; x_wconf 92' lang='lat' dir='ltr'>cum</span> <span class='ocrx_word' id='word_1_279' title='bbox 1571 941 1861 984; x_wconf 79' lang='lat' dir='ltr'>intellexisset</span> <span class='ocrx_word' id='word_1_280' title='bbox 1891 955 1916 984; x_wconf 91' lang='lat' dir='ltr'>a</span> 
     </span>
     <span class='ocr_line' id='line_1_60' title="bbox 1085 997 1916 1050; baseline 0.002 -12"><span class='ocrx_word' id='word_1_281' title='bbox 1085 1002 1239 1038; x_wconf 91' lang='lat' dir='ltr'>saneto</span> <span class='ocrx_word' id='word_1_282' title='bbox 1264 997 1471 1050; x_wconf 90' lang='lat' dir='ltr'>Philippo</span> <span class='ocrx_word' id='word_1_283' title='bbox 1495 997 1631 1039; x_wconf 90' lang='lat' dir='ltr'>Nerio</span> <span class='ocrx_word' id='word_1_284' title='bbox 1664 998 1705 1049; x_wconf 88' lang='lat' dir='ltr'>(a</span> <span class='ocrx_word' id='word_1_285' title='bbox 1731 1010 1819 1050; x_wconf 94' lang='lat' dir='ltr'>quo</span> <span class='ocrx_word' id='word_1_286' title='bbox 1846 1011 1916 1041; x_wconf 93' lang='lat' dir='ltr'>ve-</span> 
     </span>
     <span class='ocr_line' id='line_1_61' title="bbox 1085 1053 1915 1106; baseline 0.002 -12"><span class='ocrx_word' id='word_1_287' title='bbox 1085 1066 1159 1094; x_wconf 92' lang='lat' dir='ltr'>rus</span> <span class='ocrx_word' id='word_1_288' title='bbox 1175 1054 1439 1096; x_wconf 89' lang='lat' dir='ltr'>reformator</span> <span class='ocrx_word' id='word_1_289' title='bbox 1454 1053 1697 1106; x_wconf 79' lang='lat' dir='ltr'>dicebatur)</span> <span class='ocrx_word' id='word_1_290' title='bbox 1713 1066 1761 1096; x_wconf 90' lang='lat' dir='ltr'>se</span> <span class='ocrx_word' id='word_1_291' title='bbox 1775 1057 1915 1096; x_wconf 90' lang='lat' dir='ltr'>suam-</span> 
     </span>
     <span class='ocr_line' id='line_1_62' title="bbox 1086 1110 1916 1162; baseline 0.002 -11"><span class='ocrx_word' id='word_1_292' title='bbox 1086 1122 1171 1162; x_wconf 92' lang='lat' dir='ltr'>que</span> <span class='ocrx_word' id='word_1_293' title='bbox 1191 1110 1590 1161; x_wconf 84' lang='lat' dir='ltr'>Congregationem</span> <span class='ocrx_word' id='word_1_294' title='bbox 1614 1110 1672 1152; x_wconf 95' lang='lat' dir='ltr'>ad</span> <span class='ocrx_word' id='word_1_295' title='bbox 1690 1111 1916 1153; x_wconf 90' lang='lat' dir='ltr'>instituen-</span> 
     </span>
     <span class='ocr_line' id='line_1_63' title="bbox 1085 1167 1914 1220; baseline 0 -10"><span class='ocrx_word' id='word_1_296' title='bbox 1085 1169 1167 1210; x_wconf 90' lang='lat' dir='ltr'>dos</span> <span class='ocrx_word' id='word_1_297' title='bbox 1186 1167 1328 1209; x_wconf 88' lang='lat' dir='ltr'>Italiae</span> <span class='ocrx_word' id='word_1_298' title='bbox 1347 1167 1541 1220; x_wconf 85' lang='lat' dir='ltr'>populos</span> <span class='ocrx_word' id='word_1_299' title='bbox 1562 1167 1789 1219; x_wconf 85' lang='lat' dir='ltr'>destinari,</span> <span class='ocrx_word' id='word_1_300' title='bbox 1809 1168 1914 1211; x_wconf 88' lang='lat' dir='ltr'>divi-</span> 
     </span>
     <span class='ocr_line' id='line_1_64' title="bbox 1084 1224 1916 1276; baseline 0.002 -10"><span class='ocrx_word' id='word_1_301' title='bbox 1084 1238 1152 1266; x_wconf 87' lang='lat' dir='ltr'>nae</span> <span class='ocrx_word' id='word_1_302' title='bbox 1198 1224 1419 1276; x_wconf 85' lang='lat' dir='ltr'>acquievit</span> <span class='ocrx_word' id='word_1_303' title='bbox 1463 1224 1695 1276; x_wconf 90' lang='lat' dir='ltr'>voluntati;</span> <span class='ocrx_word' id='word_1_304' title='bbox 1737 1225 1916 1268; x_wconf 82' lang='lat' dir='ltr'>minime</span> 
     </span>
     <span class='ocr_line' id='line_1_65' title="bbox 1083 1281 1915 1335; baseline 0.001 -13"><span class='ocrx_word' id='word_1_305' title='bbox 1083 1287 1230 1323; x_wconf 88' lang='lat' dir='ltr'>tamen</span> <span class='ocrx_word' id='word_1_306' title='bbox 1263 1281 1473 1323; x_wconf 87' lang='lat' dir='ltr'>abstinuit</span> <span class='ocrx_word' id='word_1_307' title='bbox 1505 1282 1626 1334; x_wconf 90' lang='lat' dir='ltr'>quin,</span> <span class='ocrx_word' id='word_1_308' title='bbox 1660 1282 1698 1323; x_wconf 91' lang='lat' dir='ltr'>si</span> <span class='ocrx_word' id='word_1_309' title='bbox 1724 1282 1915 1335; x_wconf 87' lang='lat' dir='ltr'>aliquam</span> 
     </span>
     <span class='ocr_line' id='line_1_66' title="bbox 1083 1337 1916 1391; baseline 0.002 -12"><span class='ocrx_word' id='word_1_310' title='bbox 1083 1338 1334 1380; x_wconf 90' lang='lat' dir='ltr'>infidelibus</span> <span class='ocrx_word' id='word_1_311' title='bbox 1375 1350 1507 1390; x_wconf 90' lang='lat' dir='ltr'>opem</span> <span class='ocrx_word' id='word_1_312' title='bbox 1549 1337 1705 1380; x_wconf 89' lang='lat' dir='ltr'>afferre</span> <span class='ocrx_word' id='word_1_313' title='bbox 1745 1344 1916 1391; x_wconf 89' lang='lat' dir='ltr'>posset,</span> 
     </span>
     <span class='ocr_line' id='line_1_67' title="bbox 1084 1395 1916 1448; baseline 0 -11"><span class='ocrx_word' id='word_1_314' title='bbox 1084 1395 1369 1448; x_wconf 84' lang='lat' dir='ltr'>experiretur.</span> <span class='ocrx_word' id='word_1_315' title='bbox 1423 1395 1539 1437; x_wconf 90' lang='lat' dir='ltr'>Hinc</span> <span class='ocrx_word' id='word_1_316' title='bbox 1570 1395 1751 1448; x_wconf 84' lang='lat' dir='ltr'>praesuli</span> <span class='ocrx_word' id='word_1_317' title='bbox 1778 1396 1916 1438; x_wconf 88' lang='lat' dir='ltr'>Vives</span> 
     </span>
     <span class='ocr_line' id='line_1_68' title="bbox 1082 1451 1916 1504; baseline 0.001 -11"><span class='ocrx_word' id='word_1_318' title='bbox 1082 1452 1283 1504; x_wconf 85' lang='lat' dir='ltr'>piissimo</span> <span class='ocrx_word' id='word_1_319' title='bbox 1306 1464 1354 1494; x_wconf 90' lang='lat' dir='ltr'>se</span> <span class='ocrx_word' id='word_1_320' title='bbox 1369 1451 1576 1504; x_wconf 78' lang='lat' dir='ltr'>adjunxit,</span> <span class='ocrx_word' id='word_1_321' title='bbox 1594 1452 1801 1504; x_wconf 90' lang='lat' dir='ltr'>initisque</span> <span class='ocrx_word' id='word_1_322' title='bbox 1816 1464 1916 1494; x_wconf 90' lang='lat' dir='ltr'>cum</span> 
     </span>
     <span class='ocr_line' id='line_1_69' title="bbox 1084 1508 1915 1562; baseline -0.001 -11"><span class='ocrx_word' id='word_1_323' title='bbox 1084 1521 1138 1551; x_wconf 93' lang='lat' dir='ltr'>eo</span> <span class='ocrx_word' id='word_1_324' title='bbox 1166 1508 1360 1550; x_wconf 83' lang='lat' dir='ltr'>consiliis</span> <span class='ocrx_word' id='word_1_325' title='bbox 1389 1514 1553 1550; x_wconf 87' lang='lat' dir='ltr'>coetum</span> <span class='ocrx_word' id='word_1_326' title='bbox 1579 1509 1768 1551; x_wconf 86' lang='lat' dir='ltr'>instituit</span> <span class='ocrx_word' id='word_1_327' title='bbox 1795 1521 1915 1562; x_wconf 89' lang='lat' dir='ltr'>pres-</span> 
     </span>
     <span class='ocr_line' id='line_1_70' title="bbox 1082 1565 1914 1618; baseline 0.001 -11"><span class='ocrx_word' id='word_1_328' title='bbox 1082 1565 1350 1618; x_wconf 82' lang='lat' dir='ltr'>byterorum,</span> <span class='ocrx_word' id='word_1_329' title='bbox 1373 1565 1532 1618; x_wconf 91' lang='lat' dir='ltr'>quibus</span> <span class='ocrx_word' id='word_1_330' title='bbox 1550 1565 1832 1618; x_wconf 82' lang='lat' dir='ltr'>propesitum</span> <span class='ocrx_word' id='word_1_331' title='bbox 1851 1578 1914 1608; x_wconf 90' lang='lat' dir='ltr'>es-</span> 
     </span>
     <span class='ocr_line' id='line_1_71' title="bbox 1083 1621 1915 1665; baseline -0.001 -1"><span class='ocrx_word' id='word_1_332' title='bbox 1083 1627 1151 1664; x_wconf 92' lang='lat' dir='ltr'>set</span> <span class='ocrx_word' id='word_1_333' title='bbox 1179 1623 1365 1665; x_wconf 85' lang='lat' dir='ltr'>idoneos</span> <span class='ocrx_word' id='word_1_334' title='bbox 1379 1622 1630 1664; x_wconf 80' lang='lat' dir='ltr'>informare</span> <span class='ocrx_word' id='word_1_335' title='bbox 1662 1621 1915 1665; x_wconf 91' lang='lat' dir='ltr'>adolescen-</span> 
     </span>
     <span class='ocr_line' id='line_1_72' title="bbox 1082 1678 1915 1730; baseline 0 -9"><span class='ocrx_word' id='word_1_336' title='bbox 1082 1684 1150 1721; x_wconf 91' lang='lat' dir='ltr'>tes</span> <span class='ocrx_word' id='word_1_337' title='bbox 1195 1681 1239 1721; x_wconf 89' lang='lat' dir='ltr'>in</span> <span class='ocrx_word' id='word_1_338' title='bbox 1276 1679 1452 1721; x_wconf 87' lang='lat' dir='ltr'>dissitas</span> <span class='ocrx_word' id='word_1_339' title='bbox 1488 1679 1691 1730; x_wconf 79' lang='lat' dir='ltr'>regienes</span> <span class='ocrx_word' id='word_1_340' title='bbox 1729 1678 1915 1722; x_wconf 92' lang='lat' dir='ltr'>subinde</span> 
     </span>
     <span class='ocr_line' id='line_1_73' title="bbox 1082 1735 1916 1789; baseline -0.001 -11"><span class='ocrx_word' id='word_1_341' title='bbox 1082 1736 1323 1778; x_wconf 86' lang='lat' dir='ltr'>mittendos</span> <span class='ocrx_word' id='word_1_342' title='bbox 1343 1736 1401 1778; x_wconf 93' lang='lat' dir='ltr'>ad</span> <span class='ocrx_word' id='word_1_343' title='bbox 1417 1735 1552 1778; x_wconf 91' lang='lat' dir='ltr'>fidem</span> <span class='ocrx_word' id='word_1_344' title='bbox 1567 1735 1916 1789; x_wconf 84' lang='lat' dir='ltr'>propagandam:</span> 
     </span>
     <span class='ocr_line' id='line_1_74' title="bbox 1084 1792 1915 1846; baseline 0 -12"><span class='ocrx_word' id='word_1_345' title='bbox 1084 1806 1220 1846; x_wconf 92' lang='lat' dir='ltr'>quare</span> <span class='ocrx_word' id='word_1_346' title='bbox 1245 1793 1404 1835; x_wconf 92' lang='lat' dir='ltr'>merito</span> <span class='ocrx_word' id='word_1_347' title='bbox 1425 1792 1562 1834; x_wconf 89' lang='lat' dir='ltr'>veluti</span> <span class='ocrx_word' id='word_1_348' title='bbox 1588 1798 1743 1835; x_wconf 92' lang='lat' dir='ltr'>auctor</span> <span class='ocrx_word' id='word_1_349' title='bbox 1768 1794 1915 1834; x_wconf 90' lang='lat' dir='ltr'>cense-</span> 
     </span>
     <span class='ocr_line' id='line_1_75' title="bbox 1081 1849 1915 1902; baseline -0.001 -11"><span class='ocrx_word' id='word_1_350' title='bbox 1081 1854 1152 1891; x_wconf 92' lang='lat' dir='ltr'>tur</span> <span class='ocrx_word' id='word_1_351' title='bbox 1192 1849 1521 1902; x_wconf 82' lang='lat' dir='ltr'>praeclarissimi</span> <span class='ocrx_word' id='word_1_352' title='bbox 1559 1849 1675 1891; x_wconf 88' lang='lat' dir='ltr'>illius</span> <span class='ocrx_word' id='word_1_353' title='bbox 1710 1850 1915 1900; x_wconf 73' lang='lat' dir='ltr'>instituti,</span> 
     </span>
     <span class='ocr_line' id='line_1_76' title="bbox 1083 1906 1914 1960; baseline -0.001 -11"><span class='ocrx_word' id='word_1_354' title='bbox 1083 1906 1205 1959; x_wconf 94' lang='lat' dir='ltr'>quod</span> <span class='ocrx_word' id='word_1_355' title='bbox 1223 1907 1503 1948; x_wconf 70' lang='lat' dir='ltr'>Summarum</span> <span class='ocrx_word' id='word_1_356' title='bbox 1519 1906 1784 1948; x_wconf 88' lang='lat' dir='ltr'>Pontificum</span> <span class='ocrx_word' id='word_1_357' title='bbox 1811 1908 1914 1960; x_wconf 85' lang='lat' dir='ltr'>ope-</span> 
     </span>
     <span class='ocr_line' id='line_1_77' title="bbox 1081 1963 1915 2017; baseline -0.001 -12"><span class='ocrx_word' id='word_1_358' title='bbox 1081 1977 1130 2005; x_wconf 92' lang='lat' dir='ltr'>ra</span> <span class='ocrx_word' id='word_1_359' title='bbox 1163 1964 1491 2017; x_wconf 86' lang='lat' dir='ltr'>amplificatum,</span> <span class='ocrx_word' id='word_1_360' title='bbox 1523 1963 1803 2016; x_wconf 86' lang='lat' dir='ltr'>proferendae</span> <span class='ocrx_word' id='word_1_361' title='bbox 1834 1976 1915 2017; x_wconf 91' lang='lat' dir='ltr'>per</span> 
     </span>
     <span class='ocr_line' id='line_1_78' title="bbox 1081 2019 1914 2062; baseline 0.001 -1"><span class='ocrx_word' id='word_1_362' title='bbox 1081 2020 1333 2062; x_wconf 90' lang='lat' dir='ltr'>universum</span> <span class='ocrx_word' id='word_1_363' title='bbox 1367 2019 1522 2062; x_wconf 88' lang='lat' dir='ltr'>orbem</span> <span class='ocrx_word' id='word_1_364' title='bbox 1549 2019 1780 2062; x_wconf 81' lang='lat' dir='ltr'>cathelicae</span> <span class='ocrx_word' id='word_1_365' title='bbox 1807 2019 1914 2062; x_wconf 84' lang='lat' dir='ltr'>fidei</span> 
     </span>
     <span class='ocr_line' id='line_1_79' title="bbox 1081 2076 1915 2129; baseline -0.001 -11"><span class='ocrx_word' id='word_1_366' title='bbox 1081 2076 1339 2119; x_wconf 89' lang='lat' dir='ltr'>mirabiliter</span> <span class='ocrx_word' id='word_1_367' title='bbox 1366 2076 1559 2118; x_wconf 90' lang='lat' dir='ltr'>inservit.</span> <span class='ocrx_word' id='word_1_368' title='bbox 1612 2076 1744 2117; x_wconf 91' lang='lat' dir='ltr'>Plura</span> <span class='ocrx_word' id='word_1_369' title='bbox 1777 2078 1915 2129; x_wconf 80' lang='lat' dir='ltr'>epera</span> 
     </span>
     <span class='ocr_line' id='line_1_80' title="bbox 1082 2133 1915 2186; baseline -0.001 -11"><span class='ocrx_word' id='word_1_370' title='bbox 1082 2133 1137 2175; x_wconf 90' lang='lat' dir='ltr'>de</span> <span class='ocrx_word' id='word_1_371' title='bbox 1165 2146 1213 2175; x_wconf 91' lang='lat' dir='ltr'>re</span> <span class='ocrx_word' id='word_1_372' title='bbox 1242 2146 1368 2175; x_wconf 91' lang='lat' dir='ltr'>sacra</span> <span class='ocrx_word' id='word_1_373' title='bbox 1396 2137 1440 2174; x_wconf 90' lang='lat' dir='ltr'>et</span> <span class='ocrx_word' id='word_1_374' title='bbox 1465 2133 1623 2175; x_wconf 89' lang='lat' dir='ltr'>morali</span> <span class='ocrx_word' id='word_1_375' title='bbox 1648 2133 1915 2186; x_wconf 90' lang='lat' dir='ltr'>conscripsit</span> 
     </span>
     <span class='ocr_line' id='line_1_81' title="bbox 1082 2189 1912 2232; baseline -0.001 0"><span class='ocrx_word' id='word_1_376' title='bbox 1082 2191 1219 2232; x_wconf 88' lang='lat' dir='ltr'>cuivis</span> <span class='ocrx_word' id='word_1_377' title='bbox 1239 2189 1466 2231; x_wconf 79' lang='lat' dir='ltr'>heminum</span> <span class='ocrx_word' id='word_1_378' title='bbox 1485 2189 1727 2232; x_wconf 84' lang='lat' dir='ltr'>conditioni</span> <span class='ocrx_word' id='word_1_379' title='bbox 1742 2202 1912 2231; x_wconf 91' lang='lat' dir='ltr'>accom-</span> 
     </span>
     <span class='ocr_line' id='line_1_82' title="bbox 1080 2247 1912 2299; baseline -0.002 -10"><span class='ocrx_word' id='word_1_380' title='bbox 1080 2247 1395 2289; x_wconf 85' lang='lat' dir='ltr'>modatissima.</span> <span class='ocrx_word' id='word_1_381' title='bbox 1423 2247 1626 2299; x_wconf 91' lang='lat' dir='ltr'>Denique</span> <span class='ocrx_word' id='word_1_382' title='bbox 1645 2260 1671 2288; x_wconf 92' lang='lat' dir='ltr'>a</span> <span class='ocrx_word' id='word_1_383' title='bbox 1690 2258 1818 2288; x_wconf 90' lang='lat' dir='ltr'>sacro</span> <span class='ocrx_word' id='word_1_384' title='bbox 1836 2247 1912 2287; x_wconf 84' lang='lat' dir='ltr'>mi-</span> 
     </span>
     <span class='ocr_line' id='line_1_83' title="bbox 1080 2303 1912 2357; baseline -0.001 -11"><span class='ocrx_word' id='word_1_385' title='bbox 1080 2305 1262 2347; x_wconf 89' lang='lat' dir='ltr'>nisterio</span> <span class='ocrx_word' id='word_1_386' title='bbox 1290 2317 1530 2357; x_wconf 92' lang='lat' dir='ltr'>numquam</span> <span class='ocrx_word' id='word_1_387' title='bbox 1558 2303 1784 2353; x_wconf 80' lang='lat' dir='ltr'>deficienS‚</span> <span class='ocrx_word' id='word_1_388' title='bbox 1813 2316 1912 2345; x_wconf 91' lang='lat' dir='ltr'>cum</span> 
     </span>
     <span class='ocr_line' id='line_1_84' title="bbox 1080 2359 1913 2410; baseline -0.004 -6"><span class='ocrx_word' id='word_1_389' title='bbox 1080 2366 1175 2404; x_wconf 90' lang='lat' dir='ltr'>tota</span> <span class='ocrx_word' id='word_1_390' title='bbox 1201 2361 1306 2403; x_wconf 81' lang='lat' dir='ltr'>vitae</span> <span class='ocrx_word' id='word_1_391' title='bbox 1333 2361 1504 2403; x_wconf 85' lang='lat' dir='ltr'>ratione</span> <span class='ocrx_word' id='word_1_392' title='bbox 1532 2373 1620 2402; x_wconf 89' lang='lat' dir='ltr'>non</span> <span class='ocrx_word' id='word_1_393' title='bbox 1647 2359 1782 2402; x_wconf 92' lang='lat' dir='ltr'>modo</span> <span class='ocrx_word' id='word_1_394' title='bbox 1811 2360 1913 2410; x_wconf 82' lang='lat' dir='ltr'>suis,</span> 
     </span>
     <span class='ocr_line' id='line_1_85' title="bbox 1080 2417 1913 2470; baseline -0.001 -10"><span class='ocrx_word' id='word_1_395' title='bbox 1080 2418 1160 2460; x_wconf 91' lang='lat' dir='ltr'>sed</span> <span class='ocrx_word' id='word_1_396' title='bbox 1185 2423 1230 2460; x_wconf 91' lang='lat' dir='ltr'>et</span> <span class='ocrx_word' id='word_1_397' title='bbox 1254 2418 1461 2459; x_wconf 89' lang='lat' dir='ltr'>universo</span> <span class='ocrx_word' id='word_1_398' title='bbox 1488 2417 1606 2459; x_wconf 90' lang='lat' dir='ltr'>clero</span> <span class='ocrx_word' id='word_1_399' title='bbox 1630 2417 1913 2470; x_wconf 81' lang='lat' dir='ltr'>praeluxisset</span> 
     </span>
     <span class='ocr_line' id='line_1_86' title="bbox 1081 2473 1912 2527; baseline -0.002 -11"><span class='ocrx_word' id='word_1_400' title='bbox 1081 2475 1300 2527; x_wconf 86' lang='lat' dir='ltr'>exemplo,</span> <span class='ocrx_word' id='word_1_401' title='bbox 1339 2474 1383 2515; x_wconf 92' lang='lat' dir='ltr'>in</span> <span class='ocrx_word' id='word_1_402' title='bbox 1421 2476 1567 2516; x_wconf 87' lang='lat' dir='ltr'>cinere</span> <span class='ocrx_word' id='word_1_403' title='bbox 1601 2479 1645 2516; x_wconf 90' lang='lat' dir='ltr'>et</span> <span class='ocrx_word' id='word_1_404' title='bbox 1678 2473 1820 2515; x_wconf 87' lang='lat' dir='ltr'>cilicio</span> <span class='ocrx_word' id='word_1_405' title='bbox 1855 2473 1912 2515; x_wconf 92' lang='lat' dir='ltr'>ad</span> 
     </span>
     <span class='ocr_line' id='line_1_87' title="bbox 1079 2530 1910 2582; baseline -0.002 -9"><span class='ocrx_word' id='word_1_406' title='bbox 1079 2532 1318 2573; x_wconf 83' lang='lat' dir='ltr'>Deminum</span> <span class='ocrx_word' id='word_1_407' title='bbox 1336 2531 1540 2582; x_wconf 90' lang='lat' dir='ltr'>migravit</span> <span class='ocrx_word' id='word_1_408' title='bbox 1558 2531 1726 2579; x_wconf 88' lang='lat' dir='ltr'>Romae,</span> <span class='ocrx_word' id='word_1_409' title='bbox 1746 2530 1817 2572; x_wconf 91' lang='lat' dir='ltr'>die</span> <span class='ocrx_word' id='word_1_410' title='bbox 1835 2542 1910 2571; x_wconf 92' lang='lat' dir='ltr'>no-</span> 
     </span>
     <span class='ocr_line' id='line_1_88' title="bbox 1079 2586 1911 2630; baseline -0.004 0"><span class='ocrx_word' id='word_1_411' title='bbox 1079 2601 1136 2629; x_wconf 90' lang='lat' dir='ltr'>na</span> <span class='ocrx_word' id='word_1_412' title='bbox 1164 2587 1373 2630; x_wconf 83' lang='lat' dir='ltr'>Octobris</span> <span class='ocrx_word' id='word_1_413' title='bbox 1407 2599 1521 2628; x_wconf 93' lang='lat' dir='ltr'>anno</span> <span class='ocrx_word' id='word_1_414' title='bbox 1555 2586 1788 2628; x_wconf 91' lang='lat' dir='ltr'>millesimo</span> <span class='ocrx_word' id='word_1_415' title='bbox 1817 2599 1911 2628; x_wconf 84' lang='lat' dir='ltr'>sex-</span> 
     </span>
     <span class='ocr_line' id='line_1_89' title="bbox 1080 2643 1910 2694; baseline -0.004 -8"><span class='ocrx_word' id='word_1_416' title='bbox 1080 2645 1319 2687; x_wconf 92' lang='lat' dir='ltr'>centesimo</span> <span class='ocrx_word' id='word_1_417' title='bbox 1351 2656 1484 2692; x_wconf 90' lang='lat' dir='ltr'>nono,</span> <span class='ocrx_word' id='word_1_418' title='bbox 1518 2643 1661 2684; x_wconf 82' lang='lat' dir='ltr'>aetatis</span> <span class='ocrx_word' id='word_1_419' title='bbox 1693 2643 1910 2694; x_wconf 83' lang='lat' dir='ltr'>sexagesi-</span> 
     </span>
     <span class='ocr_line' id='line_1_90' title="bbox 1079 2698 1912 2752; baseline -0.004 -9"><span class='ocrx_word' id='word_1_420' title='bbox 1079 2714 1152 2743; x_wconf 91' lang='lat' dir='ltr'>mo</span> <span class='ocrx_word' id='word_1_421' title='bbox 1169 2706 1306 2744; x_wconf 79' lang='lat' dir='ltr'>sexto.</span> <span class='ocrx_word' id='word_1_422' title='bbox 1333 2701 1474 2752; x_wconf 89' lang='lat' dir='ltr'>Quem</span> <span class='ocrx_word' id='word_1_423' title='bbox 1490 2700 1735 2750; x_wconf 83' lang='lat' dir='ltr'>sanctitate,</span> <span class='ocrx_word' id='word_1_424' title='bbox 1751 2698 1912 2742; x_wconf 87' lang='lat' dir='ltr'>divinis</span> 
     </span>
    </p>
   </div>
  </div>
 </body>
</html>
