2040 2944
415 178 487 211 Die
511 179 541 212 6.
567 178 665 213 Nov.
713 179 829 213 Sexta
856 180 918 214 die
943 180 1042 214 infra
1068 181 1147 215 Oct.
1173 181 1352 215 Omnium
1376 182 1613 216 Sanctorum.

150 278 251 327 lum,
277 291 331 318 an
356 276 553 328 gladius?
591 278 769 330 Septem
795 283 896 319 sunt
919 291 982 319 er-

150 347 225 385 go,
264 347 363 386 quae
399 334 649 386 perficiunt:
686 347 787 375 nam
826 337 984 376 octava

151 391 378 440 clarificat,
414 395 458 431 et
487 389 607 442 quod
633 391 879 443 perfectum
907 395 984 440 est,

153 446 438 496 demonstrat,
456 451 505 487 ut
519 459 600 498 per
613 446 696 487 hos
711 446 873 498 gradus
887 459 984 499 per-

151 503 354 545 ficiantur
378 507 422 544 et
445 503 590 552 ceteri,
615 507 841 554 tamquam
865 516 891 543 a
916 505 983 544 ea-

151 559 243 612 pite
278 572 453 600 rursum
498 559 743 600 exordiens
796 558 986 600 Videtur

152 628 257 667 ergo
289 615 396 657 mihi
424 616 556 657 etiam
588 615 857 667 septiformis
882 627 984 667 ope-

151 672 266 713 ratio
283 672 472 724 Spiritus
491 671 641 720 sancti,
665 671 721 712 de
742 683 828 722 qua
847 672 985 712 Isaias

150 728 361 780 loquitur,
397 727 465 768 his
497 727 707 778 gradibus
741 728 985 769 sententiis-

154 797 238 837 que
262 787 515 835 congruere.
549 784 638 827 Sed
661 787 845 826 interest
872 784 985 825 ordi-

151 841 235 883 nis:
260 854 362 882 nam
385 841 447 882 ibi
471 842 743 883 enumeratio
769 841 824 882 ab
845 840 985 882 excel-

152 897 413 939 lentioribus
440 898 592 950 coepit,
618 897 689 939 hic
712 909 818 939 vero
846 896 901 937 ab
926 896 985 936 in-

155 953 399 995 ferioribus.
453 953 522 995 Ibi
555 966 746 1006 namque
778 953 931 1005 incipit
961 965 986 993 a

153 1010 369 1063 sapientia
393 1011 493 1061 Dei,
522 1016 566 1053 et
593 1010 752 1052 desinit
777 1010 834 1051 ad
859 1010 985 1050 timo-

153 1079 247 1108 rem
265 1066 366 1107 Dei:
392 1065 472 1108 sed
495 1066 666 1109 initium
689 1065 917 1118 sapientiae
935 1065 986 1106 ti-

152 1135 250 1164 mor
267 1123 446 1164 Domini
465 1128 543 1164 est.

207 1183 269 1224 Te
288 1183 433 1225 Deum
451 1183 693 1225 laudamus.
713 1185 773 1224 14.

348 1283 434 1324 Die
454 1284 491 1324 6.
509 1282 788 1324 Novembris.

257 1344 390 1385 Sexta
424 1342 495 1385 die
530 1343 641 1385 infra
668 1344 881 1386 Octavam

279 1406 514 1447 Omnium
543 1407 855 1449 Sanctorum.

207 1469 251 1503 In
280 1469 307 1503 1.
337 1469 537 1504 Nocturno
568 1470 773 1506 Lectiones
807 1471 854 1505 de
887 1471 985 1505 Scri-

154 1521 267 1561 ptura
294 1522 530 1552 occurrente.

378 1595 427 1634 In
454 1595 505 1634 11.
534 1595 758 1635 Nocturno.

188 1663 340 1705 Sermo
360 1663 502 1725 sancti
519 1663 737 1705 Bemardi
755 1663 954 1705 Abbatis.

236 1731 353 1766 Serm.
377 1733 407 1766 2.
434 1733 481 1767 de
506 1733 623 1768 Festo
649 1733 756 1768 Omn.
782 1733 906 1768 Sanet.

458 1792 612 1834 Lectio
631 1793 684 1834 iv.

160 1862 176 1891 Ρ
189 1858 198 1903 g,
215 1857 354 1903 sswula
372 1853 632 1894 Sanctorum
656 1853 850 1894 omnium
872 1854 986 1895 festi-

160 1909 163 1958 ?
192 1903 201 1918 ⁴
271 1961 274 1965 ,
299 1922 400 1951 vam
409 1908 553 1960 hodie,
565 1909 848 1960 dilectissimi,
860 1913 988 1951 omni-

301 1978 386 2017 que
419 1965 722 2016 dignissimam
750 1965 987 2007 devotione

154 2022 411 2064 memoriam
425 2021 710 2071 celebramus,
729 2025 877 2075 operae
892 2025 986 2074 pre-

154 2078 264 2120 tium
278 2082 401 2130 puto,
421 2077 476 2119 de
492 2079 714 2119 communi
729 2081 883 2119 eorum
897 2078 987 2120 feli-

155 2135 297 2183 citate,
316 2134 360 2174 in
377 2146 464 2186 qua
477 2133 609 2176 beata
623 2135 708 2187 iam
723 2135 874 2187 requie
889 2147 986 2187 per-

154 2190 372 2240 fruuntur,
403 2195 446 2231 et
473 2189 620 2232 futura
646 2203 777 2242 quam
804 2196 987 2243 praesto-

154 2246 299 2288 lantur
326 2247 721 2296 consummatione,
754 2247 988 2299 adjuvante

156 2303 322 2355 Spiritu
355 2308 526 2353 sancto,
562 2305 811 2345 sermonem
842 2303 987 2345 facere

156 2359 327 2400 caritati
340 2364 511 2401 vestrae.
539 2359 703 2401 Fidelis
719 2360 884 2412 quippe
899 2372 986 2400 ser—

155 2427 240 2464 mo,
265 2419 308 2456 et
327 2415 446 2456 omni
466 2415 725 2468 acceptione
745 2415 917 2466 dignus:
940 2419 988 2456 ut

157 2482 269 2522 quos
306 2471 491 2512 solemni
521 2472 802 2513 veneratione
837 2473 986 2523 prose-

156 2525 338 2577 quimur,
358 2527 489 2568 etiam
509 2527 638 2568 simili
653 2527 988 2569 conversatione

155 2584 407 2633 sequamur:
437 2595 548 2634 quos
572 2583 852 2625 beatissimos
877 2595 986 2634 prae-

157 2637 370 2687 dicamus,
403 2639 460 2679 ad
491 2642 643 2680 eorum
669 2638 988 2681 beatitudinem

155 2698 250 2735 tota
281 2694 492 2736 aviditate
525 2698 766 2737 curramus:
801 2708 988 2747 quorum

310 2833 375 2858 Pars
390 2835 560 2859 Autumnalis.

1037 278 1307 319 delectamur
1322 279 1569 331 praeconiis,
1590 278 1869 320 sublevemur

1038 336 1190 375 eorum
1210 335 1480 386 patrociniis.

1096 400 1145 450 R'·
1164 395 1419 437 Praecursor
1444 396 1622 437 Domini
1650 396 1786 445 venit,
1815 395 1871 438 de

1039 464 1127 504 quo
1153 452 1250 504 ipse
1274 454 1477 494 testatur:
1509 459 1530 480 ¹⁸¹
1550 452 1710 493 Nullus
1733 453 1871 504 major

1037 508 1150 549 inter
1177 513 1306 549 natos
1334 508 1566 550 mulierum
1593 508 1617 548 J
1620 510 1761 550 oanne
1788 509 1870 550 Ba-

1037 566 1185 616 ptista.
1216 563 1252 613 V
1260 601 1266 607 .
1277 565 1364 606 Hic
1383 570 1451 606 est
1465 565 1696 617 propheta,
1713 570 1756 606 et
1771 565 1870 618 plus

1039 632 1171 672 quam
1198 621 1433 673 propheta,
1463 620 1518 662 de
1550 634 1638 674 quo
1667 622 1871 663 Salvator
1923 653 1926 677 7

1038 677 1108 718 ait.
1136 677 1306 718 Nullus.
1922 686 1925 688 ·

1352 732 1563 776 Lectiov.

1145 793 1329 827 Sermone
1353 793 1383 826 5.
1410 793 1456 827 de
1483 793 1618 827 eodem
1646 793 1772 828 Festo.

1305 841 1405 874 circa
1432 841 1609 874 medium.
1923 870 1925 889 Ξ

1118 894 1146 935 d
1162 892 1269 945 quid
1284 905 1388 945 ergo
1399 893 1572 935 Sanctis
1588 894 1684 935 laus
1698 895 1870 936 nostra?

1142 950 1198 992 ad
1220 950 1325 1002 quid
1340 950 1603 1001 glorificatio
1619 950 1794 992 nostra?
1815 951 1872 993 ad

1042 1008 1147 1061 quid
1173 1011 1324 1048 nostra
1349 1006 1446 1047 haec
1471 1007 1567 1058 ipsa
1594 1007 1871 1049 solemnitas?
1924 1026 1925 1030 ¹

1039 1066 1137 1115 Quo
1174 1064 1236 1105 eis
1275 1064 1475 1104 terrenos
1507 1062 1715 1113 honores,
1759 1077 1872 1116 quos

1038 1122 1158 1171 juxta
1181 1121 1385 1160 veracem
1409 1118 1507 1159 Filii
1534 1120 1872 1171 promissionem

1038 1176 1302 1218 honorificat
1316 1175 1447 1216 Pater
1464 1175 1679 1216 coelestis?
1695 1177 1793 1226 Quo
1809 1177 1871 1218 eis

1037 1232 1262 1285 praeconia
1279 1230 1453 1272 nostra?
1474 1231 1598 1273 Pleni
1613 1237 1724 1274 sunt.
1743 1233 1870 1274 Pror-

1038 1302 1113 1331 sus
1139 1290 1201 1331 ita
1225 1294 1306 1338 est,
1337 1288 1626 1330 dilectissimi:
1654 1289 1872 1331 bonorum

1039 1347 1292 1387 nostrorum
1316 1345 1464 1386 Sancti
1491 1358 1581 1386 non
1610 1351 1756 1396 egent,
1790 1359 1872 1388 nec

1040 1401 1282 1454 quidquam
1328 1401 1391 1442 eis
1438 1406 1590 1442 nostra
1636 1401 1872 1444 devotione

1038 1460 1285 1510 praestatur.
1309 1457 1460 1508 Plane,
1482 1457 1602 1510 quod
1617 1460 1771 1499 eorum
1785 1472 1872 1501 me-

1037 1514 1223 1555 moriam
1251 1516 1530 1564 veneramur,
1564 1519 1715 1556 nostra
1743 1517 1872 1557 inter-

1039 1576 1121 1620 est,
1171 1583 1260 1611 non
1299 1570 1508 1622 ipsorum.
1570 1571 1718 1612 Vultis
1760 1572 1872 1613 scire

1039 1631 1252 1678 quantum
1278 1628 1462 1668 interest
1488 1626 1663 1668 nostra?
1702 1628 1799 1678 Ego
1828 1628 1873 1668 in

1037 1695 1108 1724 me
1147 1682 1319 1733 (fateor)
1357 1695 1411 1723 ex
1447 1682 1529 1723 hac
1562 1682 1872 1725 recordatione

1038 1739 1181 1780 sentio
1228 1737 1497 1779 desiderium
1532 1739 1769 1781 vehemens
1810 1741 1870 1780 in-

1038 1795 1264 1844 flammari,
1284 1799 1327 1836 et
1348 1794 1615 1836 desiderium
1633 1796 1806 1848 triplex,

1096 1856 1236 1907 R».Isti
1252 1862 1353 1898 sunt
1369 1857 1444 1908 qui
1458 1856 1657 1898 viventes
1670 1857 1714 1897 in
1730 1869 1870 1907 carne,

1038 1913 1347 1965 plantaverunt
1379 1912 1625 1954 Ecclesiam
1662 1914 1872 1964 sanguine

1039 1982 1133 2010 suo:
1157 1969 1178 1991 *
1190 1969 1382 2010 Calicem
1402 1969 1580 2010 Domini
1597 1969 1813 2019 biberunt,
1830 1975 1872 2011 et

1039 2026 1166 2067 amici
1183 2025 1268 2067 Dei
1287 2025 1390 2067 facti
1409 2030 1519 2066 sunt.
1560 2018 1608 2069 V.
1625 2025 1676 2065 In
1696 2038 1871 2066 omnem

1038 2086 1202 2123 terram
1229 2082 1363 2123 exivit
1392 2094 1526 2122 sonus
1558 2083 1726 2131 eorum,
1756 2086 1800 2122 et
1827 2082 1871 2122 in

1038 2138 1149 2179 fines
1167 2138 1285 2179 orbis
1300 2142 1431 2179 terrae
1446 2136 1582 2178 verba
1597 2139 1760 2178 eorum.
1790 2137 1870 2178 Ca-

1038 2193 1177 2235 licem.

1348 2239 1499 2279 Lectio
1522 2239 1572 2278 vi.

1044 2291 1233 2396 Vulgo
1263 2301 1445 2343 diciturz·
1473 2301 1604 2351 Quod
1631 2314 1720 2343 non
1748 2301 1870 2343 videt

1146 2357 1310 2407 oculus,
1330 2370 1407 2398 cor
1425 2370 1513 2398 non
1532 2357 1666 2399 dolet.
1703 2358 1870 2399 Oculus

1038 2426 1178 2463 meus,
1213 2413 1425 2455 memoria
1451 2426 1563 2455 mea:
1596 2418 1640 2455 et
1673 2414 1869 2465 cogitare

1039 2470 1094 2512 de
1122 2470 1312 2519 Sanctis,
1346 2469 1676 2521 quodammodo
1704 2483 1782 2511 eos
1809 2470 1868 2511 vi-

1039 2526 1144 2567 dere
1167 2531 1243 2567 est.
1278 2525 1348 2566 Sic
1371 2538 1531 2578 nempe
1549 2526 1697 2577 portio
1717 2530 1869 2567 nostra

1038 2583 1082 2622 in
1117 2587 1236 2624 terra
1272 2581 1526 2632 viventium;
1572 2594 1654 2623 nec
1694 2581 1868 2622 modica

1038 2651 1143 2679 sane
1176 2637 1341 2690 portio,
1377 2638 1414 2678 si
1446 2643 1608 2687 tamen,
1647 2642 1695 2678 ut
1727 2637 1867 2686 decet,

1038 2694 1296 2736 memoriam
1319 2693 1494 2735 affectio
1518 2694 1765 2735 comitetur:
1793 2692 1867 2741 sic,

1618 2822 1659 2854 27
