2040 2944
175 191 245 237 [76]

634 188 845 219 Commune
873 185 1120 219 Confessoris
1146 196 1221 219 non
1247 185 1456 219 Pontifieis.

211 290 292 330 Hic
310 299 422 330 vana
438 292 570 327 terrae
589 283 760 336 gaadia‚

255 346 312 386 Et
331 342 552 384 luculenta
571 340 752 393 praedia,

255 400 430 441 Polluta
450 397 584 439 sorde
604 396 833 449 deputans,

256 457 404 498 Ovans
425 458 548 496 tenet
568 453 778 495 coelestia.

208 532 270 572 Te
289 529 463 570 Christe
484 528 582 570 Rex
600 525 809 579 piissime,

254 587 341 627 Hic
360 582 614 627 confitendo
635 582 804 634 jagiter‚

255 641 452 684 Calcavit
471 645 589 681 artes
608 638 871 687 daemonum,

256 700 521 749 Saeviimque
539 695 690 737 averni
708 694 966 747 principem.

212 772 386 813 Virtate
404 771 560 819 clarus,
580 773 623 810 et
644 767 743 817 fide,

256 827 546 870 Confessione
565 825 756 874 sedulus,

257 886 281 926 J
285 885 410 937 ejuna
428 881 626 924 membra
647 880 859 927 deferenS,

255 942 407 993 Dapes
428 940 642 992 supernas
661 936 842 978 obtinet.

209 1012 400 1055 Proinde
419 1017 464 1053 te
482 1011 682 1064 piissime

254 1071 494 1111 Precamur
514 1079 668 1109 omnes
686 1065 928 1118 sapplices:

256 1125 398 1168 Nobis
418 1129 468 1166 ut
486 1124 614 1176 hujus
633 1122 776 1174 gratia

256 1184 417 1224 Poenas
437 1183 638 1222 remittas
659 1178 844 1221 debitas.

213 1256 328 1298 Patri
346 1254 553 1308 perennis
572 1253 724 1306 gloria,

255 1313 464 1364 Natoque
482 1310 628 1352 Patris
647 1309 791 1358 iinico,

255 1370 509 1420 Sanctoque
529 1367 586 1408 sit
609 1365 844 1413 paraclito,

256 1426 342 1467 Per
362 1437 492 1466 omne
512 1435 687 1475 semper
707 1421 928 1463 saeculum.

494 1480 652 1536 Amen,

239 1541 286 1592 Υ.
302 1546 326 1587 J
328 1550 477 1587 ustum
497 1543 682 1585 dednxit
698 1541 915 1583 Dominus
935 1554 1014 1594 per

180 1604 274 1645 vias
294 1607 451 1644 rectas.
488 1604 539 1653 R.
562 1601 619 1641 Et
645 1597 840 1641 ostendit
867 1598 930 1638 illi
950 1611 1013 1639 re-

180 1673 314 1712 gnum
332 1658 428 1700 Dei.

235 1719 306 1760 Ad
326 1719 487 1760 Remea.
519 1719 617 1759 Ant.
647 1719 770 1769 Euge
794 1729 921 1758 serve
940 1715 1015 1757 bo·

180 1790 236 1819 ne
254 1777 278 1802 *
300 1781 343 1818 et
362 1774 522 1823 fidelis,
553 1773 655 1826 quia
674 1774 718 1814 in
735 1785 879 1826 pauca
895 1771 1016 1813 fuisti

182 1833 342 1882 fidelis,
365 1843 499 1883 supra
515 1829 654 1871 multa
672 1835 717 1871 te
738 1831 1016 1878 constituam,

182 1890 296 1931 intra
316 1889 361 1929 in
379 1886 589 1939 gaadium
606 1886 786 1927 Domini
806 1885 882 1926 tui.

519 1956 683 1997 Oratio.

183 2012 362 2117 DeuS,
382 2014 456 2067 qui
476 2027 556 2055 nos
575 2013 695 2055 beati
716 2012 767 2052 N.
786 2011 1017 2054 Confesso-

290 2072 351 2113 ris
376 2071 441 2113 tui
467 2072 612 2112 annua
637 2069 919 2111 solemnitate
946 2066 1018 2108 lae-

185 2130 343 2170 tificas:
363 2126 560 2169 concede
578 2125 815 2179 propitius3
833 2129 882 2166 ut
898 2124 1019 2174 cujus

186 2184 384 2227 natalitia
416 2183 621 2232 colimus,
657 2182 789 2223 etiam
821 2180 1019 2222 actiones

186 2241 417 2282 imitemur.
458 2240 545 2281 Per
568 2239 820 2280 Dominum.

457 2301 555 2341 Alia
579 2301 744 2341 Oratio.

264 2365 390 2407 desto
439 2363 630 2405 Domine
689 2362 1020 2416 supplicationi—

306 2420 388 2462 bus
409 2420 583 2470 nostris,
613 2433 722 2472 quas
751 2421 795 2460 in
823 2419 944 2461 beati
963 2418 1014 2458 N.

189 2477 468 2518 Confessoris
488 2477 552 2518 tui
570 2477 848 2518 solemnitate
866 2475 1020 2518 deferi-

188 2545 301 2573 mus:
337 2537 386 2573 ut
412 2532 487 2584 qui
516 2538 681 2574 nostrae
708 2532 886 2584 justitiae
912 2531 1020 2573 fidii-

189 2589 302 2630 ciam
329 2601 417 2629 non
438 2587 667 2638 habemus,
698 2590 809 2640 ejus,
839 2589 914 2640 qui
939 2587 1021 2629 tibi

188 2645 372 2697 placuit,
398 2643 605 2696 precibus
631 2645 897 2696 adjuvemur.
936 2644 1022 2685 Per

189 2701 429 2742 Dominum
449 2705 661 2741 nostrum.

1162 282 1203 322 Si
1228 282 1356 321 fuerit
1379 281 1541 321 Abbas.
1649 282 1814 322 Oratio.

1116 341 1358 383 ntercessio
1390 354 1490 392 nos,
1525 343 1778 393 quaesumus
1809 341 1898 381 Do-

1133 397 1267 447 mine,
1311 397 1431 439 beati
1476 398 1527 437 N.
1554 396 1743 438 Abbatis
1781 409 1898 439 com·

1063 453 1259 495 mendet:
1295 458 1343 495 ut
1379 453 1501 505 quod
1534 453 1697 495 nostris
1729 453 1898 495 meritis

1064 522 1153 551 non
1173 510 1383 560 valemus,
1406 511 1497 562 ejus
1515 509 1764 563 patrocinio
1784 522 1899 551 asse·

1065 568 1262 618 quamur.
1299 566 1384 608 Per
1405 567 1657 607 Dominum.

1340 639 1408 675 Ad
1427 639 1631 676 Tertiam.

1124 697 1225 737 Ant.
1244 697 1368 748 Euge
1388 709 1515 738 serve
1534 696 1663 738 bone.

1125 758 1263 809 Capit.
1287 758 1450 798 Beatus
1473 757 1550 798 vir.
1580 763 1626 798 ut
1654 770 1795 810 supra.
1816 755 1899 808 [75]

1125 819 1174 870 R.
1198 819 1261 859 br.
1283 818 1463 859 Amavit
1491 830 1591 859 eum
1615 815 1849 865 Dominus,
1884 819 1907 842 *

1065 873 1122 914 Et
1147 873 1323 915 ornavit
1348 887 1458 915 eum.
1496 873 1686 914 Amavit.
1731 872 1779 923 Y.
1804 872 1901 914 Sto-

1065 928 1154 970 lam
1173 930 1327 980 gloriae
1346 929 1489 972 induit
1509 942 1620 972 eum.
1648 930 1715 971 Et.
1750 928 1902 970 Gloria

1065 985 1198 1027 Patri.
1235 985 1426 1027 Amavit.

1128 1036 1175 1087 Ys-
1197 1042 1259 1084 Os
1289 1042 1391 1094 justi
1415 1041 1704 1084 meditabitur
1732 1040 1902 1094 sapien-

1067 1098 1185 1139 tiam.
1240 1097 1288 1148 R„
1312 1099 1370 1140 Et
1397 1098 1546 1150 lingua
1574 1098 1666 1150 ejus
1693 1097 1902 1149 loquetur

1066 1154 1285 1205 judicium.

1285 1225 1292 1231 “
1346 1223 1414 1260 Ad
1438 1222 1627 1260 Sextam.

1129 1287 1225 1325 Ant.
1248 1284 1412 1326 Fidelis
1430 1297 1594 1326 servus.

1179 1351 1440 1401 Capitulum.
1589 1352 1718 1393 Eccli.
1739 1353 1805 1392 39.

1139 1416 1263 1452 ustus
1284 1423 1362 1452 cor
1374 1423 1501 1452 suum
1521 1409 1707 1451 tradidit
1723 1409 1780 1452 ad
1796 1410 1901 1462 vigi-

1162 1467 1344 1508 landum
1363 1466 1558 1508 dilaculo
1579 1465 1637 1507 ad
1650 1466 1901 1516 Dominum,

1068 1524 1143 1576 qui
1162 1524 1267 1565 fecit
1286 1523 1420 1572 illum,
1441 1527 1485 1565 et
1504 1523 1549 1563 in
1566 1524 1810 1575 conspectu
1827 1522 1901 1563 Al-

1067 1581 1227 1622 tissimi
1247 1580 1571 1633 deprecabitur.

1126 1647 1176 1687 R·
1199 1645 1261 1685 br.
1281 1646 1344 1687 Os
1363 1646 1466 1698 justi
1491 1647 1514 1670 *
1528 1643 1816 1687 Meditabitur
1837 1655 1902 1685 sa-

1068 1701 1291 1755 pientiam.
1340 1702 1412 1743 Os.
1465 1697 1515 1749 V.
1540 1701 1598 1743 Et
1630 1701 1779 1753 lingua
1811 1700 1903 1751 ejus

1069 1759 1276 1811 loquetur
1321 1758 1541 1811 judicium.
1602 1755 1903 1799 Meditabitur.

1075 1815 1226 1876 Gloria
1244 1815 1376 1856 Patri.
1418 1814 1492 1856 Os.

1127 1870 1175 1915 Υ.
1199 1871 1293 1912 Lex
1311 1871 1396 1912 Dei
1420 1871 1512 1923 ejus
1531 1871 1576 1911 in
1596 1869 1733 1912 corde
1754 1869 1906 1921 ipsius.

1074 1927 1124 1978 R
1152 1929 1210 1969 Et
1240 1940 1329 1969 non
1357 1926 1761 1980 supplantabuntur
1787 1937 1905 1976 gres—

1072 1998 1147 2026 sus
1169 1997 1271 2036 ejus.

1354 2048 1422 2085 Ad
1442 2049 1627 2085 Nonam.

1125 2109 1225 2150 Ant.
1255 2110 1390 2151 Serve
1409 2109 1538 2151 bone.

1177 2177 1438 2230 Capitulum.
1567 2175 1666 2227 Sap.
1681 2175 1745 2214 10.
1761 2172 1801 2213 b.

1074 2233 1296 2339 Justum
1341 2239 1527 2282 deduxit
1563 2239 1780 2281 Dominus
1826 2251 1907 2290 per

1165 2295 1259 2337 vias
1279 2301 1440 2347 rectas,
1465 2301 1510 2338 et
1537 2294 1732 2338 ostendit
1755 2294 1817 2335 illi
1843 2307 1907 2335 re-

1073 2365 1209 2403 gnum
1234 2352 1338 2402 Dei,
1367 2358 1413 2394 et
1438 2351 1563 2394 dedit
1588 2351 1650 2392 illi
1677 2351 1907 2392 scientiam

1075 2410 1343 2450 sanctorum:
1367 2407 1619 2450 honestavit
1643 2406 1766 2448 illum
1786 2407 1830 2448 in
1848 2407 1907 2448 la·

1075 2465 1271 2515 boribus,
1289 2470 1333 2507 et
1343 2464 1583 2518 complevit
1592 2462 1770 2504 labores
1781 2463 1908 2504 illius.

1123 2529 1173 2580 R.
1199 2528 1262 2568 br.
1294 2531 1388 2572 Lex
1412 2529 1497 2571 Dei
1524 2529 1616 2580 ejus
1639 2528 1660 2550 *
1692 2528 1744 2568 In
1773 2527 1908 2569 corde

1075 2588 1226 2640 ipsius.
1267 2587 1370 2628 Lex.
1411 2578 1461 2628 V.
1500 2585 1558 2626 Et
1586 2597 1673 2625 non
1702 2584 1908 2637 supplan-

1075 2643 1286 2685 tabuntur
1307 2654 1486 2693 gressus
1511 2641 1613 2692 ejus.
1650 2641 1713 2680 In.
1751 2640 1906 2681 Gloria

1075 2699 1207 2740 Patri.
1244 2698 1348 2740 Lex.
