2040 2944
723 171 795 205 Dic
819 172 849 204 5.
876 171 956 205 Oct.
1003 171 1038 204 S.
1065 170 1190 205 Gallae
1214 170 1365 204 Viduae.

193 270 382 312 crarium
407 269 594 321 Spiritus
621 268 778 318 sancti,
807 268 903 310 sola
931 269 1025 310 sine

193 326 397 378 exemplo
422 325 626 378 placuisti
649 325 842 367 Demino
868 331 1024 367 nostro

191 383 216 424 J
219 395 295 425 esu
318 382 504 424 Christo.

246 441 290 474 Et
316 441 354 473 fit
380 450 575 473 commem.
602 438 753 472 Domin.
781 448 925 472 occurr.

418 527 501 568 Die
521 528 560 568 5.
581 527 799 569 Octobris.

322 591 519 633 Sanctae
548 591 705 634 Gallae
729 591 900 631 Viduae.

525 648 690 691 Duplex.

243 702 377 735 Omnia
410 702 455 735 dc
489 701 693 735 Communi
724 711 792 734 nce
818 701 922 743 Virg.
952 710 1022 733 nec

190 750 296 783 Mart.
327 749 399 793 [99]
424 755 564 792 praetcr
590 760 694 792 sequ.

529 810 692 850 Oratio.

277 874 528 924 mnipotens
554 878 597 914 et
620 872 873 914 misericors
892 872 1025 923 Deus,

292 929 365 980 qui
396 928 572 971 beatam
597 928 770 970 Gallam
795 930 955 971 eximia
981 930 1025 970 in

190 988 412 1037 pauperes
437 984 688 1027 dilectiOnis
709 986 871 1028 virtute
896 985 1025 1028 deco·

190 1042 313 1082 rasti:
335 1042 426 1094 ejus
446 1042 613 1084 meritis
634 1048 677 1084 et
695 1043 903 1095 precibus
924 1056 1024 1084 con-

193 1098 316 1148 cede3
348 1104 398 1140 ut
432 1099 628 1141 caritatis
655 1101 793 1152 opera
822 1102 1025 1142 exercen-

191 1160 274 1204 tes,
302 1155 652 1196 misericordiam
670 1161 792 1197 tuam
812 1157 1026 1209 censequi

190 1213 448 1252 mereamur.
476 1212 561 1253 Per
580 1213 829 1254 Dominum.

245 1272 289 1305 Et
319 1272 358 1305 lit
390 1280 586 1305 commem.
618 1270 673 1304 Ss.
700 1271 851 1304 Placidi
881 1277 917 1305 et
941 1271 1024 1305 Soc.

191 1321 299 1354 Mart.
321 1320 395 1355 365.

247 1368 287 1401 In
319 1367 344 1400 Ι.
375 1367 575 1400 Nocturno
611 1366 816 1400 Lectiones
850 1366 895 1400 de
927 1367 1025 1401 Scri-

192 1422 303 1459 ptura
330 1420 563 1449 occurrente.

428 1485 477 1523 In
496 1485 545 1522 11.
566 1484 789 1523 Nocturno.

193 1546 259 1585 Ex
274 1544 387 1586 libro
405 1551 563 1597 quarto
579 1547 870 1598 Dialogorum
886 1550 1026 1592 sancti

424 1603 629 1654 Gregorii
647 1604 795 1656 Papae.

496 1669 647 1709 Lectio
668 1669 721 1709 iv,

228 1733 531 1803 NJothorum
562 1736 857 1788 temporibus,
897 1738 1026 1780 Galla

224 1790 318 1849 {4⁴33
340 1789 467 1842 hujus
482 1792 602 1834 urbis
618 1792 891 1835 nobilissima
906 1795 1025 1847 puel-

227 1864 229 1866 ·
251 1845 273 1853 “’
285 1847 314 1873 2³1
338 1847 390 1896 la,
410 1847 661 1900 symmachi
676 1850 869 1891 consulis
884 1863 936 1892 ac
950 1864 1024 1904 pa-

190 1903 297 1944 tritii
317 1903 425 1954 filia,
451 1904 567 1946 intra
587 1905 898 1948 adolescentiae
919 1909 1025 1950 tem-

190 1970 302 2010 pora
321 1962 480 2002 marito
501 1961 678 2012 tradita,
704 1963 748 2003 in
770 1965 900 2004 unius
924 1965 1026 2005 anni

191 2015 336 2065 spatio
388 2017 479 2067 ejus
526 2023 594 2059 est
643 2024 786 2061 morte
834 2020 1026 2063 viduata.

192 2071 333 2121 Quam
360 2073 464 2115 dum
493 2074 691 2117 fervente
716 2076 869 2118 mundi
895 2078 1026 2130 copia

190 2128 247 2170 ad
279 2130 526 2172 iterandum
557 2132 800 2174 thalamum
834 2139 877 2175 et
916 2147 1025 2187 opes

192 2190 235 2226 et
254 2191 362 2227 aetas
382 2190 608 2238 vocarent,
629 2189 761 2240 elegit
778 2191 918 2241 magis
939 2191 1023 2244 spi-

190 2241 420 2285 ritualibus
440 2245 605 2298 nuptiis
625 2247 826 2298 copulari
844 2247 960 2297 Deo,
980 2248 1024 2289 in

193 2299 351 2349 quibus
385 2314 409 2342 a
440 2301 561 2342 luctu
594 2302 817 2355 incipitur,
854 2303 934 2346 sed
967 2304 1024 2347 ad

192 2354 353 2406 gaudia
385 2360 551 2399 aeterna
582 2362 852 2411 pervenitur,
893 2373 1025 2412 quam

192 2412 439 2454 carnalibus
467 2416 631 2467 nuptiis
660 2416 830 2467 subjici,
871 2430 970 2469 quae
999 2430 1025 2458 a

190 2467 343 2510 laetitia
367 2482 541 2522 semper
567 2472 798 2524 incipiunt,
828 2478 872 2514 et
896 2472 954 2515 ad
976 2473 1022 2514 fi-

191 2537 292 2566 nem
311 2538 411 2566 cum
428 2526 548 2568 luctu
565 2528 762 2571 tendunt.

248 2591 298 2642 R.
330 2591 518 2643 Propter
551 2594 795 2645 veritatem‚
829 2601 872 2637 et
905 2609 1022 2637 man-

193 2647 487 2698 suetudinem,
517 2654 560 2690 ct
584 2650 806 2700 justitiam,
828 2651 850 2674 *
869 2652 926 2694 Et
951 2651 1023 2694 de-

194 2703 328 2745 ducet
362 2709 407 2745 te
438 2704 694 2747 mirabiliter
726 2707 908 2751 dextera
938 2714 1024 2750 tua.

1080 266 1131 317 V.
1151 268 1308 321 Specie
1330 273 1407 311 tua
1426 274 1470 311 et
1487 268 1814 322 pulchritudine
1837 274 1915 312 tua

1077 324 1272 376 intende,
1298 327 1515 379 prospere
1539 325 1750 379 procede,
1778 331 1823 368 et
1849 339 1913 368 re-

1077 395 1173 433 gna.
1201 382 1270 424 Et.

1391 435 1544 476 Lectio
1565 449 1602 475 v.

1079 486 1245 593 Mox
1266 504 1371 542 ergo
1394 496 1442 533 ut
1459 493 1550 543 eius
1565 494 1748 535 maritus
1763 493 1914 536 defun-

1211 553 1308 590 ctus
1329 554 1407 598 est,
1427 548 1599 600 abjecto
1620 549 1822 592 saeculari
1840 551 1914 594 ha·

1077 604 1190 654 bitu,
1227 604 1285 647 ad
1318 605 1636 658 omnipotentis
1666 606 1752 648 Dei
1781 611 1914 650 servi—

1077 662 1188 703 tium
1222 674 1320 703 sese
1349 662 1470 715 apud
1497 661 1618 705 beati
1644 663 1766 706 Petri
1793 664 1914 718 Apo-

1079 717 1182 759 stoli
1216 718 1449 760 ecclesiam
1481 720 1750 762 monasterio
1783 721 1915 763 tredi-

1080 774 1157 824 dit;
1176 775 1325 827 ibique
1340 775 1490 818 multis
1506 776 1630 817 annis
1646 777 1916 830 simplicitati

1080 831 1228 873 cordis
1247 838 1381 884 atque
1400 833 1590 874 orationi
1610 832 1772 885 dedita,
1792 834 1917 886 larga

1078 888 1380 939 indigentibus
1431 892 1567 943 opera
1615 890 1915 944 eleemosyna-

1078 958 1175 986 rum
1207 946 1434 998 impendit.
1481 947 1679 999 Cumque
1717 950 1915 1002 omnipo—

1078 1008 1177 1044 tens
1209 1003 1332 1045 Deus
1363 1005 1605 1057 perennem
1635 1005 1722 1056 jam
1752 1007 1916 1047 merce-

1080 1059 1181 1101 dem
1201 1059 1388 1102 reddere
1410 1061 1501 1112 ejus
1519 1060 1748 1104 laboribus
1768 1061 1916 1104 decre-

1079 1118 1234 1166 visset,
1276 1117 1423 1158 cancri
1458 1117 1607 1159 ulcere
1643 1118 1688 1159 in
1723 1119 1918 1162 mamilla

1078 1176 1291 1225 percussa
1306 1179 1384 1215 est.
1403 1174 1635 1216 Nocturno
1652 1180 1800 1217 autem
1810 1178 1917 1218 tem-

1078 1242 1189 1282 pore
1215 1235 1317 1272 ante
1341 1230 1505 1272 lectum
1529 1232 1621 1284 ejus
1646 1231 1735 1274 duo
1759 1233 1917 1276 cande-

1079 1286 1204 1327 labra
1240 1286 1389 1329 lucere
1427 1290 1767 1340 consueverant,
1814 1290 1919 1342 quia

1079 1342 1286 1385 videlicet
1315 1346 1456 1386 amica
1487 1344 1616 1395 lucis,
1649 1358 1739 1387 non
1772 1346 1918 1388 solum

1080 1399 1349 1452 spirituales,
1383 1401 1463 1442 sed
1497 1401 1630 1443 etiam
1658 1403 1917 1455 corporales

1078 1456 1287 1498 tenebras
1312 1457 1417 1499 edio
1436 1457 1641 1501 habebat.
1676 1460 1787 1510 Quae
1811 1460 1918 1502 dum

1078 1518 1211 1555 nocte
1237 1513 1430 1566 quadam
1453 1527 1509 1556 ex
1527 1515 1610 1557 hac
1631 1515 1788 1558 eadem
1806 1518 1916 1569 jace-

1079 1574 1147 1611 ret
1174 1569 1428 1613 infirmitate
1456 1571 1649 1623 fatigata,
1676 1572 1788 1615 vidit
1814 1573 1916 1616 bea-

1078 1631 1172 1667 tum
1187 1627 1369 1669 Petrum
1384 1628 1654 1681 Apostolum
1671 1629 1786 1672 inter
1799 1633 1916 1673 utra-

1081 1696 1166 1735 que
1192 1684 1460 1727 candelabra
1484 1690 1586 1728 ante
1605 1699 1734 1727 suum
1752 1686 1918 1730 lectum

1079 1741 1413 1793 consistentem;
1458 1755 1541 1784 nec
1586 1743 1825 1796 perterrita
1865 1746 1915 1786 ti-

1078 1798 1197 1849 muit,
1224 1797 1305 1840 sed
1330 1812 1384 1841 ex
1408 1802 1558 1841 amore
1584 1813 1761 1842 sumens
1781 1800 1915 1843 auda-

1079 1855 1192 1896 ciam
1218 1855 1468 1906 exsultavit‚
1495 1859 1624 1909 eique
1645 1856 1770 1899 dixit:
1798 1857 1915 1908 Quid

1079 1916 1148 1953 est
1170 1912 1360 1954 Domine
1384 1913 1454 1963 mi,
1479 1913 1660 1956 dimissa
1683 1919 1786 1956 sunt
1810 1914 1916 1956 mihi

1078 1971 1264 2020 peccata
1288 1967 1412 2010 mea?
1447 1970 1527 2012 Cui
1546 1970 1634 2020 ille,
1657 1970 1914 2022 benignissi-

1078 2025 1138 2065 mi
1164 2030 1213 2066 ut
1238 2031 1304 2067 est
1329 2025 1491 2076 vultus,
1518 2027 1728 2069 inclinato
1757 2028 1914 2081 capite,

1079 2082 1240 2132 annuit,
1261 2081 1430 2123 dicens:
1448 2083 1654 2134 Dimissa,
1674 2083 1786 2125 veni.

1133 2140 1185 2191 R*-
1209 2138 1415 2181 Dilexisti
1442 2140 1668 2192 justitiam,
1702 2146 1746 2183 et
1780 2140 1915 2182 odisti

1078 2194 1370 2246 iniquitatem:
1401 2197 1424 2221 *
1450 2197 1695 2250 Propterea
1720 2197 1845 2240 unxit
1869 2203 1914 2239 te

1078 2251 1221 2302 Deus,
1261 2252 1384 2294 Deus
1430 2258 1552 2303 tuus,
1600 2254 1699 2295 oleo
1736 2254 1914 2296 laetitiae.

1081 2303 1131 2355 V.
1152 2309 1343 2361 Propter
1367 2310 1616 2361 veritatem,
1645 2315 1689 2352 et
1713 2323 1912 2352 mansue-

1077 2364 1287 2415 tudinem,
1307 2371 1350 2407 et
1368 2367 1589 2418 justitiam.
1617 2367 1870 2419 Propterea.

1384 2424 1537 2466 Lectio
1558 2425 1612 2465 vi.

1083 2477 1205 2583 Sed
1228 2483 1330 2534 quia
1349 2483 1587 2535 quamdam
1606 2484 1911 2526 sanctimonia-

1180 2539 1267 2580 lem
1287 2540 1492 2581 feminam
1515 2540 1559 2580 in
1585 2539 1744 2581 eedem
1764 2554 1912 2582 mona-

1078 2595 1212 2636 sterio
1236 2609 1331 2648 prae
1355 2597 1513 2638 ceteris
1541 2595 1767 2647 diligebat,
1792 2597 1911 2639 illico

1078 2652 1207 2692 Galla
1244 2653 1485 2705 subjunxit:
1526 2653 1656 2705 Rogo
1698 2660 1746 2696 ut
1784 2667 1913 2695 soror

1076 2709 1318 2752 Benedicta
1343 2722 1517 2751 mecum
1540 2710 1697 2752 veniat.
1735 2711 1815 2753 Cui
1838 2711 1911 2752 ille
