2040 2944
466 181 641 214 Officium
668 180 840 214 votivum
867 179 913 212 dc
938 178 1186 212 Immaculata
1213 177 1394 219 Concept.
1419 177 1460 210 B.
1488 176 1532 210 M.
1558 177 1600 210 V.

193 278 337 328 ginem
356 277 552 325 Mariam,
573 275 630 317 ob
650 275 840 327 praevisa
860 272 1021 314 Christi

194 334 370 375 Domini
390 331 703 384 Redemptoris
726 330 884 371 merita
902 343 1021 370 num-

197 403 327 442 quam
351 388 549 439 originali
574 387 843 439 subjacuisse
867 388 1022 438 pecca-

194 451 253 496 to,
273 446 351 487 sed
365 447 682 498 praeservatam
698 445 874 485 omnino
890 443 1022 483 fuisse

195 502 249 544 ab
278 502 459 553 originis
486 501 602 550 labe,
631 506 674 542 et
699 499 866 542 idcirco
892 499 1022 540 subli-

195 559 322 600 miori
352 557 487 599 modo
516 556 802 608 redemptam.
856 555 1024 605 Quibus

195 615 302 656 illud
334 615 535 667 profecto
567 613 873 665 gravissimum
904 616 948 654 et
980 624 1024 653 o-

195 674 342 712 mnino
379 671 618 712 maximum
655 668 842 719 accedit,
882 669 1024 721 ipsam

198 741 373 780 quoque
431 727 733 768 Tridentinam
791 724 1024 777 synodum,

196 798 295 826 cum
323 784 620 834 dogmaticum
648 782 703 824 de
729 784 914 834 peccato
942 781 1024 822 ori-

196 841 330 892 ginali
354 840 506 882 ederet
531 839 772 888 decretum,
800 851 888 891 quo
907 839 1026 890 iuxta

197 899 419 939 sacrarum
429 897 753 949 Scripturarum
768 898 1028 936 sanctorum-

199 967 284 1006 que
320 958 494 1006 patrum
528 966 579 994 ac
615 951 1027 1005 probatissimorum

199 1010 484 1051 conciliorum
511 1009 763 1051 testimonia
791 1008 944 1050 statuit
976 1020 1028 1048 ac

199 1066 410 1108 definivit:
456 1067 620 1107 Omnes
664 1065 866 1106 homines
908 1064 1028 1105 nasci

200 1122 399 1173 originali
418 1122 547 1175 culpa
565 1122 765 1172 infectos3
788 1126 936 1163 tamen
960 1133 1027 1161 so-

199 1179 399 1220 lemniter
416 1178 679 1220 declarasse:
698 1178 799 1219 Non
819 1189 917 1219 esse
937 1190 1028 1217 suae

199 1235 468 1284 intentionis,
496 1235 539 1275 in
564 1234 744 1276 decreto
767 1234 866 1286 ipso
889 1235 1028 1275 tanta-

202 1304 286 1344 que
311 1291 577 1333 definitionis
603 1289 889 1343 amplitudine
913 1302 1028 1331 com-

199 1347 473 1400 prehendere
500 1348 677 1390 beatam
704 1352 748 1389 et
772 1346 1028 1388 Immacula-

199 1409 289 1445 tam
307 1404 535 1454 Virginem
553 1404 638 1445 Dei
658 1404 927 1445 Genitricem
941 1403 1029 1444 Ma-

201 1462 320 1501 riam.
356 1462 453 1502 Hac
477 1461 590 1502 enim
614 1460 914 1502 declaratione
937 1459 1030 1500 Tri—

202 1515 367 1558 dentini
385 1518 552 1567 Patres,
572 1518 713 1570 ipsam
732 1516 1031 1558 beatissimam

201 1573 428 1624 Virginem
460 1573 515 1616 ab
549 1573 749 1625 originali
782 1573 882 1615 labe
914 1573 1029 1615 solu-

201 1634 306 1678 tam,
332 1643 414 1683 pro
435 1644 580 1672 rerum
599 1633 937 1683 temporumque
958 1629 1029 1672 ad-

202 1686 369 1737 junctis,
389 1687 495 1730 satis
509 1688 753 1737 innuerunt,
768 1691 902 1739 atque
918 1686 1030 1728 adeo

202 1745 434 1796 perspicue
469 1744 787 1795 significarunt,
832 1743 940 1784 nihil
977 1756 1031 1785 ex

204 1798 361 1841 divinis
381 1799 553 1851 litteris,
581 1800 687 1841 nihil
711 1813 765 1842 ex
783 1800 1031 1848 traditione,

204 1856 470 1909 Patrumque
493 1857 754 1898 auctoritate
779 1858 863 1898 rite
888 1856 1032 1898 afferri

203 1925 347 1964 posse,
368 1913 486 1965 quod
505 1918 640 1955 tantae
657 1913 851 1964 Virginis
869 1925 1032 1966 praero-

204 1971 363 2019 gativae
383 1970 539 2021 quovis
558 1970 693 2012 modo
711 1970 963 2021 refragetur.

257 2029 305 2067 R.
327 2026 421 2076 Ego
442 2039 495 2067 ex
515 2039 592 2068 ore
611 2027 827 2069 Altissimi
844 2026 1032 2079 prodivi,

206 2081 495 2133 primogenita
527 2088 627 2125 ante
659 2096 833 2125 omnem
866 2086 1032 2125 creatu-

207 2150 312 2178 ram:
338 2151 419 2189 ego
440 2139 523 2180 feci
542 2140 585 2180 in
605 2139 746 2189 coelis,
771 2145 820 2181 ut
847 2140 1034 2181 oriretur

206 2193 351 2235 lumen
367 2194 633 2237 indeficiens.
650 2199 671 2222 *
686 2195 895 2238 Nondum
911 2201 1034 2237 erant

208 2249 369 2302 abyssi,
396 2257 439 2293 et
463 2264 545 2302 ego
566 2253 651 2304 jam
670 2254 885 2305 concepta
904 2265 1034 2294 eram.

208 2303 257 2351 V.
283 2307 404 2348 Deus
431 2309 544 2349 enim
570 2310 735 2351 creavit
759 2322 829 2350 me
854 2309 898 2350 in
917 2310 1033 2361 justi-

208 2363 283 2412 tia,
311 2369 354 2404 et
377 2365 666 2416 apprehendit
686 2379 862 2407 manum
881 2379 1034 2415 meam,

210 2424 254 2461 et
273 2421 463 2462 servavit
482 2434 561 2463 me.
588 2421 808 2464 Nondum.

518 2477 668 2518 Lectio
691 2492 724 2517 v,

292 2537 311 2574 t
335 2545 382 2573 re
408 2533 584 2584 quidem
609 2547 712 2576 vera
737 2535 850 2577 hanc
875 2535 929 2577 de
954 2536 1036 2576 Im-

306 2589 523 2630 maculata
550 2589 816 2632 beatissimae
843 2592 1036 2642 Virginis

213 2645 510 2697 Conceptione
556 2645 799 2687 doctrinam
839 2647 1036 2700 quotidie

212 2702 350 2753 magis
373 2702 632 2753 gravissimo
657 2703 867 2744 Ecclesiae
896 2716 1036 2752 sensu,

1073 271 1344 322 magisterio,
1374 270 1538 320 studio,
1567 271 1749 312 scientia
1767 284 1819 313 ac
1838 283 1902 312 sa-

1074 328 1238 381 pientia
1260 333 1352 369 tam
1375 327 1605 380 splendide
1630 327 1904 381 explicatam,

1076 384 1358 433 declaratam,
1387 384 1691 426 confirmatam
1717 390 1760 426 et
1786 384 1904 438 apud

1077 454 1228 483 omnes
1257 440 1462 482 catholici
1490 440 1609 483 orbis
1636 441 1829 494 populos
1853 454 1905 483 ac

1076 498 1276 539 nationes
1291 497 1540 539 mirandum
1554 497 1598 538 in
1612 497 1791 539 modum
1805 511 1904 551 pro-

1076 556 1302 607 pagatam,
1329 554 1374 594 in
1395 554 1492 607 ipsa
1510 554 1709 596 Ecclesia
1733 567 1907 607 semper

1078 611 1298 652 exstitisse
1317 610 1453 652 veluti
1476 623 1502 652 a
1526 610 1764 664 majoribus
1787 613 1906 652 acce-

1077 672 1210 720 ptam,
1230 680 1282 708 ac
1300 666 1506 708 revelatae
1527 667 1740 709 doctrinae
1759 667 1907 709 chara-

1079 726 1197 766 ctere
1215 723 1476 774 insignitam,
1497 723 1683 765 illustria
1700 726 1907 766 veneran-

1079 779 1148 822 dae
1168 780 1441 832 antiquitatis
1456 780 1667 821 Ecclesiae
1684 780 1908 822 orientalis

1080 842 1123 879 et
1165 836 1450 879 occidentalis
1485 838 1769 878 monumenta
1805 837 1908 878 vali-

1080 894 1257 935 dissime
1273 895 1500 935 testantur.
1523 892 1742 945 Equidem
1755 894 1910 935 Patres

1080 950 1640 1003 Ecelesiaequescriptores,
1656 949 1909 992 coelestibus

1081 1006 1228 1048 edocti
1247 1006 1450 1058 eloquiis,
1469 1006 1576 1047 nihil
1597 1006 1818 1059 antiquius
1837 1006 1909 1048 ha·

1080 1063 1230 1113 buere,
1257 1075 1389 1114 quam
1407 1063 1452 1103 in
1470 1062 1595 1104 libris
1615 1062 1671 1104 ad
1691 1062 1909 1115 explican-

1081 1119 1160 1161 das
1175 1119 1437 1171 Scripturas,
1456 1117 1718 1161 vindicanda
1735 1118 1910 1170 dogma-

1082 1181 1142 1226 ta,
1182 1175 1538 1227 erudiendosque
1575 1175 1730 1217 fideles
1769 1174 1911 1217 elucu—

1080 1232 1235 1281 bratis,
1259 1245 1474 1273 summam
1492 1232 1686 1283 Virginis
1709 1231 1910 1273 sanctita-

1081 1294 1188 1339 tem,
1234 1287 1491 1339 dignitatem
1532 1293 1665 1340 atque
1701 1288 1757 1329 ab
1795 1288 1912 1330 omni

1081 1345 1255 1398 peccati
1274 1345 1373 1387 labe
1392 1345 1703 1396 integritatem,
1731 1346 1912 1397 ejusque

1082 1402 1343 1455 praeclaram
1378 1401 1434 1443 de
1470 1402 1698 1444 teterrimo
1735 1401 1913 1443 humani

1083 1459 1254 1510 generis
1272 1458 1401 1500 hoste
1420 1458 1652 1500 victoriam
1669 1458 1818 1499 multis
1837 1458 1912 1498 mi-

1083 1517 1231 1568 risque
1262 1515 1406 1557 modis
1440 1515 1642 1557 certatim
1668 1513 1913 1567 praedicare

1085 1577 1217 1625 atque
1237 1572 1402 1614 efferre.

1135 1631 1186 1682 R.
1199 1628 1319 1670 Nihil
1329 1628 1603 1680 inquinatum
1613 1628 1657 1669 in
1668 1640 1764 1670 eam
1774 1627 1913 1669 incur-

1085 1687 1155 1728 rit:
1164 1687 1187 1711 *
1199 1685 1374 1727 Candor
1386 1689 1453 1726 est
1463 1685 1572 1726 lucis
1585 1686 1761 1727 aetemae
1773 1689 1816 1726 et
1826 1686 1915 1737 spe·

1086 1742 1231 1784 culum
1264 1742 1357 1783 sine
1390 1741 1572 1783 macula.
1611 1738 1661 1790 V.
1691 1741 1772 1782 Est
1800 1741 1913 1782 enim

1084 1799 1180 1840 haec
1196 1798 1441 1851 speciosior
1456 1797 1560 1848 sole,
1579 1803 1622 1840 et
1637 1797 1725 1838 luci
1739 1809 1929 1849 compa-7

1085 1857 1181 1897 rata
1199 1855 1417 1896 invenitur
1440 1855 1603 1908 purior.
1642 1853 1818 1896 Candor
1838 1858 1914 1895 est.

1387 1913 1538 1953 Lectio
1562 1913 1614 1951 vi.

1090 1949 1413 2072 Quapropter
1463 1969 1715 2009 enarrantes
1763 1965 1916 2016 verba,

1182 2024 1339 2077 quibus
1365 2024 1487 2066 Deus
1515 2025 1767 2077 praeparata
1791 2035 1915 2064 reno-

1087 2081 1242 2123 vandis
1260 2081 1521 2122 mortalibus
1547 2093 1637 2121 suae
1657 2079 1834 2133 pietatis
1852 2091 1916 2120 re-

1086 2138 1231 2179 media
1253 2138 1367 2179 inter
1391 2138 1488 2190 ipsa
1507 2136 1659 2178 mundi
1677 2135 1917 2189 primordia

1086 2195 1398 2248 praenuntians,
1418 2199 1461 2235 et
1476 2193 1727 2246 deceptoris
1742 2194 1916 2244 serpen-

1087 2251 1142 2293 tis
1171 2250 1335 2293 retudit
1360 2250 1590 2292 audaciam
1617 2255 1660 2292 et
1685 2248 1823 2290 nostri
1847 2250 1917 2299 ge-

1087 2308 1201 2349 neris
1217 2320 1342 2360 spem
1356 2307 1538 2348 mirifice
1555 2306 1693 2348 erexit
1702 2305 1918 2357 inquiens:

1088 2364 1342 2406 Inimicitias
1370 2376 1533 2416 ponam
1558 2363 1670 2404 inter
1695 2366 1739 2403 te
1765 2366 1808 2403 et
1826 2375 1916 2402 mu-

1087 2421 1256 2470 lierem,
1290 2425 1334 2462 et
1367 2432 1515 2461 semen
1543 2424 1667 2460 tuum
1695 2422 1739 2459 et
1767 2431 1917 2459 semen

1088 2477 1213 2527 illius,
1234 2476 1440 2518 docuere:
1458 2475 1619 2516 Divino
1635 2474 1722 2516 hoc
1737 2474 1917 2515 oraculo

1090 2534 1205 2575 clare
1225 2534 1466 2585 aperteque
1486 2530 1838 2573 demonstratum
1856 2530 1917 2571 fu-

1089 2593 1175 2632 isse
1201 2587 1530 2631 misericordem
1547 2587 1726 2628 humani
1745 2587 1918 2638 generis

1090 2646 1447 2698 Redemptorem,
1467 2643 1632 2685 scilicet
1652 2643 1919 2694 unigenitum

1090 2703 1174 2744 Dei
1206 2702 1380 2751 Filium,
1415 2700 1635 2742 Christum
1667 2700 1834 2750 Jesum,
1867 2711 1919 2740 ac
