2040 2944
384 174 457 208 Die
481 174 511 208 7.
536 174 635 208 Nov.
683 173 855 216 Septima
882 172 943 206 die
970 172 1068 206 infra
1094 171 1174 205 Oct.
1200 171 1376 206 Omnium
1404 171 1641 205 Sanctorum.

156 270 254 307 rant
274 265 448 318 spiritui
466 264 672 314 hominis,
699 277 800 305 cum
826 268 869 305 et
893 263 989 316 ipse

157 322 435 374 obtemperet
467 322 581 371 Deo;
623 321 679 362 de
721 320 880 372 quibus
918 320 990 362 hic

158 378 331 420 dicitur:
359 378 487 422 Beati
513 377 697 430 pacifici.
746 377 889 418 Unum
917 389 988 418 au-

156 440 246 476 tem
273 434 519 488 praemium,
558 433 679 485 quod
713 438 780 474 est
807 446 990 484 regnum

157 491 388 540 coelorum,
420 503 503 543 pro
535 489 604 530 his
631 488 843 540 gradibus
870 489 990 531 varie

156 548 430 588 nominatum
449 551 527 588 est.

209 606 271 645 Te
291 604 434 645 Deum
452 602 693 643 laudamus.
713 602 772 641 14.

358 698 442 739 Die
460 698 496 738 7.
514 695 793 738 Novembris.

241 769 437 820 Septima
464 767 534 809 die
560 767 670 808 infra
696 767 909 807 Octavam

289 826 525 867 Omnium
545 826 859 867 Sanctorum.

210 898 254 932 In
282 897 309 931 Ι.
339 897 539 931 Nocturno
574 896 779 930 Lectiones
812 896 859 929 de
890 895 988 930 Scri-

156 950 270 990 ptura
294 948 527 980 occurrente.

389 1006 438 1045 In
458 1006 508 1045 ΙΙ.
529 1005 752 1045 Nocturno.

308 1065 464 1106 Sermo
493 1064 633 1105 sancti
661 1064 685 1104 J
689 1064 843 1105 oannis

419 1120 735 1173 Chrysostomi.

157 1184 274 1219 Serm.
292 1183 338 1217 de
352 1182 472 1224 Mart,
490 1182 596 1225 quod
614 1186 678 1215 aut
696 1181 873 1215 imitandi
890 1184 988 1221 sunt,

298 1234 363 1265 aut
378 1240 457 1265 non
473 1230 670 1264 laudandi.
696 1229 803 1264 Tom.
820 1229 849 1262 3.

459 1282 613 1323 Lectio
634 1282 687 1322 iv.

163 1344 179 1379 i
196 1346 275 1421 ’ss
291 1337 796 1435 ῗξὲἓὲἷὲἷὲᾚῗὲἱὲῗ
820 1336 991 1445 ἒῗέἓὲἷὶζ

170 1452 241 1471 X*
307 1451 521 1502 justorum
566 1450 729 1501 glorias
773 1449 992 1501 frequenti

158 1507 289 1549 laude
326 1507 610 1559 colloquitur,
654 1508 807 1548 eorum
844 1518 991 1546 mores

159 1569 336 1606 sanctos
373 1569 507 1615 atque
543 1563 752 1615 justitiam
784 1562 992 1604 imitetur:

160 1620 367 1672 quoniam
392 1632 522 1672 quem
542 1619 734 1660 delectat
751 1618 899 1659 Sancti
919 1618 991 1659 ali-

159 1677 282 1728 cajus
296 1676 510 1724 meritum,
527 1674 748 1716 delectare
764 1673 898 1715 debet
911 1687 992 1726 par

160 1732 278 1774 circa
297 1731 462 1773 cultum
476 1731 561 1772 Dei
581 1730 853 1782 obsequium.
878 1730 990 1780 Qua-

159 1801 207 1830 re
227 1793 302 1829 aut
320 1788 483 1830 imitari
502 1787 646 1836 debet,
671 1787 708 1827 si
725 1786 892 1828 laudat:
917 1790 992 1827 aut

160 1844 342 1886 laudare
369 1857 458 1886 non
486 1843 635 1893 debet,
667 1843 704 1884 si
730 1843 892 1884 imitari
920 1842 992 1884 de-

159 1903 334 1942 trectat:
352 1906 401 1942 ut
420 1901 495 1952 qui
513 1900 646 1941 alium
663 1898 824 1949 laudat,
843 1898 992 1941 lauda-

159 1957 293 1999 bilem
312 1971 360 1999 se
379 1957 551 1999 reddat:
576 1963 619 1998 et
639 1956 713 2008 qui
731 1956 994 1997 Sanctorum

159 2014 316 2056 merita
351 2013 610 2062 admiratur,
649 2012 860 2053 mirabilis
896 2012 992 2064 ipse

161 2070 263 2112 vitae
291 2070 524 2112 sanctitate
551 2069 774 2110 reddatur.
812 2069 927 2109 Nam
955 2068 992 2109 si

160 2128 398 2179 propterea
421 2127 561 2178 justos
585 2125 829 2177 fidelesque
853 2123 991 2175 diligi-

159 2196 268 2234 mus,
288 2183 410 2235 quod
430 2183 474 2223 in
493 2183 602 2235 ipsis
617 2182 825 2234 justitiam
841 2181 991 2223 fidem-

163 2252 247 2291 que
292 2240 574 2292 suspicimus,
628 2240 866 2290 possumus
909 2250 992 2278 nos

161 2308 339 2348 quoque
366 2309 463 2338 esse
495 2294 616 2347 quod
645 2299 762 2344 sunt,
797 2294 834 2335 si
862 2294 991 2335 facia-

160 2365 257 2393 mus
276 2352 361 2405 ipsi
382 2351 503 2405 quod
522 2351 698 2392 faciunt.

215 2408 266 2459 R.
293 2408 549 2449 Praecarsor
572 2406 751 2448 Domini
773 2406 907 2456 venit,
937 2405 992 2447 de

162 2476 249 2515 quo
275 2464 371 2516 ipse
394 2466 598 2506 testatur:
624 2463 645 2488 *
671 2462 829 2503 Nullus
855 2463 993 2514 maior

161 2520 274 2562 inter
299 2525 427 2562 natos
459 2520 691 2561 mulierum
716 2520 886 2560 Joanne
911 2519 992 2559 Ba-

162 2579 308 2628 ptista.
328 2570 380 2623 V.
397 2577 484 2618 Hic
501 2582 568 2618 est
582 2576 814 2628 propheta,
834 2580 877 2616 et
892 2574 992 2626 plus

163 2645 294 2684 quam
321 2633 556 2685 propheta,
590 2632 646 2674 de
674 2645 761 2684 quo
790 2631 993 2673 Salvator

162 2689 232 2730 ait.
259 2688 429 2730 Nullus.

1807 167 1871 201 411

1355 267 1504 307 Lectio
1525 280 1562 305 v.

1136 344 1249 383 eque
1279 332 1393 373 enim
1427 332 1605 375 difficile
1633 332 1763 374 nobis
1791 336 1873 381 est,

1154 388 1274 440 quod
1294 387 1349 430 ab
1371 388 1479 440 ipsis
1498 389 1678 440 geritur,
1703 388 1875 437 imitari,

1042 457 1143 486 cum
1170 444 1263 486 sine
1291 444 1561 496 praecedenti
1587 444 1791 497 exemplo
1819 444 1874 486 ab

1043 500 1235 552 antiquis
1268 500 1374 541 talia
1405 506 1531 551 gesta
1563 501 1875 554 conspicimus:

1042 562 1091 598 ut
1117 569 1206 598 non
1230 556 1316 609 ipsi
1340 556 1524 598 aliorum
1550 557 1695 598 aemuli
1721 556 1875 599 redde·

1043 615 1208 662 rentur,
1235 612 1316 654 sed
1336 613 1595 655 aemulandae
1615 613 1791 655 virtutis
1810 625 1874 654 se-

1042 672 1166 722 ipsos
1189 669 1319 711 nobis
1339 669 1591 721 praeberent
1611 669 1877 722 exemplum:

1042 730 1091 766 ut
1119 725 1224 767 dum
1251 738 1333 766 nos
1363 738 1417 766 ex
1444 725 1568 778 ipsis,
1600 731 1644 767 et
1669 738 1723 767 ex
1748 725 1876 766 nobis

1043 781 1117 822 alii
1137 781 1391 834 proficiunt,
1417 781 1480 823 sic
1499 782 1697 823 Christus
1721 781 1765 822 in
1785 781 1875 822 suis

1044 850 1218 890 semper
1251 837 1390 879 servis
1421 837 1465 878 in
1492 838 1693 879 Ecclesia
1726 842 1878 879 sancta

1043 893 1257 935 laudetur.
1294 893 1422 935 Unde
1451 893 1507 935 ab
1533 894 1702 945 origine
1726 892 1878 935 mundi

1044 952 1254 991 innocens
1291 949 1408 991 Abel
1447 950 1681 1000 occiditur,
1722 949 1878 991 Enoch
1923 976 1926 978 v

1043 1006 1140 1047 Deo
1186 1006 1369 1059 placens
1414 1006 1690 1055 transfertur,
1739 1007 1878 1057 justus

1043 1062 1142 1103 Noe
1186 1063 1420 1113 invenitur,
1466 1063 1693 1104 Abraham
1735 1061 1878 1103 fidelis

1043 1118 1277 1171 probatur,
1303 1119 1482 1171 Moyses
1506 1121 1762 1160 mansuetus
1787 1118 1877 1168 dig-

1044 1175 1255 1226 noscitur,
1290 1176 1419 1217 Jesus
1452 1180 1614 1225 castus,
1650 1175 1795 1216 David
1819 1175 1877 1216 le-

1043 1232 1121 1282 nis,
1140 1232 1260 1274 Elias
1276 1234 1496 1286 acceptus
1516 1232 1674 1273 Daniel
1688 1237 1877 1282 sanctus,

1043 1293 1133 1330 tres
1152 1290 1280 1342 pueri
1297 1290 1489 1331 victores
1509 1287 1764 1330 reddantur.

1096 1363 1145 1413 R.
1163 1359 1244 1401 Isti
1260 1363 1360 1400 sunt
1375 1359 1451 1411 qui
1464 1359 1661 1401 viventes
1676 1358 1721 1398 in
1736 1371 1877 1407 carne,

1044 1416 1353 1469 plantaverunt
1383 1415 1631 1457 Ecclesiam
1667 1415 1878 1465 sanguine

1044 1486 1140 1514 suo:
1156 1477 1177 1500 *
1195 1473 1388 1514 Calicem
1402 1472 1581 1514 Domini
1601 1471 1818 1522 biberunt,
1835 1476 1878 1513 et

1044 1530 1173 1570 amici
1192 1530 1277 1571 Dei
1297 1530 1400 1571 facti
1419 1534 1530 1570 sunt.
1558 1523 1607 1574 Y.
1631 1529 1682 1568 In
1702 1541 1878 1569 omnem

1044 1591 1207 1627 terram
1237 1586 1372 1627 exivit
1401 1598 1534 1627 sonus
1563 1586 1732 1634 eorum,
1766 1589 1809 1625 et
1835 1584 1878 1624 in

1044 1642 1155 1684 fines
1176 1642 1295 1684 orbis
1314 1647 1444 1684 terrae
1460 1641 1596 1682 verba
1611 1643 1774 1682 eorum.
1799 1641 1876 1681 Ca-

1043 1699 1182 1741 licem.

1348 1775 1501 1815 Lectio
1524 1774 1575 1813 vi.
1925 1824 1927 1826 q

1122 1842 1287 1895 postoli
1323 1841 1527 1894 discipuli
1565 1840 1741 1890 Christi,
1785 1853 1875 1885 cre-

1155 1898 1351 1941 dentium
1375 1898 1573 1948 magistri
1597 1897 1826 1939 habentur:
1853 1909 1876 1938 e

1047 1955 1205 2007 quibus
1231 1954 1390 1996 eruditi
1416 1954 1704 1995 Confessores
1734 1953 1876 1995 fortis-

1046 2012 1143 2053 simi
1178 2015 1391 2064 pugnant,
1434 2011 1652 2062 Martyres
1692 2009 1876 2062 perfecti

1044 2067 1334 2120 triamphant,
1368 2072 1412 2109 et
1443 2066 1668 2108 christiani
1701 2078 1877 2118 semper

1045 2124 1265 2166 exercitus
1307 2122 1535 2165 diabolum
1575 2123 1674 2163 Deo
1721 2122 1877 2163 armati

1045 2180 1280 2222 debellant.
1335 2180 1385 2220 In
1416 2179 1512 2220 istis
1544 2190 1719 2230 semper
1746 2190 1876 2229 pares

1045 2237 1246 2286 virtates,
1266 2235 1498 2278 dissimiles
1517 2247 1696 2287 pugnae,
1715 2234 1875 2285 glorio-

1047 2306 1108 2334 sae
1140 2293 1351 2334 victoriae.
1395 2291 1523 2334 Unde
1552 2296 1601 2333 tu
1629 2290 1877 2332 Christiane

1046 2349 1260 2391 delicatus
1280 2362 1328 2390 es
1347 2348 1488 2398 miles,
1507 2348 1545 2390 si
1562 2353 1693 2400 putas
1711 2352 1756 2389 te
1775 2360 1876 2400 pos-

1045 2419 1092 2447 se
1116 2406 1210 2447 sine
1233 2418 1380 2458 pugna
1399 2407 1591 2454 vincere,
1619 2404 1714 2445 sine
1739 2405 1876 2445 certa·
1926 2418 1927 2422 ¹

1044 2462 1161 2503 mine
1197 2461 1480 2514 triumphare.
1539 2461 1707 2502 Exsere
1744 2460 1875 2509 vires,
1926 2495 1928 2509 ÷

1045 2518 1216 2560 fortiter
1235 2517 1410 2566 dimica,
1433 2517 1642 2559 atrociter
1659 2516 1704 2557 in
1723 2516 1875 2568 praelio
1926 2529 1927 2532 ¹

1043 2574 1130 2616 isto
1157 2575 1373 2615 concerta.
1412 2573 1654 2615 Considera
1681 2577 1874 2624 pactum,

1045 2630 1344 2672 conditionem
1363 2629 1560 2679 attende,
1583 2629 1780 2670 militiam
1799 2639 1872 2668 no-

1044 2700 1133 2729 sce:
1184 2691 1363 2739 pactum
1414 2685 1535 2738 quod
1579 2683 1875 2738 spopondisti;
