<?xml version="1.0" encoding="UTF-8"?>
<!DOCTYPE html PUBLIC "-//W3C//DTD XHTML 1.0 Transitional//EN"
    "http://www.w3.org/TR/xhtml1/DTD/xhtml1-transitional.dtd">
<html xmlns="http://www.w3.org/1999/xhtml" xml:lang="en" lang="en">
 <head>
  <title>
</title>
<meta http-equiv="Content-Type" content="text/html;charset=utf-8" />
  <meta name='ocr-system' content='tesseract 3.04.00' />
  <meta name='ocr-capabilities' content='ocr_page ocr_carea ocr_par ocr_line ocrx_word'/>
</head>
<body>
  <div class='ocr_page' id='page_1' title='image "./p4breviariumroma00cathuoft_0107.png"; bbox 0 0 2040 2944; ppageno 0'>
   <div class='ocr_carea' id='block_1_1' title="bbox 708 197 1861 242">
    <p class='ocr_par' dir='ltr' id='par_1_1' title="bbox 708 197 1861 242">
     <span class='ocr_line' id='line_1_1' title="bbox 708 197 1861 242; baseline 0.009 -11"><span class='ocrx_word' id='word_1_1' title='bbox 708 199 819 232; x_wconf 78' lang='lat' dir='ltr'>Feria</span> <span class='ocrx_word' id='word_1_2' title='bbox 846 199 978 242; x_wconf 88' lang='lat' dir='ltr'>quinta</span> <span class='ocrx_word' id='word_1_3' title='bbox 1004 201 1052 234; x_wconf 79' lang='lat' dir='ltr'>ad</span> <span class='ocrx_word' id='word_1_4' title='bbox 1079 202 1316 236; x_wconf 83' lang='lat' dir='ltr'>Matutinum.</span> <span class='ocrx_word' id='word_1_5' title='bbox 1815 197 1861 232; x_wconf 87' lang='lat'>79</span> 
     </span>
    </p>
   </div>
   <div class='ocr_carea' id='block_1_2' title="bbox 85 290 981 2754">
    <p class='ocr_par' dir='ltr' id='par_1_2' title="bbox 85 290 981 454">
     <span class='ocr_line' id='line_1_2' title="bbox 203 290 981 341; baseline -0.001 -9"><span class='ocrx_word' id='word_1_6' title='bbox 203 291 260 332; x_wconf 90' lang='lat' dir='ltr'>Et</span> <span class='ocrx_word' id='word_1_7' title='bbox 298 290 462 332; x_wconf 87' lang='lat' dir='ltr'>occidit</span> <span class='ocrx_word' id='word_1_8' title='bbox 498 291 543 331; x_wconf 90' lang='lat' dir='ltr'>in</span> <span class='ocrx_word' id='word_1_9' title='bbox 578 290 790 341; x_wconf 80' lang='lat' dir='ltr'>grandine</span> <span class='ocrx_word' id='word_1_10' title='bbox 831 293 981 332; x_wconf 90' lang='lat' dir='ltr'>vineas</span> 
     </span>
     <span class='ocr_line' id='line_1_3' title="bbox 151 347 981 399; baseline -0.001 -11"><span class='ocrx_word' id='word_1_11' title='bbox 151 349 315 396; x_wconf 80' lang='lat' dir='ltr'>eorum,</span> <span class='ocrx_word' id='word_1_12' title='bbox 332 348 356 374; x_wconf 91' lang='lat'>*</span> <span class='ocrx_word' id='word_1_13' title='bbox 368 351 412 388; x_wconf 89' lang='lat' dir='ltr'>et</span> <span class='ocrx_word' id='word_1_14' title='bbox 422 359 573 388; x_wconf 90' lang='lat' dir='ltr'>moros</span> <span class='ocrx_word' id='word_1_15' title='bbox 591 348 743 387; x_wconf 85' lang='lat' dir='ltr'>eorum</span> <span class='ocrx_word' id='word_1_16' title='bbox 758 347 802 387; x_wconf 91' lang='lat' dir='ltr'>in</span> <span class='ocrx_word' id='word_1_17' title='bbox 814 349 981 399; x_wconf 91' lang='lat' dir='ltr'>pruina.</span> 
     </span>
     <span class='ocr_line' id='line_1_4' title="bbox 85 402 981 454; baseline -0.004 -7"><span class='ocrx_word' id='word_1_18' title='bbox 85 445 87 447; x_wconf 83' lang='grc'><em>,</em></span> <span class='ocrx_word' id='word_1_19' title='bbox 202 404 260 444; x_wconf 86' lang='lat' dir='ltr'>Et</span> <span class='ocrx_word' id='word_1_20' title='bbox 279 402 464 444; x_wconf 79' lang='lat' dir='ltr'>tradidit</span> <span class='ocrx_word' id='word_1_21' title='bbox 481 402 682 454; x_wconf 78' lang='lat' dir='ltr'>grandini</span> <span class='ocrx_word' id='word_1_22' title='bbox 701 403 892 454; x_wconf 77' lang='lat' dir='ltr'>jumenta</span> <span class='ocrx_word' id='word_1_23' title='bbox 911 405 981 443; x_wconf 82' lang='lat' dir='ltr'>eo-</span> 
     </span>
    </p>

    <p class='ocr_par' dir='ltr' id='par_1_3' title="bbox 150 458 980 511">
     <span class='ocr_line' id='line_1_5' title="bbox 150 458 980 511; baseline -0.002 -11"><span class='ocrx_word' id='word_1_24' title='bbox 150 472 261 500; x_wconf 86' lang='lat' dir='ltr'>rum:</span> <span class='ocrx_word' id='word_1_25' title='bbox 272 461 296 486; x_wconf 87' lang='lat'>*</span> <span class='ocrx_word' id='word_1_26' title='bbox 308 463 351 500; x_wconf 89' lang='lat' dir='ltr'>et</span> <span class='ocrx_word' id='word_1_27' title='bbox 365 458 696 511; x_wconf 86' lang='lat' dir='ltr'>possessionem</span> <span class='ocrx_word' id='word_1_28' title='bbox 713 461 866 499; x_wconf 84' lang='lat' dir='ltr'>eorum</span> <span class='ocrx_word' id='word_1_29' title='bbox 881 459 980 510; x_wconf 85' lang='lat' dir='ltr'>igni.</span> 
     </span>
    </p>

    <p class='ocr_par' dir='ltr' id='par_1_4' title="bbox 149 514 980 735">
     <span class='ocr_line' id='line_1_6' title="bbox 202 514 980 565; baseline -0.003 -9"><span class='ocrx_word' id='word_1_30' title='bbox 202 516 323 557; x_wconf 88' lang='lat' dir='ltr'><strong>Misit</strong></span> <span class='ocrx_word' id='word_1_31' title='bbox 350 516 395 556; x_wconf 93' lang='lat' dir='ltr'>in</span> <span class='ocrx_word' id='word_1_32' title='bbox 425 528 503 556; x_wconf 93' lang='lat' dir='ltr'>eos</span> <span class='ocrx_word' id='word_1_33' title='bbox 532 515 643 555; x_wconf 91' lang='lat' dir='ltr'>iram</span> <span class='ocrx_word' id='word_1_34' title='bbox 666 514 980 565; x_wconf 81' lang='lat' dir='ltr'>indignationis</span> 
     </span>
     <span class='ocr_line' id='line_1_7' title="bbox 152 571 980 623; baseline 0 -11"><span class='ocrx_word' id='word_1_35' title='bbox 152 585 260 613; x_wconf 86' lang='lat' dir='ltr'>suae:</span> <span class='ocrx_word' id='word_1_36' title='bbox 280 574 304 599; x_wconf 90' lang='lat'>*</span> <span class='ocrx_word' id='word_1_37' title='bbox 326 571 685 623; x_wconf 84' lang='lat' dir='ltr'>indignationem,</span> <span class='ocrx_word' id='word_1_38' title='bbox 715 575 759 612; x_wconf 92' lang='lat' dir='ltr'>et</span> <span class='ocrx_word' id='word_1_39' title='bbox 786 571 907 620; x_wconf 81' lang='lat' dir='ltr'>iram,</span> <span class='ocrx_word' id='word_1_40' title='bbox 937 576 980 612; x_wconf 89' lang='lat' dir='ltr'>et</span> 
     </span>
     <span class='ocr_line' id='line_1_8' title="bbox 149 627 978 679; baseline -0.001 -11"><span class='ocrx_word' id='word_1_41' title='bbox 149 627 497 669; x_wconf 81' lang='lat' dir='ltr'>tribulationem:</span> <span class='ocrx_word' id='word_1_42' title='bbox 511 627 805 668; x_wconf 81' lang='lat' dir='ltr'>immissiones</span> <span class='ocrx_word' id='word_1_43' title='bbox 815 639 895 679; x_wconf 92' lang='lat' dir='ltr'>per</span> <span class='ocrx_word' id='word_1_44' title='bbox 907 629 978 667; x_wconf 77' lang='lat' dir='ltr'>an-</span> 
     </span>
     <span class='ocr_line' id='line_1_9' title="bbox 150 684 456 735; baseline -0.003 -10"><span class='ocrx_word' id='word_1_45' title='bbox 150 684 275 735; x_wconf 86' lang='lat' dir='ltr'>gelos</span> <span class='ocrx_word' id='word_1_46' title='bbox 302 684 456 725; x_wconf 88' lang='lat' dir='ltr'>malos.</span> 
     </span>
    </p>

    <p class='ocr_par' dir='ltr' id='par_1_5' title="bbox 148 739 980 949">
     <span class='ocr_line' id='line_1_10' title="bbox 200 739 980 788; baseline -0.004 -7"><span class='ocrx_word' id='word_1_47' title='bbox 200 740 333 782; x_wconf 88' lang='lat' dir='ltr'>Viam</span> <span class='ocrx_word' id='word_1_48' title='bbox 351 740 455 781; x_wconf 86' lang='lat' dir='ltr'>fecit</span> <span class='ocrx_word' id='word_1_49' title='bbox 475 740 644 780; x_wconf 79' lang='lat' dir='ltr'>semitae</span> <span class='ocrx_word' id='word_1_50' title='bbox 665 739 742 779; x_wconf 86' lang='lat' dir='ltr'>irae</span> <span class='ocrx_word' id='word_1_51' title='bbox 763 752 868 788; x_wconf 87' lang='lat' dir='ltr'>suae,</span> <span class='ocrx_word' id='word_1_52' title='bbox 892 751 980 779; x_wconf 92' lang='lat' dir='ltr'>non</span> 
     </span>
     <span class='ocr_line' id='line_1_11' title="bbox 148 795 980 848; baseline -0.002 -11"><span class='ocrx_word' id='word_1_53' title='bbox 148 796 349 848; x_wconf 81' lang='lat' dir='ltr'>pepercit</span> <span class='ocrx_word' id='word_1_54' title='bbox 369 809 395 836; x_wconf 89' lang='lat' dir='ltr'>a</span> <span class='ocrx_word' id='word_1_55' title='bbox 409 800 554 837; x_wconf 88' lang='lat' dir='ltr'>morte</span> <span class='ocrx_word' id='word_1_56' title='bbox 571 795 800 836; x_wconf 83' lang='lat' dir='ltr'>animabus</span> <span class='ocrx_word' id='word_1_57' title='bbox 817 797 980 844; x_wconf 85' lang='lat' dir='ltr'>eorum,</span> 
     </span>
     <span class='ocr_line' id='line_1_12' title="bbox 149 852 979 904; baseline -0.002 -11"><span class='ocrx_word' id='word_1_58' title='bbox 149 854 173 879; x_wconf 89' lang='lat'>*</span> <span class='ocrx_word' id='word_1_59' title='bbox 194 857 238 893; x_wconf 87' lang='lat' dir='ltr'>et</span> <span class='ocrx_word' id='word_1_60' title='bbox 257 853 450 904; x_wconf 83' lang='lat' dir='ltr'>jumenta</span> <span class='ocrx_word' id='word_1_61' title='bbox 475 854 628 893; x_wconf 84' lang='lat' dir='ltr'>eorum</span> <span class='ocrx_word' id='word_1_62' title='bbox 652 852 696 892; x_wconf 90' lang='lat' dir='ltr'>in</span> <span class='ocrx_word' id='word_1_63' title='bbox 716 856 860 892; x_wconf 88' lang='lat' dir='ltr'>morte</span> <span class='ocrx_word' id='word_1_64' title='bbox 880 864 979 892; x_wconf 92' lang='lat' dir='ltr'>con-</span> 
     </span>
     <span class='ocr_line' id='line_1_13' title="bbox 150 908 293 949; baseline -0.007 0"><span class='ocrx_word' id='word_1_65' title='bbox 150 908 293 949; x_wconf 84' lang='lat' dir='ltr'>clusit.</span> 
     </span>
    </p>

    <p class='ocr_par' dir='ltr' id='par_1_6' title="bbox 148 964 979 1185">
     <span class='ocr_line' id='line_1_14' title="bbox 201 964 979 1016; baseline -0.003 -10"><span class='ocrx_word' id='word_1_66' title='bbox 201 965 258 1006; x_wconf 90' lang='lat' dir='ltr'>Et</span> <span class='ocrx_word' id='word_1_67' title='bbox 293 965 514 1016; x_wconf 90' lang='lat' dir='ltr'>percussit</span> <span class='ocrx_word' id='word_1_68' title='bbox 551 977 680 1005; x_wconf 90' lang='lat' dir='ltr'>omne</span> <span class='ocrx_word' id='word_1_69' title='bbox 716 964 979 1016; x_wconf 83' lang='lat' dir='ltr'>primogeni-</span> 
     </span>
     <span class='ocr_line' id='line_1_15' title="bbox 148 1020 979 1072; baseline 0 -11"><span class='ocrx_word' id='word_1_70' title='bbox 148 1025 242 1061; x_wconf 88' lang='lat' dir='ltr'>tum</span> <span class='ocrx_word' id='word_1_71' title='bbox 270 1021 314 1061; x_wconf 93' lang='lat' dir='ltr'>in</span> <span class='ocrx_word' id='word_1_72' title='bbox 342 1025 460 1061; x_wconf 87' lang='lat' dir='ltr'>terra</span> <span class='ocrx_word' id='word_1_73' title='bbox 488 1020 687 1072; x_wconf 72' lang='lat' dir='ltr'>AEgypti:</span> <span class='ocrx_word' id='word_1_74' title='bbox 712 1022 735 1047; x_wconf 92' lang='lat'>*</span> <span class='ocrx_word' id='word_1_75' title='bbox 763 1021 979 1072; x_wconf 81' lang='lat' dir='ltr'>primitias</span> 
     </span>
     <span class='ocr_line' id='line_1_16' title="bbox 149 1076 978 1118; baseline -0.001 0"><span class='ocrx_word' id='word_1_76' title='bbox 149 1077 291 1118; x_wconf 90' lang='lat' dir='ltr'>omnis</span> <span class='ocrx_word' id='word_1_77' title='bbox 306 1076 471 1118; x_wconf 73' lang='lat' dir='ltr'>laburis</span> <span class='ocrx_word' id='word_1_78' title='bbox 490 1079 642 1118; x_wconf 87' lang='lat' dir='ltr'>eorum</span> <span class='ocrx_word' id='word_1_79' title='bbox 661 1077 705 1116; x_wconf 92' lang='lat' dir='ltr'>in</span> <span class='ocrx_word' id='word_1_80' title='bbox 723 1076 978 1118; x_wconf 82' lang='lat' dir='ltr'>tabernacu-</span> 
     </span>
     <span class='ocr_line' id='line_1_17' title="bbox 148 1132 854 1185; baseline 0 -12"><span class='ocrx_word' id='word_1_81' title='bbox 148 1132 203 1173; x_wconf 90' lang='lat' dir='ltr'>lis</span> <span class='ocrx_word' id='word_1_82' title='bbox 232 1132 381 1174; x_wconf 89' lang='lat' dir='ltr'>Cham.</span> <span class='ocrx_word' id='word_1_83' title='bbox 851 1183 854 1185; x_wconf 66' lang='lat'>‚</span> 
     </span>
    </p>

    <p class='ocr_par' dir='ltr' id='par_1_7' title="bbox 145 1188 978 1352">
     <span class='ocr_line' id='line_1_18' title="bbox 200 1188 978 1241; baseline -0.001 -11"><span class='ocrx_word' id='word_1_84' title='bbox 200 1189 257 1230; x_wconf 88' lang='lat' dir='ltr'>Et</span> <span class='ocrx_word' id='word_1_85' title='bbox 286 1189 469 1230; x_wconf 79' lang='lat' dir='ltr'>abstulit</span> <span class='ocrx_word' id='word_1_86' title='bbox 494 1188 608 1230; x_wconf 87' lang='lat' dir='ltr'>sicut</span> <span class='ocrx_word' id='word_1_87' title='bbox 636 1201 743 1230; x_wconf 91' lang='lat' dir='ltr'>oves</span> <span class='ocrx_word' id='word_1_88' title='bbox 762 1189 978 1241; x_wconf 76' lang='lat' dir='ltr'>pupulum</span> 
     </span>
     <span class='ocr_line' id='line_1_19' title="bbox 147 1244 977 1297; baseline 0 -12"><span class='ocrx_word' id='word_1_89' title='bbox 147 1258 291 1285; x_wconf 92' lang='lat' dir='ltr'>suum:</span> <span class='ocrx_word' id='word_1_90' title='bbox 307 1247 331 1272; x_wconf 89' lang='grc'>*</span> <span class='ocrx_word' id='word_1_91' title='bbox 347 1250 391 1286; x_wconf 91' lang='lat' dir='ltr'>et</span> <span class='ocrx_word' id='word_1_92' title='bbox 418 1244 627 1297; x_wconf 82' lang='lat' dir='ltr'>perduxit</span> <span class='ocrx_word' id='word_1_93' title='bbox 657 1257 734 1286; x_wconf 92' lang='lat' dir='ltr'>eos</span> <span class='ocrx_word' id='word_1_94' title='bbox 752 1249 977 1296; x_wconf 85' lang='lat' dir='ltr'>tamquam</span> 
     </span>
     <span class='ocr_line' id='line_1_20' title="bbox 145 1301 617 1352; baseline -0.002 -11"><span class='ocrx_word' id='word_1_95' title='bbox 145 1313 324 1352; x_wconf 83' lang='lat' dir='ltr'><strong>gregem</strong></span> <span class='ocrx_word' id='word_1_96' title='bbox 351 1301 397 1341; x_wconf 92' lang='lat' dir='ltr'>in</span> <span class='ocrx_word' id='word_1_97' title='bbox 426 1301 617 1342; x_wconf 77' lang='lat' dir='ltr'>deserto.</span> 
     </span>
    </p>

    <p class='ocr_par' dir='ltr' id='par_1_8' title="bbox 145 1357 977 1521">
     <span class='ocr_line' id='line_1_21' title="bbox 199 1357 976 1408; baseline -0.001 -10"><span class='ocrx_word' id='word_1_98' title='bbox 199 1357 256 1398; x_wconf 91' lang='lat' dir='ltr'>Et</span> <span class='ocrx_word' id='word_1_99' title='bbox 285 1357 470 1398; x_wconf 82' lang='lat' dir='ltr'>deduxit</span> <span class='ocrx_word' id='word_1_100' title='bbox 503 1369 579 1397; x_wconf 92' lang='lat' dir='ltr'>eos</span> <span class='ocrx_word' id='word_1_101' title='bbox 608 1357 652 1397; x_wconf 94' lang='lat' dir='ltr'>in</span> <span class='ocrx_word' id='word_1_102' title='bbox 685 1369 780 1408; x_wconf 84' lang='lat' dir='ltr'>spe,</span> <span class='ocrx_word' id='word_1_103' title='bbox 814 1362 857 1398; x_wconf 92' lang='lat' dir='ltr'>et</span> <span class='ocrx_word' id='word_1_104' title='bbox 889 1370 976 1397; x_wconf 93' lang='lat' dir='ltr'>non</span> 
     </span>
     <span class='ocr_line' id='line_1_22' title="bbox 145 1413 977 1454; baseline 0 0"><span class='ocrx_word' id='word_1_105' title='bbox 145 1413 403 1454; x_wconf 82' lang='lat' dir='ltr'>timuerunt:</span> <span class='ocrx_word' id='word_1_106' title='bbox 438 1414 462 1440; x_wconf 87' lang='lat'>*</span> <span class='ocrx_word' id='word_1_107' title='bbox 497 1418 540 1454; x_wconf 94' lang='lat' dir='ltr'>et</span> <span class='ocrx_word' id='word_1_108' title='bbox 581 1413 781 1453; x_wconf 91' lang='lat' dir='ltr'>inimicos</span> <span class='ocrx_word' id='word_1_109' title='bbox 825 1415 977 1454; x_wconf 83' lang='lat' dir='ltr'>eorum</span> 
     </span>
     <span class='ocr_line' id='line_1_23' title="bbox 146 1470 479 1521; baseline -0.003 -11"><span class='ocrx_word' id='word_1_110' title='bbox 146 1470 321 1521; x_wconf 81' lang='lat' dir='ltr'>operuit</span> <span class='ocrx_word' id='word_1_111' title='bbox 347 1482 479 1510; x_wconf 90' lang='lat' dir='ltr'>mare.</span> 
     </span>
    </p>

    <p class='ocr_par' dir='ltr' id='par_1_9' title="bbox 145 1525 975 1690">
     <span class='ocr_line' id='line_1_24' title="bbox 198 1525 975 1567; baseline -0.003 0"><span class='ocrx_word' id='word_1_112' title='bbox 198 1526 255 1567; x_wconf 86' lang='lat' dir='ltr'>Et</span> <span class='ocrx_word' id='word_1_113' title='bbox 270 1525 444 1567; x_wconf 80' lang='lat' dir='ltr'>induxit</span> <span class='ocrx_word' id='word_1_114' title='bbox 455 1538 532 1566; x_wconf 91' lang='lat' dir='ltr'>eos</span> <span class='ocrx_word' id='word_1_115' title='bbox 550 1525 594 1565; x_wconf 90' lang='lat' dir='ltr'>in</span> <span class='ocrx_word' id='word_1_116' title='bbox 609 1529 803 1566; x_wconf 91' lang='lat' dir='ltr'>montem</span> <span class='ocrx_word' id='word_1_117' title='bbox 819 1526 975 1566; x_wconf 89' lang='lat' dir='ltr'>sancti-</span> 
     </span>
     <span class='ocr_line' id='line_1_25' title="bbox 145 1582 975 1632; baseline -0.002 -9"><span class='ocrx_word' id='word_1_118' title='bbox 145 1582 365 1627; x_wconf 73' lang='lat' dir='ltr'>ficatiOnis</span> <span class='ocrx_word' id='word_1_119' title='bbox 404 1594 512 1632; x_wconf 86' lang='lat' dir='ltr'>suae,</span> <span class='ocrx_word' id='word_1_120' title='bbox 541 1583 564 1608; x_wconf 88' lang='lat'>*</span> <span class='ocrx_word' id='word_1_121' title='bbox 597 1585 808 1630; x_wconf 82' lang='lat' dir='ltr'>montem,</span> <span class='ocrx_word' id='word_1_122' title='bbox 844 1594 975 1632; x_wconf 93' lang='lat' dir='ltr'>quem</span> 
     </span>
     <span class='ocr_line' id='line_1_26' title="bbox 146 1637 722 1690; baseline -0.003 -11"><span class='ocrx_word' id='word_1_123' title='bbox 146 1638 382 1690; x_wconf 89' lang='lat' dir='ltr'>acquisivit</span> <span class='ocrx_word' id='word_1_124' title='bbox 410 1637 592 1679; x_wconf 82' lang='lat' dir='ltr'>dextera</span> <span class='ocrx_word' id='word_1_125' title='bbox 621 1638 722 1688; x_wconf 92' lang='lat' dir='ltr'>ejus.</span> 
     </span>
    </p>

    <p class='ocr_par' dir='ltr' id='par_1_10' title="bbox 145 1693 975 1848">
     <span class='ocr_line' id='line_1_27' title="bbox 197 1693 975 1746; baseline -0.003 -11"><span class='ocrx_word' id='word_1_126' title='bbox 197 1695 254 1735; x_wconf 89' lang='lat' dir='ltr'>Et</span> <span class='ocrx_word' id='word_1_127' title='bbox 269 1694 396 1746; x_wconf 82' lang='lat' dir='ltr'>ejecit</span> <span class='ocrx_word' id='word_1_128' title='bbox 411 1707 436 1734; x_wconf 90' lang='lat' dir='ltr'>a</span> <span class='ocrx_word' id='word_1_129' title='bbox 451 1693 563 1735; x_wconf 80' lang='lat' dir='ltr'>facie</span> <span class='ocrx_word' id='word_1_130' title='bbox 585 1695 738 1734; x_wconf 81' lang='lat' dir='ltr'>eorum</span> <span class='ocrx_word' id='word_1_131' title='bbox 758 1693 940 1734; x_wconf 83' lang='lat' dir='ltr'>Gentes:</span> <span class='ocrx_word' id='word_1_132' title='bbox 951 1695 975 1720; x_wconf 92' lang='lat'>*</span> 
     </span>
     <span class='ocr_line' id='line_1_28' title="bbox 147 1749 974 1791; baseline -0.002 0"><span class='ocrx_word' id='word_1_133' title='bbox 147 1754 191 1791; x_wconf 91' lang='lat' dir='ltr'>et</span> <span class='ocrx_word' id='word_1_134' title='bbox 220 1755 342 1791; x_wconf 89' lang='lat' dir='ltr'>sorte</span> <span class='ocrx_word' id='word_1_135' title='bbox 370 1749 521 1790; x_wconf 92' lang='lat' dir='ltr'>divisit</span> <span class='ocrx_word' id='word_1_136' title='bbox 550 1749 614 1790; x_wconf 92' lang='lat' dir='ltr'>eis</span> <span class='ocrx_word' id='word_1_137' title='bbox 640 1754 804 1790; x_wconf 89' lang='lat' dir='ltr'>terram</span> <span class='ocrx_word' id='word_1_138' title='bbox 835 1749 880 1789; x_wconf 90' lang='lat' dir='ltr'>in</span> <span class='ocrx_word' id='word_1_139' title='bbox 912 1749 974 1790; x_wconf 89' lang='lat' dir='ltr'>fu-</span> 
     </span>
     <span class='ocr_line' id='line_1_29' title="bbox 145 1805 657 1848; baseline -0.006 -1"><span class='ocrx_word' id='word_1_140' title='bbox 145 1806 292 1847; x_wconf 92' lang='lat' dir='ltr'>niculo</span> <span class='ocrx_word' id='word_1_141' title='bbox 322 1805 657 1848; x_wconf 85' lang='lat' dir='ltr'>distributionis.</span> 
     </span>
    </p>

    <p class='ocr_par' dir='ltr' id='par_1_11' title="bbox 146 1860 974 1960">
     <span class='ocr_line' id='line_1_30' title="bbox 197 1860 974 1903; baseline -0.003 0"><span class='ocrx_word' id='word_1_142' title='bbox 197 1862 254 1903; x_wconf 92' lang='lat' dir='ltr'>Et</span> <span class='ocrx_word' id='word_1_143' title='bbox 274 1862 474 1903; x_wconf 78' lang='lat' dir='ltr'>habitare</span> <span class='ocrx_word' id='word_1_144' title='bbox 493 1861 597 1903; x_wconf 89' lang='lat' dir='ltr'>fecit</span> <span class='ocrx_word' id='word_1_145' title='bbox 616 1861 661 1901; x_wconf 91' lang='lat' dir='ltr'>in</span> <span class='ocrx_word' id='word_1_146' title='bbox 679 1860 974 1902; x_wconf 83' lang='lat' dir='ltr'>tabernaculis</span> 
     </span>
     <span class='ocr_line' id='line_1_31' title="bbox 146 1917 696 1960; baseline -0.004 -1"><span class='ocrx_word' id='word_1_147' title='bbox 146 1920 299 1960; x_wconf 85' lang='lat' dir='ltr'>eorum</span> <span class='ocrx_word' id='word_1_148' title='bbox 327 1919 351 1945; x_wconf 90' lang='lat'>*</span> <span class='ocrx_word' id='word_1_149' title='bbox 378 1917 520 1959; x_wconf 89' lang='lat' dir='ltr'>tribus</span> <span class='ocrx_word' id='word_1_150' title='bbox 547 1917 696 1958; x_wconf 76' lang='lat' dir='ltr'>Israel.</span> 
     </span>
    </p>

    <p class='ocr_par' dir='ltr' id='par_1_12' title="bbox 143 1973 973 2138">
     <span class='ocr_line' id='line_1_32' title="bbox 196 1973 972 2023; baseline -0.004 -7"><span class='ocrx_word' id='word_1_151' title='bbox 196 1975 254 2016; x_wconf 92' lang='lat' dir='ltr'>Et</span> <span class='ocrx_word' id='word_1_152' title='bbox 281 1975 579 2023; x_wconf 84' lang='lat' dir='ltr'>tentaverunt,</span> <span class='ocrx_word' id='word_1_153' title='bbox 612 1978 655 2014; x_wconf 90' lang='lat' dir='ltr'>et</span> <span class='ocrx_word' id='word_1_154' title='bbox 684 1973 972 2014; x_wconf 80' lang='lat' dir='ltr'>exacerbave-</span> 
     </span>
     <span class='ocr_line' id='line_1_33' title="bbox 144 2029 973 2072; baseline -0.001 -1"><span class='ocrx_word' id='word_1_155' title='bbox 144 2035 246 2072; x_wconf 86' lang='lat' dir='ltr'>runt</span> <span class='ocrx_word' id='word_1_156' title='bbox 277 2031 423 2071; x_wconf 93' lang='lat' dir='ltr'>Deum</span> <span class='ocrx_word' id='word_1_157' title='bbox 453 2029 691 2071; x_wconf 83' lang='lat' dir='ltr'>excelsum:</span> <span class='ocrx_word' id='word_1_158' title='bbox 724 2030 748 2056; x_wconf 89' lang='lat'>*</span> <span class='ocrx_word' id='word_1_159' title='bbox 777 2034 820 2070; x_wconf 91' lang='lat' dir='ltr'>et</span> <span class='ocrx_word' id='word_1_160' title='bbox 853 2030 973 2071; x_wconf 91' lang='lat' dir='ltr'>testi-</span> 
     </span>
     <span class='ocr_line' id='line_1_34' title="bbox 143 2085 869 2138; baseline -0.003 -10"><span class='ocrx_word' id='word_1_161' title='bbox 143 2087 291 2128; x_wconf 72' lang='lat' dir='ltr'>munia</span> <span class='ocrx_word' id='word_1_162' title='bbox 319 2087 410 2138; x_wconf 92' lang='lat' dir='ltr'>ejus</span> <span class='ocrx_word' id='word_1_163' title='bbox 438 2098 527 2127; x_wconf 92' lang='lat' dir='ltr'>non</span> <span class='ocrx_word' id='word_1_164' title='bbox 555 2085 869 2127; x_wconf 79' lang='lat' dir='ltr'>custodierunt.</span> 
     </span>
    </p>

    <p class='ocr_par' dir='ltr' id='par_1_13' title="bbox 143 2143 971 2363">
     <span class='ocr_line' id='line_1_35' title="bbox 195 2143 971 2191; baseline -0.003 -7"><span class='ocrx_word' id='word_1_165' title='bbox 195 2143 253 2184; x_wconf 92' lang='lat' dir='ltr'>Et</span> <span class='ocrx_word' id='word_1_166' title='bbox 280 2144 533 2184; x_wconf 84' lang='lat' dir='ltr'>averterunt</span> <span class='ocrx_word' id='word_1_167' title='bbox 560 2155 618 2191; x_wconf 92' lang='lat' dir='ltr'>se,</span> <span class='ocrx_word' id='word_1_168' title='bbox 648 2146 691 2183; x_wconf 92' lang='lat' dir='ltr'>et</span> <span class='ocrx_word' id='word_1_169' title='bbox 710 2154 799 2182; x_wconf 92' lang='lat' dir='ltr'>non</span> <span class='ocrx_word' id='word_1_170' title='bbox 828 2154 971 2183; x_wconf 89' lang='lat' dir='ltr'>serva-</span> 
     </span>
     <span class='ocr_line' id='line_1_36' title="bbox 143 2197 971 2251; baseline -0.002 -11"><span class='ocrx_word' id='word_1_171' title='bbox 143 2200 301 2240; x_wconf 80' lang='lat' dir='ltr'>verunt</span> <span class='ocrx_word' id='word_1_172' title='bbox 327 2203 508 2251; x_wconf 88' lang='lat' dir='ltr'>pactum</span> <span class='ocrx_word' id='word_1_173' title='bbox 550 2198 574 2223; x_wconf 89' lang='lat'>*</span> <span class='ocrx_word' id='word_1_174' title='bbox 600 2197 971 2249; x_wconf 81' lang='lat' dir='ltr'>quemadmodum</span> 
     </span>
     <span class='ocr_line' id='line_1_37' title="bbox 143 2254 971 2307; baseline -0.004 -11"><span class='ocrx_word' id='word_1_175' title='bbox 143 2260 294 2307; x_wconf 88' lang='lat' dir='ltr'>patres</span> <span class='ocrx_word' id='word_1_176' title='bbox 315 2257 479 2303; x_wconf 85' lang='lat' dir='ltr'>eorum,</span> <span class='ocrx_word' id='word_1_177' title='bbox 501 2254 703 2296; x_wconf 80' lang='lat' dir='ltr'>conversi</span> <span class='ocrx_word' id='word_1_178' title='bbox 723 2258 824 2295; x_wconf 91' lang='lat' dir='ltr'>sunt</span> <span class='ocrx_word' id='word_1_179' title='bbox 843 2254 887 2294; x_wconf 91' lang='lat' dir='ltr'>in</span> <span class='ocrx_word' id='word_1_180' title='bbox 907 2267 971 2294; x_wconf 93' lang='lat' dir='ltr'>ar-</span> 
     </span>
     <span class='ocr_line' id='line_1_38' title="bbox 144 2323 467 2363; baseline -0.006 -11"><span class='ocrx_word' id='word_1_181' title='bbox 144 2323 243 2352; x_wconf 91' lang='lat' dir='ltr'>cum</span> <span class='ocrx_word' id='word_1_182' title='bbox 271 2323 467 2363; x_wconf 87' lang='lat' dir='ltr'>pravum.</span> 
     </span>
    </p>

    <p class='ocr_par' dir='ltr' id='par_1_14' title="bbox 143 2365 970 2575">
     <span class='ocr_line' id='line_1_39' title="bbox 195 2365 970 2411; baseline -0.004 -4"><span class='ocrx_word' id='word_1_183' title='bbox 195 2368 246 2411; x_wconf 87' lang='lat' dir='ltr'>In</span> <span class='ocrx_word' id='word_1_184' title='bbox 281 2367 390 2407; x_wconf 92' lang='lat' dir='ltr'>iram</span> <span class='ocrx_word' id='word_1_185' title='bbox 427 2366 759 2407; x_wconf 76' lang='lat' dir='ltr'>concitaverunt</span> <span class='ocrx_word' id='word_1_186' title='bbox 791 2377 890 2405; x_wconf 91' lang='lat' dir='ltr'>eum</span> <span class='ocrx_word' id='word_1_187' title='bbox 926 2365 970 2405; x_wconf 93' lang='lat' dir='ltr'>in</span> 
     </span>
     <span class='ocr_line' id='line_1_40' title="bbox 144 2420 969 2473; baseline -0.005 -9"><span class='ocrx_word' id='word_1_188' title='bbox 144 2422 331 2464; x_wconf 82' lang='lat' dir='ltr'>collibus</span> <span class='ocrx_word' id='word_1_189' title='bbox 359 2422 467 2463; x_wconf 92' lang='lat' dir='ltr'>suis:</span> <span class='ocrx_word' id='word_1_190' title='bbox 494 2423 518 2448; x_wconf 89' lang='lat'>*</span> <span class='ocrx_word' id='word_1_191' title='bbox 547 2426 590 2462; x_wconf 91' lang='lat' dir='ltr'>et</span> <span class='ocrx_word' id='word_1_192' title='bbox 620 2421 664 2461; x_wconf 94' lang='lat' dir='ltr'>in</span> <span class='ocrx_word' id='word_1_193' title='bbox 692 2420 969 2473; x_wconf 79' lang='lat' dir='ltr'>sculptilibus</span> 
     </span>
     <span class='ocr_line' id='line_1_41' title="bbox 144 2477 968 2529; baseline -0.002 -10"><span class='ocrx_word' id='word_1_194' title='bbox 144 2479 235 2519; x_wconf 87' lang='lat' dir='ltr'>suis</span> <span class='ocrx_word' id='word_1_195' title='bbox 259 2478 316 2520; x_wconf 86' lang='lat' dir='ltr'>ad.</span> <span class='ocrx_word' id='word_1_196' title='bbox 340 2477 664 2519; x_wconf 81' lang='lat' dir='ltr'>aemulationem</span> <span class='ocrx_word' id='word_1_197' title='bbox 687 2490 786 2518; x_wconf 90' lang='lat' dir='ltr'>eum</span> <span class='ocrx_word' id='word_1_198' title='bbox 810 2489 968 2529; x_wconf 85' lang='lat' dir='ltr'>provo—</span> 
     </span>
     <span class='ocr_line' id='line_1_42' title="bbox 143 2536 364 2575; baseline 0 0"><span class='ocrx_word' id='word_1_199' title='bbox 143 2536 364 2575; x_wconf 77' lang='lat' dir='ltr'>caverunt.</span> 
     </span>
    </p>

    <p class='ocr_par' dir='ltr' id='par_1_15' title="bbox 143 2588 969 2696">
     <span class='ocr_line' id='line_1_43' title="bbox 194 2588 969 2640; baseline -0.004 -9"><span class='ocrx_word' id='word_1_200' title='bbox 194 2590 378 2631; x_wconf 90' lang='lat' dir='ltr'>Audivit</span> <span class='ocrx_word' id='word_1_201' title='bbox 409 2590 549 2639; x_wconf 90' lang='lat' dir='ltr'>Deus,</span> <span class='ocrx_word' id='word_1_202' title='bbox 586 2594 629 2630; x_wconf 92' lang='lat' dir='ltr'>et</span> <span class='ocrx_word' id='word_1_203' title='bbox 664 2588 845 2640; x_wconf 89' lang='lat' dir='ltr'>sprevit:</span> <span class='ocrx_word' id='word_1_204' title='bbox 873 2589 897 2614; x_wconf 88' lang='lat'>*</span> <span class='ocrx_word' id='word_1_205' title='bbox 926 2592 969 2628; x_wconf 90' lang='lat' dir='ltr'>et</span> 
     </span>
     <span class='ocr_line' id='line_1_44' title="bbox 143 2643 939 2696; baseline -0.005 -9"><span class='ocrx_word' id='word_1_206' title='bbox 143 2646 201 2687; x_wconf 88' lang='lat' dir='ltr'>ad</span> <span class='ocrx_word' id='word_1_207' title='bbox 228 2645 411 2687; x_wconf 90' lang='lat' dir='ltr'>nihilum</span> <span class='ocrx_word' id='word_1_208' title='bbox 438 2645 609 2696; x_wconf 80' lang='lat' dir='ltr'>redegit</span> <span class='ocrx_word' id='word_1_209' title='bbox 635 2644 765 2686; x_wconf 86' lang='lat' dir='ltr'>valde</span> <span class='ocrx_word' id='word_1_210' title='bbox 791 2643 939 2684; x_wconf 74' lang='lat' dir='ltr'>Israel.</span> 
     </span>
    </p>

    <p class='ocr_par' dir='ltr' id='par_1_16' title="bbox 195 2699 968 2754">
     <span class='ocr_line' id='line_1_45' title="bbox 195 2699 968 2754; baseline -0.004 -12"><span class='ocrx_word' id='word_1_211' title='bbox 195 2702 251 2742; x_wconf 91' lang='lat' dir='ltr'>Et</span> <span class='ocrx_word' id='word_1_212' title='bbox 279 2702 440 2754; x_wconf 76' lang='lat' dir='ltr'>repulit</span> <span class='ocrx_word' id='word_1_213' title='bbox 467 2699 798 2742; x_wconf 78' lang='lat' dir='ltr'>tabernaculum</span> <span class='ocrx_word' id='word_1_214' title='bbox 825 2699 928 2743; x_wconf 87' lang='lat' dir='ltr'>Silo,</span> <span class='ocrx_word' id='word_1_215' title='bbox 945 2700 968 2725; x_wconf 90' lang='lat'>*</span> 
     </span>
    </p>
   </div>
   <div class='ocr_carea' id='block_1_3' title="bbox 1033 291 1860 903">
    <p class='ocr_par' dir='ltr' id='par_1_17' title="bbox 1033 291 1860 393">
     <span class='ocr_line' id='line_1_46' title="bbox 1033 291 1860 342; baseline 0.005 -11"><span class='ocrx_word' id='word_1_216' title='bbox 1033 291 1365 333; x_wconf 80' lang='lat' dir='ltr'>tabernaculum</span> <span class='ocrx_word' id='word_1_217' title='bbox 1386 306 1522 342; x_wconf 89' lang='lat' dir='ltr'>suum,</span> <span class='ocrx_word' id='word_1_218' title='bbox 1545 292 1621 334; x_wconf 92' lang='lat' dir='ltr'>ubi</span> <span class='ocrx_word' id='word_1_219' title='bbox 1645 292 1860 335; x_wconf 76' lang='lat' dir='ltr'>habitavit</span> 
     </span>
     <span class='ocr_line' id='line_1_47' title="bbox 1033 347 1746 393; baseline 0.008 -6"><span class='ocrx_word' id='word_1_220' title='bbox 1033 347 1078 387; x_wconf 92' lang='lat' dir='ltr'>in</span> <span class='ocrx_word' id='word_1_221' title='bbox 1106 347 1367 389; x_wconf 89' lang='lat' dir='ltr'>hominibus.</span> <span class='ocrx_word' id='word_1_222' title='bbox 1739 389 1746 393; x_wconf 86' lang='lat'><em>.</em></span> 
     </span>
    </p>

    <p class='ocr_par' dir='ltr' id='par_1_18' title="bbox 1033 404 1859 558">
     <span class='ocr_line' id='line_1_48' title="bbox 1086 404 1859 457; baseline 0.004 -14"><span class='ocrx_word' id='word_1_223' title='bbox 1086 404 1142 444; x_wconf 88' lang='lat' dir='ltr'>Et</span> <span class='ocrx_word' id='word_1_224' title='bbox 1171 404 1354 445; x_wconf 81' lang='lat' dir='ltr'>tradidit</span> <span class='ocrx_word' id='word_1_225' title='bbox 1382 405 1425 445; x_wconf 92' lang='lat' dir='ltr'>in</span> <span class='ocrx_word' id='word_1_226' title='bbox 1450 405 1750 457; x_wconf 83' lang='lat' dir='ltr'>captivitatem</span> <span class='ocrx_word' id='word_1_227' title='bbox 1778 405 1859 446; x_wconf 87' lang='lat' dir='ltr'>vir-</span> 
     </span>
     <span class='ocr_line' id='line_1_49' title="bbox 1033 461 1859 513; baseline 0.002 -13"><span class='ocrx_word' id='word_1_228' title='bbox 1033 463 1174 500; x_wconf 88' lang='lat' dir='ltr'>tutem</span> <span class='ocrx_word' id='word_1_229' title='bbox 1202 461 1460 502; x_wconf 82' lang='lat' dir='ltr'>eorum:*et</span> <span class='ocrx_word' id='word_1_230' title='bbox 1487 461 1859 513; x_wconf 86' lang='lat' dir='ltr'>pulchritudinem</span> 
     </span>
     <span class='ocr_line' id='line_1_50' title="bbox 1035 516 1639 558; baseline 0.005 -3"><span class='ocrx_word' id='word_1_231' title='bbox 1035 517 1186 556; x_wconf 83' lang='lat' dir='ltr'>eorum</span> <span class='ocrx_word' id='word_1_232' title='bbox 1213 516 1257 555; x_wconf 94' lang='lat' dir='ltr'>in</span> <span class='ocrx_word' id='word_1_233' title='bbox 1284 529 1438 557; x_wconf 93' lang='lat' dir='ltr'>manus</span> <span class='ocrx_word' id='word_1_234' title='bbox 1466 517 1639 558; x_wconf 92' lang='lat' dir='ltr'>inimici.</span> 
     </span>
    </p>

    <p class='ocr_par' dir='ltr' id='par_1_19' title="bbox 1034 571 1859 681">
     <span class='ocr_line' id='line_1_51' title="bbox 1086 571 1858 625; baseline 0.004 -14"><span class='ocrx_word' id='word_1_235' title='bbox 1086 572 1142 612; x_wconf 89' lang='lat' dir='ltr'>Et</span> <span class='ocrx_word' id='word_1_236' title='bbox 1163 571 1380 613; x_wconf 88' lang='lat' dir='ltr'>conclusit</span> <span class='ocrx_word' id='word_1_237' title='bbox 1407 573 1450 612; x_wconf 91' lang='lat' dir='ltr'>in</span> <span class='ocrx_word' id='word_1_238' title='bbox 1474 573 1620 623; x_wconf 81' lang='lat' dir='ltr'>gladio</span> <span class='ocrx_word' id='word_1_239' title='bbox 1645 574 1858 625; x_wconf 70' lang='lat' dir='ltr'>pupulum</span> 
     </span>
     <span class='ocr_line' id='line_1_52' title="bbox 1034 627 1859 681; baseline 0.004 -14"><span class='ocrx_word' id='word_1_240' title='bbox 1034 634 1130 668; x_wconf 79' lang='lat' dir='ltr'>suu:</span> <span class='ocrx_word' id='word_1_241' title='bbox 1141 628 1163 652; x_wconf 89' lang='lat'>*</span> <span class='ocrx_word' id='word_1_242' title='bbox 1176 632 1219 668; x_wconf 92' lang='lat' dir='ltr'>et</span> <span class='ocrx_word' id='word_1_243' title='bbox 1230 627 1533 670; x_wconf 81' lang='lat' dir='ltr'>haereditatem</span> <span class='ocrx_word' id='word_1_244' title='bbox 1545 643 1668 670; x_wconf 88' lang='lat' dir='ltr'>suam</span> <span class='ocrx_word' id='word_1_245' title='bbox 1682 630 1859 681; x_wconf 88' lang='lat' dir='ltr'>sprevit.</span> 
     </span>
    </p>

    <p class='ocr_par' dir='ltr' id='par_1_20' title="bbox 1033 684 1859 836">
     <span class='ocr_line' id='line_1_53' title="bbox 1085 684 1859 735; baseline 0.001 -11"><span class='ocrx_word' id='word_1_246' title='bbox 1085 684 1274 724; x_wconf 84' lang='lat' dir='ltr'>Juvenes</span> <span class='ocrx_word' id='word_1_247' title='bbox 1303 686 1454 724; x_wconf 85' lang='lat' dir='ltr'>eorum</span> <span class='ocrx_word' id='word_1_248' title='bbox 1479 685 1669 726; x_wconf 79' lang='lat' dir='ltr'>comedit</span> <span class='ocrx_word' id='word_1_249' title='bbox 1697 686 1859 735; x_wconf 85' lang='lat' dir='ltr'>ignis:*</span> 
     </span>
     <span class='ocr_line' id='line_1_54' title="bbox 1034 740 1858 789; baseline 0.004 -10"><span class='ocrx_word' id='word_1_250' title='bbox 1034 744 1078 780; x_wconf 91' lang='lat' dir='ltr'>et</span> <span class='ocrx_word' id='word_1_251' title='bbox 1114 740 1303 789; x_wconf 87' lang='lat' dir='ltr'>virgines</span> <span class='ocrx_word' id='word_1_252' title='bbox 1346 742 1497 781; x_wconf 84' lang='lat' dir='ltr'>eorum</span> <span class='ocrx_word' id='word_1_253' title='bbox 1534 754 1621 782; x_wconf 92' lang='lat' dir='ltr'>non</span> <span class='ocrx_word' id='word_1_254' title='bbox 1660 747 1761 782; x_wconf 91' lang='lat' dir='ltr'>sunt</span> <span class='ocrx_word' id='word_1_255' title='bbox 1800 741 1858 782; x_wconf 92' lang='lat' dir='ltr'>la-</span> 
     </span>
     <span class='ocr_line' id='line_1_55' title="bbox 1033 798 1252 836; baseline 0.005 -1"><span class='ocrx_word' id='word_1_256' title='bbox 1033 798 1252 836; x_wconf 81' lang='lat' dir='ltr'>mentatae.</span> 
     </span>
    </p>

    <p class='ocr_par' dir='ltr' id='par_1_21' title="bbox 1085 850 1857 903">
     <span class='ocr_line' id='line_1_56' title="bbox 1085 850 1857 903; baseline 0.003 -11"><span class='ocrx_word' id='word_1_257' title='bbox 1085 851 1348 893; x_wconf 72' lang='lat' dir='ltr'>SacerdOtes</span> <span class='ocrx_word' id='word_1_258' title='bbox 1373 854 1524 893; x_wconf 84' lang='lat' dir='ltr'>eorum</span> <span class='ocrx_word' id='word_1_259' title='bbox 1552 853 1596 892; x_wconf 90' lang='lat' dir='ltr'>in</span> <span class='ocrx_word' id='word_1_260' title='bbox 1623 850 1769 903; x_wconf 82' lang='lat' dir='ltr'>gladio</span> <span class='ocrx_word' id='word_1_261' title='bbox 1792 866 1857 894; x_wconf 91' lang='lat' dir='ltr'>ce-</span> 
     </span>
    </p>
   </div>
   <div class='ocr_carea' id='block_1_4' title="bbox 1033 907 1913 950">
    <p class='ocr_par' dir='ltr' id='par_1_22' title="bbox 1033 907 1913 950">
     <span class='ocr_line' id='line_1_57' title="bbox 1033 907 1913 950; baseline 0.001 -2"><span class='ocrx_word' id='word_1_262' title='bbox 1033 907 1247 949; x_wconf 82' lang='lat' dir='ltr'>ciderunt:</span> <span class='ocrx_word' id='word_1_263' title='bbox 1275 910 1299 934; x_wconf 83' lang='grc'>*</span> <span class='ocrx_word' id='word_1_264' title='bbox 1328 913 1371 949; x_wconf 92' lang='lat' dir='ltr'>et</span> <span class='ocrx_word' id='word_1_265' title='bbox 1404 908 1548 949; x_wconf 88' lang='lat' dir='ltr'>viduae</span> <span class='ocrx_word' id='word_1_266' title='bbox 1585 911 1737 949; x_wconf 84' lang='lat' dir='ltr'>eorum</span> <span class='ocrx_word' id='word_1_267' title='bbox 1772 922 1858 950; x_wconf 93' lang='lat' dir='ltr'>non</span> <span class='ocrx_word' id='word_1_268' title='bbox 1911 916 1913 918; x_wconf 82' lang='lat'>&#39;</span> 
     </span>
    </p>
   </div>
   <div class='ocr_carea' id='block_1_5' title="bbox 1021 963 1857 2747">
    <p class='ocr_par' dir='ltr' id='par_1_23' title="bbox 1032 963 1332 1016">
     <span class='ocr_line' id='line_1_58' title="bbox 1032 963 1332 1016; baseline 0 -12"><span class='ocrx_word' id='word_1_269' title='bbox 1032 963 1332 1016; x_wconf 78' lang='lat' dir='ltr'>plorabantur.</span> 
     </span>
    </p>

    <p class='ocr_par' dir='ltr' id='par_1_24' title="bbox 1031 1021 1856 1184">
     <span class='ocr_line' id='line_1_59' title="bbox 1084 1021 1856 1072; baseline 0.003 -12"><span class='ocrx_word' id='word_1_270' title='bbox 1084 1021 1141 1061; x_wconf 92' lang='lat' dir='ltr'>Et</span> <span class='ocrx_word' id='word_1_271' title='bbox 1170 1021 1385 1061; x_wconf 78' lang='lat' dir='ltr'>excitatus</span> <span class='ocrx_word' id='word_1_272' title='bbox 1415 1025 1481 1061; x_wconf 92' lang='lat' dir='ltr'>est</span> <span class='ocrx_word' id='word_1_273' title='bbox 1508 1025 1732 1072; x_wconf 81' lang='lat' dir='ltr'>tamquam</span> <span class='ocrx_word' id='word_1_274' title='bbox 1760 1021 1856 1062; x_wconf 71' lang='lat' dir='ltr'>dur-</span> 
     </span>
     <span class='ocr_line' id='line_1_60' title="bbox 1031 1076 1856 1129; baseline 0.002 -13"><span class='ocrx_word' id='word_1_275' title='bbox 1031 1077 1169 1117; x_wconf 92' lang='lat' dir='ltr'>miens</span> <span class='ocrx_word' id='word_1_276' title='bbox 1206 1076 1436 1125; x_wconf 80' lang='lat' dir='ltr'>Dominus,</span> <span class='ocrx_word' id='word_1_277' title='bbox 1470 1077 1493 1101; x_wconf 90' lang='lat'>*</span> <span class='ocrx_word' id='word_1_278' title='bbox 1527 1082 1751 1128; x_wconf 86' lang='lat' dir='ltr'>tamquam</span> <span class='ocrx_word' id='word_1_279' title='bbox 1783 1091 1856 1129; x_wconf 94' lang='lat' dir='ltr'>po-</span> 
     </span>
     <span class='ocr_line' id='line_1_61' title="bbox 1031 1132 1607 1184; baseline -0.002 -11"><span class='ocrx_word' id='word_1_280' title='bbox 1031 1138 1128 1173; x_wconf 82' lang='lat' dir='ltr'>tens</span> <span class='ocrx_word' id='word_1_281' title='bbox 1158 1132 1411 1184; x_wconf 81' lang='lat' dir='ltr'>crapulatus</span> <span class='ocrx_word' id='word_1_282' title='bbox 1439 1145 1463 1172; x_wconf 90' lang='lat' dir='ltr'>a</span> <span class='ocrx_word' id='word_1_283' title='bbox 1494 1133 1607 1173; x_wconf 89' lang='lat' dir='ltr'>vino.</span> 
     </span>
    </p>

    <p class='ocr_par' dir='ltr' id='par_1_25' title="bbox 1030 1189 1857 1342">
     <span class='ocr_line' id='line_1_62' title="bbox 1083 1189 1857 1240; baseline 0.001 -10"><span class='ocrx_word' id='word_1_284' title='bbox 1083 1189 1139 1230; x_wconf 89' lang='lat' dir='ltr'>Et</span> <span class='ocrx_word' id='word_1_285' title='bbox 1175 1189 1393 1240; x_wconf 82' lang='lat' dir='ltr'>percussit</span> <span class='ocrx_word' id='word_1_286' title='bbox 1430 1189 1630 1230; x_wconf 90' lang='lat' dir='ltr'>inimicos</span> <span class='ocrx_word' id='word_1_287' title='bbox 1669 1203 1773 1230; x_wconf 89' lang='lat' dir='ltr'>suos</span> <span class='ocrx_word' id='word_1_288' title='bbox 1814 1191 1857 1231; x_wconf 94' lang='lat' dir='ltr'>in</span> 
     </span>
     <span class='ocr_line' id='line_1_63' title="bbox 1030 1244 1856 1298; baseline 0.002 -13"><span class='ocrx_word' id='word_1_289' title='bbox 1030 1246 1295 1296; x_wconf 85' lang='lat' dir='ltr'>posteriora:</span> <span class='ocrx_word' id='word_1_290' title='bbox 1324 1246 1347 1271; x_wconf 88' lang='lat'>*</span> <span class='ocrx_word' id='word_1_291' title='bbox 1379 1244 1667 1296; x_wconf 81' lang='lat' dir='ltr'>oppr6brium</span> <span class='ocrx_word' id='word_1_292' title='bbox 1701 1247 1856 1298; x_wconf 90' lang='lat' dir='ltr'>sempi-</span> 
     </span>
     <span class='ocr_line' id='line_1_64' title="bbox 1030 1300 1482 1342; baseline -0.004 0"><span class='ocrx_word' id='word_1_293' title='bbox 1030 1303 1203 1342; x_wconf 81' lang='lat' dir='ltr'>ternum</span> <span class='ocrx_word' id='word_1_294' title='bbox 1233 1300 1357 1342; x_wconf 82' lang='lat' dir='ltr'>dedit</span> <span class='ocrx_word' id='word_1_295' title='bbox 1385 1301 1482 1341; x_wconf 86' lang='lat' dir='ltr'>illis.</span> 
     </span>
    </p>

    <p class='ocr_par' dir='ltr' id='par_1_26' title="bbox 1030 1356 1856 1465">
     <span class='ocr_line' id='line_1_65' title="bbox 1082 1356 1856 1410; baseline 0.003 -13"><span class='ocrx_word' id='word_1_296' title='bbox 1082 1357 1138 1398; x_wconf 91' lang='lat' dir='ltr'>Et</span> <span class='ocrx_word' id='word_1_297' title='bbox 1153 1356 1315 1408; x_wconf 82' lang='lat' dir='ltr'>repulit</span> <span class='ocrx_word' id='word_1_298' title='bbox 1330 1356 1661 1398; x_wconf 76' lang='lat' dir='ltr'>tabernaculum</span> <span class='ocrx_word' id='word_1_299' title='bbox 1676 1358 1700 1397; x_wconf 87' lang='lat' dir='ltr'>J</span> <span class='ocrx_word' id='word_1_300' title='bbox 1702 1358 1856 1410; x_wconf 86' lang='lat' dir='ltr'>oseph:</span> 
     </span>
     <span class='ocr_line' id='line_1_66' title="bbox 1030 1413 1806 1465; baseline 0 -11"><span class='ocrx_word' id='word_1_301' title='bbox 1030 1415 1053 1439; x_wconf 86' lang='lat'>*</span> <span class='ocrx_word' id='word_1_302' title='bbox 1074 1418 1117 1454; x_wconf 90' lang='lat' dir='ltr'>et</span> <span class='ocrx_word' id='word_1_303' title='bbox 1136 1413 1300 1454; x_wconf 90' lang='lat' dir='ltr'>tribum</span> <span class='ocrx_word' id='word_1_304' title='bbox 1319 1413 1531 1465; x_wconf 78' lang='lat' dir='ltr'>Ephraim</span> <span class='ocrx_word' id='word_1_305' title='bbox 1550 1425 1637 1453; x_wconf 92' lang='lat' dir='ltr'>non</span> <span class='ocrx_word' id='word_1_306' title='bbox 1657 1413 1806 1464; x_wconf 81' lang='lat' dir='ltr'>elegit:</span> 
     </span>
    </p>

    <p class='ocr_par' dir='ltr' id='par_1_27' title="bbox 1029 1468 1856 1576">
     <span class='ocr_line' id='line_1_67' title="bbox 1080 1468 1856 1519; baseline 0 -9"><span class='ocrx_word' id='word_1_307' title='bbox 1080 1469 1168 1510; x_wconf 88' lang='lat' dir='ltr'>Sed</span> <span class='ocrx_word' id='word_1_308' title='bbox 1197 1469 1328 1519; x_wconf 83' lang='lat' dir='ltr'>elegit</span> <span class='ocrx_word' id='word_1_309' title='bbox 1355 1468 1519 1510; x_wconf 91' lang='lat' dir='ltr'>tribum</span> <span class='ocrx_word' id='word_1_310' title='bbox 1551 1468 1674 1518; x_wconf 85' lang='lat' dir='ltr'>Juda‚</span> <span class='ocrx_word' id='word_1_311' title='bbox 1694 1472 1716 1496; x_wconf 90' lang='grc'>*</span> <span class='ocrx_word' id='word_1_312' title='bbox 1737 1483 1856 1511; x_wconf 92' lang='lat' dir='ltr'>mon-</span> 
     </span>
     <span class='ocr_line' id='line_1_68' title="bbox 1029 1525 1606 1576; baseline -0.002 -10"><span class='ocrx_word' id='word_1_313' title='bbox 1029 1530 1119 1566; x_wconf 90' lang='lat' dir='ltr'>tem</span> <span class='ocrx_word' id='word_1_314' title='bbox 1147 1525 1252 1566; x_wconf 89' lang='lat' dir='ltr'>Sion</span> <span class='ocrx_word' id='word_1_315' title='bbox 1282 1538 1413 1576; x_wconf 90' lang='lat' dir='ltr'>quem</span> <span class='ocrx_word' id='word_1_316' title='bbox 1442 1525 1606 1566; x_wconf 80' lang='lat' dir='ltr'>dilexit.</span> 
     </span>
    </p>

    <p class='ocr_par' dir='ltr' id='par_1_28' title="bbox 1027 1581 1853 1734">
     <span class='ocr_line' id='line_1_69' title="bbox 1080 1581 1853 1623; baseline 0.001 -1"><span class='ocrx_word' id='word_1_317' title='bbox 1080 1582 1137 1622; x_wconf 92' lang='lat' dir='ltr'>Et</span> <span class='ocrx_word' id='word_1_318' title='bbox 1165 1581 1402 1622; x_wconf 79' lang='lat' dir='ltr'>aedificavit</span> <span class='ocrx_word' id='word_1_319' title='bbox 1435 1582 1549 1622; x_wconf 89' lang='lat' dir='ltr'>sicut</span> <span class='ocrx_word' id='word_1_320' title='bbox 1578 1583 1853 1623; x_wconf 81' lang='lat' dir='ltr'>unicornium</span> 
     </span>
     <span class='ocr_line' id='line_1_70' title="bbox 1029 1637 1853 1689; baseline 0.001 -11"><span class='ocrx_word' id='word_1_321' title='bbox 1029 1637 1320 1678; x_wconf 90' lang='lat' dir='ltr'>sanctificium</span> <span class='ocrx_word' id='word_1_322' title='bbox 1340 1650 1466 1678; x_wconf 92' lang='lat' dir='ltr'>suum</span> <span class='ocrx_word' id='word_1_323' title='bbox 1488 1637 1531 1677; x_wconf 92' lang='lat' dir='ltr'>in</span> <span class='ocrx_word' id='word_1_324' title='bbox 1549 1640 1853 1689; x_wconf 87' lang='lat' dir='ltr'>terra,*quam</span> 
     </span>
     <span class='ocr_line' id='line_1_71' title="bbox 1027 1693 1502 1734; baseline -0.002 0"><span class='ocrx_word' id='word_1_325' title='bbox 1027 1693 1227 1734; x_wconf 83' lang='lat' dir='ltr'>fundavit</span> <span class='ocrx_word' id='word_1_326' title='bbox 1255 1694 1299 1733; x_wconf 92' lang='lat' dir='ltr'>in</span> <span class='ocrx_word' id='word_1_327' title='bbox 1330 1693 1502 1734; x_wconf 77' lang='lat' dir='ltr'>saecula.</span> 
     </span>
    </p>

    <p class='ocr_par' dir='ltr' id='par_1_29' title="bbox 1028 1748 1855 1913">
     <span class='ocr_line' id='line_1_72' title="bbox 1080 1748 1855 1800; baseline 0.001 -10"><span class='ocrx_word' id='word_1_328' title='bbox 1080 1750 1137 1790; x_wconf 86' lang='lat' dir='ltr'>Et</span> <span class='ocrx_word' id='word_1_329' title='bbox 1152 1749 1283 1800; x_wconf 84' lang='lat' dir='ltr'>elegit</span> <span class='ocrx_word' id='word_1_330' title='bbox 1300 1748 1445 1790; x_wconf 90' lang='lat' dir='ltr'>David</span> <span class='ocrx_word' id='word_1_331' title='bbox 1465 1761 1639 1789; x_wconf 88' lang='lat' dir='ltr'>servum</span> <span class='ocrx_word' id='word_1_332' title='bbox 1659 1762 1795 1799; x_wconf 89' lang='lat' dir='ltr'>suum,</span> <span class='ocrx_word' id='word_1_333' title='bbox 1812 1755 1855 1791; x_wconf 93' lang='lat' dir='ltr'>et</span> 
     </span>
     <span class='ocr_line' id='line_1_73' title="bbox 1028 1804 1854 1855; baseline -0.001 -9"><span class='ocrx_word' id='word_1_334' title='bbox 1028 1805 1206 1846; x_wconf 86' lang='lat' dir='ltr'>sustulit</span> <span class='ocrx_word' id='word_1_335' title='bbox 1226 1818 1325 1846; x_wconf 93' lang='lat' dir='ltr'>eum</span> <span class='ocrx_word' id='word_1_336' title='bbox 1346 1804 1400 1846; x_wconf 93' lang='lat' dir='ltr'>de</span> <span class='ocrx_word' id='word_1_337' title='bbox 1419 1804 1625 1855; x_wconf 83' lang='lat' dir='ltr'>gregibus</span> <span class='ocrx_word' id='word_1_338' title='bbox 1645 1805 1809 1846; x_wconf 86' lang='lat' dir='ltr'>ovium:</span> <span class='ocrx_word' id='word_1_339' title='bbox 1831 1808 1854 1833; x_wconf 91' lang='lat'>*</span> 
     </span>
     <span class='ocr_line' id='line_1_74' title="bbox 1028 1861 1752 1913; baseline -0.001 -11"><span class='ocrx_word' id='word_1_340' title='bbox 1028 1861 1083 1902; x_wconf 88' lang='lat' dir='ltr'>de</span> <span class='ocrx_word' id='word_1_341' title='bbox 1102 1866 1206 1913; x_wconf 91' lang='lat' dir='ltr'>post</span> <span class='ocrx_word' id='word_1_342' title='bbox 1226 1861 1431 1902; x_wconf 81' lang='lat' dir='ltr'>foetantes</span> <span class='ocrx_word' id='word_1_343' title='bbox 1452 1861 1622 1913; x_wconf 79' lang='lat' dir='ltr'>accepit</span> <span class='ocrx_word' id='word_1_344' title='bbox 1643 1874 1752 1910; x_wconf 86' lang='lat' dir='ltr'>eum,</span> 
     </span>
    </p>

    <p class='ocr_par' dir='ltr' id='par_1_30' title="bbox 1028 1916 1853 2014">
     <span class='ocr_line' id='line_1_75' title="bbox 1078 1916 1853 1967; baseline 0.001 -10"><span class='ocrx_word' id='word_1_345' title='bbox 1078 1917 1267 1957; x_wconf 79' lang='lat' dir='ltr'>Pascere</span> <span class='ocrx_word' id='word_1_346' title='bbox 1293 1916 1432 1957; x_wconf 90' lang='lat' dir='ltr'>Jacob</span> <span class='ocrx_word' id='word_1_347' title='bbox 1461 1929 1636 1957; x_wconf 89' lang='lat' dir='ltr'>servum</span> <span class='ocrx_word' id='word_1_348' title='bbox 1665 1930 1801 1967; x_wconf 89' lang='lat' dir='ltr'>suum,</span> <span class='ocrx_word' id='word_1_349' title='bbox 1829 1919 1853 1944; x_wconf 83' lang='grc'>*</span> 
     </span>
     <span class='ocr_line' id='line_1_76' title="bbox 1028 1972 1740 2014; baseline -0.001 0"><span class='ocrx_word' id='word_1_350' title='bbox 1028 1978 1071 2014; x_wconf 92' lang='lat' dir='ltr'>et</span> <span class='ocrx_word' id='word_1_351' title='bbox 1099 1973 1237 2013; x_wconf 75' lang='lat' dir='ltr'>Israel</span> <span class='ocrx_word' id='word_1_352' title='bbox 1265 1972 1572 2013; x_wconf 77' lang='lat' dir='ltr'>haereditatem</span> <span class='ocrx_word' id='word_1_353' title='bbox 1600 1985 1740 2013; x_wconf 90' lang='lat' dir='ltr'>suam:</span> 
     </span>
    </p>

    <p class='ocr_par' dir='ltr' id='par_1_31' title="bbox 1025 2028 1851 2182">
     <span class='ocr_line' id='line_1_77' title="bbox 1078 2028 1851 2081; baseline 0 -12"><span class='ocrx_word' id='word_1_354' title='bbox 1078 2030 1136 2070; x_wconf 91' lang='lat' dir='ltr'>Et</span> <span class='ocrx_word' id='word_1_355' title='bbox 1162 2029 1286 2081; x_wconf 90' lang='lat' dir='ltr'>pavit</span> <span class='ocrx_word' id='word_1_356' title='bbox 1309 2041 1384 2069; x_wconf 92' lang='lat' dir='ltr'>eos</span> <span class='ocrx_word' id='word_1_357' title='bbox 1412 2028 1457 2068; x_wconf 90' lang='lat' dir='ltr'>in</span> <span class='ocrx_word' id='word_1_358' title='bbox 1483 2028 1735 2069; x_wconf 83' lang='lat' dir='ltr'>innocentia</span> <span class='ocrx_word' id='word_1_359' title='bbox 1759 2041 1851 2069; x_wconf 94' lang='lat' dir='ltr'>cor-</span> 
     </span>
     <span class='ocr_line' id='line_1_78' title="bbox 1027 2083 1851 2126; baseline -0.002 0"><span class='ocrx_word' id='word_1_360' title='bbox 1027 2085 1095 2126; x_wconf 92' lang='lat' dir='ltr'>dis</span> <span class='ocrx_word' id='word_1_361' title='bbox 1125 2085 1208 2125; x_wconf 87' lang='lat' dir='ltr'>sui:</span> <span class='ocrx_word' id='word_1_362' title='bbox 1235 2086 1259 2111; x_wconf 89' lang='lat'>*</span> <span class='ocrx_word' id='word_1_363' title='bbox 1292 2089 1335 2125; x_wconf 89' lang='lat' dir='ltr'>et</span> <span class='ocrx_word' id='word_1_364' title='bbox 1362 2085 1406 2124; x_wconf 90' lang='lat' dir='ltr'>in</span> <span class='ocrx_word' id='word_1_365' title='bbox 1439 2083 1732 2125; x_wconf 79' lang='lat' dir='ltr'>intellectibus</span> <span class='ocrx_word' id='word_1_366' title='bbox 1765 2087 1851 2124; x_wconf 79' lang='lat' dir='ltr'>ma-</span> 
     </span>
     <span class='ocr_line' id='line_1_79' title="bbox 1025 2139 1696 2182; baseline -0.003 0"><span class='ocrx_word' id='word_1_367' title='bbox 1025 2154 1160 2182; x_wconf 90' lang='lat' dir='ltr'>nuum</span> <span class='ocrx_word' id='word_1_368' title='bbox 1188 2142 1365 2181; x_wconf 75' lang='lat' dir='ltr'>suarum</span> <span class='ocrx_word' id='word_1_369' title='bbox 1395 2139 1577 2180; x_wconf 85' lang='lat' dir='ltr'>deduxit</span> <span class='ocrx_word' id='word_1_370' title='bbox 1608 2152 1696 2181; x_wconf 91' lang='lat' dir='ltr'>eos.</span> 
     </span>
    </p>

    <p class='ocr_par' dir='ltr' id='par_1_32' title="bbox 1024 2195 1850 2293">
     <span class='ocr_line' id='line_1_80' title="bbox 1083 2195 1850 2247; baseline -0.001 -11"><span class='ocrx_word' id='word_1_371' title='bbox 1083 2198 1183 2237; x_wconf 81' lang='lat' dir='ltr'>Ant.</span> <span class='ocrx_word' id='word_1_372' title='bbox 1213 2196 1278 2236; x_wconf 85' lang='lat' dir='ltr'>Tu</span> <span class='ocrx_word' id='word_1_373' title='bbox 1304 2208 1350 2237; x_wconf 92' lang='lat' dir='ltr'>es</span> <span class='ocrx_word' id='word_1_374' title='bbox 1377 2196 1509 2246; x_wconf 86' lang='lat' dir='ltr'>Deus,</span> <span class='ocrx_word' id='word_1_375' title='bbox 1538 2197 1613 2247; x_wconf 91' lang='lat' dir='ltr'>qui</span> <span class='ocrx_word' id='word_1_376' title='bbox 1640 2195 1746 2236; x_wconf 89' lang='lat' dir='ltr'>facis</span> <span class='ocrx_word' id='word_1_377' title='bbox 1774 2195 1850 2235; x_wconf 90' lang='lat' dir='ltr'>mi-</span> 
     </span>
     <span class='ocr_line' id='line_1_81' title="bbox 1024 2251 1190 2293; baseline -0.006 -1"><span class='ocrx_word' id='word_1_378' title='bbox 1024 2251 1190 2293; x_wconf 88' lang='lat' dir='ltr'>rabilia.</span> 
     </span>
    </p>

    <p class='ocr_par' dir='ltr' id='par_1_33' title="bbox 1082 2307 1566 2360">
     <span class='ocr_line' id='line_1_82' title="bbox 1082 2307 1566 2360; baseline -0.002 -12"><span class='ocrx_word' id='word_1_379' title='bbox 1082 2309 1182 2348; x_wconf 87' lang='lat' dir='ltr'>Ant.</span> <span class='ocrx_word' id='word_1_380' title='bbox 1210 2307 1431 2360; x_wconf 86' lang='lat' dir='ltr'>Propitius</span> <span class='ocrx_word' id='word_1_381' title='bbox 1460 2311 1566 2348; x_wconf 91' lang='lat' dir='ltr'>esto.</span> 
     </span>
    </p>

    <p class='ocr_par' dir='ltr' id='par_1_34' title="bbox 1022 2364 1846 2637">
     <span class='ocr_line' id='line_1_83' title="bbox 1296 2364 1589 2404; baseline 0 -1"><span class='ocrx_word' id='word_1_382' title='bbox 1296 2364 1496 2404; x_wconf 89' lang='lat' dir='ltr'>Psalmus</span> <span class='ocrx_word' id='word_1_383' title='bbox 1526 2365 1589 2403; x_wconf 74' lang='lat'>78.</span> 
     </span>
     <span class='ocr_line' id='line_1_84' title="bbox 1114 2417 1846 2460; baseline -0.004 -1"><span class='ocrx_word' id='word_1_384' title='bbox 1114 2432 1190 2460; x_wconf 90' lang='lat' dir='ltr'>eus</span> <span class='ocrx_word' id='word_1_385' title='bbox 1213 2420 1425 2460; x_wconf 81' lang='lat' dir='ltr'>venerunt</span> <span class='ocrx_word' id='word_1_386' title='bbox 1448 2418 1616 2459; x_wconf 84' lang='lat' dir='ltr'>Gentes</span> <span class='ocrx_word' id='word_1_387' title='bbox 1644 2418 1688 2457; x_wconf 92' lang='lat' dir='ltr'>in</span> <span class='ocrx_word' id='word_1_388' title='bbox 1711 2417 1846 2457; x_wconf 88' lang='lat' dir='ltr'>haere-</span> 
     </span>
     <span class='ocr_line' id='line_1_85' title="bbox 1137 2474 1845 2526; baseline -0.004 -11"><span class='ocrx_word' id='word_1_389' title='bbox 1137 2474 1321 2516; x_wconf 78' lang='lat' dir='ltr'>ditatem</span> <span class='ocrx_word' id='word_1_390' title='bbox 1338 2479 1469 2523; x_wconf 83' lang='lat' dir='ltr'>tuam,</span> <span class='ocrx_word' id='word_1_391' title='bbox 1479 2474 1731 2526; x_wconf 78' lang='lat' dir='ltr'>polluerunt</span> <span class='ocrx_word' id='word_1_392' title='bbox 1741 2477 1845 2513; x_wconf 91' lang='lat' dir='ltr'>tem-</span> 
     </span>
     <span class='ocr_line' id='line_1_86' title="bbox 1023 2529 1845 2583; baseline -0.005 -12"><span class='ocrx_word' id='word_1_393' title='bbox 1023 2531 1145 2583; x_wconf 91' lang='lat' dir='ltr'>plum</span> <span class='ocrx_word' id='word_1_394' title='bbox 1173 2535 1371 2571; x_wconf 89' lang='lat' dir='ltr'>sanctum</span> <span class='ocrx_word' id='word_1_395' title='bbox 1401 2534 1540 2570; x_wconf 86' lang='lat' dir='ltr'>tuum:</span> <span class='ocrx_word' id='word_1_396' title='bbox 1563 2531 1587 2556; x_wconf 84' lang='lat'>*</span> <span class='ocrx_word' id='word_1_397' title='bbox 1606 2529 1845 2581; x_wconf 83' lang='lat' dir='ltr'>posuerunt</span> 
     </span>
     <span class='ocr_line' id='line_1_87' title="bbox 1022 2583 1843 2637; baseline -0.006 -10"><span class='ocrx_word' id='word_1_398' title='bbox 1022 2586 1264 2628; x_wconf 83' lang='lat' dir='ltr'>Jerusalem</span> <span class='ocrx_word' id='word_1_399' title='bbox 1280 2586 1324 2625; x_wconf 93' lang='lat' dir='ltr'>in</span> <span class='ocrx_word' id='word_1_400' title='bbox 1339 2587 1573 2637; x_wconf 82' lang='lat' dir='ltr'>pom6rum</span> <span class='ocrx_word' id='word_1_401' title='bbox 1589 2583 1843 2625; x_wconf 72' lang='lat' dir='ltr'>custudiam.</span> 
     </span>
    </p>

    <p class='ocr_par' dir='ltr' id='par_1_35' title="bbox 1021 2640 1843 2747">
     <span class='ocr_line' id='line_1_88' title="bbox 1074 2640 1843 2683; baseline -0.008 0"><span class='ocrx_word' id='word_1_402' title='bbox 1074 2643 1322 2683; x_wconf 82' lang='lat' dir='ltr'>Posuerunt</span> <span class='ocrx_word' id='word_1_403' title='bbox 1356 2641 1589 2682; x_wconf 87' lang='lat' dir='ltr'>morticina</span> <span class='ocrx_word' id='word_1_404' title='bbox 1617 2640 1843 2680; x_wconf 86' lang='lat' dir='ltr'>servorum</span> 
     </span>
     <span class='ocr_line' id='line_1_89' title="bbox 1021 2693 1842 2747; baseline -0.011 -7"><span class='ocrx_word' id='word_1_405' title='bbox 1021 2700 1211 2747; x_wconf 81' lang='lat' dir='ltr'>tu6rum,</span> <span class='ocrx_word' id='word_1_406' title='bbox 1241 2709 1364 2739; x_wconf 87' lang='lat' dir='ltr'>escas</span> <span class='ocrx_word' id='word_1_407' title='bbox 1394 2695 1643 2738; x_wconf 90' lang='lat' dir='ltr'>volatilibus</span> <span class='ocrx_word' id='word_1_408' title='bbox 1671 2693 1788 2736; x_wconf 88' lang='lat' dir='ltr'>coeli:</span> <span class='ocrx_word' id='word_1_409' title='bbox 1818 2693 1842 2719; x_wconf 86' lang='lat'>*</span> 
     </span>
    </p>
   </div>
  </div>
 </body>
</html>
