2040 2944
612 210 715 244 Infra
739 211 1033 246 Hebdomadam
1058 215 1106 249 iv.
1130 217 1375 258 Septembris,

144 300 314 343 avidior
342 303 612 355 appetentia,
640 309 763 347 tanto
789 319 890 348 esca
911 308 969 359 ju-

143 370 227 398 cun
277 371 337 399 or.

239 458 246 467 .
278 423 467 466 Domine
495 425 632 475 Deus,
676 427 750 479 qui
777 430 968 470 conteris

140 479 196 520 be
232 492 256 520 a
276 481 330 521 ab
350 480 489 531 initio,
515 481 638 523 eleva
656 482 885 526 brachium
902 489 966 526 tu-

141 549 215 576 um
248 549 380 588 super
413 537 595 589 Gentes,
638 552 736 591 quae
775 541 968 592 cogitant

143 592 281 633 servis
305 593 391 634 tuis
416 593 545 635 mala:
565 599 588 623 *
608 595 664 636 Et
688 595 869 638 dextera
892 603 967 639 tua

140 647 408 699 glorificetur
426 650 470 690 in
488 650 626 692 nobis
657 651 707 702 V.
724 652 870 695 Allide
885 654 966 695 vir-

139 708 279 747 tutem
303 708 456 747 eorum
478 707 522 747 in
539 708 701 750 virtute
721 714 809 751 tua:
838 710 967 753 cadat

139 761 275 803 robur
299 764 452 804 eorum
474 763 517 804 in
536 764 761 807 iracundia
779 771 865 807 tua.
899 767 966 809 Et.

143 817 294 860 Gloria
311 819 441 860 Patri.
468 819 535 861 Et.

192 886 244 936 Rz.
264 886 331 926 vii.
350 889 559 932 Conforta
578 904 648 932 me
668 892 776 941 Rex,
797 895 964 935 sancto-

138 943 235 985 rum
261 946 557 998 principatum
584 953 755 990 tenens:
780 952 802 976 *
823 950 880 991 Et
909 950 966 992 da

139 1003 386 1043 sermonem
404 1009 588 1054 rectum,
615 1010 659 1046 et
677 1005 789 1047 bene
808 1009 963 1048 sonan-

137 1062 227 1099 tem
245 1058 289 1098 in
314 1071 364 1100 os
389 1073 543 1101 meum.
582 1058 633 1110 V.
660 1062 847 1104 Domine
868 1064 964 1105 Rex

138 1115 355 1157 universae
376 1119 613 1169 potestatis
634 1121 840 1161 converte
864 1133 964 1162 con-

139 1171 282 1213 silium
301 1175 454 1214 eorum
472 1187 604 1227 super
624 1188 712 1216 eos.
739 1176 796 1217 Et
815 1176 881 1218 da.

190 1241 240 1294 Rc,
278 1242 361 1282 viii.
407 1243 508 1284 Duo
544 1243 772 1297 seraphim
809 1246 963 1288 clama-

137 1297 243 1340 bant
270 1297 379 1340 alter
406 1299 463 1342 ad
492 1300 690 1342 alt-erum:
718 1304 741 1328 *
768 1302 962 1354 Sanctus

137 1360 331 1405 sanctus,
371 1361 548 1398 sanctus
588 1358 802 1399 Dominus
840 1359 962 1401 Deus

137 1410 347 1453 Sabaoth:
373 1412 397 1438 *
420 1412 557 1454 Plena
585 1419 652 1456 est
678 1415 819 1456 omnis
845 1420 963 1458 terra

136 1467 276 1518 gloria
294 1469 396 1521 ejus.
426 1465 477 1518 V.
500 1469 611 1511 Tres
631 1476 730 1512 sunt
750 1472 824 1523 qui
843 1473 962 1514 testi-

136 1524 330 1566 monium
350 1524 455 1567 dant
474 1526 518 1567 in
536 1526 665 1577 coelo‚
689 1528 835 1578 Pater,
854 1529 961 1570 Ver-

135 1579 250 1630 bum,
271 1586 315 1623 et
328 1582 515 1635 Spiritus
534 1588 725 1624 sanctus:
747 1589 790 1625 et
807 1584 852 1625 hi
871 1590 961 1626 tres

135 1649 269 1678 unum
292 1643 402 1680 sunt.
429 1640 625 1681 Sanctus.
661 1640 813 1682 Gloria
831 1641 961 1683 Patri.

135 1692 281 1734 Plena.

187 1761 300 1796 Feria
315 1762 378 1797 IV.
401 1763 514 1806 hujus
536 1765 659 1800 Hebd.
684 1769 773 1808 post
796 1766 831 1799 ii.
855 1770 890 1800 et
908 1766 959 1800 iii.

136 1809 358 1844 Lectionem
386 1811 526 1846 dicitur
555 1813 591 1847 ii.
621 1818 657 1848 et
683 1814 735 1848 iii.
764 1814 808 1857 R.
832 1814 859 1847 I.
883 1814 960 1848 No-

136 1858 260 1891 cturni
282 1857 507 1894 Dominicae.

289 1971 473 2007 Feria
509 1971 806 2009 Secunda.

356 2034 423 2074 De
442 2032 554 2075 libro
573 2033 598 2074 J
599 2032 735 2075 udith.

236 2095 389 2139 Lectio
410 2099 432 2138 i.
699 2101 801 2152 Cap.
818 2103 855 2141 4.

134 2163 283 2268 flssii
319 2164 474 2214 Israel,
511 2165 585 2216 qui
621 2164 877 2208 habitabant
913 2166 957 2206 in

243 2224 360 2261 terra
378 2220 402 2260 J
403 2219 504 2270 uda,
529 2221 766 2263 timuerunt
784 2223 912 2264 valde
932 2237 958 2265 a

132 2275 242 2317 facie
266 2276 528 2318 Holofernis.
566 2277 767 2327 Tremor,
794 2284 836 2320 et
859 2279 955 2321 hor-

132 2344 206 2373 ror
232 2332 392 2375 invasit
417 2346 570 2374 sensus
596 2335 763 2383 eorum,
791 2348 846 2376 ne
872 2335 956 2376 hoc

132 2388 297 2430 faceret
324 2389 567 2430 Jerusalem
600 2394 643 2431 et
675 2390 840 2442 templo
867 2391 954 2432 Do-

132 2444 252 2494 mini,
278 2444 398 2497 quod
415 2445 578 2487 fecerat
598 2445 754 2487 ceteris
773 2446 954 2488 civitati-

132 2499 214 2542 bus
235 2507 278 2542 et
295 2501 471 2554 templis
491 2504 650 2543 earum.
677 2501 733 2542 Et
747 2501 957 2543 miserunt

132 2556 176 2596 in
195 2569 369 2599 omnem
383 2559 621 2599 Samariam
635 2571 714 2610 per
729 2558 956 2599 circuitum

133 2625 271 2664 usque
281 2614 305 2654 J
308 2614 466 2664 ericho,
482 2619 525 2656 et
537 2616 956 2667 praeoccupaverunt

134 2681 286 2710 omnes
306 2671 492 2712 vertices
511 2671 736 2712 montium:
760 2675 803 2711 et
820 2670 955 2711 muris

133 2724 513 2768 circumdederunt
526 2727 649 2768 vicos
664 2739 778 2786 suos,
797 2731 840 2767 et
855 2739 954 2767 con-

1021 312 1312 361 gregaverunt
1330 314 1546 356 frumenta
1565 316 1609 356 in
1626 330 1844 369 praepara-

1020 365 1185 408 tionem
1201 382 1370 420 pugnae.

1073 432 1124 484 Rz.
1149 427 1323 471 Adonai
1342 431 1540 474 Domine.
1561 434 1648 475 149.

1328 504 1479 545 Lectio
1500 506 1538 545 ii.

1022 559 1274 667 Sacerdos
1294 566 1423 607 etiam
1438 568 1650 610 Eliachim
1669 572 1844 624 scripsit

1103 619 1159 661 ad
1182 622 1427 672 universos,
1453 625 1526 675 qui
1550 632 1671 668 erant
1692 634 1844 670 contra

1018 675 1251 727 Esdrelon‚
1285 691 1383 730 quae
1412 686 1478 721 est
1506 687 1658 724 contra
1686 684 1843 725 faciem

1020 733 1164 785 campi
1202 735 1345 785 magni
1386 736 1506 787 juxta
1541 737 1751 789 Dothain,
1799 746 1843 782 et

1018 789 1261 840 universos,
1289 804 1369 843 per
1394 805 1504 844 quos
1530 794 1610 835 viae
1634 797 1842 838 transitus

1019 858 1115 887 esse
1134 849 1325 899 poterat,
1353 853 1401 889 ut
1425 849 1671 892 obtinerent
1695 855 1840 894 ascen-

1018 915 1091 943 sus
1123 904 1351 954 montium,
1384 918 1463 957 per
1499 919 1609 958 quos
1643 908 1711 948 via
1744 922 1841 950 esse

1016 960 1191 1010 poterat
1218 960 1274 1001 ad
1299 961 1558 1012 Jerusalem,
1586 968 1629 1005 et
1656 963 1744 1005 illic
1772 978 1840 1006 cu-

1017 1014 1234 1057 stodirent
1264 1017 1339 1058 ubi
1371 1022 1602 1069 angustum
1630 1019 1712 1061 iter
1745 1034 1841 1062 esse

1015 1073 1190 1123 poterat
1203 1069 1325 1114 'inter
1348 1080 1530 1116 montes.
1567 1076 1623 1116 Et
1646 1076 1841 1119 fecerunt

1016 1127 1093 1167 fssii
1111 1128 1248 1169 Israel
1273 1130 1513 1172 secundum
1538 1132 1658 1183 quod
1683 1134 1839 1175 consti-

1015 1187 1160 1226 tuerat
1193 1185 1255 1227 eis
1287 1187 1494 1228 sacerdos
1523 1188 1700 1229 Domini
1726 1190 1838 1230 Elia-

1015 1239 1140 1281 chim.
1174 1241 1231 1282 Et
1256 1242 1461 1284 clamavit
1484 1245 1624 1285 omnis
1649 1246 1839 1298 populus

1015 1295 1072 1337 ad
1099 1297 1336 1339 Dominum
1362 1299 1568 1341 instantia
1595 1315 1766 1352 magna,
1796 1307 1838 1344 et

1014 1352 1348 1397 humiliaverunt
1373 1356 1536 1397 animas
1557 1370 1658 1398 suas
1677 1358 1720 1398 in
1739 1359 1837 1410 jeju-

1014 1409 1112 1459 niis,
1141 1416 1185 1452 et
1203 1412 1491 1462 orationibus,
1518 1414 1602 1466 ipsi
1627 1419 1669 1455 et
1691 1415 1837 1456 mulie-

1013 1478 1083 1507 res
1103 1469 1264 1508 eorum.

1069 1531 1120 1581 Rz.
1142 1528 1477 1571 Tribulationes.
1496 1532 1584 1572 149.

1313 1600 1464 1641 Lectio
1484 1602 1539 1641 iii.

1096 1667 1114 1703 t
1141 1663 1375 1704 induerunt
1403 1677 1448 1705 se
1469 1664 1720 1706 sacerdotes
1748 1665 1834 1706 cili-

1107 1719 1201 1769 ciis,
1227 1725 1270 1761 et
1293 1720 1479 1761 infantes
1503 1723 1835 1773 prostraverunt

1012 1779 1166 1816 contra
1194 1775 1351 1816 faciem
1378 1777 1531 1828 templi
1559 1777 1753 1825 Domini,
1792 1782 1835 1818 et

1011 1830 1148 1872 altare
1174 1832 1352 1872 Domini
1383 1834 1649 1885 operuerunt
1677 1833 1834 1874 cilicio:

1011 1891 1055 1927 et
1070 1886 1366 1929 clamaverunt
1381 1888 1436 1929 ad
1446 1889 1682 1929 Dominum
1691 1889 1834 1930 Deum

1009 1943 1147 1984 Israel
1180 1944 1439 1986 unanimiter
1471 1957 1525 1986 ne
1557 1945 1764 1986 darentur
1790 1945 1833 1985 in

1009 2000 1208 2052 praedam
1226 2000 1412 2042 infantes
1433 2003 1594 2050 eorum,
1615 2006 1658 2043 et
1674 2004 1833 2042 uxores

1010 2058 1162 2097 eorum
1188 2056 1232 2097 in
1260 2057 1534 2106 divisionem,
1563 2062 1607 2098 et
1633 2057 1831 2098 civitates

1010 2114 1161 2153 eorum
1188 2113 1232 2153 in
1260 2114 1579 2162 exterminium,
1610 2118 1653 2154 et
1681 2118 1832 2154 sancta

1009 2170 1161 2209 eorum
1191 2169 1235 2209 in
1265 2169 1569 2221 pollutionem,
1602 2174 1646 2210 et
1675 2169 1830 2210 fierent

1009 2224 1296 2276 opprobrium
1316 2225 1542 2266 Gentibus.
1575 2225 1699 2266 Tunc
1717 2224 1829 2265 Elia-

1009 2279 1139 2330 chim,
1181 2280 1388 2322 sacerdos
1424 2281 1601 2322 Domini
1636 2293 1829 2332 magnus,

1008 2335 1205 2377 circuivit
1231 2349 1404 2378 omnem
1421 2337 1574 2386 Israel,
1599 2337 1829 2378 allocutus-

1009 2403 1092 2442 que
1121 2396 1188 2432 est
1217 2404 1309 2442 eOS,
1338 2391 1503 2434 dicens:
1531 2393 1695 2434 Scitote
1725 2396 1828 2446 quo-

1006 2447 1122 2486 niam
1166 2448 1372 2489 exaudiet
1414 2449 1629 2490 Dominus
1673 2462 1828 2501 preces

1006 2507 1185 2552 vestras,
1205 2503 1242 2543 si
1260 2506 1486 2546 manentes
1504 2505 1828 2557 permanseritis

1006 2558 1050 2598 in
1074 2559 1259 2610 jejuniis,
1288 2564 1332 2601 et
1361 2560 1631 2602 orationibus
1660 2561 1703 2601 in
1728 2573 1826 2601 con-

1007 2616 1161 2666 spectu
1179 2615 1365 2656 Domini.

1062 2676 1111 2727 R.
1134 2674 1373 2716 Benedicat
1391 2681 1435 2718 te
1454 2677 1677 2717 Dominus.
1695 2677 1786 2716 150.
