2040 2944
315 174 387 209 Die
400 176 430 211 4.
445 175 547 220 Sept.
568 177 603 212 S.
619 178 735 213 Rosae
750 180 959 217 viterbien.
975 187 1011 217 et
1025 184 1054 217 6.
1072 183 1173 226 Sept.
1192 184 1226 218 S.
1244 184 1482 220 Philumenae
1496 187 1599 229 Virg.
1614 188 1720 223 Mart.
1828 191 1873 225 9*

219 273 342 315 Odor
360 273 503 316 bonus
523 276 581 317 sit
601 278 742 318 omnis
762 278 889 327 actio,
908 278 994 320 tuis

216 329 270 371 Id
287 330 428 372 innuit
446 332 560 373 rosis
581 335 738 385 operta
757 334 928 376 caritas.

167 396 306 436 Beata
325 395 496 445 caritas,
515 396 559 437 in
578 410 679 439 arce
698 398 890 440 siderum

215 452 380 493 Potens
399 451 547 495 locare
566 466 650 495 nos
666 467 747 507 per
766 467 896 497 omne
915 458 992 497 sae-

307 545 311 548 .
476 509 636 551 culum:

215 565 442 617 Patrique,
477 566 678 619 Filioque
707 581 877 609 summa
902 569 991 619 glo-

474 634 549 672 ria,

214 677 404 730 Tibique
427 678 523 721 laus
542 680 748 731 perennis
767 680 880 723 alme
899 682 991 734 Spi-

472 736 594 778 ritus.
622 737 775 778 Amen.

218 797 268 849 V.
319 800 488 842 Meritis
525 805 568 842 et
605 801 811 854 precibus
847 803 990 845 beatae

162 855 400 898 Elisabeth.
441 860 491 911 R.
523 858 746 910 Propitius
777 864 874 901 esto
903 861 990 901 Do-

162 912 278 954 mine
296 913 465 966 populo
485 919 574 956 tuo.

215 979 287 1021 Ad
306 980 470 1022 Bened.
498 981 598 1021 Ant.
626 981 693 1022 Tu
712 980 852 1030 gloria
869 982 894 1022 J
897 985 989 1022 eru-

162 1034 310 1084 salem,
329 1036 353 1062 *
374 1039 423 1076 tu
441 1034 595 1078 laetitia
613 1036 766 1087 Israel,
786 1042 834 1078 tu
855 1037 989 1079 hono-

120 1095 124 1099 ‘
160 1090 374 1133 rificentia
392 1091 548 1144 populi
565 1093 640 1134 tui.

498 1159 662 1200 Oratio.

238 1216 550 1259 lementissime
569 1218 702 1268 Deus,
724 1219 797 1271 qui
815 1218 991 1260 beatam

249 1273 479 1316 Elisabeth
502 1277 715 1326 reginam,
743 1275 855 1317 inter
879 1277 989 1317 cete-

159 1343 231 1371 ras
260 1330 458 1381 egregias
486 1330 631 1382 dotes,
658 1331 804 1374 bellici
832 1332 990 1373 furoris

160 1385 346 1429 sedandi
363 1390 660 1439 praerogativa
679 1388 914 1430 decorasti:
935 1388 991 1430 da

159 1443 288 1486 nobis
308 1444 400 1496 ejus
418 1444 735 1487 intercessione
756 1449 859 1498 post
877 1458 990 1486 mor-

159 1499 260 1542 talis
289 1500 409 1551 vitae,
439 1513 572 1554 quam
599 1502 856 1555 suppliciter
883 1502 989 1554 peti-

159 1569 268 1607 mus,
286 1569 453 1610 pacem,
470 1557 528 1599 ad
542 1560 707 1600 aeterna
720 1557 881 1609 gaudia
894 1571 989 1610 per-

161 1615 320 1655 venire.
346 1614 432 1656 Per
450 1613 699 1656 Dominum.

425 1692 494 1730 Ad
517 1693 716 1730 Tertiam.
743 1686 746 1689 ’

211 1752 311 1793 Ant.
339 1752 396 1792 Et
416 1752 701 1804 concupiscet
720 1751 828 1792 Rex.

216 1809 352 1862 Capit.
380 1810 608 1853 Mulierem
626 1811 797 1853 fortem.
816 1811 867 1852 8*

210 1871 262 1922 Rz.
278 1870 339 1911 br.
365 1870 522 1923 Specie
540 1877 616 1913 tua
636 1876 658 1900 *
675 1872 732 1914 Et
750 1871 986 1924 pulchritu-

159 1925 260 1968 dine
283 1931 370 1968 tua.
405 1927 562 1980 Specie
588 1933 674 1970 tua.
714 1925 763 1976 V.
786 1927 986 1977 Intende,

159 1984 375 2035 prospere
405 1983 615 2036 procede,
654 1990 697 2027 et
728 1997 872 2035 regna.
931 1984 988 2025 Et

158 2037 483 2090 pulchritudine
519 2046 605 2082 tua.
668 2040 822 2082 Gloria
857 2040 986 2082 Patri.

158 2094 314 2147 Specie
331 2100 418 2137 tua.

210 2151 259 2203 V.
301 2154 542 2208 Adjuvabit
580 2170 676 2200 eam
708 2158 830 2199 Deus
864 2156 985 2198 vultu

158 2223 249 2252 suo.
292 2213 341 2265 Rz.
371 2213 492 2255 Deus
517 2214 562 2255 in
585 2213 731 2256 medio
758 2215 867 2265 ejus,
898 2225 985 2254 non

158 2268 520 2312 commovebitur.

435 2348 502 2385 Ad
526 2348 711 2386 Sextam.

210 2403 310 2445 Ant.
337 2405 497 2448 Potens
522 2406 567 2447 in
586 2408 732 2458 opere.

156 2486 158 2489 -
208 2463 469 2516 Capitulum.
672 2466 798 2506 Prov.
814 2466 872 2505 31.
889 2464 927 2506 d.

157 2519 393 2626 Manum
422 2539 545 2568 suam
573 2526 745 2579 aperuit
772 2525 909 2577 inopi,
942 2530 984 2566 et

275 2582 444 2634 palmas
466 2595 567 2624 suas
588 2581 785 2623 extendit
804 2581 859 2622 ad
878 2584 981 2633 pau-

156 2649 318 2689 perem.
353 2639 455 2680 Non
478 2638 651 2681 timebit
675 2637 824 2679 domui
847 2649 939 2677 suae
959 2650 983 2678 a

154 2693 391 2744 frigoribus
409 2695 533 2736 nivis.

1104 285 1151 335 Rz.
1184 284 1245 324 br.
1290 280 1530 333 Adiuvabit
1566 295 1663 323 eam
1696 291 1718 314 *
1751 284 1871 325 Deus

1047 335 1170 376 vultu
1185 349 1277 379 suo.
1300 337 1540 389 Adiuvabit
1555 351 1662 380 eam.
1685 337 1734 388 V.
1750 340 1871 381 Deus

1046 391 1090 432 in
1108 392 1254 435 medio
1275 395 1380 446 ejus,
1403 407 1490 435 non
1513 395 1871 438 commovebitur.

1046 447 1178 489 Deus.
1243 450 1396 492 Gloria
1443 451 1572 492 Patri.
1633 451 1872 504 Adiuvabit

1046 517 1153 545 eam.

1102 559 1150 610 V.
1176 562 1319 613 Elegit
1343 575 1438 604 eam
1461 564 1598 614 Deus,
1624 570 1666 606 et
1690 565 1869 617 praeele-

1045 617 1108 668 git
1140 630 1247 659 eam.
1310 624 1359 683 1}
1391 620 1442 660 In
1474 620 1757 669 tabernaculo
1789 635 1868 663 suo

1045 673 1241 716 habitare
1260 675 1363 717 fac1t
1383 689 1490 717 eam.

1324 749 1391 785 Ad
1415 751 1597 788 Nonam.

1100 803 1198 843 Ant.
1226 801 1362 853 Quasi
1382 802 1508 843 stella
1526 805 1747 844 matutina.

1101 863 1359 915 Capitulum.
1565 866 1690 906 Prov.
1706 867 1763 906 31.
1780 867 1817 907 d.

1047 918 1250 1024 Multae
1275 922 1376 963 filiae
1409 926 1781 974 congregaverunt
1807 925 1866 965 di-

1165 978 1307 1020 vitias:
1333 984 1380 1021 tu
1407 982 1691 1032 supergressa
1711 993 1756 1021 es
1775 981 1865 1022 uni-

1044 1036 1205 1075 versas,
1241 1035 1392 1076 Fallax
1417 1036 1572 1086 gratia,
1599 1041 1642 1077 et
1665 1049 1776 1077 vana
1800 1042 1867 1078 est

1043 1090 1338 1142 pulchrit1'1do:
1363 1091 1517 1133 mulier
1541 1093 1699 1134 timens
1718 1093 1865 1134 Domi-

1043 1159 1146 1187 num
1164 1147 1261 1199 ipsa
1280 1147 1539 1190 laudabitur.

1100 1210 1149 1262 R.
1181 1209 1244 1250 br.
1283 1208 1428 1259 Elegit
1462 1221 1557 1250 eam
1587 1210 1723 1259 Deus,
1759 1214 1781 1237 *
1811 1210 1868 1251 Et

1043 1263 1269 1316 praeelegit
1297 1277 1404 1305 eam.
1449 1264 1602 1316 Elegit.
1650 1264 1699 1315 V.
1728 1267 1778 1307 In
1805 1271 1865 1308 ta-

1042 1319 1279 1362 bernaculo
1306 1334 1385 1362 suo
1410 1321 1607 1363 habitare
1633 1323 1735 1364 facit
1760 1336 1866 1374 eam.

1043 1376 1109 1418 Et.
1139 1377 1289 1418 Gloria
1307 1378 1438 1419 Patri.
1466 1378 1618 1429 Elegit.

1096 1432 1145 1484 V.
1158 1438 1329 1479 Diffusa
1343 1444 1410 1480 est
1424 1440 1563 1489 gratia
1578 1440 1621 1480 in
1631 1440 1757 1481 labiis
1769 1440 1865 1481 tuis.

1044 1496 1094 1547 R».
1115 1495 1359 1547 Propterea
1379 1495 1601 1538 benedixit
1620 1502 1663 1538 te
1682 1497 1803 1538 Deus
1822 1496 1864 1536 in

1043 1553 1264 1592 aeternum.

1246 1632 1307 1672 In
1329 1631 1386 1673 11.
1410 1633 1658 1683 vesperis.

1096 1694 1233 1728 Omnia
1257 1698 1298 1728 ut
1321 1695 1361 1728 in
1379 1694 1406 1728 I.
1430 1694 1545 1737 Vesp.
1566 1694 1609 1728 4*

1094 1746 1143 1797 V.
1179 1747 1268 1789 Ora
1300 1761 1382 1800 pro
1415 1748 1542 1791 nobis
1570 1748 1698 1790 beata
1726 1749 1860 1789 Elisa-

963 1806 965 1811 ’
1036 1803 1158 1845 beth.
1196 1807 1245 1858 R2.
1268 1805 1327 1846 Ut
1352 1804 1471 1855 digni
1496 1805 1736 1846 efficiamur
1761 1817 1859 1857 pro-

1038 1860 1318 1903 missionibus
1339 1861 1509 1903 Christi.

1092 1923 1162 1963 Ad
1182 1923 1354 1973 Magnis.
1378 1923 1477 1963 Ant.
1500 1921 1726 1963 Elisabeth
1744 1923 1768 1950 *
1785 1934 1859 1974 pa—

1039 1978 1102 2019 cis
1122 1983 1165 2019 et
1182 1979 1339 2031 patriae
1358 1984 1507 2027 mater,
1525 1979 1569 2019 in
1584 1978 1698 2019 coelo
1712 1977 1858 2019 trium-

1037 2034 1188 2087 phans,
1210 2035 1325 2076 dona
1343 2035 1471 2077 nobis
1490 2047 1655 2087 pacem.

1230 2135 1312 2176 Die
1331 2136 1369 2175 4.
1388 2134 1667 2186 Septembris.

1087 2203 1129 2243 S.
1157 2202 1302 2244 Rosae
1329 2202 1661 2244 Viterbiensis
1688 2200 1806 2251 Virg.

1368 2267 1531 2310 Duplex.

1087 2326 1138 2360 Ut
1168 2326 1266 2359 inter
1298 2324 1394 2359 festa
1426 2333 1496 2367 pro
1532 2322 1725 2366 aliquibus
1759 2322 1855 2356 locis

1038 2374 1170 2408 eadem
1196 2374 1267 2407 die.

1226 2463 1309 2504 Die
1329 2464 1366 2503 6.
1385 2462 1665 2515 Septembris.

1104 2532 1147 2573 S.
1175 2531 1483 2573 Philumenae
1510 2530 1628 2580 Virg.
1657 2530 1780 2570 Mart.

1363 2595 1525 2638 Duplex.

1084 2651 1220 2686 Omnia
1243 2652 1290 2686 de
1308 2651 1451 2687 Comm.
1468 2651 1572 2694 Virg.
1590 2651 1694 2684 Mart.
1712 2653 1851 2693 praeter

1034 2700 1243 2742 sequentia.
