2040 2944
526 159 596 193 Die
620 160 649 192 2.
675 158 777 201 Sept.
825 158 859 193 S.
885 159 1071 202 Stephani
1096 159 1222 202 Hung.
1247 159 1365 202 Regis
1390 159 1499 193 Conf.

164 255 284 297 navit
298 267 407 296 eum.
433 247 481 298 Y.
499 252 646 293 Induit
661 263 761 293 eum
774 251 990 292 Dominus

163 311 345 353 loricam
364 307 479 358 fidei,
498 312 543 350 et
562 308 735 350 ornavit
754 320 864 349 eum.
892 307 959 349 Et.

460 370 612 411 Lectio
634 370 684 409 vi.

161 424 291 530 Dei
314 426 593 475 Genitricem,
623 437 754 478 quam
780 424 989 466 ardentis-

275 483 383 524 sime
398 482 700 531 venerabatur,
718 481 989 534 amplissimo

162 540 204 580 in
237 541 327 592 eius
355 539 570 581 honorem
598 542 854 581 constructo
883 543 988 579 tem-

163 598 248 650 plo,
272 597 511 647 Hungariae
531 596 768 637 Patrenam
793 595 990 643 instituit,

162 654 217 695 ab
250 652 405 695 eadem
437 652 630 694 vicissim
662 651 843 702 Virgine
873 652 990 692 rece·

160 716 263 763 ptus
295 710 338 750 in
370 709 530 751 coelum
562 709 660 761 ipso
690 721 782 749 suae
810 707 989 748 Assum-

162 767 326 820 ptic'mis
351 766 432 815 die,
460 778 591 817 quem
612 764 822 815 Hungari,
849 776 872 805 e
896 776 990 805 san-

163 823 222 870 cti
252 823 366 874 regis
395 822 614 872 instituto,
642 821 813 871 Magnae
841 820 990 861 Domi-

162 894 230 922 nae
259 880 375 922 diem
402 878 636 931 appellant.
690 877 871 918 Sacrum
900 877 991 928 ejus

163 949 325 990 corpus
345 935 604 977 suavissimo
624 935 821 986 fragrans
841 933 991 984 odore,

162 994 334 1046 liquere
353 992 523 1034 coelesti
543 995 728 1040 scatens,
752 991 866 1032 inter
885 990 991 1032 mul-

162 1056 206 1092 ta
226 1056 269 1092 et
291 1050 414 1091 varia
431 1048 651 1098 miracula,
672 1048 862 1088 Romani
881 1048 991 1089 Pon-

161 1106 292 1149 tificis
321 1107 454 1158 jussu,
486 1104 747 1146 nobiliorem
774 1104 817 1145 in
845 1104 991 1146 locum

161 1163 423 1205 translatum
447 1167 525 1212 est,
550 1167 682 1214 atque
704 1160 991 1202 honorificen-

161 1220 249 1262 tius
269 1219 503 1262 conditum.
535 1219 640 1271 Ejus
665 1223 811 1259 autem
831 1218 992 1259 festum
1024 1260 1026 1263 ,

162 1276 444 1318 Innocentius
490 1274 747 1317 undecimus
787 1274 991 1316 Pontifex

162 1334 379 1374 Maximus
416 1337 572 1384 quarto
608 1331 760 1373 Nonas
797 1331 990 1384 Septem-

162 1389 264 1440 bris,
285 1390 342 1431 ob
362 1389 575 1440 insignem
593 1388 823 1430 victoriam
844 1387 899 1429 ab
920 1400 990 1430 ex-

163 1446 301 1488 ercitu
315 1445 531 1498 Leopoldi
546 1445 675 1498 primi
690 1445 991 1486 Romanorum

163 1502 289 1544 electi
309 1503 588 1556 imperatoris
609 1507 653 1543 et
667 1502 907 1553 Hungariae
927 1514 990 1543 re-

161 1559 239 1610 gis,
265 1559 420 1601 eadem
447 1558 518 1601 die
542 1560 585 1600 in
604 1558 745 1600 Budae
770 1571 989 1611 expugna-

162 1617 292 1665 tione,
321 1628 406 1668 ope
437 1616 582 1658 divina
609 1628 633 1657 e
658 1615 813 1656 Turcis
842 1628 989 1668 repor-

161 1674 309 1722 tatam,
329 1673 641 1715 celebrandum
659 1672 856 1714 instituit.

212 1738 263 1789 R.
289 1735 379 1776 Iste
398 1733 541 1775 homo.
569 1733 649 1786 [72]

381 1816 430 1855 In
448 1816 519 1855 ΙΙΙ.
539 1814 761 1854 Noeturno.

163 1874 315 1916 Lectio
342 1875 481 1916 sancti
495 1874 729 1926 Evangelii
748 1873 988 1916 secundum

480 1931 657 1973 Lucam.

238 1993 388 2035 Lectio
410 1994 477 2033 vii.
678 1994 780 2046 Cap.
796 1995 854 2034 19.
872 1993 911 2034 b.

162 2047 237 2154 In
256 2052 330 2094 illo
350 2054 565 2106 tempore:
584 2053 706 2095 Dixit
720 2054 744 2095 J
748 2067 848 2095 esus
864 2053 990 2095 disci-

235 2109 351 2162 pulis
375 2109 464 2150 suis
478 2110 737 2162 parabolam
755 2110 882 2152 hanc:
900 2110 990 2152 Ho-

163 2179 235 2207 mo
263 2164 441 2218 quidam
467 2166 626 2209 nobilis
651 2167 759 2208 abiit
784 2167 829 2207 in
852 2167 991 2218 regio—

164 2235 263 2263 nem
286 2222 579 2276 longinquam,
603 2226 804 2276 accipere
825 2223 909 2266 sibi
927 2228 991 2266 re-

163 2291 305 2329 gnum,
325 2284 368 2321 et
387 2280 558 2322 reverti.
586 2281 643 2323 Et
662 2280 841 2333 reliqua.

209 2347 393 2389 Homilia
419 2349 459 2390 S.
487 2349 711 2391 Ambrosii
739 2350 962 2403 Episcopi.

388 2411 469 2446 Lib.
493 2412 525 2446 8.
552 2412 590 2446 in
613 2412 766 2447 Lucam.

179 2462 262 2523 ,εἶ’
278 2473 387 2502 onus
407 2461 530 2511 ordo,
555 2467 603 2503 ut
620 2465 860 2518 vocaturus
880 2463 992 2505 Gen-

181 2557 185 2571 ·
295 2521 372 2567 tes,
393 2523 436 2559 et
451 2518 475 2559 J
477 2518 631 2560 uda'eos
650 2520 846 2571 jussurus
863 2519 993 2561 inter-

180 2572 185 2585 '
218 2573 237 2595 ἕ
293 2573 381 2623 fici,
426 2575 501 2626 qui
536 2575 771 2617 noluerunt
809 2579 993 2626 regnare

166 2641 299 2681 supra
327 2643 374 2671 se
403 2630 635 2681 Christum,
662 2631 775 2673 hanc
801 2635 993 2685 praemit-

165 2689 279 2727 teret
311 2687 704 2739 comparationem,
741 2701 796 2730 ne
831 2688 993 2731 dicere-

1042 255 1128 292 tur:
1153 249 1275 291 Nihil
1299 250 1482 293 dederat
1506 250 1675 303 populo
1698 250 1723 292 J
1726 249 1872 292 udaee-

1042 319 1148 357 rum,
1174 307 1290 350 unde
1309 310 1486 361 peterat
1504 307 1661 349 melior
1679 305 1800 349 fieri?
1827 312 1874 349 ut

1043 362 1149 416 quid
1168 364 1224 406 ab
1244 377 1298 406 eo
1320 364 1395 417 qui
1413 364 1521 405 nihil
1540 363 1718 417 recepit,
1741 363 1872 415 exigi-

1042 420 1134 462 tur?
1172 421 1274 463 Non
1296 420 1534 463 mediocris
1561 420 1647 462 ista
1670 426 1737 462 est
1761 433 1874 470 mna,

1044 490 1175 530 quam
1185 491 1318 531 supra
1334 478 1490 519 mulier
1506 477 1759 529 evangelica
1774 477 1874 530 quia

1042 546 1130 576 non
1149 535 1324 585 invenit,
1343 535 1567 576 lucernam
1581 533 1792 585 accendit,
1811 533 1873 575 lu-

1042 591 1158 633 mine
1196 592 1355 644 quaerit
1391 591 1589 641 admeto,
1630 590 1874 642 gratulatur

1043 647 1275 690 inventam.

1094 710 1145 762 Rz.
1172 710 1263 751 Iste
1291 714 1358 751 est
1386 709 1461 762 qui
1489 714 1589 751 ante
1614 709 1759 750 Deum
1786 721 1873 749 ma-

1043 778 1151 817 gnas
1179 767 1367 809 virtutes
1396 768 1606 820 operatus
1635 770 1718 816 est,
1747 763 1874 818 etde

1044 823 1162 864 omni
1174 823 1309 865 corde
1323 836 1404 866 suo
1414 823 1611 865 laudavit
1621 822 1874 864 Dominum:

1042 880 1064 904 *
1091 880 1195 933 Ipse
1222 879 1468 923 intercedat
1494 893 1578 934 pro
1604 879 1801 933 peccatis
1830 880 1874 920 ό-

1043 937 1207 978 mnium
1226 936 1506 990 populorum.
1532 930 1582 982 ils.
1605 937 1722 978 Ecce
1739 935 1874 977 homo

1045 992 1138 1035 sine
1159 993 1348 1045 querela,
1365 1005 1495 1035 verus
1509 993 1594 1035 Dei
1609 992 1762 1043 cultor,
1778 991 1873 1033 abs·
1895 990 1897 992 ’

1043 1050 1187 1092 tinens
1212 1063 1260 1092 se
1288 1049 1343 1092 ab
1368 1050 1487 1092 omni
1515 1052 1652 1103 opere
1675 1048 1806 1099 malo,
1831 1053 1876 1090 et

1043 1109 1306 1159 permanens
1324 1107 1369 1148 in
1383 1107 1634 1149 innocentia
1647 1118 1737 1148 sua.
1760 1106 1875 1159 Ipse.

1331 1178 1485 1220 Lectio
1505 1178 1588 1219 viii.

1132 1243 1290 1296 enique
1309 1255 1364 1285 ex
1382 1256 1470 1285 una
1485 1242 1640 1285 decem
1658 1253 1782 1283 mnas
1801 1240 1874 1282 ali-

1158 1313 1210 1342 us
1239 1301 1356 1351 fecit,
1384 1300 1495 1342 alius
1525 1299 1730 1352 quinque.
1770 1298 1874 1339 For—

1043 1359 1163 1399 tasse
1177 1357 1260 1399 iste
1274 1357 1460 1399 moralia
1474 1356 1618 1407 habet,
1635 1355 1737 1408 quia
1755 1354 1875 1407 quin-

1045 1427 1129 1467 que
1155 1419 1257 1456 sunt
1281 1413 1482 1467 corporis
1507 1425 1676 1455 sensus:
1699 1411 1772 1453 ille
1798 1410 1874 1454 du-

1043 1471 1193 1523 plicia,
1238 1471 1285 1514 id
1322 1476 1408 1522 est,
1444 1470 1630 1524 mystica
1665 1468 1794 1520 legis,
1832 1472 1876 1510 et

1042 1527 1226 1570 moralia
1253 1527 1498 1582 probitatis·
1539 1524 1667 1569 Unde
1696 1530 1740 1567 et
1766 1525 1875 1566 Mat·
1934 1529 1938 1533 '

1042 1584 1184 1626 thaeus
1212 1586 1404 1638 quinque
1427 1584 1606 1633 talenta,
1629 1588 1673 1625 et
1698 1582 1787 1636 duo
1813 1586 1874 1624 ta-

1042 1642 1160 1684 lenta
1177 1643 1343 1695 pesuit:
1362 1642 1407 1683 in
1422 1641 1614 1694 quinque
1632 1639 1875 1682 talentisut

1043 1699 1131 1741 sint
1148 1699 1344 1750 moralia,
1367 1699 1412 1740 in
1431 1697 1604 1740 duobus
1626 1699 1874 1749 utrumque,

1042 1755 1275 1809 mysticum
1296 1761 1429 1808 atque
1454 1754 1635 1797 morale.
1666 1753 1735 1796 Ita
1755 1750 1876 1806 quod

1042 1816 1225 1855 numero
1244 1812 1434 1862 inferius,
1453 1824 1502 1854 re
1520 1810 1710 1853 uberius.
1857 1852 1861 1856 ,

1098 1876 1150 1927 R.
1163 1874 1258 1916 Sint
1273 1873 1411 1916 lumbi
1424 1872 1560 1927 vestri
1573 1870 1812 1925 praecincti,
1831 1875 1875 1913 et

1042 1930 1234 1972 lucernae
1261 1930 1467 1978 ardentes
1501 1929 1545 1970 in
1573 1927 1776 1970 manibus
1804 1940 1874 1970 ve·

1043 1987 1160 2028 stris:
1177 1987 1261 2029 *Et
1274 1999 1356 2028 vos
1366 1986 1530 2028 similes
1540 1984 1790 2027 hominibus
1804 1997 1874 2026 ex·

1043 2043 1347 2097 spectantibus
1359 2042 1585 2085 dominum
1595 2055 1734 2091 suum,
1751 2053 1883 2094 quan·-

1044 2100 1102 2142 do
1118 2102 1366 2142 revertatur
1381 2113 1407 2141 a
1421 2099 1598 2153 nuptiis.
1617 2091 1668 2143 V.
1682 2097 1876 2150 Vigilate

1045 2169 1167 2209 ergo,
1197 2157 1298 2210 quia
1326 2156 1504 2199 nescitis
1534 2169 1621 2209 qua
1646 2155 1756 2197 hora
1781 2155 1875 2196 Dfis

1044 2219 1190 2256 vester
1205 2217 1416 2256 venturus
1433 2213 1500 2255 sit.
1527 2212 1595 2255 Et.
1621 2211 1784 2254 Gloria.
1807 2211 1875 2253 Et.

1346 2284 1498 2326 Lectio
1517 2284 1572 2325 ix.

1126 2355 1144 2392 t
1179 2350 1251 2392 hic
1287 2351 1523 2402 possumus
1561 2347 1715 2390 decem
1751 2360 1875 2390 mnas

1157 2407 1313 2449 decem
1349 2405 1486 2448 verba
1520 2404 1784 2455 intelligere,
1830 2405 1876 2447 id

1046 2469 1123 2513 est,
1150 2464 1261 2516 legis
1290 2462 1552 2505 doctrinam:
1582 2461 1776 2514 quinque
1804 2474 1875 2503 au·
1902 2497 1905 2499 .

1045 2526 1135 2562 tem
1166 2532 1307 2570 mnas,
1339 2517 1591 2569 magisteria
1619 2517 1876 2571 disciplinae.

1045 2577 1133 2619 Sed
1155 2576 1457 2629 legisperitum
1480 2574 1524 2615 in
1550 2574 1752 2617 omnibus
1771 2574 1874 2617 volo

1046 2646 1144 2675 esse
1167 2632 1423 2686 perfectum.
1455 2631 1557 2673 Non
1582 2631 1698 2674 enim
1720 2632 1764 2672 in
1788 2643 1874 2673 ser-

1046 2691 1192 2740 mone,
1224 2688 1304 2731 sed
1336 2689 1381 2730 in
1408 2688 1571 2730 virtute
1599 2693 1667 2731 est
1693 2700 1876 2740 regnum
