2040 2944
610 194 679 227 Die
705 194 733 226 2.
760 192 848 226 Dec.
896 190 930 225 S.
955 191 1132 224 Bibianae
1156 190 1262 232 Virg.
1289 195 1325 225 ct
1349 190 1456 224 Mart.

239 293 359 341 l'atri,
379 290 596 342 simulque
614 288 740 337 Filio,

281 349 469 400 Tibique
490 350 641 387 sancte
659 345 859 397 Spiritus,

281 405 402 452 Sjcut
421 403 512 452 fuit,
532 403 587 443 sit
605 401 763 454 jugiter

280 461 468 503 Saeclum
487 471 567 511 per
586 471 716 500 omne
735 458 888 510 gleria.

487 515 641 556 Amen.

234 578 281 627 X.
320 576 703 618 Annuntiaverunt
740 578 877 629 opera
914 575 1009 616 Dei.

183 640 230 690 Rg.
254 634 311 675 Et
336 634 451 675 facta
475 633 566 684 ejus
585 632 905 674 intellexerunt.

234 698 304 739 Ad
325 697 488 738 Bened.
519 697 618 737 Ant
654 692 860 735 Concede
882 693 1010 735 nobis

178 752 400 794 hominem
425 751 600 802 justum,
629 749 767 792 redde
786 749 914 791 nobis
933 749 1009 791 ho-

178 809 338 849 minem
357 811 574 848 sanctum:
598 819 652 848 ne
676 806 915 847 interficias
934 805 1010 847 ho-

178 865 341 905 minem
364 864 462 904 Deo
487 875 652 912 carum,
684 863 861 914 justum,
892 875 1010 903 man-

179 922 363 969 suetum,
383 924 426 961 et
445 919 578 972 pium.

517 982 680 1022 Oratio.

182 1033 516 1138 Maiestatem
546 1039 668 1076 tuam
693 1035 882 1077 Domine
909 1048 1009 1087 sup-

308 1092 482 1145 pliciter
520 1093 770 1133 exoramus:
813 1097 862 1133 ut
898 1092 1011 1133 sicut

179 1148 390 1190 Ecclesiae
405 1153 494 1190 tuae
505 1147 664 1190 beatus
676 1148 879 1189 Andreas
891 1148 1009 1201 Apo

179 1205 319 1247 stolus
357 1204 525 1246 exstitit
560 1203 830 1257 praedicator
867 1209 911 1246 et
947 1217 1011 1246 re-

178 1267 289 1311 ctor;
311 1261 371 1303 ita
390 1261 509 1313 apud
527 1266 572 1303 te
591 1261 647 1302 sit
666 1274 748 1313 pro
768 1260 897 1302 nobis
916 1274 1012 1314 per-

178 1320 336 1371 petuus
355 1318 632 1360 intercessor.
659 1318 744 1359 Per
762 1318 1012 1359 Deminum.

450 1391 518 1428 Ad
541 1390 746 1428 Tertiam.

235 1450 333 1489 Ant.
368 1450 529 1492 Beatus
550 1447 765 1490 Andreas.

238 1506 374 1557 Capit.
409 1507 599 1547 Fratres:
626 1504 784 1546 Corde.
810 1505 909 1546 469.

234 1564 283 1614 Rg.
302 1562 361 1602 br.
383 1563 435 1603 In
454 1573 630 1604 omnem
648 1566 812 1603 terram
823 1565 846 1589 *
864 1561 1013 1603 Exivit

179 1631 313 1660 sonus
333 1621 497 1661 eorum.
529 1618 581 1658 In
600 1629 787 1659 omnem.
820 1614 871 1666 V.
891 1618 950 1659 Et
968 1618 1012 1658 in

180 1675 289 1717 fines
307 1675 428 1716 orbis
443 1680 575 1717 terrae
589 1674 728 1715 verba
743 1676 907 1716 eorum.
927 1675 1012 1715 Ex-

180 1732 268 1773 ivit.
299 1731 448 1773 Gloria
467 1731 601 1772 Patri.
629 1731 681 1772 In
700 1743 886 1773 omnem.

238 1784 285 1834 δ”.
313 1788 567 1830 Constitues
594 1800 672 1829 eos
696 1787 920 1840 principes
945 1800 1013 1829 su-

183 1856 262 1895 per
291 1856 466 1885 omnem
492 1849 667 1885 terram.
711 1847 760 1898 Rg.
793 1844 1014 1886 Memores

185 1905 310 1941 erunt
328 1900 514 1941 nominis
533 1899 598 1940 tui
614 1899 814 1942 Demine.

462 1969 530 2005 Ad
553 1969 740 2005 Sextam.

237 2028 337 2067 Ant.
367 2025 569 2068 Andreas
589 2025 751 2068 Christi
770 2026 969 2068 famulus.

238 2086 497 2138 Capitulum.
706 2087 830 2127 Rom.
846 2089 912 2127 10.
928 2100 962 2127 c.

183 2141 337 2248 Non
370 2147 484 2188 enim
517 2151 584 2188 est
616 2146 839 2189 distinctio
872 2146 1015 2188 Iudaei

297 2208 341 2245 et
361 2203 521 2245 Graeci:
542 2216 644 2245 nam
662 2202 781 2245 idem
799 2203 1016 2245 Deminus

187 2259 390 2310 emnium,
410 2259 534 2302 dives
553 2260 596 2301 in
616 2272 780 2310 omneS‚
801 2260 875 2312 qui
894 2262 1015 2302 invo-

187 2320 288 2356 cant
313 2315 444 2357 illum.
482 2316 635 2358 Omnis
662 2316 792 2365 enim,
821 2316 1014 2368 quicum-

187 2383 272 2423 que
316 2371 586 2414 invocaverit
626 2385 787 2414 nomen
823 2372 1029 2422 Demini‚,

187 2427 334 2468 salvus
354 2428 447 2469 erit.

239 2483 288 2534 R.
316 2482 376 2523 br.
414 2484 666 2527 Constitues
691 2498 769 2526 eos
794 2485 1016 2538 principes

186 2541 208 2564 *
240 2539 381 2606 Super
413 2553 586 2582 omnem
616 2547 790 2583 terram.
847 2543 1015 2583 Consti-

188 2601 296 2637 tues.
333 2590 382 2641 V.
420 2596 638 2638 Memores
670 2604 797 2640 erunt
828 2598 1016 2639 nominis

188 2652 251 2693 tui
277 2651 475 2693 Domine.
511 2653 662 2705 Super.
706 2653 861 2696 Gloria
885 2655 1017 2695 Patri.

191 2708 453 2750 Constitues.

1120 284 1169 337 W.
1182 286 1326 328 Nimis
1344 284 1552 327 honorati
1570 289 1671 326 sunt
1688 284 1817 325 amici
1831 283 1896 325 tui

1062 345 1195 386 Deus,
1259 347 1310 398 R.
1344 342 1486 383 Nimis
1519 341 1796 383 confortatus
1828 344 1897 382 est

1061 400 1336 453 principatus
1356 400 1519 440 eerum.

1345 468 1413 504 Ad
1436 467 1622 504 Nonam.

1123 524 1219 565 Ant.
1236 522 1317 573 Qui
1331 519 1713 574 persequebantur
1726 520 1898 572 justum.

1121 584 1380 635 Capitulum.
1593 583 1719 624 Rom.
1734 584 1798 623 10.
1815 595 1848 623 c.

1067 634 1248 740 Isaias·
1264 638 1381 680 enim
1418 637 1539 680 dicit:
1577 635 1768 678 Demine
1801 634 1900 686 quis

1130 695 1318 737 credidit
1355 693 1522 736 auditui
1558 691 1735 734 nostro?
1779 691 1899 742 Ergo

1065 752 1177 794 fides
1197 765 1251 794 ex
1271 751 1434 800 auditu,
1456 749 1634 792 auditus
1653 753 1803 790 autem
1820 760 1901 800 per

1064 808 1250 851 verbum
1279 807 1453 850 Christi.
1501 805 1591 848 Sed
1619 805 1734 847 dico:
1766 805 1900 846 Num-

1066 864 1173 917 quid
1192 877 1281 906 non
1300 861 1556 906 audierunt?
1580 862 1639 903 Et
1659 861 1839 914 quidem
1855 860 1901 901 in

1066 933 1242 963 omnem
1257 926 1420 963 terram
1436 919 1571 962 exivit
1586 930 1720 960 sonus
1735 920 1902 967 eorum,

1067 978 1169 1019 etin
1183 977 1294 1019 fines
1311 976 1432 1019 orbis
1445 981 1578 1018 terrae
1587 974 1725 1017 verba
1737 976 1903 1016 eorum.

1121 1034 1171 1085 R
1206 1032 1268 1073 br.
1322 1033 1466 1074 Nimis
1502 1031 1710 1073 honorati
1742 1034 1844 1072 sunt
1878 1031 1902 1056 *

1067 1090 1211 1132 Amici
1235 1090 1300 1132 tui
1322 1089 1456 1130 Deus
1491 1087 1646 1129 Nimis.
1680 1084 1732 1134 V
1759 1085 1903 1127 Nimis

1067 1147 1343 1189 confortatus
1359 1150 1427 1187 est
1443 1144 1719 1198 principetus
1739 1144 1903 1185 eorum·

1066 1204 1222 1245 Amici.
1255 1202 1407 1244 Gloria
1425 1201 1556 1243 Patri.
1583 1199 1738 1242 Nimis.

1120 1255 1171 1306 V.
1210 1258 1595 1300 Annuntiaverunt
1632 1259 1770 1309 opera
1805 1254 1902 1297 Dei.

1069 1316 1118 1367 Ru
1135 1317 1194 1358 Et
1212 1316 1330 1358 facta
1349 1316 1441 1367 ejus
1460 1313 1781 1356 intellexerunt.

1274 1388 1336 1428 In
1354 1388 1416 1428 11.
1436 1386 1691 1437 vesperis.

1122 1452 1210 1485 Ant.
1237 1455 1273 1485 ct
1299 1450 1424 1494 Capit.
1451 1450 1497 1484 de
1522 1449 1642 1484 Laud.
1666 1447 1749 1491 469,
1776 1449 1837 1483 Ps.
1863 1452 1904 1483 ut

1069 1500 1107 1533 in
1132 1499 1177 1532 II.
1202 1499 1318 1542 Vesp.
1345 1499 1392 1532 de
1418 1498 1564 1533 Comm.
1590 1498 1728 1540 Apost.
1751 1495 1821 1539 [13]

1120 1550 1333 1601 Hymnus.
1360 1548 1577 1590 Exsultet.
1594 1548 1692 1589 469.

1121 1605 1173 1654 V.
1210 1605 1594 1648 Annuntiaverunt
1633 1607 1771 1658 (Spera
1807 1604 1903 1646 Dei.

1070 1664 1120 1704 R.
1135 1664 1193 1706 Et
1211 1664 1327 1705 facta
1346 1663 1438 1714 ejus
1456 1661 1776 1703 intellexerunt.

1122 1719 1194 1762 Ad
1213 1720 1387 1772 Magnis.
1415 1721 1516 1761 Ant.
1546 1719 1656 1760 Cum
1678 1719 1901 1771 pervenis-

1068 1782 1135 1819 set
1154 1777 1312 1819 beatus
1331 1774 1535 1817 Andreas
1558 1773 1617 1817 ad
1634 1775 1800 1825 locum,
1826 1773 1902 1816 ubi

1069 1847 1176 1876 crux
1214 1835 1371 1886 parata
1409 1836 1520 1882 erat,
1561 1831 1827 1873 exclamavit
1857 1836 1902 1873 et

1069 1890 1194 1932 dixit:
1214 1890 1252 1931 O
1271 1889 1391 1931 bona
1409 1901 1528 1939 crux,
1548 1888 1624 1931 diu
1639 1886 1902 1936 desidereta,

1068 1952 1112 1989 et
1126 1948 1212 1999 jam
1227 1945 1557 1999 concupiscenti
1572 1944 1718 1986 animo
1732 1956 1902 1996 praepa-

1068 2006 1180 2046 rata:
1204 2006 1386 2045 securus
1407 2007 1452 2045 et
1474 2001 1672 2054 gaudens
1691 2001 1821 2043 venio
1845 1999 1902 2042 ad

1068 2066 1124 2110 te,
1139 2061 1200 2102 ita
1219 2065 1263 2102 et
1282 2065 1330 2102 tu
1350 2059 1575 2101 exsultans
1595 2057 1811 2111 suscipias
1831 2069 1902 2099 me

1070 2116 1335 2169 discipulum
1350 2117 1453 2168 ejus,
1473 2115 1548 2168 qui
1562 2113 1775 2168 pependit
1789 2114 1832 2155 in
1846 2119 1902 2156 te.

1422 2188 1508 2216 ..⁴ae
1528 2196 1540 2208 ο

1136 2250 1372 2312 FESTA
1408 2246 1845 2311 DECEMBRIS.

1124 2335 1225 2368 Ante
1247 2333 1470 2367 Adventum
1494 2333 1620 2376 prima
1645 2331 1708 2366 die
1733 2340 1812 2365 non
1836 2330 1902 2365 im-

1071 2382 1202 2424 pedita
1234 2381 1375 2415 dicitur
1405 2380 1584 2415 Officium
1612 2379 1901 2413 Defunctorum.

1408 2439 1567 2458 —400—

1274 2484 1358 2526 Die
1375 2485 1413 2525 2.
1430 2482 1702 2525 Decembris.

1166 2553 1210 2595 S.
1228 2552 1458 2594 Bibianae
1475 2547 1596 2597 Virg.
1616 2551 1660 2587 et
1680 2546 1805 2587 Mart.

1356 2611 1619 2655 Semiduplex.

1123 2669 1261 2703 Omnia
1286 2668 1466 2702 dicuntur
1494 2667 1541 2702 de
1566 2667 1771 2702 Communi
1795 2666 1901 2709 Virg.

1071 2718 1143 2761 [83]
1165 2721 1307 2760 practer
1331 2726 1436 2759 sequ.
