2040 2944
219 214 266 259 [2]
808 202 1016 235 Commune
1037 200 1325 244 Apostolorum.

219 315 303 351 tur:
333 308 431 361 quia
455 307 649 347 amorem
668 314 794 343 suum
811 313 899 342 non
919 298 1040 352 spiri-

219 366 377 414 taliter,
410 361 487 404 sed
516 359 746 402 carnaliter
774 355 1040 410 impendunt.

218 419 406 462 Proinde
418 416 739 460 cumDominus
751 414 928 456 diceret:
941 413 1040 453 Hoc

219 483 285 520 est
302 477 574 530 praeceptum
592 485 753 522 meum,
780 475 828 512 ut
853 468 1040 521 diligatis

218 534 417 575 invicem:
449 531 649 584 protinus
687 526 874 570 addidit:
919 524 1038 567 Sicut

218 590 348 632 dilexi
370 602 465 639 vos3
495 601 546 629 ac
570 587 607 628 si
630 587 780 638 aperte
800 583 930 625 dicat:
966 581 1038 623 Ad

217 647 301 688 hoc
333 647 493 694 amate,
534 643 591 685 ad
624 641 743 695 quod
775 639 917 681 amavi
948 650 1038 679 vos.

957 732 1188 769 *22-‘92230234

1094 297 1190 347 Qua
1208 296 1252 337 in
1269 307 1332 346 re,
1359 295 1516 336 fratres
1535 293 1756 344 carissimi,
1785 293 1916 335 soler-

1092 358 1159 395 ter
1182 351 1438 394 intuendum
1461 355 1544 401 est,
1572 350 1693 403 quod
1711 353 1916 403 antiquus

1092 409 1256 463 hostis²
1284 408 1388 450 dum
1415 411 1606 450 mentem
1635 412 1833 449 nostram
1861 405 1918 448 ad

1093 480 1238 508 rerum
1284 464 1594 518 temporalium
1639 463 1917 506 dilectionem

1093 523 1237 572 trahit,
1257 521 1541 563 infirmiorem
1556 525 1709 562 contra
1722 533 1803 562 nos
1817 521 1916 573 pro-

1092 580 1255 621 ximum
1284 578 1460 628 excitat,
1496 577 1570 630 qui
1596 590 1648 619 ea
1674 577 1786 630 ipsa,
1818 589 1917 630 quae

1093 636 1321 687 diligimus,
1349 634 1518 676 auferre
1536 633 1750 676 moliatur.

236 847 560 898 COMMUNE
594 842 1095 896 APOSTOLORUM
1127 842 1213 891 ET
1247 838 1895 893 EVANGELISTARUM.

430 987 492 1027 In
516 985 553 1026 Ι.
572 981 822 1033 vesperis.

268 1051 302 1088 Α
312 1055 366 1089 nt.
393 1050 489 1089 Hoc
509 1051 575 1088 est
594 1046 864 1098 praeceptum
882 1053 1039 1089 meum,

217 1108 239 1133 *
263 1112 312 1148 ut
335 1104 524 1155 diligatis
546 1102 748 1150 invicem,
776 1100 887 1140 sicut
907 1097 1040 1139 dilexi

217 1177 307 1206 VOS.

496 1206 692 1245 Psalmus
713 1205 754 1243 1(
755 1206 804 1243 m.

224 1274 239 1318 ’ξ
366 1279 370 1283 ·
389 1265 551 1313 ⁴.;,⁴3.³ixit
570 1263 784 1304 Dominus
803 1262 902 1301 Dfio
926 1271 1040 1300 meo:

228 1330 265 1372 ιμ
313 1316 376 1373 ἶὲ)
423 1305 460 1373 ’ξ
488 1322 512 1346 *
530 1319 643 1362 Sede
663 1332 688 1360 a
707 1318 872 1360 dextris
891 1316 1015 1357 meis:

229 1368 264 1433 :02
316 1371 398 1434 ἶν’-ζ(
449 1375 461 1435 ἐξ
540 1377 694 1418 Donec
721 1387 882 1427 ponam
906 1373 1040 1414 inimi-

229 1429 257 1488 ἵξῃ
312 1431 358 1483 ἓὲ·
419 1437 462 1487 <ff
490 1445 566 1474 cos
598 1437 716 1482 tuos,
748 1431 772 1457 *
805 1429 1041 1472 scabellum

229 1486 245 1510 '²
323 1510 325 1512 v
346 1510 347 1513 ¹
386 1483 466 1518 ””’ἕ”“
489 1489 653 1543 pedum
671 1490 856 1530 tuorum.

270 1545 451 1597 Virgam
468 1546 641 1587 virtutis
660 1550 748 1587 tuae
768 1546 937 1586 emittet
954 1543 1041 1583 Do-

218 1602 358 1643 minus
379 1615 432 1643 ex
450 1602 571 1644 Sion:
598 1602 621 1627 *
650 1601 874 1643 dominare
893 1601 937 1641 in
955 1600 1041 1640 me-

219 1657 291 1700 dio
310 1658 584 1700 inimicorum
602 1660 788 1700 tuorum.

269 1714 436 1756 Tecum
450 1715 711 1768 principium
725 1715 769 1755 in
785 1714 854 1756 die
870 1712 1043 1754 virtotis

218 1775 306 1812 tuae
329 1771 373 1811 in
397 1771 704 1824 splendoribus
729 1772 995 1812 sanctorum:
1019 1769 1043 1794 *

220 1840 274 1869 ex
292 1830 418 1869 utero
436 1832 536 1870 ante
555 1828 783 1870 luciferum
802 1827 931 1879 genui
949 1831 1004 1868 te.

270 1884 439 1925 ,Iuravit
465 1885 691 1935 Dominus,
720 1890 764 1926 et
792 1897 879 1925 non
906 1883 1042 1936 poeni-

220 1939 330 1981 tebit
353 1953 465 1982 eum:
489 1942 513 1968 *
537 1941 607 1982 Tu
630 1954 676 1983 es
697 1940 904 1982 sacerdos
927 1940 971 1980 in
988 1952 1042 1981 ae-

219 1998 389 2095 teflnmln
405 1997 645 2039 secundum
660 1997 858 2039 ordinem
867 1995 1042 2038 Melchi-

220 2066 266 2095 se
301 2066 350 2095 ec
383 2085 391 2094 .

269 2109 483 2151 Dominus
503 2123 529 2151 a
544 2110 709 2152 dextris
728 2111 826 2160 tuis,
840 2110 864 2136 *
879 2108 1042 2151 confre-

223 2166 281 2217 git
298 2166 341 2207 in
361 2166 431 2208 die
447 2167 523 2208 irae
545 2180 635 2208 suae
655 2180 792 2218 reges.

270 2223 294 2262 J
296 2222 488 2265 udicabit
506 2223 549 2264 in
564 2224 824 2273 nationibus,
844 2222 1043 2276 implebit

220 2279 379 2320 ruinas:
411 2279 435 2304 *
472 2280 784 2332 conquassabit
817 2280 963 2332 capita
999 2279 1041 2320 in

220 2339 336 2375 terra
355 2335 601 2378 multorum.

272 2391 338 2432 De
357 2393 550 2434 torrente
572 2393 616 2433 in
636 2394 705 2434 via
726 2393 862 2435 bibet:
889 2393 912 2419 *
943 2405 1041 2445 pro-

220 2449 371 2499 pterea
390 2448 597 2491 exaltabit
617 2455 758 2503 caput.

274 2509 369 2548 Ant.
394 2508 493 2547 Hoc
511 2511 577 2547 est
595 2508 867 2559 praeceptum
886 2519 1041 2555 meum,

221 2565 268 2601 ut
283 2559 470 2611 diligatis
482 2562 677 2617 invicem,
688 2563 799 2604 sicut
811 2562 941 2604 dilexi
951 2576 1042 2603 vos.

272 2620 372 2661 Ant.
391 2618 601 2668 Majorem
623 2619 851 2661 caritatem
869 2620 893 2645 *
912 2632 1041 2661 nemo

221 2672 364 2722 habet,
384 2673 635 2737 utfinirnam
651 2688 773 2717 suam
787 2680 925 2728 ponat
945 2676 1042 2727 quis

219 2741 301 2781 pro
321 2741 471 2770 am1c1s
492 2742 590 2770 su1s.

1348 969 1546 1011 Psalmus
1575 969 1660 1009 110.

1171 1034 1388 1088 onfitebor
1420 1032 1502 1074 tibi
1527 1032 1718 1074 Domine
1747 1032 1792 1073 in
1823 1036 1918 1074 toto

1188 1090 1321 1133 corde
1340 1102 1456 1132 meo:
1477 1090 1502 1115 *
1520 1089 1566 1130 in
1583 1088 1766 1131 consilio
1787 1089 1918 1140 justo-

1093 1161 1201 1198 rum,
1229 1152 1273 1190 et
1293 1146 1646 1199 congregatione.

1143 1205 1303 1255 Magna
1318 1206 1454 1256 opera
1464 1203 1657 1244 Domini:
1667 1202 1691 1229 *
1703 1201 1920 1254 exquisita

1093 1262 1137 1302 in
1157 1274 1309 1303 omnes
1328 1260 1578 1302 voluntates
1598 1261 1700 1312 ejus.

1145 1317 1374 1359 Confessio
1399 1321 1443 1359 et
1466 1316 1790 1369 magnificentia
1808 1328 1920 1368 opus

1094 1375 1200 1427 ejus:
1214 1375 1238 1400 *
1258 1379 1302 1416 et
1318 1374 1482 1426 justitia
1502 1374 1593 1426 ejus
1611 1377 1760 1415 manet
1777 1372 1822 1414 in
1842 1374 1919 1414 sae-

1094 1431 1240 1473 culum
1259 1430 1420 1472 saeculi.

1146 1487 1405 1529 Memoriam
1421 1487 1526 1528 fecit
1544 1485 1807 1528 mirabilium
1822 1487 1920 1527 suo-

1094 1557 1202 1595 rum,
1229 1544 1479 1586 misericors
1507 1548 1552 1586 et
1578 1543 1810 1585 miserator
1832 1542 1920 1584 Do-

1094 1602 1252 1643 minus:
1262 1602 1286 1627 *
1297 1613 1444 1643 escam
1460 1599 1584 1642 dedit
1597 1598 1852 1642 timentibus
1863 1611 1920 1640 se.

1145 1658 1316 1700 Memor
1353 1657 1436 1699 erit
1471 1657 1515 1698 in
1547 1655 1759 1698 saeculum
1789 1660 1920 1698 testa-

1094 1715 1230 1757 menti
1249 1715 1330 1756 sui:
1349 1714 1373 1740 *
1391 1714 1600 1756 virtutem
1618 1715 1804 1766 operum
1822 1713 1920 1754 suo-

1095 1784 1192 1813 rum
1211 1770 1487 1813 annuntiebit
1502 1769 1669 1823 populo
1689 1782 1785 1811 suo:

1146 1828 1206 1870 Ut
1239 1827 1314 1870 det
1348 1827 1433 1868 illis
1469 1826 1774 1869 haereditetem
1807 1826 1920 1868 Gen-

1095 1885 1218 1926 tium:
1245 1885 1268 1910 *
1298 1886 1434 1937 opera
1459 1886 1667 1926 manuum
1695 1883 1786 1935 ejus
1811 1882 1920 1924 veri-

1095 1946 1175 1991 taS‚
1203 1946 1247 1983 et
1266 1941 1484 1994 judicium.

1143 1997 1311 2040 Fidelia
1322 1998 1469 2039 omnia
1482 1996 1691 2039 mandata
1701 1996 1805 2049 ejus:
1821 2007 1920 2038 con—

1096 2054 1268 2096 firmata
1286 2054 1330 2095 in
1349 2053 1561 2096 saeculum
1580 2053 1741 2104 saeculi,
1758 2052 1782 2079 *
1805 2052 1922 2094 facta

1096 2110 1140 2151 in
1159 2111 1344 2152 veritate
1364 2115 1409 2152 et
1429 2111 1650 2163 aequitate.

1141 2166 1511 2220 Redemptionem
1521 2167 1640 2209 misit
1648 2165 1816 2220 populo
1827 2177 1921 2207 suo:

1094 2224 1118 2248 *
1137 2223 1362 2266 mandavit
1385 2223 1429 2264 in
1451 2225 1665 2266 aeternum
1686 2223 1921 2264 testamen-

1094 2284 1188 2321 tum
1206 2293 1343 2322 suum.

1149 2337 1368 2388 Sanctum,
1383 2342 1427 2380 et
1441 2337 1637 2380 terribile
1647 2347 1807 2378 nomen
1818 2335 1923 2387 ejus:

1094 2394 1117 2419 *
1137 2394 1309 2436 initium
1331 2394 1558 2447 sapientiae
1583 2393 1714 2435 timor
1731 2392 1922 2433 Domini.

1146 2451 1402 2492 Intellectus
1429 2450 1572 2492 bonus
1593 2448 1796 2491 omnibus
1821 2449 1921 2490 faci·
1995 2487 2000 2492 .

1095 2507 1268 2548 entibus
1284 2520 1399 2549 eum:
1413 2507 1436 2533 *
1452 2506 1648 2549 laudatio
1668 2507 1759 2558 ejus
1773 2509 1922 2547 manet

1095 2564 1138 2604 in
1159 2563 1369 2605 saeculum
1390 2563 1551 2604 saeculi.

1146 2618 1247 2658 Ant.
1284 2618 1497 2672 Maiorem
1529 2619 1758 2662 caritatem
1789 2630 1919 2662 nemo

1094 2676 1238 2726 habet,
1266 2681 1314 2717 ut
1329 2676 1519 2717 animam
1534 2690 1657 2718 suam
1671 2681 1809 2730 ponat
1823 2676 1920 2729 qu'is

1094 2745 1176 2785 pro
1195 2732 1346 2774 amicis
1365 2733 1466 2774 suis.
