<?xml version="1.0" encoding="UTF-8"?>
<!DOCTYPE html PUBLIC "-//W3C//DTD XHTML 1.0 Transitional//EN"
    "http://www.w3.org/TR/xhtml1/DTD/xhtml1-transitional.dtd">
<html xmlns="http://www.w3.org/1999/xhtml" xml:lang="en" lang="en">
 <head>
  <title>
</title>
<meta http-equiv="Content-Type" content="text/html;charset=utf-8" />
  <meta name='ocr-system' content='tesseract 3.04.00' />
  <meta name='ocr-capabilities' content='ocr_page ocr_carea ocr_par ocr_line ocrx_word'/>
</head>
<body>
  <div class='ocr_page' id='page_1' title='image "./p4breviariumroma00cathuoft_0091.png"; bbox 0 0 2040 2944; ppageno 0'>
   <div class='ocr_carea' id='block_1_1' title="bbox 700 207 1861 250">
    <p class='ocr_par' dir='ltr' id='par_1_1' title="bbox 700 207 1861 250">
     <span class='ocr_line' id='line_1_1' title="bbox 700 207 1861 250; baseline 0.007 -10"><span class='ocrx_word' id='word_1_1' title='bbox 700 207 811 241; x_wconf 82' lang='lat' dir='ltr'>Feria</span> <span class='ocrx_word' id='word_1_2' title='bbox 838 212 973 250; x_wconf 73' lang='lat' dir='ltr'>quarta</span> <span class='ocrx_word' id='word_1_3' title='bbox 999 208 1048 241; x_wconf 79' lang='lat' dir='ltr'>ad</span> <span class='ocrx_word' id='word_1_4' title='bbox 1072 209 1307 244; x_wconf 77' lang='lat' dir='ltr'>Matutinum.</span> <span class='ocrx_word' id='word_1_5' title='bbox 1818 207 1861 241; x_wconf 80' lang='grc'>63</span> 
     </span>
    </p>
   </div>
   <div class='ocr_carea' id='block_1_2' title="bbox 142 263 1864 279">
    <p class='ocr_par' dir='ltr' id='par_1_2' title="bbox 142 263 1864 279">
     <span class='ocr_line' id='line_1_2' title="bbox 142 263 1864 279; baseline 0 2665"><span class='ocrx_word' id='word_1_6' title='bbox 142 263 1864 279; x_wconf 95' lang='lat' dir='ltr'> </span> 
     </span>
    </p>
   </div>
   <div class='ocr_carea' id='block_1_3' title="bbox 131 301 978 2759">
    <p class='ocr_par' dir='ltr' id='par_1_3' title="bbox 145 301 977 399">
     <span class='ocr_line' id='line_1_3' title="bbox 199 301 977 354; baseline -0.001 -11"><span class='ocrx_word' id='word_1_7' title='bbox 199 302 416 351; x_wconf 87' lang='lat' dir='ltr'>Quoniam</span> <span class='ocrx_word' id='word_1_8' title='bbox 443 302 651 354; x_wconf 84' lang='lat' dir='ltr'>nequitiae</span> <span class='ocrx_word' id='word_1_9' title='bbox 685 302 729 342; x_wconf 91' lang='lat' dir='ltr'>in</span> <span class='ocrx_word' id='word_1_10' title='bbox 755 301 977 342; x_wconf 78' lang='lat' dir='ltr'>habitacu-</span> 
     </span>
     <span class='ocr_line' id='line_1_4' title="bbox 145 357 886 399; baseline -0.001 -1"><span class='ocrx_word' id='word_1_11' title='bbox 145 357 198 398; x_wconf 86' lang='lat' dir='ltr'>lis</span> <span class='ocrx_word' id='word_1_12' title='bbox 227 359 394 399; x_wconf 82' lang='lat' dir='ltr'>eorum:</span> <span class='ocrx_word' id='word_1_13' title='bbox 422 359 445 384; x_wconf 86' lang='lat'>*</span> <span class='ocrx_word' id='word_1_14' title='bbox 473 359 518 399; x_wconf 87' lang='lat' dir='ltr'>in</span> <span class='ocrx_word' id='word_1_15' title='bbox 545 357 692 399; x_wconf 82' lang='lat' dir='ltr'>me&#39;dio</span> <span class='ocrx_word' id='word_1_16' title='bbox 724 360 886 398; x_wconf 84' lang='lat' dir='ltr'>eorum.</span> 
     </span>
    </p>

    <p class='ocr_par' dir='ltr' id='par_1_4' title="bbox 146 413 977 512">
     <span class='ocr_line' id='line_1_5' title="bbox 189 413 977 464; baseline -0.001 -10"><span class='ocrx_word' id='word_1_17' title='bbox 189 413 285 464; x_wconf 89' lang='lat' dir='ltr'>Ego</span> <span class='ocrx_word' id='word_1_18' title='bbox 317 419 463 456; x_wconf 88' lang='lat' dir='ltr'>autem</span> <span class='ocrx_word' id='word_1_19' title='bbox 491 414 548 456; x_wconf 88' lang='lat' dir='ltr'>ad</span> <span class='ocrx_word' id='word_1_20' title='bbox 571 414 716 455; x_wconf 91' lang='lat' dir='ltr'>Deum</span> <span class='ocrx_word' id='word_1_21' title='bbox 741 413 977 454; x_wconf 74' lang='lat' dir='ltr'>clamavi:*</span> 
     </span>
     <span class='ocr_line' id='line_1_6' title="bbox 146 469 756 512; baseline -0.003 0"><span class='ocrx_word' id='word_1_22' title='bbox 146 475 190 512; x_wconf 84' lang='lat' dir='ltr'>et</span> <span class='ocrx_word' id='word_1_23' title='bbox 216 470 432 512; x_wconf 85' lang='lat' dir='ltr'>Dominus</span> <span class='ocrx_word' id='word_1_24' title='bbox 460 469 648 512; x_wconf 80' lang='lat' dir='ltr'>salvabit</span> <span class='ocrx_word' id='word_1_25' title='bbox 674 482 756 510; x_wconf 73' lang='lat' dir='ltr'>me,</span> 
     </span>
    </p>

    <p class='ocr_par' dir='ltr' id='par_1_5' title="bbox 144 525 978 681">
     <span class='ocr_line' id='line_1_7' title="bbox 197 525 976 579; baseline -0.003 -12"><span class='ocrx_word' id='word_1_26' title='bbox 197 527 409 579; x_wconf 79' lang='lat' dir='ltr'>Vespere,</span> <span class='ocrx_word' id='word_1_27' title='bbox 421 532 465 569; x_wconf 85' lang='lat' dir='ltr'>et</span> <span class='ocrx_word' id='word_1_28' title='bbox 478 539 616 576; x_wconf 84' lang='lat' dir='ltr'>mane,</span> <span class='ocrx_word' id='word_1_29' title='bbox 632 531 675 567; x_wconf 92' lang='lat' dir='ltr'>et</span> <span class='ocrx_word' id='word_1_30' title='bbox 685 525 867 567; x_wconf 89' lang='lat' dir='ltr'>meridie</span> <span class='ocrx_word' id='word_1_31' title='bbox 882 538 976 566; x_wconf 87' lang='lat' dir='ltr'>nar-</span> 
     </span>
     <span class='ocr_line' id='line_1_8' title="bbox 144 581 978 624; baseline -0.002 0"><span class='ocrx_word' id='word_1_32' title='bbox 144 582 254 624; x_wconf 76' lang='lat' dir='ltr'>rabo</span> <span class='ocrx_word' id='word_1_33' title='bbox 284 588 327 624; x_wconf 86' lang='lat' dir='ltr'>et</span> <span class='ocrx_word' id='word_1_34' title='bbox 355 582 639 624; x_wconf 81' lang='lat' dir='ltr'>annuntiabo:</span> <span class='ocrx_word' id='word_1_35' title='bbox 659 582 682 607; x_wconf 88' lang='lat'>*</span> <span class='ocrx_word' id='word_1_36' title='bbox 701 587 744 623; x_wconf 92' lang='lat' dir='ltr'>et</span> <span class='ocrx_word' id='word_1_37' title='bbox 773 581 978 623; x_wconf 80' lang='lat' dir='ltr'>exaudiet</span> 
     </span>
     <span class='ocr_line' id='line_1_9' title="bbox 144 651 482 681; baseline -0.003 -1"><span class='ocrx_word' id='word_1_38' title='bbox 144 651 301 680; x_wconf 87' lang='lat' dir='ltr'>vocem</span> <span class='ocrx_word' id='word_1_39' title='bbox 328 652 482 681; x_wconf 84' lang='lat' dir='ltr'>meam.</span> 
     </span>
    </p>

    <p class='ocr_par' dir='ltr' id='par_1_6' title="bbox 145 695 977 860">
     <span class='ocr_line' id='line_1_10' title="bbox 193 695 977 748; baseline -0.003 -12"><span class='ocrx_word' id='word_1_40' title='bbox 193 695 399 742; x_wconf 82' lang='lat' dir='ltr'>Redimet</span> <span class='ocrx_word' id='word_1_41' title='bbox 417 695 466 736; x_wconf 80' lang='lat' dir='ltr'>&#39;in</span> <span class='ocrx_word' id='word_1_42' title='bbox 488 708 598 748; x_wconf 90' lang='lat' dir='ltr'>pace</span> <span class='ocrx_word' id='word_1_43' title='bbox 623 695 811 735; x_wconf 80' lang='lat' dir='ltr'>animam</span> <span class='ocrx_word' id='word_1_44' title='bbox 834 707 977 735; x_wconf 88' lang='lat' dir='ltr'>meam</span> 
     </span>
     <span class='ocr_line' id='line_1_11' title="bbox 145 750 975 805; baseline -0.002 -13"><span class='ocrx_word' id='word_1_45' title='bbox 145 751 200 792; x_wconf 85' lang='lat' dir='ltr'>ab</span> <span class='ocrx_word' id='word_1_46' title='bbox 228 751 306 801; x_wconf 82' lang='lat' dir='ltr'>his,</span> <span class='ocrx_word' id='word_1_47' title='bbox 336 752 410 803; x_wconf 89' lang='lat' dir='ltr'>qui</span> <span class='ocrx_word' id='word_1_48' title='bbox 438 755 796 805; x_wconf 87' lang='lat' dir='ltr'>appropinquant</span> <span class='ocrx_word' id='word_1_49' title='bbox 823 750 975 791; x_wconf 90' lang='lat' dir='ltr'>mihi:*</span> 
     </span>
     <span class='ocr_line' id='line_1_12' title="bbox 145 808 976 860; baseline -0.002 -11"><span class='ocrx_word' id='word_1_50' title='bbox 145 808 351 860; x_wconf 86' lang='lat' dir='ltr'>quoniam</span> <span class='ocrx_word' id='word_1_51' title='bbox 360 809 474 850; x_wconf 91' lang='lat' dir='ltr'>inter</span> <span class='ocrx_word' id='word_1_52' title='bbox 487 808 650 850; x_wconf 90' lang='lat' dir='ltr'>multos</span> <span class='ocrx_word' id='word_1_53' title='bbox 662 813 785 849; x_wconf 88' lang='lat' dir='ltr'>erant</span> <span class='ocrx_word' id='word_1_54' title='bbox 794 820 976 848; x_wconf 86' lang='lat' dir='ltr'>mecum.</span> 
     </span>
    </p>

    <p class='ocr_par' dir='ltr' id='par_1_7' title="bbox 142 863 976 972">
     <span class='ocr_line' id='line_1_13' title="bbox 194 863 976 914; baseline -0.001 -10"><span class='ocrx_word' id='word_1_55' title='bbox 194 863 550 914; x_wconf 73' lang='lat' dir='ltr'>ExaudietDeus‚</span> <span class='ocrx_word' id='word_1_56' title='bbox 559 870 602 906; x_wconf 87' lang='lat' dir='ltr'>et</span> <span class='ocrx_word' id='word_1_57' title='bbox 612 864 857 906; x_wconf 76' lang='lat' dir='ltr'>humiliabit</span> <span class='ocrx_word' id='word_1_58' title='bbox 867 863 976 913; x_wconf 81' lang='lat' dir='ltr'>illos,</span> 
     </span>
     <span class='ocr_line' id='line_1_14' title="bbox 142 921 665 972; baseline 0.002 -11"><span class='ocrx_word' id='word_1_59' title='bbox 142 921 166 947; x_wconf 87' lang='lat'>*</span> <span class='ocrx_word' id='word_1_60' title='bbox 185 921 259 972; x_wconf 82' lang='lat' dir='ltr'>qui</span> <span class='ocrx_word' id='word_1_61' title='bbox 281 925 348 962; x_wconf 90' lang='lat' dir='ltr'>est</span> <span class='ocrx_word' id='word_1_62' title='bbox 366 925 467 962; x_wconf 86' lang='lat' dir='ltr'>ante</span> <span class='ocrx_word' id='word_1_63' title='bbox 493 921 665 962; x_wconf 74' lang='lat' dir='ltr'>saecula.</span> 
     </span>
    </p>

    <p class='ocr_par' dir='ltr' id='par_1_8' title="bbox 143 976 975 1131">
     <span class='ocr_line' id='line_1_15' title="bbox 193 976 975 1025; baseline -0.003 -7"><span class='ocrx_word' id='word_1_64' title='bbox 193 976 296 1018; x_wconf 92' lang='lat' dir='ltr'>Non</span> <span class='ocrx_word' id='word_1_65' title='bbox 325 977 440 1018; x_wconf 90' lang='lat' dir='ltr'>enim</span> <span class='ocrx_word' id='word_1_66' title='bbox 469 982 535 1019; x_wconf 89' lang='lat' dir='ltr'>est</span> <span class='ocrx_word' id='word_1_67' title='bbox 562 976 647 1017; x_wconf 89' lang='lat' dir='ltr'>illis</span> <span class='ocrx_word' id='word_1_68' title='bbox 678 976 975 1025; x_wconf 76' lang='lat' dir='ltr'>commutatio,</span> 
     </span>
     <span class='ocr_line' id='line_1_16' title="bbox 143 1033 974 1075; baseline -0.001 -2"><span class='ocrx_word' id='word_1_69' title='bbox 143 1037 194 1074; x_wconf 83' lang='lat' dir='ltr'>et</span> <span class='ocrx_word' id='word_1_70' title='bbox 214 1046 303 1074; x_wconf 92' lang='lat' dir='ltr'>non</span> <span class='ocrx_word' id='word_1_71' title='bbox 330 1033 569 1075; x_wconf 80' lang='lat' dir='ltr'>timuerunt</span> <span class='ocrx_word' id='word_1_72' title='bbox 596 1034 753 1074; x_wconf 92' lang='lat' dir='ltr'>Deum:</span> <span class='ocrx_word' id='word_1_73' title='bbox 782 1033 806 1057; x_wconf 87' lang='lat'>*</span> <span class='ocrx_word' id='word_1_74' title='bbox 829 1034 974 1073; x_wconf 81' lang='lat' dir='ltr'>exten-</span> 
     </span>
     <span class='ocr_line' id='line_1_17' title="bbox 143 1087 948 1131; baseline -0.002 -1"><span class='ocrx_word' id='word_1_75' title='bbox 143 1089 207 1130; x_wconf 92' lang='lat' dir='ltr'>dit</span> <span class='ocrx_word' id='word_1_76' title='bbox 233 1103 409 1130; x_wconf 88' lang='lat' dir='ltr'>manum</span> <span class='ocrx_word' id='word_1_77' title='bbox 434 1103 557 1131; x_wconf 89' lang='lat' dir='ltr'>suam</span> <span class='ocrx_word' id='word_1_78' title='bbox 585 1090 629 1130; x_wconf 89' lang='lat' dir='ltr'>in</span> <span class='ocrx_word' id='word_1_79' title='bbox 655 1087 948 1130; x_wconf 79' lang='lat' dir='ltr'>retribuendo.</span> 
     </span>
    </p>

    <p class='ocr_par' dir='ltr' id='par_1_9' title="bbox 140 1146 974 1311">
     <span class='ocr_line' id='line_1_18' title="bbox 193 1146 974 1187; baseline -0.004 0"><span class='ocrx_word' id='word_1_80' title='bbox 193 1146 609 1187; x_wconf 77' lang='lat' dir='ltr'>Contaminaverunt</span> <span class='ocrx_word' id='word_1_81' title='bbox 664 1147 974 1187; x_wconf 77' lang='lat' dir='ltr'>testamentum</span> 
     </span>
     <span class='ocr_line' id='line_1_19' title="bbox 141 1200 973 1253; baseline -0.004 -10"><span class='ocrx_word' id='word_1_82' title='bbox 141 1202 242 1253; x_wconf 87' lang='lat' dir='ltr'>ejus,</span> <span class='ocrx_word' id='word_1_83' title='bbox 263 1201 391 1243; x_wconf 85' lang='lat' dir='ltr'>divisi</span> <span class='ocrx_word' id='word_1_84' title='bbox 410 1207 512 1244; x_wconf 92' lang='lat' dir='ltr'>sunt</span> <span class='ocrx_word' id='word_1_85' title='bbox 532 1202 587 1243; x_wconf 86' lang='lat' dir='ltr'>ab</span> <span class='ocrx_word' id='word_1_86' title='bbox 611 1202 676 1242; x_wconf 86' lang='lat' dir='ltr'>ira</span> <span class='ocrx_word' id='word_1_87' title='bbox 696 1200 841 1242; x_wconf 87' lang='lat' dir='ltr'>vultus</span> <span class='ocrx_word' id='word_1_88' title='bbox 865 1201 973 1251; x_wconf 91' lang='lat' dir='ltr'>ejus:</span> 
     </span>
     <span class='ocr_line' id='line_1_20' title="bbox 140 1256 894 1311; baseline -0.005 -11"><span class='ocrx_word' id='word_1_89' title='bbox 140 1258 164 1283; x_wconf 86' lang='lat'>*</span> <span class='ocrx_word' id='word_1_90' title='bbox 192 1263 236 1300; x_wconf 90' lang='lat' dir='ltr'>et</span> <span class='ocrx_word' id='word_1_91' title='bbox 263 1258 638 1311; x_wconf 66' lang='lat' dir='ltr'>appropinquavit</span> <span class='ocrx_word' id='word_1_92' title='bbox 665 1270 742 1299; x_wconf 89' lang='lat' dir='ltr'>cor</span> <span class='ocrx_word' id='word_1_93' title='bbox 769 1256 894 1297; x_wconf 90' lang='lat' dir='ltr'>illius.</span> 
     </span>
    </p>

    <p class='ocr_par' dir='ltr' id='par_1_10' title="bbox 140 1314 972 1423">
     <span class='ocr_line' id='line_1_21' title="bbox 191 1314 972 1365; baseline -0.003 -10"><span class='ocrx_word' id='word_1_94' title='bbox 191 1314 350 1356; x_wconf 86' lang='lat' dir='ltr'>Molliti</span> <span class='ocrx_word' id='word_1_95' title='bbox 369 1319 470 1356; x_wconf 92' lang='lat' dir='ltr'>sunt</span> <span class='ocrx_word' id='word_1_96' title='bbox 488 1316 714 1356; x_wconf 85' lang='lat' dir='ltr'>sermones</span> <span class='ocrx_word' id='word_1_97' title='bbox 730 1314 820 1364; x_wconf 91' lang='lat' dir='ltr'>ejus</span> <span class='ocrx_word' id='word_1_98' title='bbox 840 1326 972 1365; x_wconf 92' lang='lat' dir='ltr'>super</span> 
     </span>
     <span class='ocr_line' id='line_1_22' title="bbox 140 1369 833 1423; baseline -0.003 -12"><span class='ocrx_word' id='word_1_99' title='bbox 140 1369 302 1422; x_wconf 85' lang='lat' dir='ltr'>oleum:</span> <span class='ocrx_word' id='word_1_100' title='bbox 329 1371 353 1396; x_wconf 88' lang='lat'>*</span> <span class='ocrx_word' id='word_1_101' title='bbox 376 1375 419 1412; x_wconf 93' lang='lat' dir='ltr'>et</span> <span class='ocrx_word' id='word_1_102' title='bbox 446 1371 531 1423; x_wconf 92' lang='lat' dir='ltr'>ipsi</span> <span class='ocrx_word' id='word_1_103' title='bbox 555 1375 656 1411; x_wconf 92' lang='lat' dir='ltr'>sunt</span> <span class='ocrx_word' id='word_1_104' title='bbox 683 1369 833 1421; x_wconf 81' lang='lat' dir='ltr'>jacula.</span> 
     </span>
    </p>

    <p class='ocr_par' dir='ltr' id='par_1_11' title="bbox 136 1426 970 1588">
     <span class='ocr_line' id='line_1_23' title="bbox 189 1426 970 1478; baseline -0.001 -12"><span class='ocrx_word' id='word_1_105' title='bbox 189 1426 214 1466; x_wconf 91' lang='lat' dir='ltr'><strong>J</strong></span> <span class='ocrx_word' id='word_1_106' title='bbox 217 1431 314 1468; x_wconf 86' lang='lat' dir='ltr'>acta</span> <span class='ocrx_word' id='word_1_107' title='bbox 334 1439 466 1478; x_wconf 90' lang='lat' dir='ltr'>super</span> <span class='ocrx_word' id='word_1_108' title='bbox 484 1427 722 1467; x_wconf 85' lang='lat' dir='ltr'>Dominum</span> <span class='ocrx_word' id='word_1_109' title='bbox 742 1438 891 1466; x_wconf 89' lang='lat' dir='ltr'>curam</span> <span class='ocrx_word' id='word_1_110' title='bbox 907 1430 970 1466; x_wconf 92' lang='lat' dir='ltr'>tu-</span> 
     </span>
     <span class='ocr_line' id='line_1_24' title="bbox 138 1480 970 1535; baseline -0.002 -12"><span class='ocrx_word' id='word_1_111' title='bbox 138 1495 218 1532; x_wconf 91' lang='lat' dir='ltr'>am,</span> <span class='ocrx_word' id='word_1_112' title='bbox 248 1487 292 1524; x_wconf 92' lang='lat' dir='ltr'>et</span> <span class='ocrx_word' id='word_1_113' title='bbox 318 1483 413 1535; x_wconf 90' lang='lat' dir='ltr'>ipse</span> <span class='ocrx_word' id='word_1_114' title='bbox 441 1488 485 1524; x_wconf 86' lang='lat' dir='ltr'>te</span> <span class='ocrx_word' id='word_1_115' title='bbox 516 1482 720 1524; x_wconf 75' lang='lat' dir='ltr'>emitriet:</span> <span class='ocrx_word' id='word_1_116' title='bbox 739 1482 762 1507; x_wconf 92' lang='lat'>*</span> <span class='ocrx_word' id='word_1_117' title='bbox 781 1494 870 1522; x_wconf 93' lang='lat' dir='ltr'>non</span> <span class='ocrx_word' id='word_1_118' title='bbox 899 1480 970 1522; x_wconf 88' lang='lat' dir='ltr'>da-</span> 
     </span>
     <span class='ocr_line' id='line_1_25' title="bbox 136 1538 969 1588; baseline -0.004 -8"><span class='ocrx_word' id='word_1_119' title='bbox 136 1538 255 1580; x_wconf 88' lang='lat' dir='ltr'>bitin</span> <span class='ocrx_word' id='word_1_120' title='bbox 271 1541 485 1580; x_wconf 78' lang='lat' dir='ltr'>aeternum</span> <span class='ocrx_word' id='word_1_121' title='bbox 501 1538 830 1580; x_wconf 71' lang='lat' dir='ltr'>fluctuatiOnem</span> <span class='ocrx_word' id='word_1_122' title='bbox 844 1538 969 1588; x_wconf 90' lang='lat' dir='ltr'>justo.</span> 
     </span>
    </p>

    <p class='ocr_par' dir='ltr' id='par_1_12' title="bbox 136 1594 970 1704">
     <span class='ocr_line' id='line_1_26' title="bbox 188 1594 970 1643; baseline -0.004 -7"><span class='ocrx_word' id='word_1_123' title='bbox 188 1595 258 1636; x_wconf 92' lang='lat' dir='ltr'>Tu</span> <span class='ocrx_word' id='word_1_124' title='bbox 284 1608 392 1637; x_wconf 90' lang='lat' dir='ltr'>vero</span> <span class='ocrx_word' id='word_1_125' title='bbox 419 1595 541 1636; x_wconf 90' lang='lat' dir='ltr'>Deus</span> <span class='ocrx_word' id='word_1_126' title='bbox 570 1594 763 1636; x_wconf 75' lang='lat' dir='ltr'>deduces</span> <span class='ocrx_word' id='word_1_127' title='bbox 793 1594 970 1643; x_wconf 88' lang='lat' dir='ltr'>eos,*in</span> 
     </span>
     <span class='ocr_line' id='line_1_27' title="bbox 136 1652 557 1704; baseline -0.002 -11"><span class='ocrx_word' id='word_1_128' title='bbox 136 1655 319 1704; x_wconf 69' lang='lat' dir='ltr'>puteum</span> <span class='ocrx_word' id='word_1_129' title='bbox 346 1652 557 1693; x_wconf 76' lang='lat' dir='ltr'>interitus.</span> 
     </span>
    </p>

    <p class='ocr_par' dir='ltr' id='par_1_13' title="bbox 135 1706 969 1872">
     <span class='ocr_line' id='line_1_28' title="bbox 187 1706 969 1758; baseline -0.004 -10"><span class='ocrx_word' id='word_1_130' title='bbox 187 1708 285 1749; x_wconf 90' lang='lat' dir='ltr'>Viri</span> <span class='ocrx_word' id='word_1_131' title='bbox 318 1708 592 1758; x_wconf 78' lang='lat' dir='ltr'>sanguinum,</span> <span class='ocrx_word' id='word_1_132' title='bbox 628 1712 671 1748; x_wconf 91' lang='lat' dir='ltr'>et</span> <span class='ocrx_word' id='word_1_133' title='bbox 705 1706 849 1748; x_wconf 69' lang='lat' dir='ltr'>dolosi</span> <span class='ocrx_word' id='word_1_134' title='bbox 881 1718 969 1746; x_wconf 90' lang='lat' dir='ltr'>non</span> 
     </span>
     <span class='ocr_line' id='line_1_29' title="bbox 136 1763 966 1813; baseline -0.002 -9"><span class='ocrx_word' id='word_1_135' title='bbox 136 1763 426 1805; x_wconf 76' lang='lat' dir='ltr'>dimidiabunt</span> <span class='ocrx_word' id='word_1_136' title='bbox 444 1763 537 1805; x_wconf 85' lang='lat' dir='ltr'>dies</span> <span class='ocrx_word' id='word_1_137' title='bbox 552 1776 672 1804; x_wconf 87' lang='lat' dir='ltr'>suos:</span> <span class='ocrx_word' id='word_1_138' title='bbox 687 1763 710 1788; x_wconf 92' lang='lat'>*</span> <span class='ocrx_word' id='word_1_139' title='bbox 727 1775 809 1813; x_wconf 86' lang='lat' dir='ltr'>ego</span> <span class='ocrx_word' id='word_1_140' title='bbox 821 1767 966 1803; x_wconf 87' lang='lat' dir='ltr'>autem</span> 
     </span>
     <span class='ocr_line' id='line_1_30' title="bbox 135 1819 697 1872; baseline -0.002 -12"><span class='ocrx_word' id='word_1_141' title='bbox 135 1820 326 1872; x_wconf 80' lang='lat' dir='ltr'>sperabo</span> <span class='ocrx_word' id='word_1_142' title='bbox 354 1821 398 1862; x_wconf 92' lang='lat' dir='ltr'>in</span> <span class='ocrx_word' id='word_1_143' title='bbox 425 1825 470 1862; x_wconf 88' lang='lat' dir='ltr'>te</span> <span class='ocrx_word' id='word_1_144' title='bbox 497 1819 697 1861; x_wconf 86' lang='lat' dir='ltr'>Domine.</span> 
     </span>
    </p>

    <p class='ocr_par' dir='ltr' id='par_1_14' title="bbox 133 1874 966 1986">
     <span class='ocr_line' id='line_1_31' title="bbox 187 1874 966 1927; baseline -0.005 -9"><span class='ocrx_word' id='word_1_145' title='bbox 187 1878 287 1919; x_wconf 88' lang='lat' dir='ltr'><strong>Ant.</strong></span> <span class='ocrx_word' id='word_1_146' title='bbox 334 1877 502 1918; x_wconf 79' lang='lat' dir='ltr'>Avertit</span> <span class='ocrx_word' id='word_1_147' title='bbox 539 1875 755 1916; x_wconf 87' lang='lat' dir='ltr'>Dominus</span> <span class='ocrx_word' id='word_1_148' title='bbox 788 1874 966 1927; x_wconf 88' lang='lat' dir='ltr'>captivi-</span> 
     </span>
     <span class='ocr_line' id='line_1_32' title="bbox 133 1932 572 1986; baseline -0.002 -12"><span class='ocrx_word' id='word_1_149' title='bbox 133 1934 272 1975; x_wconf 80' lang='lat' dir='ltr'>tatem</span> <span class='ocrx_word' id='word_1_150' title='bbox 298 1932 441 1986; x_wconf 88' lang='lat' dir='ltr'>plebis</span> <span class='ocrx_word' id='word_1_151' title='bbox 470 1946 572 1974; x_wconf 87' lang='lat' dir='ltr'>suae.</span> 
     </span>
    </p>

    <p class='ocr_par' dir='ltr' id='par_1_15' title="bbox 188 1989 542 2040">
     <span class='ocr_line' id='line_1_33' title="bbox 188 1989 542 2040; baseline -0.003 -10"><span class='ocrx_word' id='word_1_152' title='bbox 188 1990 287 2031; x_wconf 91' lang='lat' dir='ltr'>Ant.</span> <span class='ocrx_word' id='word_1_153' title='bbox 317 1989 542 2040; x_wconf 84' lang='lat' dir='ltr'>Quoniam.</span> 
     </span>
    </p>

    <p class='ocr_par' dir='ltr' id='par_1_16' title="bbox 133 2048 965 2266">
     <span class='ocr_line' id='line_1_34' title="bbox 405 2048 699 2088; baseline 0.003 -1"><span class='ocrx_word' id='word_1_154' title='bbox 405 2048 604 2088; x_wconf 87' lang='lat' dir='ltr'>Psalmus</span> <span class='ocrx_word' id='word_1_155' title='bbox 633 2050 699 2088; x_wconf 81' lang='lat'>55.</span> 
     </span>
     <span class='ocr_line' id='line_1_35' title="bbox 136 2096 964 2202; baseline -0.002 -60"><span class='ocrx_word' id='word_1_156' title='bbox 136 2096 404 2202; x_wconf 80' lang='lat' dir='ltr'>Miserere</span> <span class='ocrx_word' id='word_1_157' title='bbox 415 2102 640 2152; x_wconf 82' lang='lat' dir='ltr'>meiDeus,</span> <span class='ocrx_word' id='word_1_158' title='bbox 651 2101 856 2153; x_wconf 82' lang='lat' dir='ltr'>quoniam</span> <span class='ocrx_word' id='word_1_159' title='bbox 865 2112 964 2141; x_wconf 90' lang='lat' dir='ltr'>con-</span> 
     </span>
     <span class='ocr_line' id='line_1_36' title="bbox 264 2155 965 2199; baseline -0.004 0"><span class='ocrx_word' id='word_1_160' title='bbox 264 2158 452 2199; x_wconf 75' lang='lat' dir='ltr'>culcavit</span> <span class='ocrx_word' id='word_1_161' title='bbox 472 2171 543 2199; x_wconf 91' lang='lat' dir='ltr'>me</span> <span class='ocrx_word' id='word_1_162' title='bbox 571 2158 719 2199; x_wconf 91' lang='lat' dir='ltr'>homo:</span> <span class='ocrx_word' id='word_1_163' title='bbox 734 2158 757 2183; x_wconf 91' lang='lat'>*</span> <span class='ocrx_word' id='word_1_164' title='bbox 771 2162 867 2198; x_wconf 86' lang='lat' dir='ltr'>tota</span> <span class='ocrx_word' id='word_1_165' title='bbox 895 2155 965 2197; x_wconf 88' lang='lat' dir='ltr'>die</span> 
     </span>
     <span class='ocr_line' id='line_1_37' title="bbox 133 2213 756 2266; baseline 0 -13"><span class='ocrx_word' id='word_1_166' title='bbox 133 2213 394 2266; x_wconf 79' lang='lat' dir='ltr'>impugnans</span> <span class='ocrx_word' id='word_1_167' title='bbox 422 2214 649 2255; x_wconf 79' lang='lat' dir='ltr'>tribulavit</span> <span class='ocrx_word' id='word_1_168' title='bbox 675 2226 756 2254; x_wconf 92' lang='lat' dir='ltr'>me.</span> 
     </span>
    </p>

    <p class='ocr_par' dir='ltr' id='par_1_17' title="bbox 132 2267 965 2423">
     <span class='ocr_line' id='line_1_38' title="bbox 186 2267 965 2311; baseline -0.004 0"><span class='ocrx_word' id='word_1_169' title='bbox 186 2270 563 2311; x_wconf 82' lang='lat' dir='ltr'>Conculcaverunt</span> <span class='ocrx_word' id='word_1_170' title='bbox 589 2283 660 2310; x_wconf 88' lang='lat' dir='ltr'>me</span> <span class='ocrx_word' id='word_1_171' title='bbox 690 2269 853 2310; x_wconf 85' lang='lat' dir='ltr'>inimici</span> <span class='ocrx_word' id='word_1_172' title='bbox 878 2267 965 2308; x_wconf 91' lang='lat' dir='ltr'>mei</span> 
     </span>
     <span class='ocr_line' id='line_1_39' title="bbox 132 2323 964 2378; baseline -0.004 -11"><span class='ocrx_word' id='word_1_173' title='bbox 132 2330 227 2367; x_wconf 86' lang='lat' dir='ltr'>tota</span> <span class='ocrx_word' id='word_1_174' title='bbox 256 2326 344 2367; x_wconf 85' lang='lat' dir='ltr'>die:</span> <span class='ocrx_word' id='word_1_175' title='bbox 365 2327 388 2351; x_wconf 89' lang='lat'>*</span> <span class='ocrx_word' id='word_1_176' title='bbox 409 2326 622 2378; x_wconf 46' lang='lat' dir='ltr'>*quoniam</span> <span class='ocrx_word' id='word_1_177' title='bbox 650 2325 775 2366; x_wconf 91' lang='lat' dir='ltr'>multi</span> <span class='ocrx_word' id='word_1_178' title='bbox 801 2323 964 2366; x_wconf 72' lang='lat' dir='ltr'>bellan-</span> 
     </span>
     <span class='ocr_line' id='line_1_40' title="bbox 132 2381 569 2423; baseline -0.005 0"><span class='ocrx_word' id='word_1_179' title='bbox 132 2386 200 2423; x_wconf 87' lang='lat' dir='ltr'>tes</span> <span class='ocrx_word' id='word_1_180' title='bbox 227 2381 461 2423; x_wconf 81' lang='lat' dir='ltr'>adversum</span> <span class='ocrx_word' id='word_1_181' title='bbox 487 2394 569 2422; x_wconf 91' lang='lat' dir='ltr'>me.</span> 
     </span>
    </p>

    <p class='ocr_par' dir='ltr' id='par_1_18' title="bbox 133 2436 962 2546">
     <span class='ocr_line' id='line_1_41' title="bbox 184 2436 962 2485; baseline -0.003 -7"><span class='ocrx_word' id='word_1_182' title='bbox 184 2437 256 2479; x_wconf 89' lang='lat' dir='ltr'>Ab</span> <span class='ocrx_word' id='word_1_183' title='bbox 285 2437 514 2480; x_wconf 77' lang='lat' dir='ltr'>altitudine</span> <span class='ocrx_word' id='word_1_184' title='bbox 543 2437 628 2478; x_wconf 79' lang='lat' dir='ltr'>diei</span> <span class='ocrx_word' id='word_1_185' title='bbox 654 2436 962 2485; x_wconf 79' lang='lat' dir='ltr'>timebo:*ego</span> 
     </span>
     <span class='ocr_line' id='line_1_42' title="bbox 133 2493 614 2546; baseline -0.002 -11"><span class='ocrx_word' id='word_1_186' title='bbox 133 2506 239 2536; x_wconf 86' lang='lat' dir='ltr'>vero</span> <span class='ocrx_word' id='word_1_187' title='bbox 268 2495 311 2535; x_wconf 93' lang='lat' dir='ltr'>in</span> <span class='ocrx_word' id='word_1_188' title='bbox 338 2499 383 2535; x_wconf 88' lang='lat' dir='ltr'>te</span> <span class='ocrx_word' id='word_1_189' title='bbox 412 2493 614 2546; x_wconf 75' lang='lat' dir='ltr'>sperabo.</span> 
     </span>
    </p>

    <p class='ocr_par' dir='ltr' id='par_1_19' title="bbox 131 2549 962 2703">
     <span class='ocr_line' id='line_1_43' title="bbox 184 2549 962 2596; baseline -0.005 -6"><span class='ocrx_word' id='word_1_190' title='bbox 184 2551 236 2591; x_wconf 93' lang='lat' dir='ltr'>In</span> <span class='ocrx_word' id='word_1_191' title='bbox 254 2550 351 2592; x_wconf 89' lang='lat' dir='ltr'>Deo</span> <span class='ocrx_word' id='word_1_192' title='bbox 373 2549 564 2591; x_wconf 75' lang='lat' dir='ltr'>laudabo</span> <span class='ocrx_word' id='word_1_193' title='bbox 585 2550 809 2590; x_wconf 71' lang='lat' dir='ltr'>sermOnes</span> <span class='ocrx_word' id='word_1_194' title='bbox 828 2560 962 2596; x_wconf 82' lang='lat' dir='ltr'>meOS,</span> 
     </span>
     <span class='ocr_line' id='line_1_44' title="bbox 131 2602 962 2658; baseline -0.006 -11"><span class='ocrx_word' id='word_1_195' title='bbox 131 2605 175 2646; x_wconf 91' lang='lat' dir='ltr'>in</span> <span class='ocrx_word' id='word_1_196' title='bbox 194 2606 292 2647; x_wconf 93' lang='lat' dir='ltr'>Deo</span> <span class='ocrx_word' id='word_1_197' title='bbox 312 2606 502 2658; x_wconf 73' lang='lat' dir='ltr'>speravi:</span> <span class='ocrx_word' id='word_1_198' title='bbox 521 2606 543 2631; x_wconf 89' lang='lat'>*</span> <span class='ocrx_word' id='word_1_199' title='bbox 562 2619 650 2646; x_wconf 93' lang='lat' dir='ltr'>non</span> <span class='ocrx_word' id='word_1_200' title='bbox 669 2603 833 2646; x_wconf 74' lang='lat' dir='ltr'>timebo</span> <span class='ocrx_word' id='word_1_201' title='bbox 857 2602 962 2654; x_wconf 90' lang='lat' dir='ltr'>quid</span> 
     </span>
     <span class='ocr_line' id='line_1_45' title="bbox 133 2661 538 2703; baseline 0.002 -2"><span class='ocrx_word' id='word_1_202' title='bbox 133 2661 264 2703; x_wconf 80' lang='lat' dir='ltr'>faciat</span> <span class='ocrx_word' id='word_1_203' title='bbox 290 2662 396 2702; x_wconf 90' lang='lat' dir='ltr'>mihi</span> <span class='ocrx_word' id='word_1_204' title='bbox 424 2675 538 2703; x_wconf 89' lang='lat' dir='ltr'>caro.</span> 
     </span>
    </p>

    <p class='ocr_par' dir='ltr' id='par_1_20' title="bbox 183 2714 961 2759">
     <span class='ocr_line' id='line_1_46' title="bbox 183 2714 961 2759; baseline -0.004 -1"><span class='ocrx_word' id='word_1_205' title='bbox 183 2717 300 2759; x_wconf 86' lang='lat' dir='ltr'>Tota</span> <span class='ocrx_word' id='word_1_206' title='bbox 319 2717 389 2759; x_wconf 90' lang='lat' dir='ltr'>die</span> <span class='ocrx_word' id='word_1_207' title='bbox 409 2717 544 2759; x_wconf 84' lang='lat' dir='ltr'>verba</span> <span class='ocrx_word' id='word_1_208' title='bbox 562 2730 660 2759; x_wconf 86' lang='lat' dir='ltr'>mea</span> <span class='ocrx_word' id='word_1_209' title='bbox 676 2714 961 2758; x_wconf 76' lang='lat' dir='ltr'>exsecraban-</span> 
     </span>
    </p>
   </div>
   <div class='ocr_carea' id='block_1_4' title="bbox 1014 301 1887 2763">
    <p class='ocr_par' dir='ltr' id='par_1_21' title="bbox 1029 301 1859 403">
     <span class='ocr_line' id='line_1_47' title="bbox 1029 301 1859 353; baseline 0.001 -11"><span class='ocrx_word' id='word_1_210' title='bbox 1029 306 1116 342; x_wconf 86' lang='lat' dir='ltr'><strong>tur:</strong></span> <span class='ocrx_word' id='word_1_211' title='bbox 1143 302 1167 326; x_wconf 90' lang='lat'>*</span> <span class='ocrx_word' id='word_1_212' title='bbox 1195 301 1428 343; x_wconf 85' lang='lat' dir='ltr'>adversum</span> <span class='ocrx_word' id='word_1_213' title='bbox 1459 315 1530 344; x_wconf 89' lang='lat' dir='ltr'>me</span> <span class='ocrx_word' id='word_1_214' title='bbox 1558 315 1709 344; x_wconf 87' lang='lat' dir='ltr'>omnes</span> <span class='ocrx_word' id='word_1_215' title='bbox 1745 303 1859 353; x_wconf 91' lang='lat' dir='ltr'>cogi-</span> 
     </span>
     <span class='ocr_line' id='line_1_48' title="bbox 1030 358 1669 403; baseline 0.002 -5"><span class='ocrx_word' id='word_1_216' title='bbox 1030 358 1217 398; x_wconf 83' lang='lat' dir='ltr'>tationes</span> <span class='ocrx_word' id='word_1_217' title='bbox 1248 360 1398 399; x_wconf 85' lang='lat' dir='ltr'>eorum</span> <span class='ocrx_word' id='word_1_218' title='bbox 1426 359 1470 399; x_wconf 91' lang='lat' dir='ltr'>in</span> <span class='ocrx_word' id='word_1_219' title='bbox 1496 359 1669 403; x_wconf 90' lang='lat' dir='ltr'>malum.</span> 
     </span>
    </p>

    <p class='ocr_par' dir='ltr' id='par_1_22' title="bbox 1029 413 1859 521">
     <span class='ocr_line' id='line_1_49' title="bbox 1081 413 1859 456; baseline 0.001 -3"><span class='ocrx_word' id='word_1_220' title='bbox 1081 413 1393 456; x_wconf 77' lang='lat' dir='ltr'>Inhabitabunt</span> <span class='ocrx_word' id='word_1_221' title='bbox 1430 420 1473 456; x_wconf 90' lang='lat' dir='ltr'>et</span> <span class='ocrx_word' id='word_1_222' title='bbox 1509 415 1799 456; x_wconf 86' lang='lat' dir='ltr'>abscondent:</span> <span class='ocrx_word' id='word_1_223' title='bbox 1836 415 1859 440; x_wconf 87' lang='lat'>*</span> 
     </span>
     <span class='ocr_line' id='line_1_50' title="bbox 1029 469 1858 521; baseline 0.001 -12"><span class='ocrx_word' id='word_1_224' title='bbox 1029 469 1114 521; x_wconf 90' lang='lat' dir='ltr'>ipsi</span> <span class='ocrx_word' id='word_1_225' title='bbox 1131 469 1383 511; x_wconf 78' lang='lat' dir='ltr'>calcaneum</span> <span class='ocrx_word' id='word_1_226' title='bbox 1393 484 1539 512; x_wconf 92' lang='lat' dir='ltr'>meum</span> <span class='ocrx_word' id='word_1_227' title='bbox 1551 471 1858 512; x_wconf 71' lang='lat' dir='ltr'>observabunt.</span> 
     </span>
    </p>

    <p class='ocr_par' dir='ltr' id='par_1_23' title="bbox 1029 526 1859 690">
     <span class='ocr_line' id='line_1_51' title="bbox 1080 526 1858 568; baseline 0.003 -2"><span class='ocrx_word' id='word_1_228' title='bbox 1080 526 1201 567; x_wconf 87' lang='lat' dir='ltr'>Sicut</span> <span class='ocrx_word' id='word_1_229' title='bbox 1233 526 1528 568; x_wconf 80' lang='lat' dir='ltr'>sustinuerunt</span> <span class='ocrx_word' id='word_1_230' title='bbox 1558 527 1746 568; x_wconf 77' lang='lat' dir='ltr'>animam</span> <span class='ocrx_word' id='word_1_231' title='bbox 1772 540 1858 568; x_wconf 91' lang='lat' dir='ltr'>me-</span> 
     </span>
     <span class='ocr_line' id='line_1_52' title="bbox 1029 582 1859 634; baseline 0 -12"><span class='ocrx_word' id='word_1_232' title='bbox 1029 595 1110 631; x_wconf 83' lang='lat' dir='ltr'>am,</span> <span class='ocrx_word' id='word_1_233' title='bbox 1130 595 1212 634; x_wconf 93' lang='lat' dir='ltr'>pro</span> <span class='ocrx_word' id='word_1_234' title='bbox 1232 582 1366 623; x_wconf 85' lang='lat' dir='ltr'>nshilo</span> <span class='ocrx_word' id='word_1_235' title='bbox 1386 583 1530 624; x_wconf 89' lang='lat' dir='ltr'>salvos</span> <span class='ocrx_word' id='word_1_236' title='bbox 1550 583 1683 624; x_wconf 77' lang='lat' dir='ltr'>facies</span> <span class='ocrx_word' id='word_1_237' title='bbox 1703 583 1816 624; x_wconf 88' lang='lat' dir='ltr'>illos:</span> <span class='ocrx_word' id='word_1_238' title='bbox 1835 584 1859 610; x_wconf 86' lang='lat'>*</span> 
     </span>
     <span class='ocr_line' id='line_1_53' title="bbox 1029 638 1666 690; baseline 0.002 -12"><span class='ocrx_word' id='word_1_239' title='bbox 1029 639 1073 678; x_wconf 92' lang='lat' dir='ltr'>in</span> <span class='ocrx_word' id='word_1_240' title='bbox 1099 639 1164 679; x_wconf 90' lang='lat' dir='ltr'>ira</span> <span class='ocrx_word' id='word_1_241' title='bbox 1190 638 1380 690; x_wconf 74' lang='lat' dir='ltr'>pOpulos</span> <span class='ocrx_word' id='word_1_242' title='bbox 1409 639 1666 690; x_wconf 82' lang='lat' dir='ltr'>confringes.</span> 
     </span>
    </p>

    <p class='ocr_par' dir='ltr' id='par_1_24' title="bbox 1029 694 1858 858">
     <span class='ocr_line' id='line_1_54' title="bbox 1081 694 1858 744; baseline 0.001 -9"><span class='ocrx_word' id='word_1_243' title='bbox 1081 694 1220 744; x_wconf 82' lang='lat' dir='ltr'>DeUS‚</span> <span class='ocrx_word' id='word_1_244' title='bbox 1258 694 1391 735; x_wconf 85' lang='lat' dir='ltr'>vitam</span> <span class='ocrx_word' id='word_1_245' title='bbox 1429 708 1570 736; x_wconf 89' lang='lat' dir='ltr'>meam</span> <span class='ocrx_word' id='word_1_246' title='bbox 1607 696 1858 736; x_wconf 77' lang='lat' dir='ltr'>annuntiavi</span> 
     </span>
     <span class='ocr_line' id='line_1_55' title="bbox 1029 750 1857 802; baseline -0.001 -10"><span class='ocrx_word' id='word_1_247' title='bbox 1029 750 1124 792; x_wconf 90' lang='lat' dir='ltr'>tibi:</span> <span class='ocrx_word' id='word_1_248' title='bbox 1156 751 1179 775; x_wconf 85' lang='lat'>*</span> <span class='ocrx_word' id='word_1_249' title='bbox 1207 751 1394 802; x_wconf 85' lang='lat' dir='ltr'>posuisti</span> <span class='ocrx_word' id='word_1_250' title='bbox 1426 750 1626 792; x_wconf 82' lang='lat' dir='ltr'>lacrimas</span> <span class='ocrx_word' id='word_1_251' title='bbox 1660 764 1780 792; x_wconf 84' lang='lat' dir='ltr'>meas</span> <span class='ocrx_word' id='word_1_252' title='bbox 1814 752 1857 791; x_wconf 93' lang='lat' dir='ltr'>in</span> 
     </span>
     <span class='ocr_line' id='line_1_56' title="bbox 1031 809 1385 858; baseline 0.003 -11"><span class='ocrx_word' id='word_1_253' title='bbox 1031 809 1270 858; x_wconf 78' lang='lat' dir='ltr'>conspectu</span> <span class='ocrx_word' id='word_1_254' title='bbox 1297 812 1385 856; x_wconf 82' lang='lat' dir='ltr'>tuo,</span> 
     </span>
    </p>

    <p class='ocr_par' dir='ltr' id='par_1_25' title="bbox 1028 862 1856 1016">
     <span class='ocr_line' id='line_1_57' title="bbox 1082 862 1856 915; baseline -0.001 -12"><span class='ocrx_word' id='word_1_255' title='bbox 1082 864 1202 904; x_wconf 89' lang='lat' dir='ltr'>Sicut</span> <span class='ocrx_word' id='word_1_256' title='bbox 1239 868 1283 904; x_wconf 89' lang='lat' dir='ltr'>et</span> <span class='ocrx_word' id='word_1_257' title='bbox 1315 863 1359 902; x_wconf 94' lang='lat' dir='ltr'>in</span> <span class='ocrx_word' id='word_1_258' title='bbox 1392 862 1682 915; x_wconf 85' lang='lat' dir='ltr'>promissione</span> <span class='ocrx_word' id='word_1_259' title='bbox 1716 868 1806 904; x_wconf 84' lang='lat' dir='ltr'>tua:</span> <span class='ocrx_word' id='word_1_260' title='bbox 1833 864 1856 888; x_wconf 90' lang='lat'>*</span> 
     </span>
     <span class='ocr_line' id='line_1_58' title="bbox 1028 919 1856 960; baseline 0 0"><span class='ocrx_word' id='word_1_261' title='bbox 1028 924 1132 960; x_wconf 91' lang='lat' dir='ltr'>tunc</span> <span class='ocrx_word' id='word_1_262' title='bbox 1161 921 1471 960; x_wconf 84' lang='lat' dir='ltr'>convertentur</span> <span class='ocrx_word' id='word_1_263' title='bbox 1492 919 1653 959; x_wconf 90' lang='lat' dir='ltr'>inimici</span> <span class='ocrx_word' id='word_1_264' title='bbox 1680 920 1766 960; x_wconf 90' lang='lat' dir='ltr'>mei</span> <span class='ocrx_word' id='word_1_265' title='bbox 1793 932 1856 960; x_wconf 92' lang='lat' dir='ltr'>re-</span> 
     </span>
     <span class='ocr_line' id='line_1_59' title="bbox 1028 977 1234 1016; baseline -0.01 0"><span class='ocrx_word' id='word_1_266' title='bbox 1028 977 1234 1016; x_wconf 80' lang='lat' dir='ltr'>tr6rsum:</span> 
     </span>
    </p>

    <p class='ocr_par' dir='ltr' id='par_1_26' title="bbox 1027 1031 1856 1185">
     <span class='ocr_line' id='line_1_60' title="bbox 1079 1031 1856 1083; baseline 0.001 -12"><span class='ocrx_word' id='word_1_267' title='bbox 1079 1032 1130 1071; x_wconf 90' lang='lat' dir='ltr'>In</span> <span class='ocrx_word' id='word_1_268' title='bbox 1174 1035 1448 1083; x_wconf 79' lang='lat' dir='ltr'>quacumque</span> <span class='ocrx_word' id='word_1_269' title='bbox 1486 1031 1556 1072; x_wconf 90' lang='lat' dir='ltr'>die</span> <span class='ocrx_word' id='word_1_270' title='bbox 1592 1032 1856 1072; x_wconf 77' lang='lat' dir='ltr'>invocavero</span> 
     </span>
     <span class='ocr_line' id='line_1_61' title="bbox 1027 1088 1856 1139; baseline -0.001 -11"><span class='ocrx_word' id='word_1_271' title='bbox 1027 1092 1086 1128; x_wconf 90' lang='lat' dir='ltr'>te:</span> <span class='ocrx_word' id='word_1_272' title='bbox 1114 1088 1136 1112; x_wconf 88' lang='lat'>*</span> <span class='ocrx_word' id='word_1_273' title='bbox 1157 1100 1259 1129; x_wconf 90' lang='lat' dir='ltr'>ecce</span> <span class='ocrx_word' id='word_1_274' title='bbox 1289 1088 1476 1138; x_wconf 85' lang='lat' dir='ltr'>cognovi</span> <span class='ocrx_word' id='word_1_275' title='bbox 1505 1088 1709 1139; x_wconf 80' lang='lat' dir='ltr'>quossiam</span> <span class='ocrx_word' id='word_1_276' title='bbox 1736 1088 1856 1129; x_wconf 90' lang='lat' dir='ltr'>Deus</span> 
     </span>
     <span class='ocr_line' id='line_1_62' title="bbox 1027 1157 1236 1185; baseline 0 -2"><span class='ocrx_word' id='word_1_277' title='bbox 1027 1157 1149 1185; x_wconf 90' lang='lat' dir='ltr'>meus</span> <span class='ocrx_word' id='word_1_278' title='bbox 1179 1157 1236 1184; x_wconf 91' lang='lat' dir='ltr'>es.</span> 
     </span>
    </p>

    <p class='ocr_par' dir='ltr' id='par_1_27' title="bbox 1024 1199 1854 1410">
     <span class='ocr_line' id='line_1_63' title="bbox 1078 1199 1854 1249; baseline -0.001 -10"><span class='ocrx_word' id='word_1_279' title='bbox 1078 1201 1129 1240; x_wconf 93' lang='lat' dir='ltr'>In</span> <span class='ocrx_word' id='word_1_280' title='bbox 1148 1200 1245 1241; x_wconf 91' lang='lat' dir='ltr'>Deo</span> <span class='ocrx_word' id='word_1_281' title='bbox 1270 1199 1461 1241; x_wconf 74' lang='lat' dir='ltr'>laudabo</span> <span class='ocrx_word' id='word_1_282' title='bbox 1487 1199 1679 1249; x_wconf 87' lang='lat' dir='ltr'>verbum,</span> <span class='ocrx_word' id='word_1_283' title='bbox 1699 1200 1742 1239; x_wconf 90' lang='lat' dir='ltr'>in</span> <span class='ocrx_word' id='word_1_284' title='bbox 1767 1200 1854 1239; x_wconf 84' lang='lat' dir='ltr'>Do-</span> 
     </span>
     <span class='ocr_line' id='line_1_64' title="bbox 1026 1255 1853 1297; baseline -0.001 -1"><span class='ocrx_word' id='word_1_285' title='bbox 1026 1256 1144 1297; x_wconf 92' lang='lat' dir='ltr'>mino</span> <span class='ocrx_word' id='word_1_286' title='bbox 1164 1255 1355 1297; x_wconf 79' lang='lat' dir='ltr'>laudabo</span> <span class='ocrx_word' id='word_1_287' title='bbox 1375 1258 1638 1297; x_wconf 87' lang='lat' dir='ltr'>sermonem:</span> <span class='ocrx_word' id='word_1_288' title='bbox 1657 1256 1679 1281; x_wconf 91' lang='lat'>*</span> <span class='ocrx_word' id='word_1_289' title='bbox 1699 1256 1743 1295; x_wconf 91' lang='lat' dir='ltr'>in</span> <span class='ocrx_word' id='word_1_290' title='bbox 1756 1256 1853 1296; x_wconf 88' lang='lat' dir='ltr'>Deo</span> 
     </span>
     <span class='ocr_line' id='line_1_65' title="bbox 1026 1312 1854 1364; baseline -0.001 -11"><span class='ocrx_word' id='word_1_291' title='bbox 1026 1313 1215 1364; x_wconf 79' lang='lat' dir='ltr'>speravi,</span> <span class='ocrx_word' id='word_1_292' title='bbox 1255 1326 1342 1353; x_wconf 95' lang='lat' dir='ltr'>non</span> <span class='ocrx_word' id='word_1_293' title='bbox 1381 1312 1545 1354; x_wconf 80' lang='lat' dir='ltr'>timebo</span> <span class='ocrx_word' id='word_1_294' title='bbox 1585 1312 1689 1364; x_wconf 90' lang='lat' dir='ltr'>quid</span> <span class='ocrx_word' id='word_1_295' title='bbox 1724 1312 1854 1352; x_wconf 82' lang='lat' dir='ltr'>faciat</span> 
     </span>
     <span class='ocr_line' id='line_1_66' title="bbox 1024 1368 1301 1410; baseline 0 -2"><span class='ocrx_word' id='word_1_296' title='bbox 1024 1368 1130 1409; x_wconf 88' lang='lat' dir='ltr'>mihi</span> <span class='ocrx_word' id='word_1_297' title='bbox 1156 1368 1301 1410; x_wconf 93' lang='lat' dir='ltr'>homo.</span> 
     </span>
    </p>

    <p class='ocr_par' dir='ltr' id='par_1_28' title="bbox 1026 1424 1853 1532">
     <span class='ocr_line' id='line_1_67' title="bbox 1076 1424 1853 1473; baseline -0.001 -8"><span class='ocrx_word' id='word_1_298' title='bbox 1076 1426 1126 1465; x_wconf 89' lang='lat' dir='ltr'>In</span> <span class='ocrx_word' id='word_1_299' title='bbox 1163 1438 1233 1465; x_wconf 88' lang='lat' dir='ltr'>me</span> <span class='ocrx_word' id='word_1_300' title='bbox 1271 1430 1371 1466; x_wconf 92' lang='lat' dir='ltr'>sunt</span> <span class='ocrx_word' id='word_1_301' title='bbox 1406 1425 1527 1465; x_wconf 89' lang='lat' dir='ltr'>Deus</span> <span class='ocrx_word' id='word_1_302' title='bbox 1564 1429 1668 1465; x_wconf 88' lang='lat' dir='ltr'>vota</span> <span class='ocrx_word' id='word_1_303' title='bbox 1703 1429 1793 1473; x_wconf 76' lang='lat' dir='ltr'>tua,</span> <span class='ocrx_word' id='word_1_304' title='bbox 1830 1424 1853 1448; x_wconf 87' lang='lat'>*</span> 
     </span>
     <span class='ocr_line' id='line_1_68' title="bbox 1026 1480 1763 1532; baseline -0.003 -10"><span class='ocrx_word' id='word_1_305' title='bbox 1026 1493 1124 1532; x_wconf 86' lang='lat' dir='ltr'>quae</span> <span class='ocrx_word' id='word_1_306' title='bbox 1152 1480 1345 1531; x_wconf 80' lang='lat' dir='ltr'><strong>reddam,</strong></span> <span class='ocrx_word' id='word_1_307' title='bbox 1373 1480 1646 1521; x_wconf 82' lang='lat' dir='ltr'>laudationes</span> <span class='ocrx_word' id='word_1_308' title='bbox 1674 1480 1763 1521; x_wconf 90' lang='lat' dir='ltr'>tibi.</span> 
     </span>
    </p>

    <p class='ocr_par' dir='ltr' id='par_1_29' title="bbox 1022 1537 1852 1747">
     <span class='ocr_line' id='line_1_69' title="bbox 1077 1537 1852 1589; baseline 0 -12"><span class='ocrx_word' id='word_1_309' title='bbox 1077 1537 1292 1586; x_wconf 73' lang='lat' dir='ltr'>QuOniam</span> <span class='ocrx_word' id='word_1_310' title='bbox 1321 1537 1518 1589; x_wconf 81' lang='lat' dir='ltr'>eripuisti</span> <span class='ocrx_word' id='word_1_311' title='bbox 1552 1537 1739 1577; x_wconf 76' lang='lat' dir='ltr'>animam</span> <span class='ocrx_word' id='word_1_312' title='bbox 1766 1549 1852 1577; x_wconf 83' lang='lat' dir='ltr'>me-</span> 
     </span>
     <span class='ocr_line' id='line_1_70' title="bbox 1023 1591 1852 1644; baseline -0.001 -11"><span class='ocrx_word' id='word_1_313' title='bbox 1023 1606 1094 1633; x_wconf 90' lang='lat' dir='ltr'>am</span> <span class='ocrx_word' id='word_1_314' title='bbox 1122 1592 1178 1634; x_wconf 89' lang='lat' dir='ltr'>de</span> <span class='ocrx_word' id='word_1_315' title='bbox 1205 1598 1364 1643; x_wconf 86' lang='lat' dir='ltr'>morte,</span> <span class='ocrx_word' id='word_1_316' title='bbox 1400 1598 1443 1634; x_wconf 90' lang='lat' dir='ltr'>et</span> <span class='ocrx_word' id='word_1_317' title='bbox 1470 1592 1607 1644; x_wconf 89' lang='lat' dir='ltr'>pedes</span> <span class='ocrx_word' id='word_1_318' title='bbox 1641 1605 1763 1633; x_wconf 89' lang='lat' dir='ltr'>meos</span> <span class='ocrx_word' id='word_1_319' title='bbox 1798 1591 1852 1633; x_wconf 94' lang='lat' dir='ltr'>de</span> 
     </span>
     <span class='ocr_line' id='line_1_71' title="bbox 1022 1649 1851 1701; baseline 0 -13"><span class='ocrx_word' id='word_1_320' title='bbox 1022 1649 1162 1701; x_wconf 88' lang='lat' dir='ltr'>lapsu:</span> <span class='ocrx_word' id='word_1_321' title='bbox 1181 1650 1204 1674; x_wconf 91' lang='lat'>*</span> <span class='ocrx_word' id='word_1_322' title='bbox 1224 1654 1271 1690; x_wconf 91' lang='lat' dir='ltr'>ut</span> <span class='ocrx_word' id='word_1_323' title='bbox 1291 1649 1490 1701; x_wconf 78' lang='lat' dir='ltr'>placeam</span> <span class='ocrx_word' id='word_1_324' title='bbox 1512 1662 1660 1690; x_wconf 89' lang='lat' dir='ltr'>coram</span> <span class='ocrx_word' id='word_1_325' title='bbox 1685 1649 1782 1689; x_wconf 88' lang='lat' dir='ltr'>Deo</span> <span class='ocrx_word' id='word_1_326' title='bbox 1808 1649 1851 1688; x_wconf 90' lang='lat' dir='ltr'>in</span> 
     </span>
     <span class='ocr_line' id='line_1_72' title="bbox 1022 1705 1460 1747; baseline 0 -2"><span class='ocrx_word' id='word_1_327' title='bbox 1022 1705 1184 1746; x_wconf 76' lang='lat' dir='ltr'>lumine</span> <span class='ocrx_word' id='word_1_328' title='bbox 1212 1706 1460 1747; x_wconf 80' lang='lat' dir='ltr'>viventium.</span> 
     </span>
    </p>

    <p class='ocr_par' dir='ltr' id='par_1_30' title="bbox 1019 1763 1849 1971">
     <span class='ocr_line' id='line_1_73' title="bbox 1294 1763 1584 1804; baseline 0.007 -2"><span class='ocrx_word' id='word_1_329' title='bbox 1294 1763 1490 1804; x_wconf 83' lang='lat' dir='ltr'>Psalmus</span> <span class='ocrx_word' id='word_1_330' title='bbox 1518 1766 1584 1804; x_wconf 70' lang='lat'>56.</span> 
     </span>
     <span class='ocr_line' id='line_1_74' title="bbox 1024 1815 1849 1919; baseline -0.001 -62"><span class='ocrx_word' id='word_1_331' title='bbox 1024 1815 1291 1919; x_wconf 80' lang='lat' dir='ltr'>Miserere</span> <span class='ocrx_word' id='word_1_332' title='bbox 1299 1817 1386 1858; x_wconf 89' lang='lat' dir='ltr'>mei</span> <span class='ocrx_word' id='word_1_333' title='bbox 1395 1817 1526 1866; x_wconf 89' lang='lat' dir='ltr'>Deus,</span> <span class='ocrx_word' id='word_1_334' title='bbox 1536 1817 1743 1857; x_wconf 79' lang='lat' dir='ltr'>miserere</span> <span class='ocrx_word' id='word_1_335' title='bbox 1750 1816 1849 1857; x_wconf 90' lang='lat' dir='ltr'>mei:</span> 
     </span>
     <span class='ocr_line' id='line_1_75' title="bbox 1150 1872 1848 1925; baseline -0.004 -10"><span class='ocrx_word' id='word_1_336' title='bbox 1150 1874 1173 1899; x_wconf 90' lang='lat'>*</span> <span class='ocrx_word' id='word_1_337' title='bbox 1199 1874 1404 1925; x_wconf 86' lang='lat' dir='ltr'>quoniam</span> <span class='ocrx_word' id='word_1_338' title='bbox 1422 1874 1465 1914; x_wconf 88' lang='lat' dir='ltr'>in</span> <span class='ocrx_word' id='word_1_339' title='bbox 1488 1878 1532 1914; x_wconf 89' lang='lat' dir='ltr'>te</span> <span class='ocrx_word' id='word_1_340' title='bbox 1558 1872 1738 1914; x_wconf 91' lang='lat' dir='ltr'>confidit</span> <span class='ocrx_word' id='word_1_341' title='bbox 1763 1872 1848 1913; x_wconf 81' lang='lat' dir='ltr'>ani-</span> 
     </span>
     <span class='ocr_line' id='line_1_76' title="bbox 1019 1943 1514 1971; baseline -0.006 0"><span class='ocrx_word' id='word_1_342' title='bbox 1019 1943 1091 1971; x_wconf 88' lang='lat' dir='ltr'>ma</span> <span class='ocrx_word' id='word_1_343' title='bbox 1119 1943 1227 1971; x_wconf 87' lang='lat' dir='ltr'>mea.</span> <span class='ocrx_word' id='word_1_344' title='bbox 1507 1963 1514 1968; x_wconf 95' lang='lat'>.</span> 
     </span>
    </p>

    <p class='ocr_par' dir='ltr' id='par_1_31' title="bbox 1019 1985 1846 2092">
     <span class='ocr_line' id='line_1_77' title="bbox 1071 1985 1846 2035; baseline -0.005 -8"><span class='ocrx_word' id='word_1_345' title='bbox 1071 1987 1128 2028; x_wconf 91' lang='lat' dir='ltr'>Et</span> <span class='ocrx_word' id='word_1_346' title='bbox 1143 1987 1187 2027; x_wconf 89' lang='lat' dir='ltr'>in</span> <span class='ocrx_word' id='word_1_347' title='bbox 1203 1986 1359 2027; x_wconf 89' lang='lat' dir='ltr'>umbra</span> <span class='ocrx_word' id='word_1_348' title='bbox 1376 1985 1543 2027; x_wconf 70' lang='lat' dir='ltr'>alarum</span> <span class='ocrx_word' id='word_1_349' title='bbox 1561 1987 1735 2026; x_wconf 79' lang='lat' dir='ltr'>tuarum</span> <span class='ocrx_word' id='word_1_350' title='bbox 1752 1995 1846 2035; x_wconf 90' lang='lat' dir='ltr'>spe-</span> 
     </span>
     <span class='ocr_line' id='line_1_78' title="bbox 1019 2039 1823 2092; baseline -0.006 -9"><span class='ocrx_word' id='word_1_351' title='bbox 1019 2042 1139 2092; x_wconf 69' lang='lat' dir='ltr'>rabo,</span> <span class='ocrx_word' id='word_1_352' title='bbox 1167 2043 1191 2068; x_wconf 87' lang='lat'>*</span> <span class='ocrx_word' id='word_1_353' title='bbox 1219 2041 1361 2083; x_wconf 89' lang='lat' dir='ltr'>donec</span> <span class='ocrx_word' id='word_1_354' title='bbox 1388 2043 1583 2083; x_wconf 72' lang='lat' dir='ltr'>transeat</span> <span class='ocrx_word' id='word_1_355' title='bbox 1608 2039 1823 2091; x_wconf 80' lang='lat' dir='ltr'>iniquitas,</span> 
     </span>
    </p>

    <p class='ocr_par' dir='ltr' id='par_1_32' title="bbox 1018 2095 1846 2206">
     <span class='ocr_line' id='line_1_79' title="bbox 1072 2095 1846 2140; baseline -0.008 0"><span class='ocrx_word' id='word_1_356' title='bbox 1072 2098 1282 2140; x_wconf 80' lang='lat' dir='ltr'>Clamabo</span> <span class='ocrx_word' id='word_1_357' title='bbox 1302 2097 1358 2139; x_wconf 88' lang='lat' dir='ltr'>ad</span> <span class='ocrx_word' id='word_1_358' title='bbox 1370 2098 1514 2139; x_wconf 87' lang='lat' dir='ltr'>Deum</span> <span class='ocrx_word' id='word_1_359' title='bbox 1532 2096 1804 2138; x_wconf 84' lang='lat' dir='ltr'>altissimum:</span> <span class='ocrx_word' id='word_1_360' title='bbox 1823 2095 1846 2121; x_wconf 86' lang='lat'>*</span> 
     </span>
     <span class='ocr_line' id='line_1_80' title="bbox 1018 2152 1648 2206; baseline -0.005 -11"><span class='ocrx_word' id='word_1_361' title='bbox 1018 2154 1161 2195; x_wconf 91' lang='lat' dir='ltr'>Deum</span> <span class='ocrx_word' id='word_1_362' title='bbox 1191 2155 1264 2206; x_wconf 91' lang='lat' dir='ltr'>qui</span> <span class='ocrx_word' id='word_1_363' title='bbox 1291 2153 1508 2195; x_wconf 79' lang='lat' dir='ltr'>benefecit</span> <span class='ocrx_word' id='word_1_364' title='bbox 1534 2152 1648 2192; x_wconf 90' lang='lat' dir='ltr'>mihi.</span> 
     </span>
    </p>

    <p class='ocr_par' dir='ltr' id='par_1_33' title="bbox 1016 2207 1887 2363">
     <span class='ocr_line' id='line_1_81' title="bbox 1069 2207 1845 2259; baseline -0.005 -9"><span class='ocrx_word' id='word_1_365' title='bbox 1069 2210 1188 2252; x_wconf 90' lang='lat' dir='ltr'>Misit</span> <span class='ocrx_word' id='word_1_366' title='bbox 1207 2210 1262 2251; x_wconf 91' lang='lat' dir='ltr'>de</span> <span class='ocrx_word' id='word_1_367' title='bbox 1283 2209 1408 2259; x_wconf 86' lang='lat' dir='ltr'>coelo,</span> <span class='ocrx_word' id='word_1_368' title='bbox 1433 2214 1476 2250; x_wconf 88' lang='lat' dir='ltr'>et</span> <span class='ocrx_word' id='word_1_369' title='bbox 1494 2208 1696 2249; x_wconf 78' lang='lat' dir='ltr'>liberavit</span> <span class='ocrx_word' id='word_1_370' title='bbox 1718 2218 1803 2246; x_wconf 90' lang='lat' dir='ltr'>me:</span> <span class='ocrx_word' id='word_1_371' title='bbox 1822 2207 1845 2232; x_wconf 87' lang='lat'>*</span> 
     </span>
     <span class='ocr_line' id='line_1_82' title="bbox 1018 2262 1887 2318; baseline -0.007 -11"><span class='ocrx_word' id='word_1_372' title='bbox 1018 2265 1140 2307; x_wconf 81' lang='lat' dir='ltr'>dedit</span> <span class='ocrx_word' id='word_1_373' title='bbox 1178 2266 1222 2306; x_wconf 91' lang='lat' dir='ltr'>in</span> <span class='ocrx_word' id='word_1_374' title='bbox 1263 2265 1550 2318; x_wconf 87' lang='lat' dir='ltr'>opprobrium</span> <span class='ocrx_word' id='word_1_375' title='bbox 1589 2262 1843 2304; x_wconf 77' lang='lat' dir='ltr'>conculcan-</span> <span class='ocrx_word' id='word_1_376' title='bbox 1883 2305 1887 2310; x_wconf 59' lang='grc'><strong>,</strong></span> 
     </span>
     <span class='ocr_line' id='line_1_83' title="bbox 1016 2327 1192 2363; baseline -0.006 0"><span class='ocrx_word' id='word_1_377' title='bbox 1016 2327 1084 2363; x_wconf 88' lang='lat' dir='ltr'>tes</span> <span class='ocrx_word' id='word_1_378' title='bbox 1111 2335 1192 2362; x_wconf 88' lang='lat' dir='ltr'>me.</span> 
     </span>
    </p>

    <p class='ocr_par' dir='ltr' id='par_1_34' title="bbox 1015 2374 1842 2585">
     <span class='ocr_line' id='line_1_84' title="bbox 1068 2374 1842 2421; baseline -0.006 -3"><span class='ocrx_word' id='word_1_379' title='bbox 1068 2377 1186 2418; x_wconf 85' lang='lat' dir='ltr'>Misit</span> <span class='ocrx_word' id='word_1_380' title='bbox 1205 2377 1325 2417; x_wconf 86' lang='lat' dir='ltr'>Deus</span> <span class='ocrx_word' id='word_1_381' title='bbox 1345 2374 1689 2416; x_wconf 86' lang='lat' dir='ltr'>misericordiam</span> <span class='ocrx_word' id='word_1_382' title='bbox 1710 2386 1842 2421; x_wconf 87' lang='lat' dir='ltr'>suam,</span> 
     </span>
     <span class='ocr_line' id='line_1_85' title="bbox 1017 2428 1840 2482; baseline -0.007 -8"><span class='ocrx_word' id='word_1_383' title='bbox 1017 2437 1061 2473; x_wconf 92' lang='lat' dir='ltr'>et</span> <span class='ocrx_word' id='word_1_384' title='bbox 1079 2433 1309 2474; x_wconf 79' lang='lat' dir='ltr'>veritatem</span> <span class='ocrx_word' id='word_1_385' title='bbox 1323 2444 1456 2481; x_wconf 85' lang='lat' dir='ltr'>suam,</span> <span class='ocrx_word' id='word_1_386' title='bbox 1476 2432 1499 2456; x_wconf 85' lang='grc'>*</span> <span class='ocrx_word' id='word_1_387' title='bbox 1520 2435 1563 2472; x_wconf 88' lang='lat' dir='ltr'>et</span> <span class='ocrx_word' id='word_1_388' title='bbox 1582 2430 1740 2482; x_wconf 87' lang='lat' dir='ltr'>eripuit</span> <span class='ocrx_word' id='word_1_389' title='bbox 1755 2428 1840 2468; x_wconf 79' lang='lat' dir='ltr'>ani-</span> 
     </span>
     <span class='ocr_line' id='line_1_86' title="bbox 1015 2485 1841 2529; baseline -0.007 0"><span class='ocrx_word' id='word_1_390' title='bbox 1015 2501 1131 2529; x_wconf 92' lang='lat' dir='ltr'>mam</span> <span class='ocrx_word' id='word_1_391' title='bbox 1158 2501 1301 2529; x_wconf 88' lang='lat' dir='ltr'>meam</span> <span class='ocrx_word' id='word_1_392' title='bbox 1335 2486 1390 2528; x_wconf 92' lang='lat' dir='ltr'>de</span> <span class='ocrx_word' id='word_1_393' title='bbox 1422 2486 1567 2527; x_wconf 77' lang='lat' dir='ltr'>medio</span> <span class='ocrx_word' id='word_1_394' title='bbox 1599 2485 1841 2527; x_wconf 80' lang='lat' dir='ltr'>catu16rum</span> 
     </span>
     <span class='ocr_line' id='line_1_87' title="bbox 1015 2541 1741 2585; baseline -0.007 -1"><span class='ocrx_word' id='word_1_395' title='bbox 1015 2544 1203 2585; x_wconf 83' lang='lat' dir='ltr'>leonum:</span> <span class='ocrx_word' id='word_1_396' title='bbox 1232 2542 1418 2584; x_wconf 90' lang='lat' dir='ltr'>dormivi</span> <span class='ocrx_word' id='word_1_397' title='bbox 1446 2541 1741 2583; x_wconf 69' lang='lat' dir='ltr'>conturbatus.</span> 
     </span>
    </p>

    <p class='ocr_par' dir='ltr' id='par_1_35' title="bbox 1014 2597 1838 2763">
     <span class='ocr_line' id='line_1_88' title="bbox 1074 2597 1838 2640; baseline -0.008 0"><span class='ocrx_word' id='word_1_398' title='bbox 1074 2599 1171 2640; x_wconf 90' lang='lat' dir='ltr'>Filii</span> <span class='ocrx_word' id='word_1_399' title='bbox 1217 2599 1440 2639; x_wconf 82' lang='lat' dir='ltr'>h6minum</span> <span class='ocrx_word' id='word_1_400' title='bbox 1488 2598 1641 2638; x_wconf 90' lang='lat' dir='ltr'>dentes</span> <span class='ocrx_word' id='word_1_401' title='bbox 1689 2597 1838 2637; x_wconf 86' lang='lat' dir='ltr'>eorum</span> 
     </span>
     <span class='ocr_line' id='line_1_89' title="bbox 1015 2652 1837 2705; baseline -0.007 -9"><span class='ocrx_word' id='word_1_402' title='bbox 1015 2669 1135 2696; x_wconf 89' lang='lat' dir='ltr'>arma</span> <span class='ocrx_word' id='word_1_403' title='bbox 1154 2660 1197 2696; x_wconf 90' lang='lat' dir='ltr'>et</span> <span class='ocrx_word' id='word_1_404' title='bbox 1216 2657 1403 2704; x_wconf 73' lang='lat' dir='ltr'>sagittae:</span> <span class='ocrx_word' id='word_1_405' title='bbox 1418 2655 1440 2679; x_wconf 90' lang='lat'>*</span> <span class='ocrx_word' id='word_1_406' title='bbox 1459 2659 1503 2695; x_wconf 89' lang='lat' dir='ltr'>et</span> <span class='ocrx_word' id='word_1_407' title='bbox 1520 2653 1665 2705; x_wconf 86' lang='lat' dir='ltr'>lingua</span> <span class='ocrx_word' id='word_1_408' title='bbox 1687 2652 1837 2692; x_wconf 87' lang='lat' dir='ltr'>eorum</span> 
     </span>
     <span class='ocr_line' id='line_1_90' title="bbox 1014 2710 1376 2763; baseline 0 -12"><span class='ocrx_word' id='word_1_409' title='bbox 1014 2710 1184 2763; x_wconf 81' lang='lat' dir='ltr'>gladius</span> <span class='ocrx_word' id='word_1_410' title='bbox 1213 2713 1376 2752; x_wconf 77' lang='lat' dir='ltr'>acutus.</span> 
     </span>
    </p>
   </div>
  </div>
 </body>
</html>
