2040 2944
476 195 548 229 Die
573 196 624 230 26.
651 197 748 232 Nov.
796 198 830 232 S.
856 199 1050 234 Leonardi
1076 212 1097 235 a
1122 202 1239 236 Portu
1263 203 1442 239 Mauritio
1468 205 1575 239 Conf.

177 291 323 343 optari
348 291 552 343 obtinuit,
581 295 734 335 eorum
760 296 1008 346 praesertim

174 346 393 389 modestia
418 352 584 401 captus,
611 362 663 391 ac
688 353 883 392 extrema
901 365 1006 405 pau-

173 405 358 455 pertate.

226 464 279 516 R.
303 460 553 502 Honestum
578 461 682 503 fecit
707 462 830 504 illum
855 464 1004 505 Domi-

173 530 268 569 nus,
296 522 340 559 et
358 517 596 560 custodivit
615 531 714 559 eum
733 518 788 561 ab
808 520 1005 570 inimicis,

174 578 219 615 et
247 586 273 615 a
300 573 609 616 seductoribus
635 576 795 617 tutavit
818 575 954 618 illum:
980 583 1002 606 *

171 629 230 671 Et
261 629 384 672 dedit
414 630 477 671 illi
510 630 753 673 claritatem
784 634 1003 675 aeternam.

171 684 223 738 V.
240 686 265 727 J
266 691 414 728 ustum
430 686 614 728 deduxit
628 688 723 729 Dfis
738 701 818 741 per
833 689 926 730 vias
940 703 1003 731 re-

173 748 278 793 ctas,
294 747 338 785 et
350 743 545 785 ostendit
557 743 619 785 illi
630 757 812 795 regnum
822 746 916 787 Dei.
936 747 1003 788 Et.

481 804 634 846 Lectio
656 820 693 846 v.

282 857 427 909 primo
453 857 672 908 tirocinio,
698 864 757 910 et,
786 859 934 911 quoad
958 860 1003 900 in

301 926 355 955 eo
388 914 604 966 superfuit
636 915 738 957 vitae
776 915 1002 966 anhelitus,

169 969 230 1010 nil
248 969 402 1012 habuit
419 971 650 1022 antiquius,
671 984 802 1023 quam
816 977 864 1014 ut
878 973 1001 1014 Sera-

169 1025 288 1078 phici
308 1027 447 1079 patris
468 1028 670 1080 exempla
684 1028 1002 1081 perfectissime

168 1082 427 1133 imitaretur,
455 1085 703 1136 praesertim
729 1098 828 1127 cum
852 1086 926 1127 vix
950 1099 1002 1128 ac

170 1138 354 1181 clericus
383 1140 580 1191 effectus,
610 1141 830 1183 desiderio
859 1142 1000 1184 incen-

168 1209 243 1238 sus
267 1196 348 1238 fuit
371 1197 589 1248 migrandi
611 1198 656 1238 in
681 1198 893 1240 barbaras
918 1204 1000 1241 ter-

168 1265 250 1300 ras,
273 1258 323 1295 ut
342 1254 599 1305 sanguinem
618 1267 745 1296 suum
764 1255 999 1308 profunde-

168 1314 237 1350 ret
268 1309 325 1352 ad
360 1310 602 1352 infidelium
638 1312 805 1353 animas
840 1312 1001 1354 Christi

130 1377 135 1380 ’
167 1366 411 1408 lucrandas.
455 1368 624 1409 Verum
660 1367 820 1410 divinae
856 1369 1000 1422 provi-

168 1421 328 1464 dentiae
364 1424 557 1465 consiliis
594 1425 786 1466 animum
823 1427 999 1478 compo-

166 1491 275 1520 nens
293 1492 430 1531 suum,
451 1480 706 1534 disciplinas
725 1482 999 1534 theologicas

167 1535 322 1577 sedulo
339 1537 542 1579 excolere
553 1539 724 1589 sategit,
739 1543 787 1579 ut
802 1538 859 1580 ad
871 1550 999 1581 omne

167 1605 280 1646 opus
304 1593 470 1635 bonum
493 1594 732 1636 instructus
759 1595 884 1637 foret.
924 1596 996 1637 Sa-

167 1650 252 1691 cris
277 1648 436 1692 deinde
461 1650 687 1693 ordinibus
708 1651 921 1702 initiatus,
947 1666 998 1694 ac

166 1706 434 1748 sacerdotali
468 1707 721 1750 charactere
757 1708 998 1759 insignitus,

164 1762 366 1815 pretinus
397 1764 442 1804 in
469 1764 721 1814 cultissimis
754 1764 885 1805 etiam
912 1766 996 1806 Ita-

164 1818 236 1860 liae
283 1818 468 1862 urbibus
519 1820 731 1871 evangelii
779 1821 997 1873 praeconis

163 1876 344 1917 munere
367 1876 487 1927 fungi
511 1877 657 1929 coepit.
690 1877 997 1929 Apostolicam

163 1931 340 1974 vivendi
366 1933 554 1974 formam
582 1937 795 1986 sequutus
823 1934 997 1975 unicam

162 1986 331 2030 habens
350 1990 546 2031 tunicam
565 1995 697 2043 atque
714 1990 896 2042 abjectis
911 1990 995 2031 cal-

164 2044 264 2095 ceis,
281 2046 480 2097 quamvis
493 2046 615 2088 tenui
630 2051 748 2088 esset
759 2049 994 2098 corpuscu-

162 2099 217 2151 lo,
243 2105 390 2143 tamen
408 2102 626 2155 periculis,
652 2102 995 2149 difficultatibus,

162 2158 474 2209 asperitatibus
519 2159 837 2211 laboribusque
876 2158 995 2200 haud

161 2213 348 2255 fractum
367 2227 415 2256 se
433 2227 643 2267 umquam
661 2215 808 2257 sensit.
839 2215 911 2256 Sic
930 2216 994 2255 re-

161 2268 327 2322 liquam
355 2271 492 2312 vitam
519 2284 599 2324 per
634 2284 773 2313 annos
807 2273 995 2323 quatuor

161 2338 294 2378 supra
320 2326 608 2379 quadraginta
632 2330 808 2369 strenue
829 2327 992 2379 impen-

161 2381 236 2431 dit,
261 2395 360 2423 cum
382 2383 547 2434 ingenti
569 2383 733 2436 ubique
752 2384 992 2424 animarum

160 2437 284 2479 lucro
304 2444 348 2481 et
366 2439 588 2490 religienis
608 2440 888 2481 incremento.

214 2496 264 2547 R.
290 2495 471 2536 Amavit
491 2508 591 2537 eum
610 2496 836 2544 Dominus,
861 2499 906 2535 et
925 2507 991 2535 or-

160 2550 281 2591 navit
316 2563 429 2592 eum:
466 2551 626 2593 stolam
662 2551 814 2603 gloriae
851 2549 1011 2591 induit·

161 2618 276 2656 eum,
308 2609 331 2632 *
349 2607 407 2648 Et
434 2607 491 2649 ad
517 2612 671 2660 portas
699 2605 893 2660 paradisi
921 2617 990 2646 co-

160 2663 333 2704 ronavit
362 2676 471 2704 eum.
520 2660 571 2712 V.
594 2662 742 2704 Induit
770 2675 870 2703 eum
895 2662 991 2702 Dfis

159 2717 342 2759 loricam
368 2718 482 2769 fidei,
510 2724 554 2760 et
578 2719 751 2760 ornavit
777 2731 886 2760 eum.
923 2718 991 2758 Et.

320 2857 384 2882 Pars
400 2857 569 2882 Autumnalis.

1754 203 1759 209 ’
1796 208 1886 252 [325]

1363 299 1515 343 Lectio
1535 303 1588 343 vi.

1062 355 1303 460 Immensa
1338 377 1473 417 porro
1508 366 1589 407 fuit
1623 367 1889 419 populorum

1137 419 1194 460 ad
1220 432 1318 460 eum
1343 420 1608 463 audiendum
1633 422 1888 475 frequentia,

1060 478 1103 515 et
1122 475 1428 518 inumerabiles
1455 479 1765 521 conversiones
1786 480 1887 522 inde

1059 530 1353 584 subsequutae.
1397 533 1502 586 Ipsa
1534 536 1648 576 enim
1677 538 1809 577 saxea
1836 550 1888 578 ac

1059 587 1199 629 ferrea
1224 589 1370 640 corda,
1394 603 1446 631 eo
1472 591 1632 642 audito,
1657 592 1886 634 vehemen-

1058 648 1125 685 ter
1152 644 1464 688 scindebantur
1496 646 1553 689 ad
1583 649 1887 701 poenitentiam

1057 704 1150 741 tum
1167 701 1224 742 ob
1239 702 1394 743 miram
1407 704 1619 745 sermonis
1635 705 1886 756 efficaciam,

1058 769 1108 798 ac
1127 756 1482 800 ardentissimum
1500 759 1719 812 loquentis
1732 761 1886 812 zelum,

1056 818 1150 854 tum
1173 815 1419 866 praesertim
1438 816 1496 858 ob
1515 817 1775 869 praeclaram
1796 819 1886 869 ejus

1056 869 1158 911 vitae
1185 872 1533 923 sanctimoniam,
1561 886 1659 925 quae
1685 875 1884 915 suavissi-

1055 939 1174 967 mum
1195 927 1355 969 Christi
1380 928 1562 970 odorem
1586 929 1748 981 ubique
1769 930 1886 971 effla-

1055 982 1142 1024 bat.
1188 983 1318 1025 Senio
1352 983 1531 1026 tandem
1563 999 1614 1027 ac
1646 986 1885 1035 innumeris

1055 1039 1279 1081 laboribus
1289 1044 1586 1094 consumptus,
1599 1055 1697 1083 cum
1704 1042 1883 1083 Summo

1056 1096 1260 1137 Pontifici
1275 1096 1517 1139 Benedicto
1539 1097 1708 1139 decimo
1727 1104 1883 1150 quarto

1055 1151 1188 1193 fidem
1204 1151 1400 1194 dedisset
1414 1153 1567 1194 nullibi
1578 1167 1625 1195 se
1636 1154 1719 1195 nisi
1729 1155 1883 1196 Romae

1054 1209 1326 1260 moriturum,
1349 1209 1392 1250 in
1411 1210 1569 1251 almam
1587 1209 1701 1251 hanc
1719 1210 1884 1252 Urbem

1055 1265 1228 1307 rediens
1278 1279 1301 1308 e
1347 1267 1617 1308 Bononiensi
1664 1268 1883 1317 missione,

1055 1321 1211 1363 morbo
1227 1323 1386 1364 tentari
1402 1323 1547 1376 coepit,
1564 1336 1649 1375 quo
1666 1323 1749 1365 sibi
1760 1323 1884 1365 brevi

1056 1378 1359 1421 decedendum
1405 1393 1500 1421 esse
1545 1380 1692 1432 palam
1736 1380 1884 1422 edixit.

1056 1435 1166 1476 Cum
1209 1436 1341 1487 igitur
1385 1436 1524 1478 sancti
1558 1437 1882 1478 Bonaventurae

1054 1492 1303 1533 coenobium
1334 1493 1555 1544 ingressus
1595 1498 1728 1542 esset,
1765 1493 1881 1534 illico

1052 1548 1265 1590 Ecclesiae
1302 1549 1585 1590 sacramentis
1618 1549 1776 1590 muniri
1808 1552 1881 1590 vo-

1052 1604 1146 1654 luit,
1172 1605 1330 1656 quibus
1354 1605 1601 1647 admirabili
1624 1606 1796 1646 fervore
1821 1611 1881 1648 at-

1053 1674 1138 1712 que
1149 1660 1401 1713 inexplebili
1417 1661 1547 1702 animi
1561 1660 1722 1712 gaudio
1737 1664 1879 1703 susce-

1050 1717 1149 1769 ptis,
1164 1716 1461 1769 placidissime
1476 1718 1519 1757 in
1534 1717 1710 1758 Domini
1727 1717 1887 1759 esculo·

1052 1773 1226 1825 quievit.
1261 1773 1479 1815 Leonardi
1504 1773 1672 1815 obitum
1691 1772 1879 1826 plurima

1051 1833 1237 1881 sequuta
1262 1834 1362 1870 sunt
1380 1828 1594 1882 prodigia,
1620 1829 1777 1881 quibus
1796 1829 1878 1870 rite

1050 1885 1261 1938 probatis,
1280 1899 1306 1927 a
1319 1886 1399 1927 Pio
1420 1891 1545 1927 sexto
1561 1885 1774 1926 Pontifice
1789 1885 1878 1926 Ma—

1048 1942 1167 1983 ximo
1187 1942 1305 1983 idem
1320 1942 1432 1983 inter
1446 1942 1604 1983 beatos
1619 1941 1788 1983 co'elites
1804 1940 1877 1982 ad-

1049 2000 1300 2039 numeratus
1329 2003 1407 2039 est.
1446 1997 1586 2039 Novis
1615 1996 1773 2038 deinde
1799 1997 1876 2037 ful-

1048 2055 1223 2105 gentem
1243 2054 1388 2105 signis,
1413 2052 1593 2095 tandem
1611 2053 1714 2094 Pius
1733 2064 1875 2093 nonus

1048 2109 1252 2151 Pontifex
1261 2110 1478 2150 Maximus
1491 2108 1875 2161 praeclarissimum

1048 2165 1163 2206 hunc
1182 2165 1306 2207 verbi
1324 2165 1409 2207 Dei
1431 2167 1682 2218 praeconem
1706 2165 1875 2205 sancto-

1047 2234 1142 2262 rum
1163 2221 1366 2273 catalogo
1386 2221 1619 2263 accensuit.

1100 2284 1150 2334 R.
1175 2283 1265 2324 Iste
1283 2282 1426 2323 homo.
1445 2282 1526 2334 [72]

1270 2365 1319 2402 In
1337 2363 1408 2402 111.
1426 2363 1649 2402 Nocturno.

1046 2428 1197 2470 Lectio
1224 2428 1362 2469 sancti
1382 2427 1609 2478 Evangelii
1632 2427 1871 2468 secundum

1370 2483 1546 2524 Lucam.

1123 2535 1274 2575 Lectio
1292 2535 1360 2575 vii.
1612 2533 1715 2584 Cap.
1729 2533 1792 2571 10.

1042 2599 1118 2704 In
1146 2603 1221 2644 illo
1250 2605 1466 2655 tempore:
1498 2602 1754 2653 Designavit
1780 2601 1867 2641 Do-

1109 2660 1251 2700 minus
1267 2665 1310 2701 et
1326 2659 1435 2700 alios
1451 2660 1725 2712 septuaginta
1745 2655 1868 2697 duos.

1042 2717 1098 2757 Et
1130 2715 1248 2757 misit
1279 2715 1378 2756 illos
1412 2715 1539 2757 binos
1576 2718 1674 2755 ante
1710 2711 1866 2753 faciem

1607 2839 1661 2873 V*
