2040 2944
173 152 243 188 368

176 248 314 290 saneti
329 248 354 288 J
357 246 483 288 acobi
499 245 707 298 Apustoli
725 246 1007 299 sepulchrum

175 306 471 352 visitaverant,
499 307 542 344 et
562 302 766 344 Atrebati
785 303 886 346 Ulfo
911 307 1005 355 gra-

175 364 288 404 viter
303 362 552 410 aegrotaret,
573 364 752 400 sanctus
767 360 1007 412 Dionysius

174 419 375 469 Birgittae
394 422 529 457 noctu
548 416 766 468 apparuit,
787 422 831 458 et
847 416 902 459 de
918 431 1005 458 ma-

174 475 245 515 riti
273 473 414 515 salute
440 472 626 524 aliisque
652 471 708 514 de
733 473 881 524 rebuS,
907 487 1006 526 quae

174 531 333 572 futurae
353 534 488 579 erant,
507 530 785 582 praemonuit.

230 589 279 641 R.
308 586 512 627 Dilexisti
540 586 766 638 justitiam,
801 591 844 628 et
872 586 1007 629 odisti

173 644 466 696 iniquitatem:
489 648 511 671 *
540 643 783 696 Propterea
810 643 935 685 unxit
961 648 1007 686 te

172 701 310 750 Deus,
363 700 485 741 Deus
535 705 636 741 tuus
683 700 781 742 eleo
827 699 1006 741 laetitiae.

176 754 225 805 V.
251 758 439 809 Propter
460 757 708 806 veritatem,
737 761 781 798 et
807 769 1005 798 mansue-

173 813 383 864 tudinem,
404 818 448 854 et
466 813 684 865 justitiam.
711 813 966 866 Propterea.

477 879 628 919 Lectio
650 879 701 918 vi.

264 931 331 971 iro
344 930 626 972 Cisterciensi
640 931 860 972 monacho
875 931 1006 982 facto,

175 930 264 1037 V
295 992 339 1028 et
366 987 499 1039 paulo
527 992 631 1039 post
660 986 883 1038 defuncto,
912 988 1005 1029 Bir-

172 1046 291 1095 gitta,
308 1043 457 1085 audita
469 1043 633 1085 Christi
643 1056 754 1085 voce
770 1045 814 1084 in
829 1045 1005 1095 somnis,

173 1101 407 1142 arctiorem
421 1100 524 1141 vitae
539 1100 725 1142 formam
746 1106 813 1143 est
832 1104 1004 1153 aggres-

172 1170 232 1198 sa.
270 1157 350 1198 Cui
376 1156 536 1199 deinde
563 1159 724 1198 arcana
753 1158 890 1199 multa
918 1158 1004 1200 fue-

172 1219 273 1255 runt
301 1213 510 1255 divinitus
538 1214 745 1255 revelata.
786 1215 1005 1256 Monaste-

171 1271 284 1311 rium
299 1271 576 1312 Vastane'nse
595 1271 677 1312 sub
693 1272 846 1322 regula
866 1274 1006 1314 sancti

171 1327 429 1377 Salvatoris,
459 1327 515 1369 ab
540 1328 639 1381 ipso
665 1328 857 1371 Domino
884 1333 1004 1372 acce-

171 1389 264 1436 pta,
301 1384 498 1426 instituit.
544 1385 734 1426 Romam
765 1386 849 1428 Dei
885 1388 1006 1439 jussu

172 1442 302 1491 venit,
322 1441 397 1483 ubi
416 1442 631 1494 plurimos
651 1442 708 1483 ad
728 1445 924 1485 amo'rem
944 1445 1004 1486 di-

171 1501 320 1539 vinum
343 1498 624 1541 vehementer
648 1500 862 1542 accendit.
894 1501 1005 1543 Inde

171 1555 197 1596 J
199 1555 494 1608 erosolymam
512 1557 652 1608 petiit,
677 1563 721 1599 et
739 1560 897 1599 iterum
917 1559 1003 1600 Ro-

170 1624 298 1652 mam.
330 1612 427 1662 Qua
451 1625 505 1654 ex
529 1614 884 1665 peregrinatione
905 1628 1005 1657 eum

171 1668 214 1708 in
240 1668 398 1710 febrim
422 1669 660 1719 incidisset,
688 1671 898 1721 gravibus
924 1685 1004 1725 per

171 1737 331 1766 annum
354 1727 572 1776 integrum
595 1726 806 1768 afflictata
825 1729 1004 1779 morbis,

172 1782 392 1823 cumulata
402 1783 580 1833 meritis,
591 1785 887 1836 praenuntiato
898 1798 1005 1827 mor-

170 1838 228 1879 tis
247 1838 329 1889 die,
347 1839 551 1890 migravit
569 1841 613 1881 in
628 1841 800 1882 coelum.
829 1842 1003 1895 Corpus

172 1895 262 1946 ejus
295 1895 351 1936 ad
380 1897 657 1939 Vastanense
687 1899 1003 1940 monasterium

170 1952 431 1994 translatum
464 1958 548 1995 est:
582 1959 627 1996 et
658 1955 882 1996 miraculis
909 1956 1002 1998 illu-

171 2013 305 2050 strem
326 2009 579 2051 Bonifacius
603 2024 744 2052 nonus
767 2012 811 2052 in
831 2015 1001 2055 saneto-

171 2077 265 2106 rum
285 2069 515 2107 numerum
535 2068 695 2110 retulit.

221 2123 273 2174 R.
291 2123 443 2164 Fallax
462 2125 613 2174 gratia‚
634 2130 678 2166 et
692 2138 804 2167 vana
824 2131 891 2167 est
907 2127 1000 2179 pul-

171 2178 389 2221 chritudo:
415 2182 438 2208 *
465 2181 622 2223 Mulier
653 2182 812 2224 timens
846 2184 1000 2235 Deum,

170 2234 265 2286 ipsa
284 2235 547 2279 laudabitur.
574 2234 623 2285 V.
647 2239 762 2281 Date
782 2240 821 2281 ei
841 2240 896 2282 de
915 2241 1000 2282 fru-

171 2296 243 2332 ctu
275 2294 482 2335 manuum
514 2297 708 2346 suarum,
747 2301 790 2338 et
822 2297 1002 2340 laudent

171 2359 268 2389 eam
294 2349 337 2389 in
363 2351 503 2402 portis
530 2354 665 2404 opera
691 2353 792 2405 ejus.
833 2354 1002 2396 Mulier.

171 2403 324 2446 GIOria
341 2406 473 2447 Patri.
500 2408 668 2451 Mulier.

220 2464 265 2498 In
288 2464 352 2499 ΠΙ.
369 2464 568 2500 Nocturno
594 2467 765 2502 Homilia
790 2469 828 2502 in
852 2469 999 2511 Evang.

170 2514 303 2550 Simile
321 2519 379 2550 est
394 2527 553 2559 regnum
570 2519 766 2554 coelorum.
791 2517 837 2551 de
863 2518 1000 2552 codem

171 2562 385 2596 Communi.
410 2564 511 2608 [108]

224 2609 268 2644 In
289 2608 336 2643 11.
361 2609 478 2654 Vesp.
503 2610 543 2645 fit
568 2622 764 2647 commem.
790 2624 896 2657 sequ.

427 2683 704 2709 —ssfflflff

370 155 437 188 Dic
457 158 487 188 ἓ).
507 154 695 187 Octobris.
731 155 787 187 ὃς.
804 154 985 198 Dionysii
1007 155 1141 197 Episc,
1163 155 1309 189 Rustici
1329 161 1363 190 ct
1382 156 1592 191 Eleutherii
1610 158 1694 192 Mm.

1286 251 1370 293 Die
1389 253 1427 292 9.
1448 252 1666 296 Octobris.

1060 313 1129 355 Ss.
1162 314 1393 366 Dionysii
1427 317 1587 369 Epise„
1618 319 1812 361 Rustici
1850 325 1893 362 et

1183 371 1463 414 Eleutherii
1493 374 1743 426 Martyrum.
1928 374 1935 381 ‘

1349 433 1609 477 Semiduplex.

1115 484 1252 518 Omnia
1286 484 1332 517 dc
1364 484 1567 517 Communi
1601 483 1751 527 plurim.
1783 484 1891 520 Mart.

1060 528 1129 572 [35]
1157 539 1298 576 practer
1323 543 1428 575 sequ.

1117 582 1216 622 Ant.
1244 583 1435 623 Istorum
1465 588 1532 625 est
1565 584 1679 626 enim
1710 598 1891 637 regnum

1059 637 1284 687 coelorum,
1301 639 1375 691 qui
1388 643 1748 693 contempserunt
1757 643 1891 685 vitam

1058 693 1220 744 mundi,
1246 700 1290 736 et
1314 699 1611 748 pervenerunt
1634 698 1691 740 ad
1710 700 1891 752 praemia

1058 751 1198 801 regni,
1233 757 1277 794 et
1306 752 1510 795 laverunt
1541 755 1679 796 stolas
1713 769 1815 798 suas
1847 757 1891 798 in

1058 807 1268 858 sanguine
1289 809 1416 860 Agni.

1114 862 1164 915 Y.
1187 864 1420 908 Laetamini
1445 867 1489 908 in
1515 867 1720 919 Domino,
1750 875 1794 912 et
1819 883 1890 912 ex-

1059 920 1218 963 sultate
1247 923 1358 974 justi.
1407 925 1457 976 Rz.
1486 924 1543 967 Et
1570 926 1818 978 gloriamini
1845 940 1889 969 o-

1058 990 1182 1019 mnes
1202 980 1311 1021 recti
1329 980 1475 1023 corde.

1399 1038 1564 1079 Oratio.

1150 1104 1243 1141 eus,
1273 1093 1347 1145 qui
1373 1093 1587 1137 hodierna
1612 1096 1682 1139 die
1709 1098 1890 1140 beatum

1180 1149 1457 1202 Dionysium,
1497 1151 1736 1206 Martyrem
1766 1160 1891 1197 tuum

1059 1209 1192 1256 atque
1211 1206 1484 1258 Pontificem,
1508 1209 1669 1252 virtute
1690 1215 1891 1255 constan-

1058 1261 1132 1303 tiae
1157 1262 1201 1303 in
1225 1263 1432 1315 passione
1460 1265 1699 1316 roborasti,
1728 1269 1891 1321 quique

1057 1317 1131 1368 illi,
1147 1318 1203 1360 ad
1218 1319 1552 1372 praedicandum
1570 1323 1786 1367 Gentibus
1801 1325 1891 1377 glo-

1058 1375 1167 1416 riam
1193 1381 1328 1426 tuam‚
1358 1378 1590 1420 Rusticum
1618 1385 1662 1422 et
1687 1381 1892 1423 Eleuthe-

1058 1431 1170 1473 rium
1201 1433 1372 1476 sociare
1404 1433 1610 1486 dignatus
1647 1449 1712 1478 es:
1747 1438 1890 1480 tribue

1057 1489 1198 1538 nobis,
1225 1493 1491 1542 quaesumus3
1516 1495 1669 1534 eorum
1686 1494 1890 1537 imitatio-

1057 1557 1123 1595 ne,
1143 1558 1226 1598 pro
1246 1550 1397 1589 amore
1415 1553 1494 1589 tuo
1509 1551 1725 1602 prospera
1739 1551 1892 1594 mundi

1059 1600 1306 1654 despicere,
1344 1609 1388 1646 et
1419 1604 1539 1646 nulla
1575 1607 1666 1657 ejus
1703 1606 1891 1650 adversa

1057 1658 1306 1702 formidare.
1347 1661 1432 1702 Per
1458 1662 1708 1705 Dominum.

1105 1722 1148 1757 In
1177 1723 1204 1757 I.
1234 1723 1434 1757 Nocturno
1470 1722 1675 1757 Lectiones
1710 1722 1758 1758 de
1790 1723 1889 1759 Scri-

1056 1776 1169 1814 ptura
1195 1776 1429 1806 occurrente.

1288 1837 1338 1876 In
1358 1837 1407 1875 II.
1428 1836 1463 1875 N
1466 1837 1652 1876 octurno.

1358 1897 1511 1938 Lectio
1532 1898 1586 1939 iv.

1071 1953 1387 2006 ΓΝ
1433 1954 1731 2007 Atheniensis,
1775 1971 1888 2000 unus

1070 2000 1161 2063 ¹12)
1209 2022 1263 2051 ex
1279 2010 1562 2064 Areopagitis
1577 2012 1804 2065 judicibus,
1822 2015 1889 2056 vir

1070 2062 1142 2089 Β
1171 2069 1178 2079 ’“
1207 2066 1288 2108 fuit
1325 2068 1445 2109 omni
1480 2067 1694 2111 doctrinae
1726 2073 1887 2121 genere

1056 2122 1307 2165 instructus
1336 2125 1420 2175 Qui
1439 2138 1539 2167 cum
1556 2125 1699 2168 adhuc
1713 2127 1758 2168 in
1774 2127 1887 2170 Gen-

1056 2179 1228 2220 tilitatis
1257 2183 1405 2223 errore
1433 2184 1697 2233 versaretur,
1729 2196 1783 2225 eo
1817 2183 1888 2227 die

1056 2248 1144 2287 quo
1172 2236 1372 2279 Christus
1399 2238 1615 2280 Dominus
1647 2241 1765 2282 cruci
1797 2240 1887 2283 afli-

1054 2306 1136 2334 xus
1157 2298 1234 2343 est,
1254 2293 1393 2336 solem
1414 2300 1577 2348 praeter
1594 2299 1795 2338 naturam
1814 2296 1886 2340 de-

1054 2349 1211 2391 fecisse
1230 2350 1592 2403 animadvertens,
1616 2353 1886 2397 exclamasse

1053 2405 1256 2448 traditur:
1275 2407 1503 2450 AutDeus
1522 2412 1693 2450 naturae
1709 2410 1886 2462 patitur,

1054 2467 1129 2504 aut
1170 2463 1323 2506 mundi
1367 2464 1570 2506 machina
1607 2464 1885 2509 dissolvetur.

1053 2519 1141 2560 Sed
1157 2532 1257 2561 cum
1270 2521 1432 2563 Paulus
1445 2521 1692 2575 Apostolus
1707 2525 1885 2566 veniens

1053 2575 1263 2627 Athenas,
1285 2582 1328 2619 et
1347 2578 1391 2618 in
1410 2577 1696 2631 Areopagum
1717 2580 1885 2632 ductus,

1053 2635 1269 2676 rationem
1300 2633 1568 2677 reddidisset
1601 2637 1691 2688 ejus
1727 2637 1884 2680 doctri-

1052 2704 1121 2732 nae
1161 2703 1292 2743 quam
1328 2691 1620 2743 praedicabat,
1662 2694 1884 2737 affirmans
