2040 2944
596 173 666 206 Die
689 172 748 206 20.
774 172 871 207 Nov.
919 173 954 207 S.
980 173 1121 207 Felicis
1148 173 1195 207 de
1220 173 1356 207 Valois
1382 174 1491 207 Conf.

180 280 231 310 ro
251 268 441 309 Romam
461 266 668 315 delatum,
695 266 740 307 in
759 267 1015 309 coemeterio

181 324 350 366 Callisti
371 323 441 364 via
461 323 609 375 Appia
633 323 856 376 sepelitur.
893 324 1016 366 Sedit

180 393 320 422 annos
354 381 562 432 quatuor,
599 391 774 421 menses
813 382 1015 432 quatuor,

181 437 275 479 dies
291 436 443 488 viginti
464 436 669 488 quinque.
698 436 824 479 Fecit
843 437 1014 479 ordina-

179 494 323 536 tiones
349 492 458 534 duas
478 505 629 535 mense
649 493 898 543 Decembri,
923 494 1014 546 qui-

179 550 262 592 bus
291 550 458 591 creavit
484 549 770 603 presbyteros
799 563 894 600 sex,
926 550 1014 592 dia-

180 619 318 648 conos
345 606 554 658 quinque,
583 609 821 660 episcopos
849 620 929 659 per
955 607 1015 650 di-

180 665 307 704 versa
326 663 426 705 loca
445 675 534 704 sex.

238 720 297 761 'l'e
317 720 462 762 Deum
481 719 723 761 laudamus.
743 721 801 760 14.

238 781 279 815 ln
299 782 458 815 Laudib.
487 783 525 816 lit
548 792 745 817 commem.
770 784 804 817 S.
826 784 1016 817 Pontiani.

238 835 335 875 Ant.
370 832 451 883 Qui
481 831 576 874 odit
604 832 794 873 animam
821 846 946 874 suam
972 833 1016 874 in

179 890 266 932 hoc
285 889 463 939 mundo,
486 889 531 930 in
555 889 691 932 vitam
715 891 926 931 aeternam
945 902 1015 931 cu-

181 945 319 989 stodit
339 958 447 987 eam.
588 981 591 985 .

238 1000 285 1050 δ”.
326 1003 478 1044 Justus
524 1007 573 1044 ut
626 1002 775 1055 palma
829 1001 1016 1045 florebit.

185 1061 234 1112 Ην.
267 1059 390 1101 Sicut
422 1059 581 1101 cedrus
618 1058 775 1101 Libani
810 1059 1015 1112 multipli-

181 1115 365 1158 cabitur.

526 1173 687 1214 Oratio.

228 1225 513 1266 nfirmitatem
544 1231 743 1267 nostram
770 1226 942 1278 respice
972 1238 1015 1266 o-

245 1284 499 1334 mnipotens
528 1282 665 1323 Deus:
701 1286 745 1323 et
779 1282 880 1334 quia
908 1295 1014 1335 pon-

182 1338 263 1380 dus
284 1338 480 1391 propriae
501 1339 686 1381 actionis
707 1343 877 1390 gravat,
896 1339 1017 1381 beati

180 1396 385 1438 Pontiani
405 1395 612 1448 Martyris
631 1396 695 1437 tui
716 1400 849 1448 atque
868 1397 1014 1437 Ponti-

180 1452 275 1494 ficis
305 1453 564 1494 intercessio
591 1452 787 1504 gloriosa
811 1466 891 1494 nos
915 1456 1015 1506 pro-

179 1514 311 1561 tegat.
340 1510 426 1551 Per
444 1509 696 1551 Dominum.

239 1572 351 1615 Vesp.
376 1583 396 1606 a
418 1572 510 1615 Cap.
538 1572 583 1606 de
607 1583 724 1616 sequ„
750 1583 835 1607 cum
862 1575 1019 1608 comem.

186 1617 352 1659 praeced.

357 1684 443 1726 Die
461 1685 533 1726 20.
554 1685 833 1727 Novembris.

180 1749 223 1790 S.
245 1748 424 1791 Felicis
447 1749 509 1790 de
528 1749 703 1791 Valois
734 1749 1020 1790 Confessoris.

521 1807 684 1851 Duplex.

241 1859 377 1893 Omnia
402 1860 448 1894 de
467 1860 571 1894 Com.
592 1861 701 1895 Conf.
726 1872 801 1896 non
820 1861 928 1896 Pont.
947 1861 1017 1906 [67]

188 1912 328 1951 praeter
354 1918 458 1951 sequ.
480 1907 540 1950 (m.
562 1911 587 1943 t.
611 1908 661 1950 v.)

522 1965 685 2006 Oratio.

272 2033 361 2071 eus,
388 2022 463 2074 qui
486 2021 667 2064 beatum
692 2022 886 2064 Felicem
906 2023 1016 2066 Con-

299 2078 515 2121 fessorem
546 2085 671 2122 tuum
700 2093 754 2122 ex
783 2082 931 2122 eremo
961 2082 1018 2124 ad

181 2148 338 2176 munus
358 2135 605 2179 redimendi
621 2139 824 2190 captivos
844 2138 1017 2180 co'elitus

182 2194 345 2234 vocare
371 2192 576 2245 dignatus
603 2206 665 2236 es:
692 2199 874 2247 praesta,
901 2198 1017 2248 quae-

183 2261 352 2300 sumus;
388 2257 437 2292 ut
473 2263 555 2303 per
586 2251 775 2302 gratiam
810 2256 931 2294 tuam
964 2265 1019 2295 ex

183 2308 470 2358 peccatorum
483 2309 738 2350 nostrorum
749 2309 1018 2361 captivitate,

185 2362 276 2414 ejus
299 2363 613 2406 intercessione
637 2364 823 2415 liberati,
851 2366 908 2407 ad
933 2379 1018 2408 coe—

122 2434 126 2437 ⁴
184 2419 341 2461 lestem
368 2421 558 2472 patriam
585 2420 893 2474 perducamur.
933 2423 1019 2465 Per

184 2475 424 2518 Dominum
450 2482 661 2520 nostrum.

243 2537 289 2571 Et
311 2538 351 2572 fit
377 2548 571 2573 commem.
598 2539 761 2582 praeced.

244 2589 342 2630 Ant.
365 2590 539 2631 Manum
558 2603 682 2633 suam
699 2592 871 2645 aperuit
885 2593 1019 2645 inopi,

186 2650 231 2688 et
250 2645 420 2699 palmas
442 2659 543 2688 suas
563 2649 759 2691 extendit
779 2649 836 2691 ad
855 2652 1019 2702 paupe-

186 2715 290 2754 rem,
309 2707 355 2745 et
372 2715 533 2757 panem
552 2705 697 2747 otiosa
714 2719 802 2748 non
818 2705 1020 2749 comedit.

1124 265 1173 316 V.
1207 267 1379 309 Diffusa
1418 273 1485 309 est
1521 269 1662 319 gratia
1697 269 1740 310 in
1777 267 1904 309 labiis

1069 324 1168 365 tuis.
1226 327 1274 377 R·.
1318 325 1559 377 Propterea
1595 325 1822 368 benedixit
1853 323 1903 367 ¹te

1069 381 1191 422 Deus
1219 381 1263 422 in
1292 383 1517 423 aeternum.

1410 457 1573 497 Oratio.

1069 511 1306 618 Tuorum
1327 515 1464 558 corda
1478 516 1674 558 fidelium
1690 517 1813 558 Deus
1827 517 1904 558 mi-

1173 575 1343 615 serator
1368 572 1554 614 illustra:
1580 578 1623 615 et
1647 572 1793 615 beatae
1817 573 1903 615 Eli-

1070 629 1227 671 sabeth
1255 629 1463 682 precibus
1490 629 1697 679 gloriosis
1726 630 1794 671 fac
1821 643 1903 672 nos

1069 687 1286 738 prospera
1305 685 1457 727 mundi
1481 685 1727 739 despicere3
1753 690 1798 728 et
1817 699 1903 728 coe-

1069 742 1169 784 lesti
1189 754 1366 795 semper
1381 742 1686 785 consolatione
1701 742 1904 794 gaudere.

1070 799 1154 840 Per
1173 799 1422 840 Dominum.

1126 862 1169 896 In
1198 863 1224 896 1.
1254 862 1454 896 Nocturno
1488 862 1694 897 Lectiones
1727 863 1775 897 de
1807 862 1905 898 Scri-

1075 915 1187 954 ptura
1212 915 1446 945 occurrente.

1298 981 1347 1020 In
1375 981 1425 1020 ΙΙ.
1453 981 1678 1021 Noeturno.

1378 1046 1530 1087 Lectio
1550 1046 1603 1086 iv.

1073 1138 1087 1230 ᾖ
1104 1106 1585 1226 Κῑθέᾔὶῧὲῗεέῑὲἳὶἳὲ
1595 1107 1905 1209 {ffiffiffis

1105 1212 1176 1237 Μ’)
1204 1220 1248 1261 in
1277 1220 1437 1271 Gallia,
1471 1221 1527 1263 ab
1560 1222 1738 1264 ineunte
1772 1225 1905 1265 aetate

1070 1291 1157 1320 non
1182 1278 1298 1319 levia
1325 1277 1448 1319 dedit
1473 1278 1634 1319 futurae
1661 1279 1907 1322 sanctitatis

1070 1335 1251 1385 indicia,
1296 1334 1545 1386 praesertim
1589 1335 1906 1378 misericordiae

1071 1405 1175 1443 erga
1203 1394 1442 1444 pauperes:
1469 1404 1571 1432 nam
1599 1391 1744 1433 adhuc
1770 1392 1906 1434 infan-

1069 1449 1199 1499 tulus,
1218 1461 1350 1489 manu
1363 1448 1556 1501 propria,
1577 1461 1628 1490 ac
1648 1449 1686 1490 si
1699 1449 1908 1500 grandior

1071 1511 1204 1555 esset,
1238 1510 1281 1546 et
1307 1504 1457 1557 judicii
1483 1505 1739 1547 maturitate
1769 1505 1907 1559 polle-

1070 1567 1149 1613 ret,
1164 1574 1368 1603 nummos
1385 1562 1535 1612 egenis
1551 1561 1787 1604 distribuit.
1810 1562 1835 1603 J
1837 1575 1908 1604 am

1070 1617 1426 1671 grandiuscuIUS,
1454 1617 1628 1660 solebat
1653 1631 1708 1660 ex
1733 1619 1907 1672 apposi-

1070 1677 1127 1718 tis
1146 1676 1190 1717 in
1210 1688 1364 1717 mensa
1383 1674 1573 1728 dapibus
1594 1675 1651 1717 ad
1669 1676 1793 1729 ipsos
1811 1678 1907 1718 mit-

1071 1738 1182 1783 tere,
1217 1739 1261 1775 et
1290 1732 1427 1774 ferme
1455 1744 1527 1783 eo,
1561 1732 1682 1785 quod
1711 1732 1908 1786 sapidius

1072 1795 1176 1841 erat,
1204 1789 1393 1832 obsonio
1418 1789 1717 1842 pauperculos
1743 1793 1909 1843 pueros

1071 1847 1314 1889 recreabat.
1351 1845 1628 1888 Adolescens
1656 1859 1745 1888 non
1772 1846 1908 1888 semel

1071 1903 1268 1946 vestibus
1295 1915 1343 1945 se
1369 1902 1650 1956 exspoliavit,
1678 1908 1727 1945 ut
1750 1905 1908 1956 inopes

1072 1963 1336 2015 cooperiret.
1363 1959 1436 2002 Ab
1457 1959 1674 2001 avunculo
1689 1959 1908 2002 Theobal-

1072 2018 1147 2069 do,
1179 2017 1460 2071 Xamphanae
1495 2022 1538 2059 et
1565 2016 1704 2058 Blesii
1736 2016 1908 2067 comite,

1071 2075 1207 2117 vitam
1231 2087 1308 2116 reo
1333 2074 1488 2116 mortis
1508 2073 1779 2127 impetravit,
1797 2086 1908 2126 prae-

1073 2131 1224 2174 dicens
1250 2131 1366 2172 hunc
1390 2131 1599 2172 infamem
1621 2129 1834 2172 hactenus
1853 2129 1907 2171 si-

1073 2188 1256 2239 carium,
1292 2200 1398 2229 mox
1431 2185 1718 2228 sanctissimis
1749 2185 1908 2239 praedi-

1071 2250 1165 2286 tum
1181 2244 1381 2286 moribus
1397 2246 1647 2286 evasurum:
1665 2242 1908 2284 veridicum

1071 2301 1374 2343 testimenium
1393 2299 1656 2342 monstravit
1675 2300 1870 2341 eventus.

1131 2368 1181 2418 R·.
1207 2367 1457 2408 Honestum
1499 2365 1602 2407 fecit
1641 2364 1763 2405 illum
1800 2365 1907 2415 Dfis,

1073 2429 1117 2466 et
1136 2423 1376 2466 custodivit
1395 2435 1496 2466 eum
1515 2421 1570 2464 ab
1592 2421 1796 2470 inimicis,
1816 2426 1860 2464 et
1880 2434 1907 2463 a

1074 2480 1380 2523 seductoribus
1395 2478 1555 2521 tutavit
1568 2477 1706 2518 illum:
1732 2478 1820 2520 *Et
1835 2477 1907 2520 de-

1073 2538 1137 2579 dit
1155 2537 1217 2578 illi
1236 2537 1481 2578 claritatem
1500 2536 1720 2576 aetemam.
1760 2529 1811 2583 W.
1834 2535 1859 2575 J
1861 2548 1905 2576 u-

1073 2599 1190 2636 stum
1225 2592 1409 2636 deduxit
1444 2592 1661 2633 Dominus
1698 2604 1778 2644 per
1813 2591 1907 2633 vias

1073 2656 1233 2699 rectas,
1253 2654 1297 2691 et
1316 2648 1510 2691 ostendit
1527 2648 1589 2689 illi
1610 2660 1793 2698 regnum
1811 2648 1907 2690 Dei.

1073 2708 1130 2749 Et
1149 2706 1283 2749 dedit.
