2040 2944
598 165 672 199 Die
701 166 756 198 10.
783 166 880 199 Nov.
928 166 963 199 S
989 165 1158 199 Andrcae
1183 166 1354 199 Avellini
1380 166 1489 200 Conf.

179 276 276 304 mos
313 263 454 304 saneti
490 263 572 303 viri
610 263 840 305 caritatem
877 265 1013 315 signis

180 320 311 361 etiam
348 319 564 359 Dominus
602 319 848 360 illustravit.
904 320 1013 361 Cum

180 376 294 417 enim
322 375 587 427 intempesta
619 381 750 417 nocte
779 375 834 418 ab
862 377 1013 418 audita

180 432 285 482 aegri
318 431 597 473 confessione
627 431 808 473 domum
836 433 1012 483 rediret,

179 501 230 529 ac
258 488 422 540 pluviae
456 491 778 541 ventorumque
804 490 870 531 vis
902 502 1012 542 prae-

179 544 396 585 lucentem
424 544 565 585 facem
591 546 890 596 exstinxisset,
924 559 1013 587 non

179 601 321 642 solum
349 601 445 653 ipse
474 614 575 642 cum
606 602 739 643 sociis
767 603 880 644 inter
909 602 1012 644 effu-

179 657 377 698 sissimos
406 657 569 699 imbres
602 658 710 698 nihil
737 657 1012 700 madefactus

178 719 262 763 est:
289 726 443 755 verum
463 714 612 763 etiam,
638 715 848 756 inusitato
869 714 1012 767 splen-

179 770 286 811 dore
333 783 356 811 e
404 783 485 811 suo
528 773 718 823 corpore
755 771 1013 813 mirabiliter

179 827 411 876 emicante,
441 828 574 868 sociis
594 828 708 869 inter
728 827 1013 869 densissimas

176 883 383 924 tenebras
418 884 500 925 iter
534 885 810 926 monstravit.
864 884 1012 926 Absti-

176 940 324 981 nentia
352 944 396 980 et
419 940 647 992 patientia,
675 953 758 982 nec
785 953 873 982 non
900 941 1012 992 abie-

177 996 322 1037 ctione
348 1002 482 1048 atque
509 996 613 1038 odio
638 997 705 1038 sui
730 999 1012 1050 summopere

175 1053 395 1105 praestitit.
431 1053 600 1095 Necem
629 1054 775 1095 fratris
804 1054 895 1095 filio
920 1054 1012 1095 illa·

176 1116 267 1151 tam
292 1110 613 1163 imperturbato
639 1111 786 1152 animo
814 1111 931 1161 tulit,
961 1124 1012 1152 ac

176 1179 280 1208 suos
301 1166 356 1208 ab
377 1167 496 1207 omni
510 1167 753 1209 ulciscendi
769 1167 1011 1220 eupiditate

176 1224 468 1276 compescuit,
500 1224 589 1265 imo
618 1224 750 1265 etiam
771 1237 855 1277 pro
882 1225 1011 1266 inter-

176 1279 419 1321 fectoribus
447 1293 578 1332 opem
598 1285 642 1322 et
662 1280 1012 1323 misericordiam

175 1336 368 1388 judicum
387 1336 653 1389 imploravit.

231 1396 280 1447 Ην.
307 1393 484 1435 Amavit
503 1406 604 1434 eum
622 1394 856 1444 Dominus,
879 1399 922 1435 et
943 1407 1008 1435 or-

175 1450 296 1490 navit
330 1462 444 1490 eum:
485 1450 646 1491 stolam
679 1450 834 1501 gloriae
868 1450 1011 1492 induit

175 1518 290 1555 eum,
319 1509 341 1532 *
363 1507 420 1548 Et
449 1505 506 1548 ad
533 1511 687 1559 portas
715 1506 910 1559 paradisi
939 1520 1008 1549 co-

174 1563 348 1604 ronavit
380 1575 491 1604 eum.
534 1560 583 1611 V.
613 1563 762 1605 Induit
795 1576 896 1605 eum
922 1564 1010 1605 Do-

174 1620 316 1660 minus
358 1619 540 1661 loricam
584 1620 704 1670 fidei,
752 1625 796 1662 et
837 1621 1011 1662 ornavit

175 1688 287 1717 eum.
318 1676 374 1717 Et
393 1676 450 1717 ad
469 1681 635 1729 portas.

479 1736 633 1777 Lectio
651 1737 705 1777 vi.

260 1787 429 1830 Iuribus
449 1788 493 1828 in
513 1788 622 1830 locis
639 1789 910 1831 Clericorum
925 1790 1009 1831 Re-

268 1844 488 1895 gularium
512 1844 713 1886 Ordinem
731 1846 1009 1898 propagavit,

174 1904 417 1952 eorumque
446 1900 669 1943 domicilia
694 1901 936 1943 Mediolani
965 1908 1009 1943 et

173 1957 410 1998 Placentiae
439 1958 638 2000 instituit.
674 1958 798 2000 Illius
825 1961 1009 2011 operam

174 2019 352 2055 sanctus
395 2013 581 2056 Carolus
618 2015 920 2066 BorromaeuS,
966 2021 1010 2058 et

174 2070 335 2111 Paulus
370 2069 425 2112 de
453 2070 608 2112 Aretio
638 2072 835 2113 Clericus
863 2073 1007 2124 Regu-

172 2126 287 2176 laris,
309 2127 575 2178 Cardinales‚
596 2128 756 2180 quibus
775 2133 870 2170 erat
886 2141 1007 2171 acce-

173 2183 417 2235 ptissimus,
455 2184 499 2224 in
535 2185 777 2237 pastoralis
813 2186 1008 2227 muneris

174 2240 289 2280 curis
314 2239 621 2282 adhibuerunt.
649 2242 890 2294 Deiparam
909 2242 1007 2283 Vir-

172 2295 318 2346 ginem
363 2297 571 2347 singulari
613 2300 763 2340 amore
804 2303 850 2340 et
886 2298 1008 2342 cultu

173 2352 537 2404 prosequebatur.
573 2354 848 2405 Angelorum
872 2354 1007 2396 collo-

173 2407 278 2459 quio
298 2409 463 2460 perfrui
483 2411 652 2458 meruit,
677 2423 801 2463 quos,
826 2423 926 2452 cum
946 2411 1006 2452 di-

172 2466 296 2505 vinas
315 2464 471 2506 laudes
495 2466 789 2518 persolveret,
820 2479 844 2508 e
867 2467 1006 2517 regio-

171 2533 227 2562 ne
247 2520 530 2563 concinentes
551 2535 598 2563 se
619 2523 795 2564 audisse
816 2526 1006 2565 testatus

173 2582 251 2619 est.
293 2577 495 2629 Denique
528 2585 632 2631 post
665 2579 844 2620 heroica
872 2580 1005 2621 virtu-

171 2638 265 2674 tum
298 2633 516 2685 exempla,
549 2635 798 2688 prophetiae
828 2648 1006 2687 quoque

173 2689 292 2731 dono
316 2689 514 2739 illustris,
544 2703 632 2742 quo
658 2697 701 2732 et
720 2693 893 2733 secreta
912 2693 1005 2733 cor-

1067 264 1203 314 dium,
1237 270 1281 306 et
1306 265 1521 315 absentia,
1554 271 1598 308 et
1626 267 1771 308 futura
1798 280 1899 319 pro-

1067 321 1230 373 spexit,
1259 322 1382 362 annis
1411 323 1575 373 gravis,
1605 328 1648 365 et
1672 323 1899 365 laboribus

1067 377 1247 427 fractus,
1285 377 1342 419 ad
1375 391 1496 419 aram
1524 378 1826 421 celebraturus
1855 380 1898 420 in

1067 433 1214 475 verbis
1242 433 1328 475 illis
1355 435 1487 476 tertio
1516 436 1732 488 repetitis:
1758 436 1899 478 Intro·

1066 489 1141 531 ibo
1168 490 1224 531 ad
1251 491 1390 532 altare
1410 492 1510 542 Dei,
1539 495 1770 544 repentino
1795 505 1898 545 apo-

1067 546 1226 598 plexiae
1250 547 1407 588 morbo
1431 550 1666 601 correptus
1686 554 1767 598 est;
1795 562 1900 590 mox

1067 605 1351 646 sacramentis
1371 605 1453 654 rite
1472 607 1676 655 munitus,
1695 604 1898 657 placidis-

1067 659 1176 701 sime
1208 660 1322 702 inter
1361 674 1467 703 suos
1501 661 1690 702 animam
1723 661 1899 704 efflavit.

1066 716 1171 767 Ejus
1210 730 1373 770 corpus
1406 718 1598 770 Neapoli
1634 718 1678 758 in
1716 717 1901 759 ecclesia

1067 773 1207 814 sancti
1239 774 1363 815 Pauli
1397 774 1454 815 ad
1485 774 1583 816 haec
1617 787 1758 826 usque
1793 775 1899 816 tem-

1067 841 1178 880 pora
1229 842 1283 871 eo
1338 831 1695 883 frequentissimo
1746 831 1901 884 populi

1067 889 1286 927 concursu
1310 887 1485 937 colitur,
1513 900 1600 940 quo
1626 887 1706 928 fuit
1726 887 1900 928 elatum.

1066 941 1197 982 Illum
1230 942 1420 996 denique
1458 943 1702 995 insignibus
1734 943 1779 984 in
1810 944 1901 984 vita

1067 1003 1110 1039 et
1136 1003 1243 1051 post
1267 1005 1455 1042 mortem
1486 1000 1708 1042 miraculis
1734 999 1902 1041 clarum

1067 1054 1271 1096 Clemens
1296 1056 1556 1098 undecimus
1580 1057 1786 1098 Pontifex
1810 1056 1900 1097 Ma-

1066 1111 1210 1151 ximus
1236 1112 1422 1154 solemni
1447 1113 1532 1154 ritu
1559 1115 1815 1154 sanctorum
1834 1125 1901 1154 ca-

1065 1166 1218 1218 talogo
1239 1168 1485 1221 adscripsit.

1120 1232 1170 1283 R.
1195 1230 1285 1271 Iste
1305 1229 1451 1272 homo.
1471 1231 1551 1283 [72]

1117 1297 1159 1330 In
1182 1297 1246 1330 III.
1267 1297 1468 1331 Nocturno
1494 1296 1667 1331 Homilia
1692 1296 1731 1330 in
1752 1296 1899 1339 Evang.

1066 1344 1150 1379 Sint
1170 1343 1293 1379 lumbi
1316 1344 1447 1379 vestri.
1467 1345 1514 1379 de
1538 1345 1675 1379 eodem
1695 1344 1901 1379 Communi

1067 1394 1094 1427 1.
1121 1393 1219 1427 loco.
1245 1391 1315 1435 [74]

1210 1458 1287 1492 Pro
1312 1457 1368 1491 Ss.
1394 1458 1502 1492 Mart.
1528 1458 1751 1503 Tryphone,

1250 1505 1436 1548 Respicio
1462 1510 1499 1540 et
1521 1506 1716 1550 Nympha.

1368 1562 1523 1603 Lectio
1543 1563 1599 1602 ix.

1072 1639 1092 1677 ς
1118 1635 1144 1663 ε)
1157 1622 1329 1675 ryphon
1344 1623 1483 1664 Decio
1502 1623 1780 1674 imperatore,
1800 1636 1900 1664 cum

1173 1679 1197 1719 J
1201 1692 1278 1720 esu
1299 1680 1463 1721 Christi
1483 1678 1618 1720 fidem
1636 1679 1899 1732 praedicans,

1063 1747 1217 1776 omnes
1246 1734 1304 1777 ad
1338 1737 1430 1788 ejus
1459 1735 1625 1776 cultum
1650 1735 1899 1788 perducere

1063 1793 1309 1843 conaretur,
1325 1805 1350 1834 a
1362 1793 1489 1834 Decii
1504 1791 1766 1834 satellitibus
1782 1805 1898 1834 com-

1062 1847 1323 1900 prehensus,
1365 1849 1556 1902 primum
1589 1848 1779 1901 equuleo
1810 1853 1899 1891 tor-

1064 1906 1238 1956 quetur,
1265 1910 1309 1946 et
1332 1905 1506 1956 ungulis
1530 1905 1684 1946 ferreis
1704 1906 1898 1946 excarni-

1062 1959 1234 2002 ficatur:
1254 1960 1415 2003 deinde
1434 1961 1694 2003 sublimibus
1708 1961 1898 2014 pedibus

1063 2017 1353 2058 candentibus
1376 2017 1514 2059 clavis
1535 2018 1752 2067 confixus,
1776 2018 1898 2060 fusti-

1061 2072 1144 2114 bus
1165 2072 1363 2124 caeditur,
1380 2079 1424 2115 et
1441 2073 1633 2116 admotis
1650 2074 1818 2116 facibus
1832 2087 1898 2116 ar-

1062 2128 1267 2171 dentibus
1283 2130 1493 2171 aduritur.
1513 2131 1622 2181 Quae
1638 2143 1738 2172 cum
1750 2131 1898 2173 omnia

1061 2186 1235 2227 fortiter
1273 2186 1486 2228 ferentem
1523 2186 1708 2228 vidisset
1741 2187 1896 2240 Respi-

1061 2242 1154 2283 cius
1186 2242 1408 2293 tribunus,
1439 2243 1496 2284 ad
1529 2243 1690 2285 Christi
1717 2243 1897 2284 Domini

1060 2298 1194 2340 fidem
1228 2301 1482 2350 conversus,
1516 2299 1664 2341 statim
1697 2311 1745 2340 se
1775 2299 1894 2340 Chri-

1061 2354 1250 2396 stianum
1277 2368 1374 2397 esse
1400 2355 1547 2408 palam
1565 2355 1793 2407 professus
1817 2361 1896 2397 est.

1061 2411 1146 2461 Qui
1165 2412 1285 2453 varie
1306 2412 1542 2462 cruciatus,
1562 2424 1648 2452 una
1668 2424 1768 2453 cum
1787 2413 1894 2466 Try-

1059 2467 1207 2520 phone
1249 2469 1418 2521 rapitur
1459 2467 1516 2510 ad
1556 2468 1581 2509 J
1584 2468 1680 2510 ovis
1723 2469 1894 2510 simula-

1060 2537 1197 2565 crum:
1213 2537 1313 2576 quae
1328 2527 1473 2566 statua
1483 2524 1723 2577 Tryphone
1739 2528 1894 2567 orante

1060 2579 1265 2622 concidit.
1306 2581 1451 2630 Quare
1476 2580 1717 2632 plumbatis
1742 2580 1894 2623 crude-

1059 2636 1224 2678 lissime
1240 2637 1424 2685 contusi,
1443 2636 1767 2679 nobilissimum
1783 2650 1894 2678 mar·

1058 2693 1219 2745 tyrium
1238 2693 1462 2735 consecuti
1487 2699 1588 2735 sunt
1609 2699 1767 2746 quarto
1785 2693 1893 2736 Idus
