2040 2944
715 216 746 250 F
749 216 829 251 eria
853 216 966 251 tertia
991 218 1040 251 ad
1064 217 1301 254 Matutinum.
1811 217 1857 252 59

197 307 309 357 Quia
328 307 480 349 'anima
509 307 599 359 ejus
635 307 680 348 in
711 308 801 350 vita
837 309 974 361 ipsius

143 363 444 406 benedicetur:
454 364 478 390 *
489 363 769 406 confitebitur
781 364 862 407 tibi
877 378 975 407 cum

143 419 415 462 benefeceris
436 421 486 462 ei.

195 476 401 519 Introibit
419 489 560 529 usque
578 476 623 517 in
644 477 879 529 progenies
901 490 975 530 pa-

142 538 260 575 trum
285 535 481 583 suorum3
501 533 524 559 *
551 538 595 575 et
618 546 758 585 usque
782 533 827 574 in
851 536 974 576 aeter-

142 603 248 631 num
267 602 356 631 non
375 589 542 632 videbit
559 589 716 631 lumen.

196 646 356 695 Homo,
371 659 471 688 cum
488 646 532 686 in
553 645 722 688 hon6re
743 651 870 697 esset,
886 659 975 688 non

142 702 370 744 intellexit:
386 703 410 728 *
430 704 711 755 comparatus
729 708 796 744 est
815 703 974 754 jumen-

142 758 199 800 tis
227 758 552 811 insipientibus,
582 763 625 800 et
653 758 806 799 similis
834 759 974 800 factus

143 819 211 856 est
229 814 325 855 illis.

197 890 297 931 Ant,
325 880 508 939 Magnus
528 884 743 926 Dominus
765 890 808 926 et
827 884 975 926 lauda-

142 940 242 983 bilis
265 940 404 981 nimis.

198 1012 298 1053 Ant.
326 1014 446 1054 Deus
476 1009 671 1052 deorum.

418 1087 617 1129 Psalmus
636 1089 703 1129 49.

143 1149 309 1257 Deus
338 1151 522 1194 deorum
549 1152 765 1194 Dominus
800 1153 974 1195 locutus

253 1214 338 1250 est:
362 1209 386 1234 *
406 1214 450 1251 et
473 1209 649 1250 vocavit
669 1213 844 1250 terram.

194 1265 235 1305 A
257 1264 364 1306 solis
385 1270 485 1307 ortu
510 1278 651 1317 usque
671 1265 727 1307 ad
748 1267 975 1307 occasum:

141 1322 165 1347 *
184 1334 239 1363 ex
258 1321 362 1363 Sion
382 1321 553 1374 species
573 1321 747 1363 decoris
769 1323 871 1374 ejus.

193 1378 316 1419 Deus
348 1377 578 1420 manifeste
612 1378 771 1420 veniet:
797 1379 821 1404 *
853 1379 974 1421 Deus

140 1439 292 1476 noster
312 1439 356 1476 et
374 1447 463 1476 non
483 1434 638 1476 silebit.

192 1491 314 1541 Ignis
338 1491 382 1531 in
409 1492 651 1543 conspectu
678 1491 769 1542 ejus
795 1491 974 1533 exarde-

142 1551 255 1589 scet:
283 1548 307 1573 *
335 1552 380 1589 et
405 1547 450 1588 in
478 1547 663 1589 circuitu
691 1548 782 1599 ejus
810 1550 974 1600 tempe-

141 1608 232 1646 stas
249 1603 406 1645 valida.

193 1659 448 1702 Advocabit
463 1659 625 1701 coelum
639 1659 886 1702 desursum:
895 1662 919 1688 *
931 1667 974 1703 et

140 1721 304 1758 terram
324 1716 575 1758 discernere
600 1716 813 1768 populum
838 1730 973 1758 suum.

197 1772 474 1823 Congregate
507 1771 570 1812 illi
605 1777 782 1814 sanctos
811 1773 921 1825 ejus:
949 1776 973 1801 *

143 1828 218 1881 qui
269 1828 473 1870 ordinant
522 1830 833 1871 testamentum
881 1830 972 1882 ejus

142 1897 276 1937 super
299 1884 524 1926 sacrificia.

194 1942 251 1983 Et
282 1940 600 1983 annuntiabunt
632 1941 734 1982 coeli
765 1942 972 1993 justitiam

142 1997 252 2049 ejus:
273 1998 297 2024 *
317 1997 523 2049 qu6niam
543 1997 665 2039 Deus
686 1997 817 2049 judex
838 2003 915 2040 est.

195 2053 314 2095 Audi
340 2053 531 2106 populus
558 2066 697 2102 meus,
727 2059 770 2095 et
797 2053 972 2106 loquar:

143 2109 295 2159 Israel,
326 2114 370 2151 et
393 2109 667 2151 testificabor
690 2109 788 2151 tibi:
807 2111 831 2137 *
850 2111 971 2152 Deus

141 2165 264 2207 Deus
285 2170 386 2207 tuus
407 2178 490 2216 ego
510 2178 616 2206 sum.

193 2222 296 2263 Non
331 2222 375 2262 in
414 2221 640 2262 sacrificiis
671 2222 757 2263 tuis
793 2223 972 2272 arguam

141 2282 204 2320 te:
224 2279 248 2305 *
266 2277 526 2320 holocausta
544 2282 690 2319 autem
708 2283 783 2320 tua
808 2278 852 2318 in
872 2291 970 2320 con-

142 2336 298 2386 spectu
314 2346 415 2376 meo
438 2338 538 2375 sunt
557 2346 742 2386 semper.

100 2388 102 2390 ’
192 2390 295 2432 Non
314 2390 527 2442 accipiam
546 2388 601 2431 de
621 2388 755 2431 domo
773 2394 849 2431 tua
864 2392 970 2432 vitu-

140 2446 405 2499 los:*neque
421 2445 477 2487 de
491 2444 697 2496 gregibus
711 2445 798 2487 tuis
813 2445 971 2487 hircos.

195 2503 412 2553 Quoniam
432 2515 543 2543 meae
570 2506 670 2543 sunt
692 2514 843 2542 omnes
865 2502 971 2543 ferae

142 2558 361 2608 silvarum,
372 2560 396 2586 *
414 2559 605 2610 jumenta
623 2557 667 2598 in
684 2557 907 2599 mdntibus
928 2563 971 2600 et

141 2614 292 2656 boveS.
353 2647 359 2656 ‚

196 2671 395 2721 Cognovi
419 2670 564 2711 omnia
589 2669 782 2711 volatilia
809 2669 928 2710 coeli:
946 2671 971 2696 *

143 2730 187 2768 et
205 2726 487 2779 pulchritudo
508 2726 602 2776 agri
621 2738 793 2768 mecum
815 2730 892 2767 est.

1080 310 1125 351 Si
1162 313 1373 362 esuriero,
1410 325 1498 354 non
1537 312 1681 354 dicam
1710 313 1805 355 tibi:
1833 316 1856 341 *

1027 378 1151 407 meus
1172 372 1239 409 est
1259 368 1373 409 enim
1394 368 1512 410 orbis
1532 374 1684 419 terrae,
1705 375 1748 412 et
1766 370 1855 422 ple-

1027 422 1181 465 nitudo
1204 423 1305 475 ejus.

1078 478 1304 531 Numquid
1365 480 1641 523 manducabo
1702 495 1855 524 carnes

1026 534 1276 576 taurorum?
1296 537 1320 563 *
1339 541 1413 578 aut
1442 538 1696 587 sanguinem
1716 538 1854 580 hirco-

1027 603 1124 632 rum
1141 591 1333 644 potabo?
1420 641 1422 643 .

1079 647 1220 689 Iffiola
1237 648 1335 689 Deo
1364 648 1625 691 sacrificium
1652 650 1812 692 laudis:
1831 654 1855 679 *

1028 708 1072 745 et
1091 703 1228 745 redde
1248 703 1476 746 Altissimo
1496 711 1600 747 vota
1619 712 1704 748 tua.

1078 759 1135 801 Et
1172 762 1330 802 invoca
1369 773 1439 802 me
1484 761 1528 801 in
1569 761 1639 803 die
1678 763 1853 805 tribula-

1026 816 1173 857 ti6nis:
1200 818 1224 843 ¹⁸¹
1251 818 1400 858 eruam
1432 822 1492 866 te,
1525 822 1568 859 et
1597 818 1853 861 honorifica-

1026 871 1095 913 bis
1122 885 1203 914 me.
1794 886 1802 894 ·

1078 928 1309 970 Peccatori
1342 934 1488 971 autem
1522 929 1631 971 dixit
1662 931 1801 972 Deus:
1831 936 1854 959 *

1028 986 1173 1035 Quare
1192 990 1240 1026 tu
1260 987 1438 1026 enarras
1457 986 1641 1037 justitias
1660 1000 1791 1037 meaS,
1812 994 1854 1030 et

1027 1041 1214 1082 assumis
1247 1043 1557 1083 testamentum
1594 1055 1738 1084 meum
1775 1057 1854 1096 per

1028 1109 1078 1139 os
1097 1097 1244 1139 tuum?

1079 1153 1149 1195 Tu
1169 1166 1276 1195 vero
1297 1153 1429 1195 odisti
1455 1153 1744 1206 disciplinam:
1764 1157 1787 1183 *
1811 1162 1854 1198 et

1025 1210 1250 1262 projecisti
1282 1212 1507 1252 serm6nes
1538 1224 1662 1252 meos
1695 1215 1852 1254 retror-

1027 1279 1138 1307 sum:

1079 1323 1124 1364 Si
1142 1321 1324 1364 videbas
1347 1322 1503 1372 furem,
1530 1323 1736 1365 currebas
1755 1337 1853 1366 cum

1027 1391 1099 1420 eo:
1119 1380 1143 1406 *
1169 1383 1213 1420 et
1241 1391 1340 1420 cum
1367 1378 1577 1421 adulteris
1605 1381 1852 1431 portionem

1025 1440 1146 1477 tuam
1164 1434 1373 1487 ponebas.

1078 1491 1140 1533 Os
1165 1496 1288 1533 tuum
1312 1491 1551 1533 abundavit
1567 1492 1749 1534 malitia:
1767 1495 1790 1520 *
1810 1499 1853 1535 et

1025 1548 1172 1598 lingua
1189 1553 1265 1589 tua
1285 1547 1574 1589 concinnabat
1594 1548 1732 1590 dolos.

1078 1604 1245 1646 Sedens
1278 1603 1489 1645 adversus
1520 1604 1698 1646 fratrem
1730 1612 1852 1648 tuum

1025 1660 1295 1712 loquebaris,
1318 1665 1362 1702 et
1381 1659 1592 1701 adversus
1612 1661 1747 1703 filium
1766 1677 1851 1704 ma-

1025 1717 1104 1758 tris
1118 1722 1206 1758 tuae
1222 1716 1419 1769 ponebas
1435 1717 1707 1758 scandalum:
1719 1720 1742 1745 *
1756 1718 1852 1760 haec

1024 1773 1176 1822 fecisti,
1197 1778 1241 1814 et
1259 1772 1386 1813 tacui.

1078 1829 1350 1870 Existimasti
1373 1828 1519 1881 inique
1546 1829 1664 1881 quod
1688 1836 1765 1871 vero
1790 1831 1852 1872 tui

1025 1885 1195 1926 similis:
1218 1886 1242 1911 *
1278 1887 1458 1935 arguam
1489 1890 1552 1934 te,
1588 1891 1631 1927 et
1663 1888 1851 1927 statuam

1025 1946 1179 1982 contra
1199 1941 1356 1982 faciem
1373 1946 1504 1982 tuam.

1077 1997 1312 2047 Intelligite
1336 1997 1432 2038 haec
1456 1997 1529 2049 qui
1549 1997 1852 2039 obliviscimini

1024 2054 1186 2095 Deum:
1204 2055 1227 2080 *
1254 2053 1489 2105 nequando
1514 2054 1670 2105 rapiat,
1695 2058 1739 2095 et
1763 2067 1851 2095 non

1025 2110 1082 2151 sit
1101 2109 1175 2161 qui
1195 2109 1360 2162 eripiat.

1077 2165 1346 2207 Sacrificium
1373 2164 1514 2206 laudis
1544 2165 1851 2207 honorificabit

1023 2234 1113 2262 me:
1134 2223 1158 2248 *
1187 2226 1230 2263 et
1257 2221 1345 2262 illic
1373 2221 1474 2270 iter,
1505 2234 1592 2273 quo
1622 2221 1849 2263 ostendam

1023 2277 1086 2318 illi
1106 2277 1297 2319 salutare
1317 2277 1411 2318 Dei.

1300 2355 1498 2396 Psalmus
1527 2356 1586 2396 51.

1027 2418 1181 2541 Quid
1216 2436 1417 2487 gloriaris
1445 2436 1489 2476 in
1515 2435 1696 2485 malitia,
1724 2438 1748 2463 *
1777 2436 1849 2488 qui

1136 2498 1294 2544 potens
1315 2504 1361 2533 es
1380 2492 1424 2532 in
1442 2491 1695 2543 iniquitate?

1077 2553 1191 2594 Tota
1236 2552 1306 2593 die
1352 2552 1603 2604 injustitiam
1641 2551 1848 2601 cogitavit

1023 2609 1168 2659 lingua
1190 2614 1283 2650 tua:
1302 2610 1326 2635 *
1346 2608 1457 2650 sicut
1482 2607 1696 2649 novacula
1720 2609 1846 2648 acuta

1023 2665 1164 2707 fecisti
1184 2663 1344 2706 dolum.

1074 2724 1277 2766 Dilexisti
1291 2724 1499 2766 malitiam
1514 2735 1645 2776 super
1654 2721 1844 2771 benigni-
