2040 2944
567 176 766 223 FeriavL
791 189 890 223 infra
915 189 994 224 Oct.
1019 189 1054 224 S.
1079 190 1220 233 Angeli
1246 191 1440 225 Custodis.

149 281 403 323 scandalum
413 283 605 335 patimur
619 298 644 326 a
657 284 773 338 pede
786 284 979 337 quodam

147 337 520 391 pusillanimitatis
544 346 588 382 et
606 341 883 392 negligentiae
902 355 977 383 no-

148 399 263 445 strae,
287 395 362 447 qui
380 397 583 438 nimirum
603 396 874 439 descendere
890 411 978 439 ma-

146 451 229 502 gis,
257 464 309 493 ac
332 452 558 494 remissius
581 453 644 495 ire
670 456 870 505 conatur3
898 454 978 496 sed

147 507 346 550 abscindi
373 521 475 550 eum
500 511 682 552 necesse
710 516 794 561 est,
821 516 870 552 ut
896 524 977 564 pes

146 564 311 616 gratiae,
338 565 412 618 qui
430 570 518 608 stat
535 566 579 607 in
600 566 780 618 directo,
800 570 977 609 currere

146 622 289 674 possit
319 622 413 664 sine
441 622 700 674 offensione,
734 624 826 666 sine
854 626 975 665 scan-

147 677 259 729 dalo,
288 679 381 721 sine
407 679 736 733 impedimento.

211 740 271 781 Te
291 739 435 781 Deum
454 740 694 783 laudamus.
710 744 769 783 14.

235 822 363 865 Feria
381 823 515 867 Sexta
534 825 646 868 infra
666 826 881 869 Octavam

305 883 347 925 S.
366 884 547 935 Angeli
568 886 811 930 custodis.

195 946 240 980 In
270 946 298 981 Ι.
321 946 521 981 Nocturno
555 946 760 982 Lectiones
795 947 841 981 de
875 946 973 981 Scri-

144 998 258 1037 ptura
282 1001 516 1030 occurrente.

368 1058 418 1098 In
444 1059 495 1098 ΙΙ.
523 1058 747 1098 Nocturno.

175 1116 327 1158 Sermo
349 1117 489 1159 sancti
507 1117 723 1161 Bernardi
742 1118 941 1162 Abbatis.

260 1176 305 1211 In
328 1177 557 1211 Festivitate
581 1176 616 1212 S.
641 1177 854 1211 MichaElis.

445 1234 597 1275 Lectio
618 1234 671 1274 iv.

155 1320 158 1350 :
260 1295 419 1347 ignum
445 1302 524 1348 est,
551 1302 601 1340 ut
625 1298 811 1351 gloriam
830 1300 972 1353 Ange-

155 1358 158 1375 ¹
182 1352 221 1397 «f
288 1351 431 1394 lorum
458 1367 546 1396 non
573 1356 816 1409 capientes,
848 1362 972 1400 tanto

285 1409 425 1462 magis
458 1411 776 1465 amplectamur
808 1414 972 1456 miseri-

142 1464 348 1518 cordiam,
376 1480 462 1520 qua
485 1468 688 1511 nimirum
713 1476 887 1513 constat
911 1472 971 1512 ni-

141 1521 376 1566 hilominus
425 1524 651 1568 abundare
703 1526 972 1570 domesticos

140 1578 236 1630 Dei,
255 1580 358 1622 coeli
375 1581 504 1633 cives,
523 1583 747 1636 principes
765 1583 972 1637 paradisi.

141 1635 350 1679 Testatur
375 1638 489 1680 enim
514 1640 777 1693 Apostolus,
807 1642 881 1693 qui
906 1655 970 1683 ra-

139 1698 242 1745 ptus
268 1693 326 1736 ad
342 1696 520 1738 tertium
547 1696 718 1747 coelum,
743 1697 887 1740 beatae
909 1698 971 1739 illi

140 1749 273 1792 curiae
291 1752 450 1795 meruit
471 1753 696 1804 interesse,
722 1759 856 1806 atque
879 1755 970 1807 ejus

138 1819 271 1849 nosse
291 1811 472 1860 secreta,
498 1811 705 1863 quoniam
725 1823 876 1853 omnes
896 1811 968 1853 ad-

139 1863 439 1907 ministratorii
458 1871 560 1909 sunt
578 1867 768 1920 spiritus,
787 1868 908 1909 missi
926 1868 970 1909 in

139 1920 425 1964 ministerium
443 1929 628 1977 propter
646 1937 723 1966 eos
744 1925 819 1977 qui
833 1924 968 1981 haere-

140 1974 323 2019 ditatem
346 1980 524 2032 capiunt
547 1980 711 2023 salutis.
744 1981 902 2034 Neque
924 1981 970 2024 id

140 2034 344 2086 cuiquam
354 2035 610 2079 incredibile
620 2038 833 2089 videatur,
846 2051 970 2091 quan·

141 2089 381 2142 doquidem
403 2092 501 2146 ipse
523 2107 701 2147 quoque
722 2095 907 2136 Creator
927 2100 970 2136 et

140 2145 239 2188 Rex
269 2148 541 2199 Angelorum
577 2151 696 2194 venit
726 2164 815 2193 non
848 2151 968 2193 mini-

140 2203 287 2254 strari,
316 2204 396 2247 sed
423 2206 686 2258 ministrare,
715 2213 758 2250 et
781 2208 969 2249 animam

140 2271 264 2301 suam
292 2260 398 2303 dare
425 2275 508 2315 pro
536 2264 697 2306 multis.

188 2318 243 2370 R.
259 2316 383 2359 Vivit
403 2318 498 2371 ipse
516 2320 746 2362 Dominus.
764 2320 868 2373 [261]

446 2381 599 2423 Lectio
620 2396 656 2421 v.

138 2431 448 2538 Ministrant
463 2439 630 2492 Angeli,
650 2442 729 2484 sed
745 2442 800 2484 de
815 2443 967 2493 alieno,

269 2495 503 2538 offerentes
535 2498 632 2540 Deo
669 2498 786 2540 bona
823 2501 968 2552 opera,

155 1393 247 1427 'l-—.

139 2562 228 2591 non
252 2564 340 2602 sua,
369 2551 449 2594 sed
466 2559 629 2605 nostra,
656 2560 700 2596 et
724 2555 851 2597 nobis
878 2556 967 2607 ejus
1004 2564 1006 2567 ’

138 2607 324 2656 gratiam
348 2609 597 2652 referentes.
634 2611 762 2653 Unde
790 2618 834 2653 et
858 2612 967 2653 Scri-

137 2665 267 2714 ptura
293 2665 412 2706 dicit:
444 2667 660 2716 Quoniam
685 2667 882 2709 ascendit
905 2668 967 2709 fu-

138 2731 235 2760 mus
264 2722 510 2764 aromatum
540 2723 584 2764 in
612 2725 852 2776 conspectu
880 2724 966 2765 Do-

1769 195 1860 239 [267]

1029 288 1134 328 mini
1154 288 1209 330 de
1224 302 1355 330 manu
1370 289 1656 340 Angelorum:
1676 290 1861 332 sollicite

1030 345 1260 396 praemisit,
1299 345 1402 387 data
1439 346 1479 387 ei
1514 346 1648 388 fuisse
1682 347 1861 388 incensa

1029 401 1176 443 multa.
1209 402 1400 444 Nostros
1421 403 1536 444 enim
1557 402 1753 453 sudores,
1773 417 1862 445 non

1030 470 1151 509 suos3
1184 463 1376 508 nostras,
1410 472 1499 501 non
1527 473 1628 501 suas
1656 459 1860 502 lacrimas

1030 513 1218 557 offerunt
1250 515 1365 566 Deo;
1396 515 1524 558 nobis
1559 529 1736 568 quoque
1769 518 1859 569 ejus

1028 574 1210 613 monera
1228 571 1431 622 referunt,
1450 585 1539 614 non
1559 586 1647 614 sua.
1675 573 1777 615 Non
1797 575 1860 616 sic

1028 627 1226 670 minister
1244 628 1317 670 ille
1332 628 1560 671 sublimior
1580 630 1759 680 cunctis,
1780 630 1861 672 sed

1028 683 1233 726 humilior
1248 686 1473 736 universis,
1488 686 1563 738 qui
1574 689 1859 740 semetipsum

1029 740 1188 783 obtulit
1213 742 1477 784 sacrificium
1499 742 1653 793 laudis,
1682 744 1755 796 qui
1779 744 1857 785 Pa-

1027 798 1084 839 tri
1116 797 1305 840 offerens
1338 798 1526 841 animam
1555 813 1697 850 suam,
1729 800 1857 842 nobis

1027 854 1245 896 ministrat
1301 868 1442 908 usque
1496 855 1628 898 hodie
1682 869 1858 898 carnem

1027 924 1162 953 suam.

1082 973 1133 1024 R.
1147 968 1343 1021 Angelus
1362 969 1550 1011 Domini.
1570 970 1674 1023 [261]

1331 1042 1483 1083 Lectio
1505 1043 1556 1082 vi.

1121 1105 1216 1156 ujus
1244 1107 1393 1158 itaque
1418 1106 1529 1147 tanti
1551 1106 1736 1148 ministri
1759 1109 1854 1158 gra-

1145 1161 1222 1211 tia,
1251 1161 1357 1202 nihil
1381 1162 1538 1203 mirum
1564 1162 1600 1203 si
1625 1161 1855 1214 dignanter

1025 1217 1164 1268 nobis,
1188 1218 1276 1260 imo
1304 1223 1347 1260 et
1371 1218 1558 1261 libenter
1576 1220 1734 1270 Angeli
1759 1234 1853 1262 san-

1027 1274 1086 1315 cti
1120 1275 1380 1317 ministrent.
1434 1276 1526 1328 Ipsi
1562 1276 1677 1318 enim
1709 1283 1855 1319 amant

1025 1343 1117 1381 nos,
1139 1332 1240 1384 quia
1259 1345 1340 1374 nos
1360 1333 1522 1374 amavit
1541 1332 1750 1375 Christus.
1779 1334 1853 1374 Di-

1026 1388 1137 1430 citur
1158 1393 1277 1430 certe
1300 1389 1470 1441 vulgari
1492 1389 1744 1442 proverbio:
1771 1391 1855 1440 Qui

1024 1457 1095 1486 me
1123 1450 1257 1494 amat,
1290 1451 1407 1488 amat
1440 1451 1484 1488 et
1517 1459 1670 1488 canem
1697 1460 1855 1489 meum.

1024 1501 1120 1543 Nos
1148 1515 1271 1552 vero,
1305 1515 1331 1544 o
1359 1502 1480 1545 beati
1507 1503 1682 1554 Angeli,
1711 1503 1855 1546 catelli

1025 1572 1175 1600 sumus
1203 1559 1382 1600 Domini
1408 1559 1540 1610 illius,
1573 1573 1703 1613 quem
1730 1566 1853 1602 tanto

1024 1614 1186 1657 affectu
1218 1614 1409 1667 diligitis.
1456 1616 1629 1666 Catelli,
1664 1617 1854 1669 inquam,

1024 1672 1253 1724 cupientes
1282 1673 1469 1714 saturari
1497 1672 1552 1714 de
1580 1673 1721 1723 micis,
1755 1687 1854 1727 quae

1024 1728 1187 1770 cadunt
1211 1726 1267 1771 de
1290 1728 1452 1770 mensis
1478 1728 1756 1771 dominorum
1778 1743 1853 1771 no-

1023 1787 1226 1835 strorum,
1253 1785 1327 1837 qui
1351 1785 1455 1827 estis
1476 1799 1567 1827 vos.
1601 1786 1659 1827 Et
1676 1785 1773 1828 haec
1792 1786 1851 1828 di-

1023 1841 1173 1891 xerim,
1192 1841 1360 1892 fratres,
1379 1846 1428 1883 ut
1442 1842 1700 1895 ampliorem
1716 1842 1771 1884 de
1787 1844 1852 1884 ce-

1022 1902 1119 1939 tero
1139 1911 1243 1949 erga
1261 1897 1418 1940 beatos
1431 1899 1627 1950 Angelos
1646 1898 1853 1941 fiduciam

1021 1954 1233 2005 habeatiS,
1257 1967 1309 1996 ac
1327 1954 1515 2008 proinde
1538 1955 1790 1997 familiarius
1808 1955 1853 1996 in

1024 2011 1141 2058 omni
1159 2011 1422 2053 necessitate
1437 2016 1584 2053 vestra
1598 2011 1772 2054 illorum
1790 2012 1850 2052 in-

1022 2068 1191 2110 vocetis
1211 2067 1388 2118 auxilia3
1408 2067 1487 2110 sed
1506 2073 1549 2110 et
1568 2067 1697 2120 digne
1715 2069 1759 2109 in
1779 2071 1848 2110 eo-

1023 2137 1119 2165 rum
1142 2123 1377 2176 praesentia
1401 2125 1668 2175 conversari,
1694 2130 1737 2166 et
1761 2138 1848 2166 ma-

1022 2181 1089 2231 gis
1119 2193 1170 2221 ac
1197 2180 1337 2231 magis
1365 2182 1517 2222 eorum
1549 2180 1675 2222 vobis
1707 2181 1848 2223 conci'-

1022 2237 1128 2278 liare
1155 2237 1358 2287 gratiam,
1386 2239 1565 2290 captare
1590 2236 1848 2279 benevolen-

1020 2293 1137 2343 tiam,
1147 2295 1332 2334 exorare
1341 2292 1616 2334 clementiam
1624 2293 1850 2336 studeatis.

1074 2355 1124 2406 R.
1141 2353 1191 2393 In
1212 2353 1330 2394 omni
1347 2352 1640 2395 tribulatione.
1659 2354 1763 2406 [261]

1239 2434 1289 2472 In
1311 2432 1382 2472 III.
1404 2433 1627 2473 Nocturno.

1021 2492 1174 2533 Lectio
1200 2492 1338 2532 sancti
1361 2491 1586 2543 Evangelii
1609 2492 1847 2534 secundum

1300 2547 1569 2590 Matthaeum.

1097 2604 1248 2645 Lectio
1269 2604 1336 2644 vii.
1586 2604 1687 2655 Cap.
1708 2603 1764 2663 18.

1018 2664 1096 2770 In
1113 2668 1196 2709 -illo
1222 2669 1437 2721 tempore:
1466 2669 1759 2710 Accesserunt
1783 2666 1843 2707 di-

1085 2724 1241 2777 scipuli
1255 2723 1312 2766 ad
1325 2725 1350 2765 J
1354 2737 1486 2774 esum,
1501 2724 1709 2766 dicentes:
1727 2722 1844 2772 Quis,
