2040 2944
574 184 686 219 Feria
710 185 755 219 Π.
781 185 879 219 infra
905 185 984 220 Oct.
1012 186 1046 220 S.
1068 187 1209 229 Angcli
1235 188 1428 221 Custodis.

147 288 229 318 nos
255 275 478 328 adjuvant,
509 277 717 330 quoniam
744 277 976 330 spirituali-

147 331 230 374 bus
258 332 452 375 motibus
479 334 603 387 puris
632 338 677 375 et
707 333 857 375 liberis
889 347 977 376 non

146 388 359 432 laborant.

200 455 251 506 Ει.
279 451 403 493 Vivit
429 451 526 504 ipse
552 452 785 502 Dominus,
809 456 833 481 *
862 453 976 503 Quo-

146 507 263 549 niam
291 508 528 557 custodivit
555 522 626 550 me
652 509 848 560 Angelus
875 510 976 560 ejus,

148 569 192 606 et
209 564 310 606 hinc
334 568 527 616 euntem,
550 570 596 612 ,et
619 565 680 607 ibi
705 568 976 607 commoran-

145 626 246 672 tem,
260 626 303 663 et
314 621 416 664 inde
431 621 517 663 huc
530 624 836 664 revertentem.
857 622 907 668 V.
920 623 978 664 Et

145 690 235 719 non
266 679 465 731 permisit
495 691 565 720 me
598 680 814 721 Dominus
847 679 976 720 ancil-

145 734 234 776 lam
253 748 377 776 suam
397 736 681 788 coinquinari.
710 736 938 786 Quoniam.

456 819 607 860 Lectio
628 834 664 859 v.

331 879 438 914 Idem
463 880 618 922 ibidem,
644 885 725 924 cap.
748 881 799 915 33.

148 934 295 1041 Nos
337 936 445 978 duas
482 937 720 978 societates
757 937 976 988 angelicas

265 992 566 1046 intelligimus,
599 1006 731 1034 unam
762 993 977 1035 fruentem

145 1049 264 1099 Deo,
313 1050 497 1092 alteram
542 1052 783 1092 tumentem
827 1051 976 1103 typho.

145 1105 304 1158 Unam,
338 1108 408 1149 cui
441 1107 613 1150 dicitur:
646 1107 845 1149 Adorate
877 1121 978 1149 eum

147 1175 300 1205 omnes
333 1164 491 1215 Angeli
526 1165 634 1216 ejus:
670 1163 818 1214 aliam,
855 1166 976 1217 cuius

145 1220 354 1273 princeps
384 1221 505 1263 dicit:
537 1221 647 1262 Haec
680 1221 826 1263 omnia
859 1219 976 1263 dabo

145 1276 242 1327 tibi,
270 1277 308 1318 si
335 1279 583 1330 prostratus
611 1276 867 1320 adoraveris
895 1291 976 1319 me.

146 1333 288 1375 Unam
319 1339 473 1376 sancto
500 1334 585 1376 Dei
616 1337 765 1377 amore
792 1335 976 1386 flagran-

146 1395 253 1432 tem:
278 1390 461 1432 alteram
483 1391 678 1445 propriae
705 1391 976 1434 celsitudinis

145 1446 325 1489 imundo
347 1450 497 1490 amore
515 1448 767 1490 fumantem.
794 1448 852 1490 Et
870 1450 975 1501 quo-

145 1503 272 1552 niam,
298 1504 411 1546 sicut
432 1504 646 1557 scriptum
666 1509 744 1554 est,
763 1505 885 1547 Deus
907 1518 974 1546 su-

145 1560 294 1612 perbis
329 1562 514 1611 resistit,
556 1561 792 1604 humilibus
829 1567 975 1603 autem

147 1617 223 1659 dat
253 1618 454 1669 gratiam3
486 1618 606 1660 illam
631 1619 676 1660 in
705 1618 828 1660 coelis
856 1618 974 1660 habi-

145 1675 322 1724 tantem,
341 1674 471 1717 istam
487 1675 589 1717 inde
605 1674 818 1727 dejectam
831 1675 875 1716 in
890 1674 976 1716 hoc

145 1730 295 1772 infimo
315 1733 445 1775 aereo
466 1733 580 1775 coelo
601 1732 949 1774 tumultuantem.

199 1797 250 1849 R.
293 1797 487 1848 Angelus
523 1798 703 1840 Domini
748 1796 976 1839 descendit

147 1865 246 1894 cum
263 1854 423 1896 Azaria
443 1860 486 1896 et
505 1855 636 1897 sociis
658 1855 749 1907 ejus
769 1855 812 1895 in
833 1854 974 1895 forna·

147 1922 253 1960 cem,
274 1914 317 1952 et
336 1911 529 1954 excussit
549 1911 769 1953 flammam
787 1911 898 1962 ignis
919 1910 973 1952 de

145 1965 339 2008 fornace:
361 1971 384 1997 *
400 1968 457 2009 Et
475 1981 563 2010 non
582 1968 726 2019 tetigit
745 1980 822 2009 eos
839 1969 973 2008 omni-

145 2035 203 2063 no
218 2022 339 2074 ignis,
354 2037 498 2077 neque
516 2025 803 2066 contristavit.
827 2023 880 2072 V.
892 2023 973 2065 Be-

144 2078 345 2121 nedictus
381 2080 502 2123 Deus
539 2083 709 2130 eorum,
748 2081 822 2133 qui
856 2080 974 2121 misit

144 2135 363 2187 Angelum
399 2150 543 2188 suum,
590 2144 632 2181 et
672 2137 783 2179 eruit
820 2149 973 2178 servos

145 2205 249 2234 suos
279 2193 354 2245 qui
382 2193 662 2237 crediderunt
690 2195 734 2235 in
762 2207 872 2235 eum.
917 2193 974 2234 Et

144 2261 233 2290 non
260 2250 415 2301 tetigit.

448 2313 601 2355 Lectio
623 2315 675 2355 vi.

225 2384 295 2413 am
326 2371 544 2412 luminosa
570 2372 736 2424 pietate
764 2370 971 2422 tranquil-

213 2427 315 2469 lam:
339 2428 468 2470 istam
491 2426 738 2470 tenebrosis
761 2426 972 2480 cupidita-

144 2483 261 2525 tibus
280 2484 587 2527 turbulentam.
616 2483 742 2525 Illam
760 2484 844 2524 Dei
864 2488 973 2524 nutu

145 2540 380 2583 clementer
407 2540 750 2590 subvenientem,
777 2541 888 2591 juste
910 2538 970 2579 ul-

146 2597 396 2638 ciscentem:
438 2597 568 2639 istam
604 2609 684 2637 suo
721 2596 836 2637 fastu
874 2594 971 2635 sub—

145 2652 287 2703 dendi,
314 2658 357 2694 et
379 2652 568 2694 nocendi
588 2650 769 2693 libidine
788 2652 972 2692 aestuan-

1769 185 1860 230 [261]

1029 279 1091 320 lat
1109 279 1194 320 Dei
1213 279 1425 322 bonitatis
1444 281 1701 323 ministram:
1720 282 1860 332 istam,

1029 348 1084 377 ne
1112 341 1323 388 quantum
1349 337 1452 387 vult,
1480 340 1648 387 noceat,
1674 339 1758 380 Dei
1783 352 1859 391 po-

1028 395 1188 434 testate
1220 393 1444 435 frenatam.
1484 394 1609 435 Illam
1641 395 1742 437 huic
1766 396 1857 437 illu-

1032 448 1217 499 dentem,
1242 455 1289 491 ut
1312 450 1467 492 nolens
1493 452 1633 503 prosit
1658 465 1860 505 persecu-

1029 505 1222 547 tionibus
1241 507 1348 557 suis3
1369 507 1481 549 hanc
1499 508 1562 548 illi
1581 508 1859 559 invidentem,

1029 574 1129 602 cum
1148 566 1405 615 peregrinos
1425 564 1591 615 colligit
1609 577 1725 606 suos.

1085 626 1135 677 Rg.
1163 623 1213 663 In
1247 624 1365 665 omni
1394 624 1674 667 tribulatione
1707 628 1859 668 eorum

1028 691 1116 720 non
1150 684 1217 721 est
1244 680 1496 731 tribulatus,
1534 686 1557 709 *
1581 682 1637 723 Et
1664 683 1859 734 Angelus

1028 736 1154 777 faciei
1174 738 1265 788 ejus
1285 737 1472 779 salvavit
1491 750 1577 779 eos.
1614 734 1665 786 V.
1683 739 1734 779 In
1755 738 1859 781 dile-

1030 793 1174 834 ctione
1199 806 1277 835 sua
1302 799 1346 836 et
1368 794 1639 846 indulgentia
1662 808 1739 837 sua
1763 796 1859 849 ipse

1029 849 1215 891 redemit
1231 863 1319 901 008,
1339 855 1382 892 et
1400 851 1595 904 portavit
1610 864 1697 902 eos,
1718 857 1761 894 et
1776 853 1859 895 ele-

1029 906 1149 947 vavit
1185 919 1262 948 eos
1299 908 1468 949 cunctis
1508 907 1661 950 diebus
1699 909 1859 951 saeculi.

1029 962 1310 1060 EtlAngelus.
1351 964 1502 1006 (Horia
1527 965 1658 1007 Patri.
1695 966 1752 1008 Et
1772 967 1859 1008 An-

1029 1031 1083 1071 ge
1102 1033 1164 1061 us.

1257 1088 1306 1126 In
1326 1088 1397 1126 111.
1418 1087 1640 1127 Nocturno.

1034 1147 1186 1189 Lectio
1207 1148 1346 1189 sancti
1369 1148 1595 1199 Evangelii
1618 1148 1858 1190 secundum

1313 1204 1581 1247 Matthaeum.

1109 1266 1260 1307 Lectio
1282 1267 1348 1306 vii.
1603 1267 1780 1319 (131118.

1027 1320 1104 1427 In
1128 1326 1202 1367 illo
1227 1327 1444 1379 tempore:
1474 1327 1769 1368 Accesserunt
1797 1326 1857 1368 di-

1095 1382 1250 1436 scipuli
1265 1382 1321 1425 ad
1335 1383 1359 1424 J
1362 1396 1495 1433 esum,
1511 1383 1722 1424 dicentes:
1739 1383 1857 1433 Quis,

1027 1444 1175 1491 putas,
1209 1441 1349 1492 maior
1381 1445 1448 1482 est
1481 1440 1524 1481 in
1556 1452 1691 1491 regno
1726 1439 1857 1482 coelo—

1027 1495 1148 1537 rum?
1184 1496 1241 1537 Et
1268 1496 1447 1549 reliqua.

1127 1570 1316 1612 Homilia
1343 1571 1482 1612 sancti
1510 1571 1767 1623 Hieronymi

1311 1626 1572 1679 Prestteri.

1072 1688 1154 1722 Lib.
1170 1689 1200 1722 3.
1220 1688 1428 1723 Comment.
1447 1688 1485 1721 in
1503 1698 1585 1731 cap.
1606 1688 1658 1722 is.
1676 1687 1807 1722 Matth.

1033 1747 1218 1797 {difflost
1242 1744 1465 1785 inventum
1497 1746 1721 1792 staterem,
1754 1747 1856 1795 post

1036 1820 1042 1828 ν
1063 1816 1137 1877 [44¹
1159 1800 1324 1842 tributa
1340 1799 1523 1846 reddita,
1545 1799 1650 1852 quid
1666 1798 1748 1840 sibi
1763 1798 1856 1840 vult

1070 1859 1133 1879 *ζ’
1160 1856 1481 1909 Apostolorum
1523 1858 1751 1910 repentina
1795 1855 1854 1896 in-

1026 1913 1282 1964 terrogatio,
1310 1913 1426 1964 Quis,
1454 1918 1599 1966 putas,
1624 1913 1762 1964 major
1788 1917 1855 1953 est

1026 1971 1069 2011 in
1090 1983 1226 2021 regno
1252 1969 1489 2011 coelorum?
1524 1969 1634 2020 Quia
1654 1967 1854 2010 viderant

1026 2040 1107 2080 pro
1133 2028 1265 2068 Petro
1292 2031 1336 2068 et
1359 2026 1550 2068 Domino
1575 2024 1693 2067 idem
1719 2024 1853 2066 tribu-

1026 2089 1118 2125 tum
1142 2082 1377 2132 redditum,
1405 2095 1458 2123 ex
1483 2081 1733 2134 aequalitate
1757 2082 1852 2133 pre-

1025 2141 1074 2182 tii
1098 2139 1297 2181 arbitrati
1321 2144 1421 2180 sunt
1444 2140 1624 2181 Petrum
1650 2137 1852 2179 omnibus

1025 2195 1254 2249 Apostolis
1289 2208 1386 2237 esse
1419 2195 1668 2249 praelatum,
1704 2193 1778 2245 qui
1809 2193 1852 2233 in

1025 2252 1270 2293 redditione
1300 2251 1453 2294 tributi
1486 2250 1676 2292 Domino
1713 2249 1854 2291 fuerat

1026 2310 1322 2360 comparatus:
1339 2307 1441 2349 ideo
1456 2308 1736 2357 interrogant,
1754 2306 1852 2356 quis

1024 2366 1161 2416 maj0r
1194 2364 1250 2405 sit
1277 2364 1320 2404 in
1347 2376 1483 2415 regno
1511 2363 1737 2405 coelorum.
1779 2362 1851 2403 Vi-

1025 2420 1221 2472 densque
1236 2420 1260 2461 J
1263 2433 1363 2461 esus
1383 2420 1672 2471 cogitationes
1690 2420 1851 2466 eorum,

1025 2483 1069 2518 et
1097 2489 1251 2518 causas
1279 2477 1441 2517 erroris
1467 2476 1731 2526 intelligens,
1759 2473 1851 2515 vult

1007 2531 1290 2574 desiderium
1308 2528 1459 2583 gloriae
1477 2531 1731 2574 humilitatis
1751 2542 1850 2570 con-

1024 2589 1219 2631 tentione
1239 2590 1405 2629 sanare.

1082 2651 1132 2701 R.
1152 2647 1451 2698 Machabaeus‚
1484 2653 1527 2690 et
1559 2648 1633 2700 qui
1665 2659 1762 2687 cum
1795 2657 1847 2685 eo

143 2713 243 2750 tem.
260 2709 397 2759 Illam,
412 2714 460 2750 ut
475 2713 686 2761 quantum
700 2707 802 2757 vult,
818 2708 972 2748 consu·
1025 2710 1158 2755 erant,
1179 2706 1479 2755 cognoverunt
1494 2702 1733 2756 expugnari
1747 2712 1849 2753 prae-

297 2847 360 2872 Pars
377 2846 548 2876 Autumnus.

1586 2829 1643 2863 R*
