2040 2944
188 182 280 225 [322]

607 182 674 214 Die
702 181 750 213 13.
776 180 876 213 Nov.
925 178 959 213 S.
986 179 1169 212 Stanislai
1201 179 1361 213 Kostkae
1387 179 1496 213 Conf.

187 290 397 331 pompam
435 276 637 329 propius,
683 279 731 316 ut
777 276 1022 328 optaverat,

187 332 486 387 spectandam,
502 332 557 373 ab
575 332 672 384 ipsa
687 331 1021 373 beatarumVir-

187 391 338 442 ginum
369 389 507 431 choro
542 389 706 440 stipata
739 390 925 429 vocatus
954 393 1022 429 est

188 460 242 488 ex
258 446 471 497 Quirinali
491 444 626 487 domo
642 444 930 498 probationis,
949 457 1021 485 an-

186 515 243 544 no
264 502 510 544 innocentis
529 502 632 543 vitae
655 500 828 543 decimo
849 503 1021 550 octavo,

187 562 372 612 operum
382 559 554 612 plenior
569 571 701 610 quam
713 557 893 599 dierum.
912 557 1020 598 Mul-

185 617 242 658 tis
270 621 375 669 post
407 615 578 657 ebitum
609 614 832 656 miraculis
864 614 909 654 in
943 627 1022 655 sua

186 673 431 726 praesertim
469 672 654 713 Polonia
689 671 862 722 enituit;
899 672 1021 723 euius

186 730 318 771 armis
347 734 501 771 eontra
528 728 831 770 formidabiles
858 727 1020 769 Turea-

186 799 281 827 rum
312 787 532 828 exercitus
565 784 822 838 spectabilis
853 797 876 826 e
905 785 1020 826 coelo

186 842 326 884 adfuit
344 856 433 884 non
454 842 602 892 semel,
628 847 671 883 et
691 841 892 883 civitates
913 841 1021 883 alias

185 905 331 952 peste,
385 899 494 940 alias
548 897 752 940 incendio
806 897 1022 940 liberavit.

186 956 486 1007 Quam6brem
497 955 698 996 Clemens
710 954 906 995 decimus
922 967 1022 996 eum

185 1013 298 1055 inter
316 1013 552 1066 primarios
571 1014 710 1054 totius
729 1011 852 1062 regni
870 1012 1021 1053 Patro-

185 1082 267 1111 nos
283 1069 524 1119 constituit3
539 1068 807 1110 Benedictus
823 1080 931 1109 vero
949 1067 1020 1109 de-

186 1126 325 1167 cimus
361 1126 517 1168 tertius
559 1124 697 1177 (quod
734 1137 760 1165 a
796 1124 1021 1165 Clemente

185 1182 419 1224 undecimo
464 1181 723 1234 jampridem
763 1180 907 1221 fuerat
947 1179 1021 1222 de-

187 1240 369 1290 cretum)
415 1239 459 1279 in
495 1239 748 1280 sanctorum
790 1239 1021 1278 numerum

186 1295 347 1337 retulit.

242 1356 292 1406 Ιίι.
315 1352 406 1393 Iste
426 1351 571 1393 homo.
590 1350 671 1403 [72]

411 1437 460 1475 In
481 1436 553 1475 ΙΙΙ.
574 1436 798 1475 Nocturno.

189 1499 340 1541 Lectio
366 1498 505 1539 sancti
524 1497 751 1548 Evangelii
777 1497 1020 1539 secundum

469 1554 738 1596 Matthaeum.

268 1619 419 1660 Lectio
442 1618 508 1657 vii.
710 1618 813 1668 Cap.
829 1618 887 1657 19.
903 1616 942 1657 b.

186 1671 261 1778 In
281 1676 356 1717 illo
381 1677 599 1729 tempore:
624 1675 774 1717 Oblati
795 1680 896 1717 sunt
915 1677 939 1717 J
943 1689 1020 1718 esu

251 1720 440 1785 parvuli,
471 1738 521 1774 ut
549 1745 704 1774 manus
733 1732 796 1774 eis
824 1732 1019 1785 impone-

186 1795 263 1831 ret.
300 1790 357 1830 Et
384 1789 564 1841 reliqua.

296 1862 484 1904 Homilia
513 1863 654 1904 saneti
681 1862 916 1912 Augustini

490 1919 715 1971 Episcopi.

447 1979 489 2013 In
518 1979 658 2012 Psalm.
685 1979 759 2012 118.

191 2031 390 2084 {rf'wstssyu1d
427 2032 654 2084 parvulus,
700 2031 783 2072 nisi
819 2030 1019 2072 hnmilis?

222 2082 286 2140 ’geg
305 2117 308 2124 Α
332 2089 444 2130 Haec
467 2093 567 2129 sunt
590 2087 806 2129 mirabilia
824 2088 1019 2129 testimo-

330 2144 401 2185 nia
428 2150 503 2186 tua
531 2145 738 2193 Domine,
774 2156 873 2196 quae
902 2156 1019 2185 seru-

188 2201 281 2240 tata
314 2205 381 2241 est
413 2201 557 2241 anima
588 2200 761 2253 parvuli
797 2199 940 2251 hujus:
978 2205 1021 2241 et

189 2254 291 2296 ideo
319 2256 500 2306 invenit,
534 2257 635 2308 quia
663 2256 915 2297 humiliatus
943 2261 1021 2306 est,

189 2316 233 2352 et
257 2313 467 2363 parvulus
490 2313 632 2354 factus
657 2318 734 2354 est.
773 2313 880 2362 Quis
906 2313 1021 2353 enim

189 2367 293 2408 facit
319 2369 527 2410 mandata
555 2374 647 2418 tua,
682 2369 794 2410 sieut
821 2368 1022 2410 facienda

189 2428 304 2471 sunt,
329 2422 375 2464 id
398 2429 464 2465 est
485 2437 539 2465 ex
565 2424 668 2474 fide,
698 2437 797 2476 quae
816 2437 897 2477 per
918 2423 1021 2466 dile-

190 2478 379 2520 ctionem
399 2480 482 2521 Dei
508 2483 731 2532 operatur,
755 2481 838 2522 nisi
862 2482 954 2532 ejus
978 2481 1021 2521 in

190 2534 325 2576 eorde
351 2548 431 2587 per
458 2536 669 2588 Spiritum
697 2542 897 2578 sanetum
924 2537 1021 2589 ipsa

190 2591 368 2632 dileetio
407 2591 698 2634 diffundatur?
754 2593 854 2634 Hoc
890 2593 1021 2634 etiam

189 2647 272 2689 iste
287 2647 496 2700 parvulus
515 2648 757 2689 confitetur.
787 2649 849 2690 Os
863 2661 1020 2698 meum,

189 2703 344 2755 inquit,
369 2704 535 2756 aperui,
562 2710 604 2746 et
627 2707 788 2746 attraxi
808 2706 1020 2758 spiritum,

1077 275 1179 326 quia
1218 272 1426 315 mandata
1469 276 1547 314 tua
1591 271 1911 314 desiderabam.

1075 330 1192 381 Quid
1210 328 1505 379 desiderAbat‚
1526 328 1609 370 nisi
1627 327 1772 370 facere
1791 340 1910 369 man-

1076 387 1179 429 data
1212 384 1385 428 divina?
1431 385 1521 427 Sed
1553 397 1642 426 non
1670 389 1766 426 erat
1792 383 1911 425 unde

1075 444 1241 486 faceret
1259 443 1460 484 infirmus
1475 441 1618 491 fortia,
1638 446 1683 482 et
1699 439 1912 494 parvulus

1075 513 1245 551 magna.
1272 499 1462 552 Aperuit
1476 511 1539 547 os,
1559 497 1774 539 coufitens
1791 496 1912 549 quod

1075 570 1155 610 per
1175 570 1222 598 se
1242 557 1339 609 ipse
1358 568 1448 597 non
1466 554 1642 604 faceret,
1667 558 1711 596 et
1730 553 1912 595 attraxit

1075 613 1193 655 unde
1211 613 1388 655 faceret.

1132 683 1182 735 R.
1205 680 1295 721 Iste
1324 682 1391 720 est
1421 677 1496 730 qui
1523 681 1625 717 ante
1651 675 1797 716 Deum
1823 688 1911 716 ma-

1075 749 1184 788 gnas
1212 736 1398 777 virtutes
1426 735 1637 786 operatus
1665 737 1750 781 est,
1783 736 1828 774 et
1855 731 1913 774 de

1075 793 1194 834 omni
1231 791 1367 833 eorde
1405 803 1485 832 suo
1526 788 1725 830 laudavit
1761 788 1911 830 Demi-

1075 863 1194 890 num:
1226 854 1248 877 *
1264 849 1368 901 Ipse
1387 845 1635 889 intercedat
1653 858 1737 899 pro
1757 847 1911 897 peeca-

1075 906 1131 948 tis
1165 905 1359 947 omnium
1386 903 1666 958 populerum.
1711 899 1762 952 V.
1794 902 1912 944 Ecce

1075 963 1209 1004 homo
1234 963 1327 1004 sine
1353 960 1544 1014 querela,
1568 972 1700 1002 verus
1718 958 1802 1000 Dei
1825 959 1911 1001 eul-

1076 1025 1163 1068 tor,
1197 1019 1422 1061 abstinens
1455 1030 1502 1059 se
1535 1017 1590 1059 ab
1623 1016 1744 1058 omni
1776 1018 1912 1069 opere

1075 1076 1210 1127 malo,
1236 1081 1280 1118 et
1303 1077 1568 1128 permanens
1591 1074 1636 1115 in
1660 1073 1911 1115 innocentia

1075 1146 1164 1175 sua.
1192 1133 1309 1186 Ipse.

1365 1220 1518 1260 Lectio
1540 1220 1625 1260 viii.

1146 1286 1274 1328 unior
1299 1299 1396 1327 sum
1423 1297 1524 1336 ego,
1551 1284 1710 1336 inquit,
1739 1288 1783 1326 et
1808 1297 1909 1326 con-

1178 1345 1392 1396 temptus:
1437 1340 1768 1394 justificationes
1812 1346 1911 1383 tuas

1074 1413 1162 1442 non
1181 1412 1278 1440 sum
1296 1399 1472 1440 oblitus.
1499 1397 1603 1439 Non
1619 1397 1735 1439 sieut
1747 1397 1912 1440 inimici

1072 1456 1171 1506 mei,
1196 1456 1270 1508 qui
1290 1455 1415 1497 obliti
1439 1459 1541 1496 sunt
1558 1453 1797 1496 verborum
1815 1456 1910 1496 tuo-

1074 1526 1182 1554 rum.
1222 1511 1410 1554 Videtur
1435 1516 1584 1553 autem
1608 1510 1754 1552 minor
1777 1513 1910 1553 aetete

1074 1582 1163 1611 non
1184 1569 1347 1611 oblitus
1366 1568 1701 1621 justificatiOnes
1718 1567 1813 1618 Dei,
1834 1567 1910 1610 do-

1074 1626 1165 1668 lere
1189 1639 1272 1679 pro
1296 1625 1484 1667 inimicis
1508 1625 1598 1666 suis
1622 1626 1755 1673 aetate
1779 1625 1911 1677 majo-

1074 1683 1213 1732 ribus,
1243 1683 1317 1735 qui
1346 1682 1473 1724 obliti
1502 1686 1614 1724 sunt.
1658 1680 1775 1723 Nam
1804 1681 1912 1734 quid

1075 1744 1158 1789 est,
1191 1739 1345 1780 Junior
1378 1751 1460 1790 ego
1492 1750 1582 1780 non
1609 1750 1707 1779 sum
1736 1737 1910 1788 oblitus,

1074 1796 1157 1837 nisi
1189 1795 1251 1836 illi
1283 1796 1471 1847 majores
1500 1794 1627 1836 obliti
1654 1792 1781 1835 sunt?
1822 1793 1911 1836 Sed

1075 1854 1378 1905 contemptum
1420 1865 1467 1893 se
1505 1851 1612 1893 dicit
1646 1850 1718 1892 hie
1754 1851 1911 1902 juni0r3

1074 1908 1176 1950 ideo
1196 1908 1339 1950 faetus
1359 1913 1427 1950 est
1444 1909 1598 1960 major:
1625 1907 1726 1959 quia
1744 1907 1910 1959 ignobi-

1074 1965 1131 2006 lia
1157 1970 1201 2006 et
1227 1964 1578 2017 contemptibilia
1600 1962 1753 2005 mundi
1779 1963 1911 2014 elegit

1074 2022 1214 2071 Deus,
1248 2026 1292 2062 et
1319 2033 1370 2062 ea
1401 2034 1500 2073 quae
1528 2033 1616 2062 non
1650 2025 1767 2069 sunt,
1802 2025 1909 2061 tam-

1077 2091 1209 2130 quam
1228 2077 1325 2127 sint‚
1350 2082 1398 2119 ut
1423 2091 1475 2119 ea
1500 2091 1600 2130 quae
1619 2082 1732 2126 sunt,
1755 2089 1910 2118 evacu-

1075 2136 1214 2176 entur.
1247 2135 1303 2176 Et
1328 2147 1432 2176 eece
1453 2140 1554 2176 sunt
1572 2132 1811 2181 novissimi,
1836 2131 1910 2184 qui

1075 2194 1199 2232 erant
1230 2190 1376 2242 primi,
1414 2195 1458 2232 et
1489 2190 1635 2243 primi,
1674 2189 1748 2242 qui
1785 2193 1911 2230 erant

1076 2259 1316 2288 nowss1m1.

1129 2314 1179 2366 R.
1209 2311 1304 2352 Sint
1332 2310 1471 2352 lumbi
1501 2310 1637 2352 vestri
1668 2309 1908 2362 praecineti,

1075 2372 1119 2408 et
1154 2367 1344 2408 lucernae
1382 2367 1588 2409 ardentes
1625 2367 1670 2407 in
1706 2365 1908 2407 manibus

1075 2424 1249 2465 vestris:
1263 2426 1285 2448 *
1302 2424 1359 2465 Et
1374 2436 1455 2465 vos
1475 2423 1638 2464 similes
1657 2421 1908 2463 hominibus

1075 2479 1439 2532 exspectantibus
1489 2479 1715 2521 deminum
1771 2491 1908 2526 suum,

1075 2535 1252 2587 quando
1268 2539 1516 2578 revertatur
1530 2548 1556 2576 a
1570 2535 1749 2587 nuptiis.
1772 2533 1820 2583 V.
1834 2533 1907 2575 Vi-

1074 2593 1208 2643 gilate
1225 2606 1341 2644 ergo,
1362 2593 1464 2645 quia
1482 2592 1673 2641 nescitis,
1694 2605 1780 2644 qua
1798 2591 1908 2632 hora

1073 2649 1290 2690 Dominus
1318 2654 1464 2691 vester
1494 2652 1706 2690 venturus
1733 2648 1800 2689 sit.
1840 2647 1907 2688 Et.

1075 2704 1226 2746 Gloria
1252 2705 1383 2746 Patri.
1418 2705 1486 2746 Et.
