2040 2944
811 192 975 226 Litaniae
999 193 1236 227 Sanctorum.

440 284 639 324 Psalmus
660 285 725 323 69.

255 353 333 382 eus
351 341 396 381 in
415 340 677 392 adjuterium
695 353 842 381 meum
860 341 996 382 inten-

273 396 343 437 de:
362 397 386 422 *
403 397 594 438 Βο1111116
620 396 678 438 ad
703 396 998 449 adjuvandum

165 464 237 493 me
257 452 427 493 festina.
684 502 688 505 ¹

220 507 569 557 Confundantur,
589 512 633 549 et
651 510 953 557 revereantur,
972 510 996 535 *

138 568 141 571 '
168 564 242 615 qui
262 568 464 615 quaerunt
483 564 672 604 animam
690 576 847 604 meam:

219 620 490 661 Avertantur
526 621 784 668 retrorsum,
826 624 870 660 et
902 632 995 661 eru-

166 674 358 724 bescant,
377 675 401 700 *
421 675 495 726 qui
513 675 667 715 volunt
686 674 793 715 mihi
809 675 939 715 mala:

217 730 486 771 Avertantur
505 731 653 771 statim
674 729 995 779 erubescentes,

164 786 188 811 *
208 786 282 838 qui
301 786 451 827 dicunt
469 785 588 826 mihi:
611 787 745 836 Euge,
770 798 892 836 euge.

215 842 449 883 Exsultent
465 846 508 883 et
518 842 723 883 laetentur
732 843 776 882 in
786 847 830 883 te
842 855 994 884 01111165

166 897 240 949 qui
255 902 457 949 quaerunt
471 902 527 947 te,
541 898 565 923 *
581 902 625 938 et
644 897 792 939 dicant
806 911 992 950 semper:

163 953 467 1003 Magnificetur
476 954 707 994 Deminus:
723 954 798 1006 qui
810 954 995 1005 diligunt

165 1008 356 1050 salutare
375 1014 509 1050 tuum.

215 1065 311 1115 Ego
326 1077 432 1106 vero
449 1066 621 1116 egenus,
640 1069 684 1106 et
699 1078 869 1118 pauper
884 1079 994 1107 sum:

163 1119 188 1145 *
206 1119 328 1161 Deus
348 1120 506 1171 adjuva
523 1133 605 1161 me.

216 1175 405 1227 Adiutor
423 1188 558 1225 meus,
578 1180 622 1217 et
640 1175 852 1218 liberator
870 1190 994 1218 meus

166 1243 213 1271 es
229 1235 292 1272 tu:
311 1232 335 1257 *
355 1232 544 1272 Demine
563 1244 618 1272 ne
636 1233 832 1273 moreris.

218 1287 373 1328 Gleria
390 1287 522 1328 Patri.
549 1287 670 1328 Sicut
689 1292 793 1329 erat.

220 1339 270 1390 V.
284 1343 440 1384 Salvos
455 1343 524 1384 fac
539 1355 692 1384 servos
706 1348 817 1384 tuos.
842 1346 893 1396 R.
906 1345 991 1385 De-

164 1410 215 1438 us
233 1411 356 1439 meus
377 1401 605 1450 sperantes
624 1399 669 1438 in
687 1403 743 1440 te.

219 1449 269 1501 V.
283 1454 393 1496 Esto
411 1453 540 1496 nobis
555 1455 744 1496 Demine
763 1456 894 1496 turris
908 1455 992 1496 for-

163 1508 372 1550 titudinis.
404 1514 453 1564 R.
474 1511 515 1551 A
534 1510 645 1551 facie
664 1511 838 1552 inimici.

220 1562 270 1613 V.
284 1565 404 1606 Nihil
421 1566 626 1618 proficiat
643 1566 844 1607 inimicus
858 1567 903 1606 in
917 1579 992 1607 no-

163 1620 242 1662 bis.
304 1624 356 1676 νΙζι.
389 1622 448 1664 Ε1
482 1622 597 1662 filius
630 1622 872 1673 iniquitatis
904 1635 993 1662 non

164 1680 359 1730 appenat
376 1680 537 1719 nocere
555 1677 695 1719 nobis.

222 1729 272 1781 Y.
292 1734 481 1775 Demine
508 1747 598 1775 non
625 1733 867 1775 secundum
891 1745 991 1785 pec-

165 1790 264 1829 cata
281 1794 432 1830 nostra
450 1790 586 1831 facias
605 1789 744 1830 nobis.
772 1792 821 1841 R.
835 1789 992 1839 Neque

164 1844 406 1885 secundum
436 1845 690 1897 iniquitates
722 1849 896 1885 nostras
927 1856 991 1884 16-

162 1899 330 1940 tribuas
348 1900 487 1942 nobis.

220 1954 272 2005 V.
289 1955 474 1996 Oremus
498 1968 580 2008 pro
599 1956 814 1997 Pontifice
836 1960 989 1996 nostro

166 2013 219 2054 N.
250 2015 301 2065 Rz.
317 2012 535 2052 Dominus
555 2013 788 2052 conservet
807 2024 921 2059 eum,
948 2016 991 2051 et

163 2066 354 2108 vivificet
369 2079 478 2116 eum,
494 2071 538 2108 et
551 2066 730 2108 beatum
744 2067 876 2107 faciat
892 2079 991 2107 eum

163 2121 208 2161 in
225 2126 357 2170 terra,
384 2127 427 2163 et
450 2135 538 2163 non
556 2122 702 2164 tradat
721 2135 820 2163 eum
838 2122 883 2161 in
903 2122 989 2162 ani-

163 2189 280 2217 mam
298 2177 572 2218 inimicerum
592 2179 693 2228 ejus.

220 2234 270 2285 ys.
300 2233 486 2273 Oremus
518 2246 600 2284 pro
633 2233 990 2274 benefaeteribus

163 2288 336 2329 nostris.
365 2294 414 2345 R.
429 2289 691 2330 Retribuere
708 2289 888 2338 dignare
903 2289 990 2329 De-

164 2343 280 2384 mine
308 2343 511 2384 6mnibus
538 2344 666 2385 nobis
692 2344 810 2386 bona
835 2345 991 2384 facien-

164 2398 283 2439 tibus
307 2405 491 2451 propter
519 2412 679 2440 nomen
706 2405 830 2441 tuum
857 2400 992 2439 vitam

166 2455 386 2494 aeternam.
413 2455 566 2495 Amen.

222 2508 271 2559 XV.
296 2509 482 2550 Oremus
506 2523 588 2561 pro
613 2509 817 2550 fidelibus
843 2508 991 2549 deffin-

167 2563 259 2603 ctis.
308 2570 357 2620 R„
387 2565 603 2616 Requiem
634 2566 844 2605 aeternam
876 2563 993 2604 dona
1010 2584 1013 2588 ·

168 2618 229 2658 eis
263 2619 468 2660 Demine:
508 2626 552 2661 et
583 2620 658 2660 lux
689 2620 902 2671 perpetua
931 2618 992 2658 lu-

167 2678 264 2714 ceat
282 2674 355 2714 eis.

1104 285 1155 336 V.
1166 288 1465 339 Requiescant
1475 289 1518 328 in
1528 301 1648 340 paee.
1669 290 1876 344 R·.Amen.

1107 341 1154 391 W.
1176 343 1263 384 Pro
1283 343 1490 385 fratribus
1507 345 1670 385 nostris
1689 344 1875 386 absenti-

1048 397 1141 439 bus.
1208 403 1257 453 R.
1286 399 1440 440 Salvos
1473 400 1542 440 fac
1574 412 1725 441 servos
1758 405 1875 449 tuos,

1048 454 1170 495 Deus
1189 467 1312 494 meus
1333 457 1562 506 sperantes
1579 455 1623 495 in
1643 460 1698 496 te.

1105 506 1153 556 Y.
1188 510 1315 550 Mitte
1352 510 1414 550 eis
1446 511 1634 551 Demine
1668 511 1876 552 auxilium

1050 563 1105 605 de
1121 570 1285 606 5311010.
1309 568 1359 617 R.
1377 566 1434 606 Et
1454 565 1509 606 de
1527 566 1631 607 Sion
1650 569 1773 608 tuere
1788 580 1876 608 eos.

1105 616 1152 666 Y.
1194 621 1382 661 Demine
1428 621 1588 662 exaudi
1631 622 1876 663 013110116111

1047 688 1201 716 11163111.
1244 678 1294 727 R.
1319 677 1376 717 Et
1406 676 1571 717 clamor
1596 689 1720 718 meus
1748 676 1805 718 ad
1831 682 1875 719 te

1047 731 1204 772 veniat.

1104 781 1151 830 V.
1186 787 1403 828 Deminus
1440 787 1681 828 vobiscum.
1734 792 1784 830 R
1819 788 1876 829 Et

1049 855 1148 883 cum
1167 843 1324 895 spiritu
1342 847 1432 884 tuo.

1154 913 1351 952 Oremus.
1610 914 1773 955 Oratio.

1048 962 1230 1066 Deus,
1256 968 1326 1008 eui
1348 967 1576 1019 preprium
1596 972 1663 1008 est
1681 968 1877 1009 misereri

1143 1035 1318 1075 semper
1337 1028 1379 1064 et
1395 1025 1592 1075 parcere:
1612 1024 1788 1075 suscipe
1804 1023 1875 1064 de-

1046 1079 1347 1130 precatienem
1378 1083 1590 1127 nostram;
1631 1083 1678 1119 ut
1704 1091 1800 1128 nos,
1832 1083 1876 1120 et

1048 1146 1200 1174 omnes
1218 1134 1405 1174 famulos
1424 1139 1540 1183 tuos,
1565 1146 1676 1184 quos
1697 1133 1874 1175 delicte-

1047 1202 1143 1230 rum
1170 1191 1325 1230 catena
1349 1189 1623 1240 constringit,
1651 1190 1874 1230 miseratio

1046 1249 1135 1285 tuae
1154 1245 1329 1297 pietatis
1350 1245 1586 1286 elementer
1606 1244 1817 1286 absolvat.

1048 1305 1273 1409 Exaudi,
1293 1317 1543 1366 quaesumus
1558 1314 1755 1363 Demine,
1776 1317 1875 1366 sup-

1141 1371 1306 1422 plicum
1323 1383 1490 1422 preces,
1511 1375 1554 1410 61
1573 1369 1875 1410 confitentium
1937 1367 1940 1371 ’

1045 1425 1128 1467 tibi
1151 1439 1285 1478 parce
1304 1426 1514 1477 peccatis:
1542 1430 1590 1465 ut
1613 1425 1777 1476 pariter
1800 1437 1874 1465 no-

1045 1481 1113 1522 bis
1136 1481 1454 1532 indulgentiam
1475 1480 1642 1521 tribuas
1662 1479 1875 1531 benignus

1046 1541 1090 1577 et
1109 1549 1275 1588 pacem.

1048 1598 1342 1700 Ineffabilem
1360 1599 1488 1640 nobis
1503 1599 1692 1639 Demine
1711 1598 1874 1638 miseri-

1112 1654 1309 1695 cerdiam
1331 1659 1452 1695 tuam
1476 1654 1713 1694 elementer
1731 1655 1873 1693 osten-

1046 1710 1115 1751 de:
1142 1715 1191 1750 ut
1219 1709 1348 1750 simul
1376 1722 1458 1750 nos
1486 1713 1529 1749 et
1556 1721 1582 1748 a
1607 1708 1803 1759 peccatis
1830 1710 1872 1747 ό-

1045 1765 1218 1806 11111111115
1254 1766 1403 1812 exuas,
1436 1768 1480 1804 et
1514 1776 1540 1803 a
1571 1763 1731 1814 poenis,
1765 1775 1873 1813 quas

1043 1833 1126 1872 pro
1146 1819 1213 1860 his
1231 1821 1459 1868 meremur,
1479 1820 1648 1870 eripias.

1134 1896 1226 1932 6115,
1255 1883 1328 1934 qui
1353 1883 1482 1934 culpa
1505 1880 1754 1928 offenderis,
1779 1893 1871 1932 poe-

1049 1885 1133 1988 D
1151 1939 1333 1979 nitentia
1363 1937 1568 1989 placaris:
1608 1949 1763 1988 preces
1795 1937 1871 1987 pe-

1044 1994 1136 2046 puli
1161 1994 1225 2035 tui
1250 1992 1537 2045 supplicantis
1563 1991 1781 2043 propitius
1806 1992 1870 2030 re—

1046 2051 1182 2102 spice;
1221 2054 1264 2089 et
1295 2047 1467 2097 flagella
1498 2051 1586 2087 tuae
1617 2045 1870 2093 iracundiae,

1048 2118 1146 2156 quae
1164 2117 1245 2156 pro
1261 2102 1456 2155 peccatis
1470 2102 1631 2143 nostris
1645 2102 1871 2148 meremur,

1046 2162 1205 2201 averte.

1128 2221 1376 2270 mnipotens
1422 2216 1686 2268 sempiterne
1730 2214 1869 2271 Deus,

1145 2275 1351 2314 miserere
1377 2271 1540 2313 famulo
1566 2277 1643 2312 tuo
1668 2270 1870 2311 Pontifici

1044 2335 1199 2370 nostro
1210 2333 1274 2377 N.,
1295 2334 1338 2369 et
1357 2328 1495 2377 dirige
1514 2339 1613 2367 eum
1629 2325 1870 2366 secundum

1045 2390 1165 2425 tuam
1198 2383 1472 2424 clementiam
1503 2382 1547 2421 in
1574 2381 1690 2422 viam
1717 2380 1869 2420 salutis

1046 2441 1236 2480 aeternae:
1255 2443 1312 2486 ut,
1331 2443 1375 2478 te
1390 2437 1592 2484 donante,
1612 2435 1691 2477 tibi
1709 2435 1870 2487 placita

1046 2495 1204 2546 cupiat,
1225 2499 1268 2534 et
1286 2498 1380 2534 tota
1398 2493 1559 2533 virtute
1578 2491 1787 2543 perficiat.

1135 2574 1226 2610 eus,
1268 2573 1293 2600 a
1330 2572 1418 2611 quo
1455 2564 1606 2599 5311013
1642 2557 1867 2604 desideria,

1048 2567 1132 2669 D
1166 2620 1285 2656 16013
1317 2615 1514 2662 001151113,
1552 2619 1595 2654 61
1627 2615 1736 2664 justa
1768 2615 1868 2651 sunt

1047 2675 1198 2724 Opera:
1226 2671 1283 2711 da
1306 2670 1444 2710 servis
1467 2670 1553 2710 tuis
1577 2668 1709 2715 issam,
1739 2678 1867 2716 quam
