2040 2944
626 212 837 245 Commune
864 212 1116 254 plurimorum
1142 212 1362 255 Martyrum.

1791 210 1862 255 [43]

194 308 364 357 Venite,
384 312 428 349 et
442 307 589 349 videte
606 309 742 360 epera
755 307 852 357 Dfii,
874 320 973 359 quae

141 364 289 416 pesuit
303 363 507 416 prodigia
521 377 653 416 super
668 369 846 405 terram:
861 365 885 390 *
899 366 971 404 au-

140 420 284 461 ferens
303 419 420 461 bella
438 433 578 472 usque
598 419 655 461 ad
673 420 806 461 finem
830 425 972 461 terrae.

192 476 360 517 Arcum
397 478 612 526 centeret,
650 481 694 518 et
728 476 973 527 confringet

141 545 276 574 arma:
303 533 327 558 *
355 538 399 574 et
427 538 551 574 scuta
579 531 809 574 comburet
835 532 935 583 igni.

191 589 379 639 Vacate,
409 594 452 630 et
479 589 626 630 videte
655 589 861 641 queniam
889 601 972 639 ego

141 654 238 686 sum
252 645 389 686 Deus:
403 646 427 671 *
442 644 670 686 exaltabor
685 645 730 685 in
746 644 972 694 Gentibus,

141 706 186 743 et
213 701 441 743 exaltabor
468 701 513 742 in
539 706 667 743 terra.

192 757 407 799 Deminus
438 757 649 799 virtutum
675 755 920 798 nobiscum:
949 757 972 782 *

141 815 371 866 susceptor
398 818 548 855 noster
575 813 697 854 Deus
725 812 874 854 Jacob.

188 876 288 916 Ant.
340 876 459 916 Ecce
503 887 673 915 merces
719 876 972 915 sancterum

141 930 323 983 copiosa
342 935 409 973 est
434 930 554 984 apud
572 931 734 972 Deum:
762 931 846 983 ipsi
865 943 972 972 vero

139 987 301 1028 mortui
319 992 420 1029 sunt
437 999 520 1040 pro
541 987 732 1037 Christo,
762 992 805 1028 et
825 987 973 1028 vivent

139 1042 184 1083 in
204 1045 428 1084 aeternum.

188 1099 238 1150 V.
270 1105 294 1145 J
297 1105 383 1145 usti
403 1108 549 1146 autem
568 1105 612 1145 in
630 1106 895 1157 perpetuum
913 1104 971 1145 vi-

139 1165 253 1201 vent.
292 1160 342 1212 R.
382 1162 439 1202 Et
476 1161 594 1214 apud
629 1160 869 1202 Dominum
906 1165 973 1202 est

139 1229 309 1260 merces
338 1219 502 1259 cerum.

194 1277 321 1319 Pater
344 1283 505 1320 noster.

190 1338 437 1379 Absolutio.
466 1340 505 1379 A
528 1338 722 1379 vinculis.

188 1394 238 1445 V.
265 1399 291 1439 J
293 1398 378 1440 ube
399 1399 570 1441 domne.

188 1460 351 1501 Bened.
383 1459 648 1511 Evangelica
671 1459 813 1501 lectio.

136 1529 292 1570 Lectio
319 1529 458 1570 sancti
477 1528 703 1579 Evangelii
730 1529 972 1570 secundum

467 1585 645 1626 Lucam.

238 1647 390 1688 Lectio
411 1648 478 1687 vii.
637 1647 740 1699 Cap.
755 1648 813 1687 21.
830 1660 863 1688 c.

138 1698 215 1803 In
242 1702 317 1743 illo
342 1704 558 1755 tempore:
604 1703 727 1743 Dixit
754 1702 779 1742 J
782 1714 883 1742 esus
911 1700 971 1742 di-

214 1758 393 1811 scipulis
435 1759 544 1799 suis:
596 1759 705 1800 Cum
747 1757 971 1799 audieritis

138 1814 303 1867 praelia,
324 1819 367 1856 et
382 1814 632 1865 seditiones,
651 1814 786 1856 nolite
801 1814 971 1855 terreri:

140 1873 319 1923 oportet
333 1871 522 1923 primum
536 1870 633 1912 haec
647 1871 753 1920 fieri,
774 1870 853 1911 sed
867 1883 971 1912 non-

140 1927 244 1968 dum
265 1927 412 1969 statim
431 1927 541 1968 finis.
575 1928 632 1969 Et
650 1927 828 1978 reliqua.

184 1995 377 2037 Homilia
397 1995 538 2037 sancti
558 1995 763 2046 Gregorii
781 1996 927 2048 Papae.

315 2055 457 2089 Homil.
479 2055 530 2089 33.
554 2054 592 2088 in
611 2054 795 2097 Evangel.

214 2119 261 2153 κ
273 2109 444 2150 ominus
461 2121 512 2149 ac
527 2107 801 2161 Redemptor
820 2113 971 2150 noster

176 2164 218 2219 εξ
236 2192 237 2198 ,
260 2189 263 2203 ι
288 2165 475 2218 perituri
490 2163 642 2206 mundi
655 2165 971 2217 praecurrentia

150 2221 152 2228 ⁹
208 2221 261 2246 -’“
288 2220 404 2262 mala
423 2220 661 2270 denuntiat,
686 2226 735 2262 ut
754 2233 807 2262 eo
827 2221 971 2261 minus

138 2276 399 2329 perturbent
423 2276 658 2326 venientia,
695 2289 782 2329 quo
808 2277 971 2318 fuerint

138 2335 355 2385 praescita.
395 2333 539 2374 Minus
568 2333 682 2374 enim
709 2332 850 2384 jacula
874 2333 970 2374 feri-

138 2394 226 2438 unt,
248 2402 346 2441 quae
366 2388 682 2442 praevidentur:
701 2393 745 2430 et
763 2401 844 2429 nos
863 2389 970 2430 tole-

138 2444 317 2486 rabilius
331 2445 483 2487 mundi
502 2445 617 2486 mala
637 2445 911 2497 suscipimus,
935 2445 972 2485 si

141 2505 294 2542 contra
325 2501 422 2543 haec
452 2514 533 2554 per
564 2501 856 2554 praescientiae
885 2501 970 2553 cly-

138 2569 272 2608 peum
294 2559 523 2599 munimur.
569 2558 685 2598 Ecce
712 2557 826 2598 enim
851 2557 971 2598 dicit:

141 2612 250 2653 Cum
282 2612 506 2655 audieritis
534 2613 687 2666 praelia
714 2618 758 2655 et
794 2612 970 2654 seditie-

138 2681 232 2717 nes,
270 2668 405 2710 nolite
432 2670 603 2711 terreri:
645 2671 823 2722 opertet
855 2669 970 2710 enim

138 2724 329 2776 primum
368 2724 464 2766 haec
498 2726 614 2776 fieri,
660 2725 739 2767 sed
775 2725 970 2781 nondum

1027 307 1177 348 statim
1200 307 1309 348 finis.
1352 307 1585 349 Pensanda
1606 312 1707 349 sunt
1727 308 1861 349 verba

1027 363 1340 416 Redempteris
1369 364 1522 414 nostri,
1551 377 1631 417 per
1657 377 1756 416 quae
1779 377 1860 405 nos

1027 419 1146 461 aliud
1164 421 1362 470 interius,
1397 420 1516 462 aliud
1545 421 1735 462 exterius
1764 434 1860 473 pas-

1027 479 1156 517 suros
1173 489 1270 518 esse
1286 477 1525 518 denuntiat.
1556 477 1680 518 Bella
1696 477 1860 530 quippe

1027 532 1084 574 ad
1103 532 1255 574 hostes
1274 534 1510 586 pertinent,
1544 533 1784 575 seditiones
1804 533 1861 575 ad

1027 589 1156 630 cives.
1189 589 1249 631 Ut
1269 602 1374 641 ergo
1394 602 1476 631 nos
1496 589 1659 631 indicet
1679 590 1860 631 interius

1027 645 1308 698 exteriusque
1332 645 1516 696 turbari,
1550 645 1668 687 aliud
1695 659 1777 687 nos
1801 646 1859 687 fa-

1026 703 1144 742 tetur
1164 701 1218 743 ab
1234 701 1449 751 hestibus,
1470 702 1588 743 aliud
1608 716 1633 743 a
1652 702 1860 744 fratribus

1026 759 1211 810 perpeti.

1077 815 1127 866 R.
1159 815 1349 867 Propter
1376 817 1686 857 testamentum
1711 815 1858 856 Demi-

1026 871 1085 920 ni,
1123 876 1167 912 et
1199 871 1319 922 leges
1348 873 1571 924 paternas,
1609 872 1747 913 sancti
1775 871 1860 912 Dei

1025 927 1341 980 perstiterunt
1330 942 1373 968 1n
1389 930 1539 969 amore
1559 928 1859 970 fraternitatis:

1024 986 1047 1008 *
1065 984 1177 1034 Quia
1195 996 1306 1024 unus
1325 984 1405 1026 fuit
1424 996 1599 1048 semper
1618 985 1796 1037 spiritus
1816 985 1859 1024 in

1027 1040 1104 1090 eis,
1143 1045 1187 1081 et
1217 1053 1303 1081 una
1330 1040 1451 1082 fides.
1492 1035 1542 1086 Y
1577 1041 1694 1082 Eece
1728 1054 1859 1093 quam

1025 1096 1191 1137 bonum
1224 1101 1268 1137 et
1301 1109 1431 1148 quam
1472 1097 1708 1149 jucundum
1740 1097 1858 1138 habi-

1025 1155 1120 1194 tare
1139 1153 1330 1194 fratres
1320 1167 1363 1193 111
1382 1166 1526 1194 unum.
1555 1154 1676 1204 Quia.

1077 1215 1240 1256 Bened.
1266 1216 1465 1264 Quorum
1484 1215 1644 1256 festum
1664 1214 1858 1256 celimus.

1311 1280 1464 1321 Lectio
1485 1280 1568 1320 viii.

1024 1332 1155 1440 Sed
1196 1334 1263 1375 his
1308 1335 1433 1376 malis
1478 1336 1859 1389 praevenientibus,

1119 1391 1220 1443 quia
1242 1404 1331 1433 non
1352 1392 1501 1434 statim
1520 1393 1618 1433 finis
1639 1395 1859 1445 sequatur,

1025 1447 1237 1499 adjungit:
1269 1448 1427 1500 Surget
1450 1462 1556 1500 gens
1582 1454 1735 1491 contra
1758 1462 1858 1500 gen-

1024 1509 1125 1553 tem,
1155 1509 1198 1545 et
1222 1517 1406 1555 regnum
1430 1505 1642 1547 adversus
1662 1518 1860 1556 regnum:

1026 1565 1069 1602 et
1108 1563 1388 1603 terraemetus
1430 1563 1575 1613 magni
1613 1568 1740 1604 erunt
1779 1575 1859 1615 per

1024 1616 1132 1667 loca,
1149 1622 1193 1658 et
1207 1617 1481 1669 pestilentiae,
1497 1624 1540 1660 et
1558 1619 1706 1669 fames,
1721 1624 1858 1660 terro-

1024 1675 1183 1725 resque
1220 1673 1274 1714 de
1307 1674 1436 1714 coelo:
1474 1679 1517 1716 et
1547 1675 1669 1725 signa
1701 1687 1859 1725 magna

1026 1735 1162 1771 erunt.
1194 1730 1358 1772 Ultima
1374 1730 1599 1772 tribulatio
1619 1730 1767 1772 multis
1786 1731 1858 1772 tri-

1023 1785 1322 1827 bulatienibus
1360 1789 1647 1838 praevenitur:
1696 1792 1740 1828 et
1777 1799 1858 1838 per

1025 1841 1180 1883 crebra
1200 1842 1330 1891 mala,
1360 1855 1459 1894 quae
1478 1843 1768 1895 praeveniunt,
1796 1843 1855 1882 in-

1025 1897 1224 1939 dicantur
1243 1898 1358 1939 mala
1376 1900 1606 1951 perpetua,
1637 1911 1735 1951 quae
1758 1898 1856 1940 sub-

1024 1956 1273 2006 sequentur.
1314 1955 1370 1996 Et
1402 1954 1502 1996 ideo
1534 1960 1638 2007 post
1668 1954 1784 1996 bella
1813 1960 1857 1996 et

1024 2009 1262 2051 seditiones
1295 2023 1383 2052 non
1417 2011 1563 2052 statim
1595 2011 1712 2051 finis:
1755 2011 1856 2063 quia

1023 2066 1160 2108 multa
1180 2066 1343 2109 debent
1360 2067 1476 2108 mala
1494 2070 1780 2120 praecurrere,
1807 2072 1856 2108 ut

1022 2122 1186 2163 malum
1205 2122 1380 2164 valeant
1400 2123 1492 2164 sine
1511 2123 1598 2164 fine
1618 2123 1828 2164 nuntiare.

1074 2183 1125 2234 R».
1153 2183 1301 2224 Sancti
1326 2183 1422 2233 mei,
1455 2184 1530 2235 qui
1552 2184 1595 2224 in
1621 2196 1751 2225 carne
1777 2186 1854 2237 pe-

1023 2239 1104 2287 siti,
1142 2241 1365 2281 certamen
1387 2239 1616 2281 habuistis:
1638 2238 1662 2262 *
1690 2240 1854 2281 Merce-

1023 2294 1124 2335 dem
1167 2295 1330 2336 laberis
1373 2308 1454 2346 ego
1496 2295 1680 2337 reddam
1715 2296 1854 2338 vobis.

1022 2344 1071 2395 V
1113 2351 1273 2392 Venite
1316 2351 1537 2393 benedicti
1572 2352 1716 2393 Patris
1756 2353 1853 2403 mei,

1022 2407 1236 2470 percipite
1255 2420 1448 2458 regnum.
1467 2407 1729 2449 Mercedem.
1750 2408 1853 2450 Gle-

1022 2463 1087 2503 ria
1105 2463 1235 2504 Patri.
1264 2463 1525 2505 Mercedem.

1076 2519 1248 2563 Sequens
1273 2522 1316 2565 R.
1343 2522 1483 2556 dieitur
1507 2527 1597 2566 post
1620 2523 1699 2557 viii.
1726 2523 1787 2557 vel
1814 2524 1849 2557 ii.

1021 2567 1121 2602 Leet.
1154 2570 1190 2602 in
1227 2570 1324 2603 festo
1355 2571 1609 2613 plurimorum
1641 2571 1851 2614 Martyrum

1021 2616 1190 2651 fratrum.

1074 2671 1125 2721 le.
1144 2671 1254 2711 Haec
1271 2675 1338 2712 est
1352 2683 1456 2712 vera
1474 2671 1732 2720 fraternitas,
1753 2683 1851 2722 quae

1021 2739 1259 2778 numquam
1274 2727 1418 2779 potuit
1432 2727 1587 2769 violari
1602 2726 1851 2769 certamine:
