2040 2944
782 166 959 202 Officium
982 166 1269 200 Defunctorum.

229 266 432 300 Lectiones
462 264 640 307 leguntur
670 263 753 297 sine
777 261 1001 297 Absolutio-

176 324 234 357 nc,
259 312 600 347 Benedictionibus
626 316 662 345 et
685 311 826 345 Titulo.

280 369 431 411 Lectio
450 368 474 408 i.
696 367 719 406 J
724 366 780 407 ob
801 366 837 407 7.
858 365 896 406 d.

186 447 195 483 <3
259 433 397 468 ³
416 426 522 467 mihi
540 426 743 476 Domine;
767 426 874 467 nihil
893 426 1006 468 enim

186 494 194 530 ,j
314 488 413 524 sunt
439 483 533 524 dies
558 482 654 523 mei.
697 481 812 532 Quid
838 487 904 524 est
928 483 1002 524 ho-

314 552 396 589 mo,
414 539 515 592 quia
527 539 779 590 magnificas
796 537 917 581 eum?
933 544 1007 581 aut

185 595 289 647 quid
314 596 502 648 apponis
527 608 630 646 erga
650 608 748 637 eum
767 608 844 637 cor
862 595 1005 638 tuum?

182 652 347 694 Visitas
389 665 488 693 eum
526 651 737 702 diluculo,
780 657 823 694 et
861 652 1006 694 subito

181 708 346 761 probas
369 708 500 750 illum.
534 709 774 761 Usquequo
799 722 887 750 non
910 722 1007 762 par-

182 766 245 806 cis
271 765 392 815 mihi,
419 778 501 807 nec
526 765 706 807 dimittis
731 778 817 814 me,
844 770 893 807 ut
917 765 1006 817 ghi-

182 822 288 863 tiam
307 821 488 863 salivam
504 820 667 863 meam?
687 822 882 871 Peccavi,
903 822 1008 874 quid

181 878 338 919 faciam
382 878 462 920 tibi
508 891 534 919 0
572 883 720 919 custos
756 877 1005 920 heminum?

184 947 317 987 quare
336 935 523 987 posuisti
542 947 611 976 me
634 936 899 976 contrarium
917 935 1007 986 tibi,

184 996 227 1033 6(
250 991 391 1034 factus
417 1005 513 1032 sum
535 992 817 1044 mihimetipsi
838 991 1006 1043 gravis?

184 1048 270 1089 Cur
288 1061 377 1089 non
396 1048 515 1089 tollis
535 1051 765 1101 peccatum
784 1061 946 1099 meum,
965 1054 1008 1090 et

184 1117 318 1156 quare
343 1117 430 1145 non
456 1105 599 1146 aufers
625 1105 897 1157 iniquitatem
922 1118 1008 1147 me-

184 1161 277 1202 am?
325 1174 428 1203 6666
464 1175 579 1203 1111116
614 1162 658 1202 111
693 1162 873 1214 pulvere
911 1162 1008 1204 dor·

182 1218 328 1258 miam:
363 1223 406 1259 et
439 1218 476 1258 si
507 1231 635 1260 mane
667 1231 739 1260 me
774 1219 1009 1271 quaesieris,

182 1287 269 1315 non
294 1274 538 1316 subsistam.

229 1338 710 1375 Lectionesterminantur
738 1341 821 1375 sine
855 1340 916 1375 Tu
945 1351 1008 1375 au-

182 1392 268 1423 tem.
287 1387 350 1421 vel
374 1387 450 1421 alia
475 1388 733 1422 conclusione.

230 1442 280 1493 R.
305 1440 449 1482 Credo
466 1439 586 1492 quod
598 1439 871 1492 Redemptor
885 1452 1008 1482 meus

183 1496 306 1545 vivit,
332 1501 375 1538 et
398 1497 442 1537 in
464 1497 703 1538 novissimo
729 1496 800 1538 (116
820 1496 874 1538 (16
893 1501 1010 1538 terra

186 1555 459 1594 surrecturus
498 1566 610 1594 sum:
638 1558 660 1581 ¹⁸
706 1553 763 1594 Et
799 1553 843 1593 in
879 1565 1009 1594 carne

183 1622 282 1651 mea
331 1609 492 1651 videbo
546 1609 690 1651 Deum
738 1609 1009 1651 Salvatorem

183 1679 339 1707 meum.
365 1665 415 1717 V.
446 1666 586 1716 Quem
611 1666 782 1707 visurus
808 1679 904 1707 sum
927 1678 1009 1717 ego

183 1722 289 1775 ipse,
310 1727 354 1764 et
368 1735 455 1764 non
471 1722 596 1763 alius:
615 1727 659 1764 et
679 1722 796 1764 oculi
810 1723 897 1764 mei
909 1735 1009 1764 con-

184 1779 378 1833 specturi
397 1784 509 1820 sunt.
538 1779 606 1820 Et.

282 1843 433 1884 Lectio
454 1843 492 1882 ii.
732 1844 754 1883 J
759 1843 816 1885 ob
836 1846 898 1884 10.

194 1918 197 1922 ·
263 1900 380 1942 aedet
399 1900 586 1942 animam
606 1912 748 1941 meam
766 1900 869 1942 vitae
887 1913 1009 1950 meae,

287 1956 502 2000 dimittam
538 1956 771 1998 adversum
807 1969 878 1999 me
924 1957 1008 1998 elo-

186 2000 334 2066 quium
361 2026 520 2064 meum,
555 2013 710 2065 loquar
736 2013 781 2054 in
809 2013 1009 2055 amaritu-

185 2070 284 2112 dine
329 2070 484 2111 animae
529 2082 651 2111 meae.
705 2070 861 2111 Dicam
895 2070 1007 2112 Deo:

183 2127 287 2168 Noli
310 2139 379 2168 me
405 2126 712 2168 condemnare:
739 2126 885 2168 indica
902 2126 1006 2168 mihi

186 2196 262 2224 cur
289 2196 358 2224 me
386 2183 445 2224 ita
470 2181 646 2234 judices.
684 2182 911 2235 Numquid
933 2183 1009 2225 bo-

185 2252 288 2280 num
322 2239 403 2281 tibi
438 2239 627 2289 videtur,
663 2239 701 2284 si
736 2239 1009 2280 calumnieris

185 2308 266 2344 me,
286 2300 329 2336 et
348 2296 572 2348 Opprimas
588 2308 658 2337 me
678 2308 790 2348 opus
804 2298 1010 2337 manuum

186 2353 376 2400 tuarum,
421 2356 465 2393 et
505 2352 735 2393 consilium
776 2352 1011 2404 impiorum

188 2406 389 2458 adjuves?
443 2407 669 2460 Numquid
710 2408 825 2450 oculi
866 2409 1011 2450 carnei

187 2462 267 2505 tibi
288 2469 404 2504 sunt:
432 2469 505 2505 aut
524 2465 635 2506 sicut
655 2465 774 2506 videt
793 2464 942 2514 homo,
967 2470 1011 2506 6(

188 2525 235 2561 (11
267 2519 460 2562 videbis?
504 2521 729 2573 Numquid
767 2522 879 2563 sicut
916 2520 1009 2562 dies
1075 2538 1077 2564 ς

188 2576 374 2617 11όωί1116
400 2576 493 2618 (1166
519 2578 597 2627 (111,
626 2583 669 2619 et
693 2579 793 2619 anni
817 2578 880 2619 tui
899 2577 1011 2618 sicut

188 2632 377 2674 humana
403 2638 503 2674 sunt
526 2635 743 2686 tempora,
771 2639 818 2676 ut
839 2646 1010 2686 quaeras

189 2689 463 2741 iniquitatem
498 2702 657 2739 meam,
702 2695 745 2731 et
780 2691 1010 2742 peccatum

1057 277 1201 306 meum
1225 263 1452 306 scruteris?
1479 265 1538 307 Et
1561 265 1674 307 scias
1700 266 1800 317 quia
1822 265 1882 305 ni-

1056 321 1117 362 hil
1136 321 1318 373 impium
1336 321 1528 371 fecerim,
1553 334 1652 363 cum
1675 321 1731 363 sit
1752 333 1882 363 nemo

1058 378 1132 429 qui
1151 377 1207 419 de
1225 390 1356 419 manu
1374 382 1450 419 tua
1468 378 1611 430 possit
1629 380 1794 419 eruere.

1108 438 1157 488 R.
1195 434 1279 484 Qui
1310 433 1526 475 Lazarum
1556 433 1826 476 resuscitasti
1858 447 1883 475 a

1057 492 1338 532 monumento
1355 489 1571 532 foetidum:
1590 492 1612 514 *
1632 490 1701 531 Tu
1718 491 1782 532 eis
1794 490 1882 532 Do-

1057 547 1172 588 mine
1201 547 1316 588 dona
1343 547 1554 599 requiem,
1583 551 1626 589 6(
1653 547 1798 588 10611111
1822 547 1882 588 in-

1060 602 1307 654 dulgentiae.
1335 599 1386 651 Ys.
1417 603 1502 654 Qui
1521 607 1730 645 venturus
1756 615 1803 644 66
1825 604 1883 656 ju-

1061 659 1209 701 dicare
1227 660 1351 701 vivos
1375 664 1419 701 et
1443 661 1657 710 mertuos,
1681 664 1725 701 et
1750 661 1882 700 saecu-

1059 716 1148 757 lum
1166 729 1246 769 per
1264 717 1418 768 ignem.
1447 716 1516 758 Tu
1535 716 1610 758 eis.

1159 785 1310 825 Lectio
1333 785 1387 824 iii.
1560 783 1583 822 J
1587 781 1643 823 ob
1660 783 1723 822 10.
1738 781 1777 822 b.

1056 841 1271 947 Manus
1290 846 1379 884 tuae
1399 842 1596 884 fecerunt
1616 854 1702 892 me,
1729 846 1773 883 et
1795 841 1884 894 pla—

1196 900 1447 940 smaverunt
1474 911 1543 939 me
1565 903 1709 940 totum
1735 898 1779 938 in
1805 897 1885 939 611-

1061 955 1198 996 cuitu:
1244 959 1287 996 et
1325 955 1388 996 sic
1418 956 1600 1008 repente
1631 954 1885 1008 praecipitas

1059 1010 1152 1053 me?
1193 1011 1416 1053 Memento
1446 1024 1596 1064 quaeso
1626 1011 1746 1064 quod
1774 1011 1886 1053 61611(

1060 1068 1199 1110 111(11111
1223 1068 1378 1110 feceris
1402 1080 1490 1118 me,
1520 1072 1563 1109 et
1588 1068 1633 1109 in
1658 1067 1885 1121 pulverem

1061 1124 1246 1166 reduces
1265 1137 1346 1166 me.
1378 1124 1537 1166 Nonne
1562 1124 1674 1166 61611(
1693 1124 1762 1165 lac
1779 1123 1885 1165 111111-

1061 1182 1155 1222 sisti
1172 1194 1260 1231 me,
1289 1186 1333 1222 et
1358 1181 1470 1222 sicut
1495 1183 1673 1222 caseum
1695 1193 1766 1222 me
1790 1193 1887 1222 coa-

1060 1236 1241 1289 gulasti?
1275 1237 1394 1279 Pelle
1419 1242 1463 1280 et
1491 1237 1692 1279 carnibus
1715 1236 1887 1279 vestisti

1059 1307 1145 1336 me:
1181 1294 1354 1336 ossibus
1384 1298 1427 1335 et
1453 1294 1598 1335 nervis
1627 1293 1887 1347 compegisti

1059 1363 1147 1392 me:
1178 1350 1328 1392 Vitam
1360 1354 1404 1392 et
1437 1349 1781 1392 misericordiam
1814 1350 1886 1392 tri-

1059 1407 1193 1448 buisti
1211 1407 1332 1456 mihi,
1361 1411 1405 1448 et
1429 1406 1621 1448 visitatio
1643 1411 1720 1448 tua
1744 1411 1886 1449 custo-

1061 1463 1169 1506 divit
1189 1463 1390 1516 spiritum
1408 1475 1564 1504 meum.

1110 1525 1160 1575 R.
1195 1520 1399 1570 Demine‚
1431 1518 1606 1572 quando
1630 1519 1802 1561 veneris
1827 1520 1886 1571 ju-

1061 1576 1207 1618 dicare
1226 1581 1403 1626 terram,
1426 1575 1503 1618 ubi
1524 1588 1594 1618 me
1618 1575 1887 1618 abscendam

1061 1646 1086 1674 a
1116 1633 1239 1674 vultu
1268 1633 1346 1674 irae
1378 1632 1487 1674 tuae?
1511 1636 1534 1660 *
1562 1632 1673 1683 Quia
1704 1632 1888 1685 peccavi

1062 1689 1189 1731 nimis
1220 1690 1264 1730 in
1291 1689 1381 1731 vita
1413 1701 1522 1730 mea.
1558 1687 1608 1738 V.
1645 1688 1888 1730 Commissa

1063 1759 1162 1788 mea
1179 1747 1384 1799 pavesco,
1409 1750 1453 1788 et
1475 1753 1575 1787 ante
1595 1750 1639 1787 te
1659 1745 1887 1787 erubeseo:

1061 1802 1166 1845 dum
1183 1804 1355 1845 veneris
1374 1803 1577 1854 judicare,
1596 1801 1688 1843 noli
1702 1814 1772 1843 me
1787 1814 1886 1843 con-

1062 1859 1280 1902 (1611111616.
1309 1860 1431 1910 Quia.
1456 1855 1506 1907 V.
1529 1859 1745 1911 Requiem
1764 1860 1886 1900 aeter-

1061 1929 1161 1957 nam
1181 1916 1296 1958 dona
1320 1917 1381 1958 616
1400 1916 1602 1958 Domine:
1627 1919 1671 1957 et
1693 1915 1769 1956 lux
1790 1927 1886 1968 per-

1061 1975 1194 2025 petua
1211 1973 1357 2015 luceat
1376 1973 1449 2015 616.
1482 1972 1605 2023 Quia.

1111 2042 1251 2077 Postea
1288 2041 1338 2074 ad
1373 2039 1540 2081 Laudes,
1585 2043 1625 2073 ut
1660 2039 1758 2072 infra
1789 2035 1887 2080 [170]

1059 2090 1215 2134 quando
1244 2089 1384 2123 dicitur
1408 2098 1524 2122 unum
1553 2091 1699 2121 tantum
1723 2086 1884 2121 Noctur-

1058 2148 1157 2173 num.

1292 2185 1341 2223 In
1361 2184 1410 2223 ΙΙ.
1430 2184 1651 2223 Nooturno.

1215 2245 1300 2280 Pro
1327 2244 1461 2279 Feria
1488 2244 1560 2279 III.
1590 2248 1632 2279 et
1659 2244 1725 2279 VI.

1114 2298 1212 2338 Ant.
1254 2297 1306 2336 In
1335 2295 1436 2336 1060
1466 2296 1644 2346 pascuae
1673 2293 1697 2320 *
1726 2292 1787 2335 ibi
1817 2305 1887 2334 me

1063 2351 1308 2394 collocavit.

1334 2410 1531 2451 Psalmus
1549 2410 1613 2450 22.

1128 2469 1187 2524 31&
1195 2464 1366 2506 eminus
1380 2463 1491 2513 regit
1504 2474 1584 2512 me,
1605 2466 1648 2503 et
1661 2461 1767 2502 nihil
1782 2461 1887 2502 mihi

1099 2481 1163 2574 {3125
1181 2526 1187 2570 ῚῚ1
1211 2521 1362 2563 (16611(;
1385 2519 1443 2545 *
1431 2532 1475 2560 in
1498 2518 1598 2560 1060
1622 2520 1801 2571 pascuae
1825 2517 1886 2559 ibi

1075 2576 1076 2582 ’
1099 2573 1183 2601 '‘s-²³
1210 2590 1281 2618 me
1299 2575 1543 2618 collocavit.

1113 2635 1253 2686 Super
1277 2644 1436 2684 aquam
1459 2631 1711 2672 refectionis
1731 2630 1885 2672 educa-

1062 2690 1123 2731 vit
1141 2702 1226 2731 me:
1243 2690 1266 2715 *
1286 2688 1473 2730 animam
1496 2700 1639 2729 meam
1661 2687 1886 2729 convertit.
