2040 2944
226 1176 287 1217 In
311 1175 511 1226 Vigiliis
537 1175 908 1227 Apostolorum.

201 1242 377 1278 Officium
392 1245 434 1280 fit
449 1245 495 1280 de
508 1245 621 1282 Feria
639 1247 811 1291 exceptis
824 1248 926 1283 Leet.
944 1253 980 1284 et

157 1290 269 1336 Orat„
294 1303 381 1337 quae
399 1293 438 1327 in
453 1295 623 1339 propriis
641 1296 739 1331 locis
756 1300 946 1332 notantur.

198 1343 276 1379 Ubi
285 1355 378 1381 vero
391 1356 469 1381 non
483 1352 570 1383 sunt
582 1351 752 1393 propriae
761 1351 874 1395 Lect.,
887 1350 979 1393 legi-

155 1395 217 1426 tur
231 1392 486 1438 Evangelium
502 1406 588 1431 cum
603 1397 776 1435 Homilia
794 1399 979 1443 sequenti.

156 1451 313 1508 Lectio
332 1453 474 1495 sancti
495 1451 721 1502 Evangelii
741 1450 982 1493 secundum

459 1509 484 1551 J
486 1511 684 1551 oannem.

232 1570 385 1613 Lectio
406 1572 430 1613 i.
670 1576 772 1629 Cap.
788 1577 846 1617 15.
864 1577 903 1618 b.

158 1629 236 1735 In
262 1630 338 1672 illo
367 1633 581 1685 tempore:
618 1631 739 1672 Dixit
765 1630 892 1671 Jesus
922 1629 982 1671 di-

234 1687 414 1740 scipulis
448 1688 553 1730 suis:
588 1688 689 1729 Hoc
723 1691 790 1729 est
820 1687 983 1739 praece-

158 1746 284 1794 ptum
304 1757 464 1795 meum,
491 1749 540 1786 ut
568 1743 759 1795 diligatis
785 1742 982 1792 invicem,

160 1798 273 1841 sicut
292 1799 424 1842 dilexi
443 1813 533 1843 vos.
561 1801 618 1842 Et
636 1800 816 1852 reliqua.

253 1873 447 1915 Homilia
464 1874 503 1915 S.
524 1873 727 1924 Gregorii
743 1874 889 1926 Papae.

301 1938 473 1975 Homilia
488 1941 540 1976 27.
556 1942 596 1978 in
612 1942 836 1987 Evangelia.

406 2003 480 2031 um
495 1995 653 2032 cuncta
668 2003 793 2032 sacra
809 1989 984 2042 eloquia

246 2061 285 2110 *f
304 2067 350 2105 ,μ
436 2047 679 2088 Dominicis
723 2047 854 2099 plena
898 2046 985 2087 sint

240 2098 363 2155 ⁸25}ss-
436 2103 691 2156 praeceptis,
755 2103 860 2156 quid
918 2107 985 2144 est

195 2180 233 2219 5„
253 2151 369 2215 35³*ss
440 2159 559 2212 quod
621 2159 676 2201 de
739 2159 984 2209 dilectione,

439 2216 564 2268 quasi
579 2215 633 2257 de
648 2216 855 2267 singulari
867 2228 984 2257 man-

162 2270 278 2322 dato,
295 2272 511 2313 Dominus
531 2271 647 2322 dicit,
671 2272 771 2314 Hoc
790 2277 857 2314 est
875 2285 984 2325 prae-

162 2329 337 2380 ceptum
350 2342 505 2379 meum,
519 2333 568 2370 ut
582 2328 771 2379 diligatis
785 2329 985 2370 invicem:

163 2383 245 2425 nisi
264 2385 365 2437 quia
384 2398 513 2427 omne
532 2383 786 2426 mandatum
808 2384 863 2426 de
891 2385 986 2426 sola

164 2439 395 2483 dilectione
410 2446 491 2483 est:
510 2446 553 2483 et
568 2441 713 2482 omnia
727 2454 862 2482 unum
875 2454 984 2494 prae-

164 2498 339 2548 ceptum
357 2496 478 2540 sunt?
507 2498 608 2551 quia
636 2497 849 2550 quidquid
874 2510 984 2550 prae-

164 2553 331 2605 cipitur,
358 2554 404 2594 in
431 2554 525 2596 sola
553 2554 734 2596 caritate
763 2553 985 2595 solidatur.

163 2608 223 2651 Ut
238 2609 352 2650 enim
370 2611 494 2652 multi
513 2611 683 2652 arboris
702 2611 811 2652 rami
830 2623 884 2652 ex
899 2623 986 2651 una

164 2665 312 2707 radice
335 2666 569 2719 prodeunt:
596 2667 660 2709 sic
682 2667 831 2709 multae
854 2667 984 2707 virtti-

164 2726 231 2763 tes
247 2734 300 2764 ex
314 2735 400 2764 una
415 2724 594 2766 caritate
608 2725 882 2775 generantur.
891 2723 986 2781 Nec

318 2863 382 2890 Pars
397 2865 566 2891 Autumnalis.

1036 1171 1169 1213 habet
1179 1168 1344 1222 aliquid
1355 1168 1588 1210 viriditatis
1599 1180 1745 1209 ramus
1756 1166 1862 1208 boni

1037 1228 1200 1281 operis,
1228 1227 1266 1268 si
1291 1238 1380 1268 non
1398 1230 1546 1267 manet
1564 1226 1608 1266 in
1627 1224 1774 1266 radice
1795 1236 1862 1265 ca-

1036 1284 1188 1326 ritatis.

1081 1348 1161 1392 RK.
1179 1349 1226 1384 de
1243 1349 1355 1384 Feria
1372 1360 1442 1394 pro
1460 1354 1642 1393 tempore.

1343 1411 1495 1454 Lectio
1524 1413 1563 1453 ii.

1038 1466 1318 1574 Praecepta
1332 1481 1437 1520 ergo
1451 1468 1684 1510 Dominica
1698 1473 1742 1510 et
1757 1467 1862 1510 mul-

1138 1531 1184 1568 ta
1211 1530 1328 1576 sunt,
1363 1531 1407 1568 et
1434 1539 1584 1567 unum:
1620 1525 1757 1567 multa
1784 1539 1864 1579 per

1037 1583 1337 1625 diversitatem
1366 1582 1529 1635 operis,
1564 1595 1699 1623 unum
1727 1583 1772 1623 in
1798 1596 1863 1623 ra-

1037 1639 1134 1681 dice
1171 1639 1426 1680 dilectionis.
1481 1638 1677 1689 Qualiter
1718 1644 1863 1681 autem

1035 1696 1119 1737 ista
1138 1695 1315 1737 dilectio
1337 1694 1527 1736 tenenda
1547 1695 1617 1746 sit,
1646 1695 1741 1748 ipse
1764 1696 1863 1736 insi-

1036 1756 1162 1802 nuat,
1199 1752 1273 1804 qui
1299 1752 1344 1792 in
1375 1751 1597 1804 plerisque
1625 1751 1864 1804 Scripturae

1036 1821 1128 1850 suae
1145 1808 1384 1857 sententiis,
1414 1812 1459 1849 et
1479 1810 1645 1849 amicos
1663 1808 1784 1860 jubet
1803 1808 1863 1850 di—

1035 1865 1111 1917 ligi
1135 1865 1179 1906 in
1206 1877 1269 1915 se,
1304 1869 1348 1906 et
1371 1864 1570 1906 inimicos
1595 1869 1777 1918 propter
1805 1878 1863 1907 se.

1036 1921 1116 1963 Ille
1144 1921 1259 1963 enim
1286 1920 1501 1962 veraciter
1531 1922 1759 1963 caritatem
1791 1921 1862 1963 ha-

1036 1977 1127 2028 bet,
1157 1978 1231 2030 quj
1256 1981 1299 2019 et
1322 1979 1510 2018 amicum
1535 1977 1674 2028 diligit
1691 1978 1736 2018 in
1754 1978 1862 2028 Deo,

1038 2039 1082 2076 et
1099 2034 1322 2076 inimicum
1347 2034 1487 2084 diligit
1507 2039 1691 2087 propter
1709 2035 1863 2076 Deum.

1036 2091 1151 2132 Nam
1183 2095 1283 2132 sunt
1315 2089 1527 2140 nonnulli,
1574 2091 1647 2143 qui
1679 2091 1864 2142 diligunt

1036 2147 1273 2200 proximos,
1293 2146 1372 2188 sed
1390 2160 1470 2199 per
1486 2147 1691 2189 affectum
1707 2160 1862 2199 cogna-

1036 2203 1166 2245 tionis
1195 2208 1238 2245 et
1266 2203 1425 2245 carnis:
1460 2203 1617 2256 quibus
1645 2208 1792 2246 tamen
1819 2205 1863 2246 in

1036 2259 1119 2301 hac
1152 2259 1386 2301 dilectione
1418 2272 1543 2301 sacra
1571 2260 1747 2313 eloquia
1776 2274 1864 2303 non

1039 2316 1358 2357 contradicunt:
1394 2315 1474 2357 sed
1501 2316 1619 2358 aliud
1647 2322 1715 2359 est
1744 2318 1864 2370 quod
1916 2358 1920 2362 .

1038 2377 1196 2425 sponte
1224 2371 1490 2425 impenditur
1520 2376 1708 2424 naturae,
1745 2374 1864 2416 aliud

1040 2428 1160 2481 quod
1178 2429 1413 2481 praeceptis
1427 2429 1669 2472 Dominicis
1684 2443 1739 2472 ex
1758 2431 1863 2472 cari-

1037 2487 1129 2527 tate
1149 2484 1333 2527 debetur
1351 2484 1623 2528 obedientiae.

1334 2550 1485 2593 Lectio
1512 2551 1567 2592 iii.

1037 2601 1148 2707 Hi
1179 2611 1380 2653 nimirum
1412 2616 1456 2653 et
1490 2611 1741 2664 proximum
1772 2612 1862 2654 dili-

1158 2672 1280 2718 gunt,
1318 2673 1361 2710 et
1388 2672 1534 2710 tamen
1561 2668 1634 2710 illa
1663 2668 1862 2710 sublimia

1040 2723 1284 2766 dilectionis
1309 2725 1492 2777 praemia
1513 2737 1601 2767 non
1626 2726 1861 2776 assequun-
