2040 2944
642 191 843 225 I’urissimi
867 191 1006 225 Cordis
1031 191 1071 225 B.
1096 192 1227 225 Mariae
1252 192 1293 224 V.

1737 187 1828 232 [253]

349 282 399 322 In
426 283 477 322 ΙΙ.
505 283 727 322 Nocturno.

176 347 275 387 Ant.
300 347 436 387 Beata
461 358 560 398 quae
580 345 816 396 credidisti,
843 347 947 398 quo-

119 403 235 444 niam
277 402 560 455 perficientur
589 401 649 444 'ea
694 414 793 454 quae
831 402 949 444 dicta

120 463 222 501 sunt
248 458 329 501 tibi
356 471 380 499 a
408 459 612 500 Domino.

177 522 276 561 Ant.
304 520 425 562 Fecit
450 519 557 560 mihi
583 531 742 570 magna
770 518 844 570 qui
871 531 948 570 po-

118 581 216 619 tens
234 581 313 626 est,
333 580 377 618 et
394 580 593 617 sanctum
611 588 772 617 nomen
790 576 891 626 ejuS.

174 638 274 679 Ant.
299 637 419 678 Fecit
440 637 686 689 potentiam
703 636 747 676 in
766 635 949 677 brachio

121 706 217 735 suo:
238 693 446 746 dispersit
465 693 682 746 superbos
696 697 842 734 mente
857 705 948 733 cor-

122 750 189 792 dis
208 750 285 791 sui.

178 805 228 858 V.
252 811 399 852 Fortis
432 815 499 853 est
531 816 580 852 ut
607 822 728 851 mors
761 810 950 851 dilectio.

123 869 175 920 R.
200 867 320 908 Dura
352 867 466 909 sicut
493 867 686 909 infernus
715 866 950 908 aemulatio.

123 943 274 986 Sermo
298 946 439 987 sancti
456 944 718 987 Bernardini
735 945 950 987 Senensis.

241 1003 299 1037 Ex
324 1003 440 1039 Scrm.
461 1005 493 1039 9.
519 1003 566 1038 de
590 1002 833 1038 Visitatione.

425 1065 578 1106 Lectio
598 1065 652 1106 iv.

137 1140 144 1144 ‘
164 1165 166 1168 ,
191 1131 315 1174 ³232*qu
329 1125 592 1174 mortalium,
610 1125 693 1165 nisi
708 1124 855 1166 divino
871 1125 948 1166 fre-

237 1222 245 1238 *
266 1186 337 1222 tus
362 1181 562 1231 oraculo,
589 1180 644 1223 de
669 1193 774 1222 vera
796 1181 881 1223 Dei
910 1187 953 1223 et

136 1237 207 1259 χῖ
231 1239 245 1258 ²¹
267 1237 456 1279 hominis
472 1237 695 1279 Genitrice
712 1237 953 1290 quidquam

123 1294 361 1343 modicum,
390 1294 482 1336 sive
506 1293 688 1345 grande,
712 1297 954 1346 praesumat

123 1351 306 1404 pollutis
325 1350 453 1392 labiis
471 1351 709 1400 nominare,
729 1363 860 1402 quam
874 1351 953 1392 Pa-

122 1412 191 1449 ter
223 1412 324 1450 ante
355 1407 517 1449 saecula
544 1407 666 1449 Deus
688 1409 954 1460 ‘perpetuam

123 1463 457 1516 praedestinavit
481 1463 526 1504 in
544 1463 773 1515 Virginem
793 1463 952 1514 dignis-

124 1520 294 1561 simam:
328 1520 465 1561 Filius
503 1519 634 1572 elegit
668 1520 713 1561 in
749 1520 954 1564 Matrem:

124 1576 312 1629 Spiritus
336 1581 512 1618 sanctus
537 1577 678 1618 omnis
702 1577 858 1629 gratiae
879 1576 953 1618 do-

123 1632 332 1674 micilium
349 1633 639 1686 praeparuvit?
673 1633 841 1683 Quibus
860 1645 953 1674 ver-

123 1688 191 1730 bis
212 1701 294 1740 ego
314 1688 605 1731 homunculus
625 1702 779 1732 sensus
799 1690 954 1732 altissi-

122 1758 220 1788 mos
257 1746 439 1797 virginei
474 1746 638 1797 cordis,
675 1747 953 1788 sanctissimo

125 1809 201 1844 ore
223 1802 439 1855 prolatos,
465 1802 659 1853 efferam,
685 1803 843 1855 quibus
867 1804 955 1845 n01'1

124 1858 286 1901 sufficit
317 1859 466 1911 lingua
501 1860 696 1901 omnium
730 1859 955 1901 hominum

125 1919 170 1956 et
215 1915 346 1957 etiam
386 1914 682 1968 Angelorum?
739 1916 954 1957 Dominus

127 1972 242 2012 enim
273 1972 348 2014 ait:
383 1973 535 2015 Bonus
572 1973 706 2014 homo
744 1972 800 2014 de
835 1972 954 2014 bono

125 2027 335 2070 thesauro
364 2029 511 2071 cordis
539 2029 606 2071 sui
633 2029 802 2082 profert
828 2028 955 2071 bona.

127 2085 234 2134 Quis
266 2090 414 2127 autem
442 2086 555 2128 inter
586 2098 724 2139 puros
756 2085 955 2128 homines

125 2140 280 2182 melior
328 2140 462 2183 homo
507 2147 658 2195 potest
704 2142 955 2193 excogitari,

127 2209 259 2248 quam
278 2197 363 2247 illa,
388 2211 486 2250 quae
504 2199 663 2241 meruit
682 2199 796 2240 effici
814 2199 956 2241 Mater

126 2253 221 2303 Dei,
241 2266 340 2306 quae
362 2254 407 2294 in
428 2254 563 2297 corde
583 2260 626 2297 et
649 2255 694 2296 in
719 2258 847 2297 utero
874 2267 954 2296 suo

126 2309 270 2361 ipsum
293 2310 438 2354 Deum
467 2310 693 2363 hospitata
720 2309 809 2352 est?
849 2311 955 2360 Quis

127 2365 359 2407 thesaurus
383 2367 549 2417 melior,
576 2380 708 2420 quam
729 2368 825 2419 ipse
849 2366 954 2408 divi-

127 2435 208 2463 nus
227 2435 361 2508 amor,
382 2436 469 2475 quo
491 2436 568 2466 cor
582 2424 778 2474 Virginis
797 2422 955 2464 ardens

128 2483 238 2520 erat.

180 2538 231 2588 Ru-
254 2540 350 2592 Ego
377 2541 609 2592 diligentes
636 2554 706 2582 me
735 2540 884 2590 diligo,
914 2544 956 2580 et

129 2595 203 2647 qui
220 2609 347 2638 mane
362 2597 543 2648 vigilant
562 2597 619 2638 ad
634 2609 715 2646 me,
734 2595 956 2636 invenient

128 2664 208 2693 me.
242 2653 414 2694 Mecum
438 2659 539 2695 sunt
558 2653 721 2695 divitiae
735 2657 785 2693 et
803 2651 955 2701 gloria:

129 2706 151 2729 *
181 2708 301 2761 Opes
325 2709 527 2761 superbae
554 2715 598 2751 et
619 2709 792 2761 justitia.
828 2702 875 2753 V.
897 2707 956 2748 Ut

1001 283 1138 326 ditem
1163 284 1395 335 diligentes
1421 296 1502 333 me,
1529 288 1573 325 et
1596 283 1829 326 thesauros

1001 343 1153 382 eorum
1172 341 1378 394 repleam.
1407 341 1538 393 Opes.

1312 402 1464 442 Lectio
1486 415 1522 440 ν.

1005 453 1117 558 De
1148 453 1233 494 hoc
1264 453 1395 504 igitur
1423 453 1557 494 corde
1591 453 1715 505 quasi
1748 453 1831 494 for-

1112 511 1221 551 nace
1236 508 1371 551 divini
1390 509 1561 550 ardoris
1576 510 1714 559 Virgo
1730 509 1829 550 bea-

1001 571 1047 607 ta
1061 566 1245 618 protulit
1259 566 1394 607 verba
1408 566 1533 615 bona,
1553 565 1599 607 id
1614 571 1680 608 est
1695 566 1831 607 verba

1003 622 1321 664 ardentissimae
1341 622 1549 663 caritatis
1577 622 1697 663 Sicut
1717 622 1831 663 enim

1003 692 1028 720 a
1042 691 1147 721 vase
1163 679 1333 730 optimo
1349 679 1453 719 vino
1470 678 1614 730 pleno,
1633 691 1721 719 non
1736 683 1830 730 pot-

1003 741 1070 777 est
1095 737 1214 776 exire
1233 735 1316 775 nisi
1339 735 1555 787 optimum
1574 735 1732 784 vinum,
1757 740 1832 776 aut

1003 792 1115 834 sicut
1133 805 1158 832 a
1178 791 1356 833 fornace
1375 792 1531 832 summi
1553 790 1725 832 ardoris
1744 804 1831 833 non

1004 848 1225 899 egreditur
1251 848 1334 889 nisi
1360 847 1609 889 incendium
1642 848 1832 889 fervens:

1003 906 1067 946 sic
1099 904 1154 946 de
1182 904 1316 946 corde
1342 904 1496 946 Matris
1525 904 1686 945 Christi
1714 906 1831 945 exire

1002 974 1091 1003 non
1110 961 1255 1014 potuit
1274 960 1467 1010 verbum,
1486 961 1569 1001 nisi
1588 960 1700 1001 sumi
1720 973 1831 1001 sum-

1004 1019 1162 1069 meque
1191 1017 1325 1058 divini
1354 1017 1516 1058 amoris
1546 1022 1679 1069 atque
1706 1016 1831 1058 ardo-

1004 1075 1074 1115 ris.
1127 1074 1306 1126 Septem
1336 1073 1471 1115 verba
1505 1078 1676 1115 tantum
1708 1074 1832 1114 mirae

1006 1131 1234 1172 sententiae
1259 1134 1303 1170 et
1327 1130 1500 1170 virtutis
1525 1142 1550 1170 a
1577 1128 1737 1170 Christi
1760 1129 1832 1170 be-

1005 1186 1303 1228 nedictissima
1321 1185 1462 1227 Matre
1483 1185 1686 1236 leguntur
1706 1184 1834 1227 dicta.

1007 1243 1116 1284 Cum
1130 1242 1301 1292 Angelo
1317 1241 1385 1283 bis
1401 1246 1571 1283 tantum
1588 1240 1737 1282 locuta
1757 1246 1834 1282 est.

1007 1300 1116 1341 Cum
1135 1297 1362 1339 Elisabeth
1380 1297 1447 1339 bis
1468 1298 1609 1338 etiam.
1638 1297 1748 1338 Cum
1766 1297 1832 1337 Fi-

1005 1356 1064 1397 lio
1086 1355 1217 1397 etiam
1235 1354 1315 1396 bis.
1343 1354 1452 1395 Cum
1468 1353 1676 1395 ministris
1696 1353 1739 1393 in
1759 1356 1833 1394 nu-

1005 1413 1110 1466 ptiis
1143 1411 1290 1453 semel.
1335 1411 1446 1452 Haec
1482 1415 1654 1463 septem
1688 1409 1835 1459 verba,

1007 1467 1250 1511 secundum
1295 1472 1465 1519 septem
1502 1467 1663 1507 amoris
1702 1471 1835 1516 actus,

1006 1525 1088 1567 sub
1112 1526 1224 1565 miro
1245 1523 1386 1575 gradu
1409 1529 1452 1565 et
1472 1522 1625 1565 ordine
1649 1522 1835 1575 prolata,

1008 1582 1133 1634 quasi
1158 1586 1259 1623 sunt
1283 1585 1454 1633 septem
1478 1580 1666 1621 flammae
1690 1578 1835 1620 cordis

1007 1639 1109 1690 ejus.
1625 1670 1629 1679 .

1062 1700 1111 1750 R.
1132 1694 1228 1745 Ego
1254 1697 1394 1734 mater
1418 1691 1613 1745 pulchrae
1640 1691 1834 1733 dileetio-

1005 1751 1082 1800 nis,
1103 1755 1147 1792 et
1160 1749 1342 1798 timoris,
1361 1753 1404 1790 et
1419 1749 1663 1799 agnitionis,
1682 1753 1726 1789 et
1741 1760 1835 1788 san-

1006 1812 1090 1849 etae
1115 1806 1224 1859 spei:
1251 1806 1295 1846 in
1319 1818 1390 1847 me
1415 1805 1556 1856 gretia
1582 1804 1723 1846 omnis
1750 1804 1832 1844 viae

1006 1869 1050 1905 et
1077 1863 1288 1904 veritatis:
1323 1868 1345 1892 *
1375 1862 1426 1902 In
1458 1874 1528 1902 me
1561 1861 1702 1902 omnis
1730 1873 1832 1912 spes
1881 1889 1882 1892 ,

1005 1920 1107 1962 vitae
1127 1924 1171 1961 et
1186 1918 1370 1961 virtutis.
1401 1917 1450 1968 V.
1466 1918 1669 1959 Transite
1687 1916 1743 1958 ad
1762 1928 1833 1958 me

1007 1988 1158 2018 omnes
1187 1975 1262 2027 qui
1289 1974 1597 2027 concupiscitis
1624 1986 1708 2023 me,
1738 1977 1781 2014 et
1807 1985 1833 2013 a

1005 2030 1361 2084 generationibus
1375 2031 1484 2072 meis
1498 2029 1747 2083 implemini.
1770 2029 1832 2069 In.

1313 2089 1463 2130 Lectio
1484 2089 1535 2129 vi.

1013 2129 1162 2253 Quae
1172 2143 1308 2186 verba
1324 2142 1607 2185 considerans
1621 2155 1744 2183 mens
1759 2141 1831 2182 de-

1117 2204 1236 2250 vota,
1265 2213 1364 2242 eum
1388 2200 1488 2253 ipso
1513 2198 1733 2251 propheta
1757 2197 1832 2239 ait:

1007 2260 1147 2309 Quam
1166 2257 1310 2299 dulcia
1332 2256 1531 2298 faucibus
1554 2255 1674 2305 meis,
1700 2254 1747 2296 id
1766 2259 1833 2295 est

1007 2314 1207 2356 omnibus
1222 2312 1536 2362 affectionibus,
1553 2311 1728 2363 eloquia
1742 2310 1832 2352 tua!

1004 2372 1144 2412 Porro
1169 2368 1357 2411 dulcedo
1377 2368 1490 2418 haec,
1517 2381 1647 2420 quam
1670 2368 1714 2408 in
1739 2379 1831 2408 ver-

1004 2427 1072 2468 bis
1107 2425 1250 2467 beatae
1282 2424 1476 2476 Virginis
1513 2424 1675 2466 devota
1709 2435 1832 2464 mens

1006 2482 1152 2531 sentit,
1190 2486 1256 2523 est
1291 2480 1423 2522 ardor
1455 2480 1541 2534 piae
1573 2479 1831 2527 devotioniS,

991 2551 1138 2590 vquarn
1162 2537 1205 2577 in
1229 2537 1291 2578 eis
1316 2536 1460 2578 anima
1483 2533 1829 2588 experimentali-

1005 2600 1073 2636 ter
1108 2593 1279 2646 probat.
1332 2592 1662 2643 Distinguamus
1700 2591 1830 2640 igitur

1005 2663 1086 2703 per
1111 2649 1310 2691 ordinem
1332 2648 1412 2689 has
1440 2654 1609 2700 septem
1634 2648 1830 2687 flammas

1007 2706 1183 2755 amoris,
1219 2705 1457 2747 verborum
1483 2703 1674 2754 Virginis
1702 2701 1829 2742 bene-
