2040 2944
615 211 819 248 Dominica
843 214 952 249 XIX.
977 220 1068 259 post
1091 216 1354 253 Pentecosten.

135 303 291 346 Lectio
311 305 451 346 sancti
474 305 701 356 Evangelii
724 308 966 350 seeundum

418 361 687 404 Matthaeum.

210 426 363 467 Lectio
383 427 452 467 vii.
702 429 804 482 Cap.
820 431 883 470 22.

133 480 209 586 In
237 485 312 527 illo
341 489 558 539 tempore:
586 488 872 540 Loquebatur
897 490 964 531 Je-

207 555 282 582 sus
310 543 583 595 principibus
612 544 894 586 sacerdotum
922 551 966 587 et

133 597 364 650 pharisaeis
383 599 426 639 in
444 599 684 651 parabolis,
709 600 876 642 dicens:
904 603 964 643 Si—

133 654 236 695 mile
259 654 423 696 factum
450 660 518 697 est
542 669 725 707 regnum
750 657 964 699 coelorum

133 710 299 751 homini
317 711 426 761 regi,
452 712 526 763 qui
550 713 653 755 fecit
676 713 853 765 nuptias
873 714 963 756 filio

133 779 225 808 suo.
253 767 311 808 Et
328 767 507 820 reliqua.

180 840 373 881 Homilia
392 842 531 882 sancti
553 841 754 892 Gregorii
773 843 919 896 Papae.

129 906 302 941 Homilia
318 906 373 941 38.
390 906 430 940 in
447 906 672 951 Evangelia,
692 914 781 952 post
798 910 959 946 initium.

136 970 335 1018 fssaepe
366 962 452 1013 jam
484 975 554 1004 me
584 963 748 1006 dixisse
775 966 962 1015 memini,

140 1030 226 1101 φ
254 1017 962 1126 {zzfigaffifffefflmizfflffi

131 1143 328 1182 praesens
348 1131 548 1173 Ecclesia
567 1134 832 1175 nominatur:
862 1147 961 1175 con·

129 1187 328 1238 gregatio
350 1188 515 1240 quippe
535 1189 759 1240 justorum,
779 1203 962 1241 regnum

130 1243 346 1285 coelorum
376 1244 545 1286 dicitur.
598 1246 710 1295 Quia
738 1247 853 1287 enim
881 1260 961 1299 per

128 1299 397 1352 Prophetam
414 1301 629 1342 Dominus
649 1300 770 1344 dicit:
790 1303 961 1344 Coelum

128 1355 234 1396 mihi
269 1356 399 1398 sedes
439 1362 519 1399 est:
561 1363 604 1399 et
640 1358 850 1400 Salomon
887 1360 960 1401 ait:

128 1412 287 1453 Anima
311 1414 411 1464 justi
436 1412 566 1455 sedes
586 1415 828 1467 sapientiae:
852 1416 959 1457 Pau-

126 1467 195 1509 lus
215 1469 346 1510 etiam
365 1469 471 1511 dicit
490 1470 710 1512 Christum
724 1471 808 1513 Dei
826 1472 959 1513 virtu-

127 1528 233 1575 tem,
270 1531 314 1567 et
350 1526 435 1568 Dei
470 1527 744 1579 sapientiam:
790 1528 959 1580 liquido

128 1581 337 1632 colligere
371 1582 600 1632 debemus,
634 1584 736 1635 quia
769 1584 805 1625 si
837 1585 959 1626 Deus

127 1637 357 1690 sapientia,
390 1639 534 1680 anima
566 1644 713 1681 autem
745 1640 860 1691 justi,
893 1653 957 1682 se-

127 1692 206 1735 des
225 1695 470 1747 sapientiae,
493 1694 598 1736 dum
618 1696 778 1737 coelum
799 1695 958 1738 dicitur

126 1749 254 1792 sedes
278 1751 378 1801 Dei,
407 1751 569 1793 coelum
593 1764 698 1802 ergo
724 1757 791 1793 est
814 1753 957 1794 anima

125 1806 235 1857 justi.
263 1807 378 1848 Hinc
396 1820 477 1860 per
491 1807 767 1849 Psalmistam
788 1808 843 1850 de
863 1822 956 1850 san-

126 1863 208 1904 ctis
235 1862 606 1915 praedicatoribus
637 1863 810 1906 dicitur:
845 1865 956 1906 Coeli

125 1921 330 1961 enarrant
348 1919 533 1971 gloriam
551 1920 647 1962 Dei.

408 1988 560 2030 Lectio
581 1988 665 2029 viii.

122 2047 366 2154 Regnum
396 2062 501 2101 ergo
535 2050 749 2092 coelorum
781 2055 849 2091 est
875 2051 954 2091 Ec-

229 2106 361 2148 clesia
381 2107 609 2158 justorum:
634 2107 736 2158 quia
760 2105 863 2148 dum
883 2109 953 2148 eo-

124 2175 221 2203 rum
251 2162 389 2203 corda
423 2162 467 2202 in
497 2167 615 2204 terra
651 2162 711 2202 nil
744 2161 953 2213 ambiunt,

123 2231 204 2270 per
235 2218 321 2260 hoc
358 2218 479 2270 quod
511 2218 568 2259 ad
596 2220 786 2271 superna
814 2221 952 2271 suspi-

124 2279 237 2324 rant,
265 2275 349 2325 jam
374 2275 417 2315 in
443 2275 506 2315 eis
525 2274 740 2315 Dominus
766 2274 892 2326 quasi
910 2275 953 2315 in

125 2330 379 2372 coelestibus
407 2335 572 2381 regnat.
614 2330 799 2371 Dicatur
833 2342 952 2380 ergo:

123 2385 271 2428 Simile
310 2392 377 2428 est
414 2399 596 2437 regnum
628 2386 843 2427 coelorum
875 2386 950 2427 ho-

123 2442 228 2482 mini
262 2443 370 2493 regi,
407 2442 481 2494 qui
512 2442 615 2483 fecit
646 2442 823 2494 nuptias
858 2442 950 2483 filio

124 2509 216 2538 suo.
251 2499 350 2539 Jam
377 2498 579 2549 intelligit
607 2498 766 2539 caritas
793 2502 951 2547 vestra,

124 2553 222 2604 quis
247 2558 315 2595 est
336 2554 419 2596 iste
438 2555 535 2596 Rex
555 2554 690 2604 Regis
714 2553 790 2594 filii
810 2558 951 2605 pater:

123 2608 197 2650 ille
231 2609 449 2660 nimirum,
501 2611 570 2651 cui
606 2609 836 2651 Psalmista
873 2610 950 2651 ait:

123 2665 244 2705 Deus
271 2665 478 2716 judicium
505 2671 629 2707 tuum
656 2666 767 2716 Regi
796 2664 869 2714 da,
907 2671 950 2707 et

123 2721 332 2772 justitiam
355 2727 475 2764 tuam
497 2722 588 2763 filio
609 2723 754 2773 Regis.
789 2721 872 2771 Qui
890 2721 947 2762 fe-

1787 221 1852 254 235

1022 311 1080 351 cit
1108 313 1284 364 nuptias
1312 314 1402 354 filio
1435 327 1527 355 suo.
1581 315 1706 355 Tunc
1735 316 1850 356 enim

1020 367 1141 408 Deus
1161 368 1291 410 Pater
1310 370 1407 411 Deo
1427 370 1538 411 Filio
1565 383 1646 412 suo
1675 373 1850 423 nuptias

1021 423 1141 473 fecit,
1169 426 1345 475 quando
1365 426 1479 468 hunc
1498 427 1541 466 in
1562 430 1688 468 utero
1709 428 1848 478 Virgi-

1021 479 1086 520 nis
1095 479 1296 522 humanae
1306 486 1473 524 naturae
1483 483 1716 534 conjunxit,
1727 497 1851 535 quan-

1021 534 1079 576 do
1104 536 1249 577 Deum
1275 543 1375 580 ante
1402 539 1563 580 saecula
1590 539 1683 580 fieri
1714 540 1849 581 veluit

1020 591 1238 633 huminem
1257 594 1300 634 in
1319 594 1405 635 fine
1425 595 1697 636 saeculorum.

1318 656 1467 698 Lectio
1488 658 1541 698 ix.

1016 711 1144 818 Sed
1165 718 1267 768 quia
1282 730 1336 758 ex
1351 718 1522 760 duabus
1537 722 1737 772 personis
1752 723 1847 764 fieri

1105 772 1219 814 solet
1242 774 1326 815 ista
1350 776 1558 827 nuptialis
1584 778 1847 827 coniunctim

1018 828 1133 870 absit
1160 829 1246 870 hoc
1273 830 1329 871 ab
1358 831 1650 873 intellectibus
1675 835 1847 883 nostris,

1017 890 1065 926 ut
1086 887 1321 936 personam
1345 886 1429 928 Dei
1456 894 1499 929 et
1524 888 1711 929 hominis
1731 890 1845 931 Red-

1018 942 1230 993 emptoris
1266 944 1405 984 nostri
1437 944 1542 985 Jesu
1576 944 1754 995 Christi,
1793 959 1846 987 ex

1018 997 1189 1038 duabus
1207 1000 1409 1050 personis
1425 999 1655 1041 credamus
1671 1004 1846 1044 unitam.

1016 1054 1083 1094 Ex
1103 1053 1274 1095 duabus
1301 1055 1482 1108 quippe,
1511 1062 1643 1109 atque
1668 1057 1711 1097 in
1742 1057 1844 1099 dua-

1015 1109 1098 1151 bus
1134 1109 1250 1151 hunc
1286 1112 1452 1153 naturis
1494 1115 1706 1154 exsistere
1743 1113 1845 1155 dici-

1014 1179 1125 1206 mus:
1145 1166 1224 1207 sed
1243 1179 1297 1208 ex
1318 1167 1488 1208 duabus
1509 1169 1710 1220 personis
1730 1182 1843 1210 com-

1016 1222 1209 1273 positum
1238 1223 1375 1272 credi,
1404 1229 1451 1265 ut
1481 1224 1619 1273 nefas,
1648 1226 1844 1266 vitamus.

1015 1277 1224 1330 Apertius
1252 1292 1357 1330 ergo
1384 1285 1515 1331 atque
1540 1281 1735 1322 securius
1760 1282 1845 1323 dici

1014 1338 1178 1385 potest,
1206 1335 1307 1387 quia
1327 1336 1371 1376 in
1390 1335 1475 1377 hoc
1494 1337 1626 1378 Pater
1646 1337 1757 1388 Regi
1776 1338 1843 1378 Fi-

1013 1390 1072 1431 lio
1092 1391 1268 1443 nuptias
1288 1392 1407 1442 fecit,
1437 1405 1524 1444 quo
1551 1393 1588 1434 ei
1608 1406 1688 1445 per
1707 1393 1843 1434 incar-

1013 1447 1201 1488 nationis
1216 1449 1472 1499 mysterium
1488 1455 1682 1490 sanctam
1697 1450 1843 1491 Eccle-

1013 1503 1123 1544 siam
1143 1504 1339 1546 sociavit.
1367 1505 1528 1546 Uterus
1549 1510 1695 1546 autem
1716 1507 1843 1547 Geni-

1012 1560 1132 1600 tricis
1151 1560 1359 1610 Virginis,
1385 1560 1511 1612 hujus
1536 1562 1687 1613 sponsi
1707 1562 1841 1602 thala-

1012 1629 1108 1656 mus
1128 1616 1218 1657 fuit.
1253 1617 1380 1658 Unde
1405 1623 1447 1659 et
1466 1618 1698 1658 Psalmista
1724 1617 1842 1659 dicit:

1011 1673 1061 1711 In
1081 1672 1174 1713 sole
1194 1674 1344 1724 posuit
1359 1673 1688 1714 tabernaculum
1705 1686 1841 1722 suum,

1012 1733 1055 1768 et
1087 1729 1183 1780 ipse
1216 1734 1441 1781 tamquam
1470 1742 1658 1781 sponsus
1688 1732 1839 1782 proce-

1011 1784 1118 1825 dens
1139 1785 1194 1826 de
1214 1785 1408 1826 thalamo
1429 1799 1519 1827 suo.

1060 1843 1124 1882 Te
1143 1841 1287 1882 Deum
1306 1842 1546 1883 laudamus.
1567 1843 1624 1882 14.

1060 1905 1132 1945 Ad
1153 1904 1314 1945 Bened.
1338 1904 1436 1945 Ant.
1464 1903 1611 1944 Dicite
1631 1903 1838 1944 invitatis:

1008 1958 1032 1983 *
1048 1957 1164 1998 Ecce
1179 1958 1411 2010 prandium
1425 1971 1571 2000 meum
1586 1959 1748 2011 paravi,
1769 1972 1836 2000 ve-

1008 2015 1097 2054 nite
1117 2014 1174 2055 ad
1192 2015 1379 2067 nuptias,
1399 2014 1580 2066 alleluja.

1060 2064 1110 2117 V.
1141 2070 1357 2112 Dominus
1387 2071 1601 2121 regnavit,
1630 2071 1835 2112 decorem

1006 2125 1158 2166 induit.
1211 2128 1261 2179 R.
1296 2126 1443 2168 Induit
1469 2127 1683 2168 Deminus
1717 2127 1834 2167 forti-

1007 2181 1214 2231 tudinem,
1235 2187 1279 2224 et
1297 2183 1527 2235 praecinxit
1545 2195 1592 2223 se
1612 2182 1782 2224 virtute.

1059 2242 1130 2284 Ad
1150 2243 1323 2293 Magnis.
1353 2243 1452 2284 Ant.
1480 2243 1665 2283 Intravit
1687 2249 1833 2284 autem

1006 2298 1114 2346 Rex,
1133 2299 1157 2324 *
1177 2303 1225 2339 ut
1243 2298 1412 2339 videret
1431 2297 1769 2340 discumbentes:
1790 2304 1833 2339 et

1006 2352 1113 2394 vidit
1151 2353 1212 2394 ibi
1250 2353 1471 2394 hominem
1506 2366 1594 2395 non
1627 2356 1831 2395 vestitum

1005 2414 1127 2450 veste
1156 2409 1359 2462 nuptiali,
1392 2415 1435 2451 et
1468 2409 1529 2451 ait
1559 2410 1635 2450 illi:
1667 2410 1830 2459 Amice,

1005 2464 1230 2516 quomodo
1249 2464 1334 2505 huc
1353 2465 1539 2515 intrasti,
1559 2478 1647 2506 non
1666 2465 1830 2507 habens

1003 2525 1171 2561 vestem
1189 2520 1451 2572 nuptialem?

1055 2571 1106 2623 V.
1120 2576 1346 2626 Dirigatur
1361 2577 1549 2618 Demine
1564 2577 1706 2618 oratio
1721 2588 1827 2616 mea.

1003 2634 1054 2685 Rz.
1088 2632 1209 2673 Sicut
1247 2632 1471 2672 incensum
1507 2633 1551 2672 in
1589 2633 1825 2683 conspectu

1001 2693 1089 2729 tuo.

1261 2743 1525 2770 —--‹›-<1>-0—--⁷
1538 2755 1557 2756 Ὗ
