<?xml version="1.0" encoding="UTF-8"?>
<!DOCTYPE html PUBLIC "-//W3C//DTD XHTML 1.0 Transitional//EN"
    "http://www.w3.org/TR/xhtml1/DTD/xhtml1-transitional.dtd">
<html xmlns="http://www.w3.org/1999/xhtml" xml:lang="en" lang="en">
 <head>
  <title>
</title>
<meta http-equiv="Content-Type" content="text/html;charset=utf-8" />
  <meta name='ocr-system' content='tesseract 3.04.00' />
  <meta name='ocr-capabilities' content='ocr_page ocr_carea ocr_par ocr_line ocrx_word'/>
</head>
<body>
  <div class='ocr_page' id='page_1' title='image "./p4breviariumroma00cathuoft_0225.png"; bbox 0 0 2040 2944; ppageno 0'>
   <div class='ocr_carea' id='block_1_1' title="bbox 623 206 1357 247">
    <p class='ocr_par' dir='ltr' id='par_1_1' title="bbox 623 206 1357 247">
     <span class='ocr_line' id='line_1_1' title="bbox 623 206 1357 247; baseline 0.01 -7"><span class='ocrx_word' id='word_1_1' title='bbox 623 206 725 241; x_wconf 88' lang='lat' dir='ltr'>Infra</span> <span class='ocrx_word' id='word_1_2' title='bbox 752 208 1045 245; x_wconf 80' lang='lat' dir='ltr'>Hebdomadam</span> <span class='ocrx_word' id='word_1_3' title='bbox 1068 212 1090 246; x_wconf 91' lang='lat' dir='ltr'>i.</span> <span class='ocrx_word' id='word_1_4' title='bbox 1115 213 1357 247; x_wconf 78' lang='lat' dir='ltr'>Novembris.</span> 
     </span>
    </p>
   </div>
   <div class='ocr_carea' id='block_1_2' title="bbox 357 315 764 354">
    <p class='ocr_par' dir='ltr' id='par_1_2' title="bbox 357 315 764 354">
     <span class='ocr_line' id='line_1_2' title="bbox 357 315 764 354; baseline 0.007 -4"><span class='ocrx_word' id='word_1_5' title='bbox 357 315 502 352; x_wconf 88' lang='lat' dir='ltr'>Feria</span> <span class='ocrx_word' id='word_1_6' title='bbox 525 316 764 354; x_wconf 88' lang='lat' dir='ltr'>Secunda.</span> 
     </span>
    </p>
   </div>
   <div class='ocr_carea' id='block_1_3' title="bbox 140 377 970 1283">
    <p class='ocr_par' dir='ltr' id='par_1_3' title="bbox 142 377 970 1240">
     <span class='ocr_line' id='line_1_3' title="bbox 272 377 849 431; baseline 0.007 -14"><span class='ocrx_word' id='word_1_7' title='bbox 272 379 339 418; x_wconf 94' lang='lat' dir='ltr'>De</span> <span class='ocrx_word' id='word_1_8' title='bbox 363 377 593 419; x_wconf 76' lang='lat' dir='ltr'>Ezechiole</span> <span class='ocrx_word' id='word_1_9' title='bbox 617 378 849 431; x_wconf 80' lang='lat' dir='ltr'>Propheta.</span> 
     </span>
     <span class='ocr_line' id='line_1_4' title="bbox 219 443 889 500; baseline 0.007 -16"><span class='ocrx_word' id='word_1_10' title='bbox 219 443 370 486; x_wconf 82' lang='lat' dir='ltr'>Lectio</span> <span class='ocrx_word' id='word_1_11' title='bbox 392 446 415 485; x_wconf 93' lang='lat' dir='ltr'>i.</span> <span class='ocrx_word' id='word_1_12' title='bbox 733 448 835 500; x_wconf 89' lang='lat' dir='ltr'>Cap.</span> <span class='ocrx_word' id='word_1_13' title='bbox 854 451 889 489; x_wconf 79' lang='lat'>2.</span> 
     </span>
     <span class='ocr_line' id='line_1_5' title="bbox 156 510 970 569; baseline 0.009 -20"><span class='ocrx_word' id='word_1_14' title='bbox 156 514 251 569; x_wconf 56' lang='lat'>3(</span> <span class='ocrx_word' id='word_1_15' title='bbox 279 510 426 552; x_wconf 85' lang='lat' dir='ltr'>audivi</span> <span class='ocrx_word' id='word_1_16' title='bbox 452 511 705 564; x_wconf 84' lang='lat' dir='ltr'>loquentem</span> <span class='ocrx_word' id='word_1_17' title='bbox 731 514 788 555; x_wconf 90' lang='lat' dir='ltr'>ad</span> <span class='ocrx_word' id='word_1_18' title='bbox 813 527 898 563; x_wconf 89' lang='lat' dir='ltr'>me,</span> <span class='ocrx_word' id='word_1_19' title='bbox 927 521 970 556; x_wconf 89' lang='lat' dir='ltr'>et</span> 
     </span>
     <span class='ocr_line' id='line_1_6' title="bbox 156 566 968 620; baseline 0.01 -16"><span class='ocrx_word' id='word_1_20' title='bbox 156 568 217 603; x_wconf 40' lang='lat'>14?</span> <span class='ocrx_word' id='word_1_21' title='bbox 255 566 484 609; x_wconf 76' lang='lat' dir='ltr'>dicentem:</span> <span class='ocrx_word' id='word_1_22' title='bbox 509 569 591 610; x_wconf 90' lang='lat' dir='ltr'><strong>Fili</strong></span> <span class='ocrx_word' id='word_1_23' title='bbox 615 569 818 620; x_wconf 85' lang='lat' dir='ltr'>hominis,</span> <span class='ocrx_word' id='word_1_24' title='bbox 842 571 968 612; x_wconf 89' lang='lat' dir='ltr'>mitto</span> 
     </span>
     <span class='ocr_line' id='line_1_7' title="bbox 146 623 969 676; baseline 0.006 -13"><span class='ocrx_word' id='word_1_25' title='bbox 146 635 229 673; x_wconf 88' lang='lat' dir='ltr'>ego</span> <span class='ocrx_word' id='word_1_26' title='bbox 253 627 298 664; x_wconf 88' lang='lat' dir='ltr'>te</span> <span class='ocrx_word' id='word_1_27' title='bbox 324 623 380 664; x_wconf 93' lang='lat' dir='ltr'>ad</span> <span class='ocrx_word' id='word_1_28' title='bbox 405 623 520 666; x_wconf 83' lang='lat' dir='ltr'>filios</span> <span class='ocrx_word' id='word_1_29' title='bbox 543 626 698 676; x_wconf 86' lang='grc'>181301,</span> <span class='ocrx_word' id='word_1_30' title='bbox 727 626 784 667; x_wconf 91' lang='grc'>311</span> <span class='ocrx_word' id='word_1_31' title='bbox 805 627 969 668; x_wconf 85' lang='lat' dir='ltr'><strong>Gentes</strong></span> 
     </span>
     <span class='ocr_line' id='line_1_8' title="bbox 146 681 968 733; baseline 0.006 -14"><span class='ocrx_word' id='word_1_32' title='bbox 146 681 453 731; x_wconf 64' lang='grc'>3110813111008,</span> <span class='ocrx_word' id='word_1_33' title='bbox 498 694 596 733; x_wconf 83' lang='grc'>01130</span> <span class='ocrx_word' id='word_1_34' title='bbox 633 684 908 724; x_wconf 78' lang='lat' dir='ltr'>recesserunt</span> <span class='ocrx_word' id='word_1_35' title='bbox 944 697 968 724; x_wconf 92' lang='lat' dir='ltr'>a</span> 
     </span>
     <span class='ocr_line' id='line_1_9' title="bbox 145 735 967 792; baseline 0.006 -17"><span class='ocrx_word' id='word_1_36' title='bbox 145 747 230 776; x_wconf 90' lang='lat' dir='ltr'>me:</span> <span class='ocrx_word' id='word_1_37' title='bbox 248 735 342 787; x_wconf 83' lang='lat' dir='ltr'>ipsi,</span> <span class='ocrx_word' id='word_1_38' title='bbox 365 740 407 778; x_wconf 90' lang='lat' dir='ltr'>et</span> <span class='ocrx_word' id='word_1_39' title='bbox 425 742 574 789; x_wconf 87' lang='lat' dir='ltr'>patres</span> <span class='ocrx_word' id='word_1_40' title='bbox 594 740 745 779; x_wconf 87' lang='lat' dir='ltr'>eorum</span> <span class='ocrx_word' id='word_1_41' title='bbox 764 740 967 792; x_wconf 86' lang='lat' dir='ltr'>praevari-</span> 
     </span>
     <span class='ocr_line' id='line_1_10' title="bbox 146 791 968 847; baseline 0.006 -15"><span class='ocrx_word' id='word_1_42' title='bbox 146 791 232 833; x_wconf 80' lang='lat' dir='ltr'>cati</span> <span class='ocrx_word' id='word_1_43' title='bbox 257 796 357 833; x_wconf 89' lang='lat' dir='ltr'>sunt</span> <span class='ocrx_word' id='word_1_44' title='bbox 381 797 559 844; x_wconf 90' lang='lat' dir='ltr'>pactum</span> <span class='ocrx_word' id='word_1_45' title='bbox 581 807 726 836; x_wconf 91' lang='lat' dir='ltr'>meum</span> <span class='ocrx_word' id='word_1_46' title='bbox 749 808 888 847; x_wconf 92' lang='lat' dir='ltr'>usque</span> <span class='ocrx_word' id='word_1_47' title='bbox 913 796 968 837; x_wconf 88' lang='lat' dir='ltr'>ad</span> 
     </span>
     <span class='ocr_line' id='line_1_11' title="bbox 146 846 969 901; baseline 0.006 -12"><span class='ocrx_word' id='word_1_48' title='bbox 146 846 262 889; x_wconf 90' lang='lat' dir='ltr'>diem</span> <span class='ocrx_word' id='word_1_49' title='bbox 286 847 409 890; x_wconf 91' lang='lat' dir='ltr'>hanc.</span> <span class='ocrx_word' id='word_1_50' title='bbox 450 850 510 891; x_wconf 89' lang='grc' dir='ltr'>Ε1</span> <span class='ocrx_word' id='word_1_51' title='bbox 531 850 609 891; x_wconf 91' lang='lat' dir='ltr'>filii</span> <span class='ocrx_word' id='word_1_52' title='bbox 633 850 740 893; x_wconf 90' lang='lat' dir='ltr'>dura</span> <span class='ocrx_word' id='word_1_53' title='bbox 765 852 893 901; x_wconf 80' lang='lat' dir='ltr'>facie,</span> <span class='ocrx_word' id='word_1_54' title='bbox 926 858 969 894; x_wconf 90' lang='lat' dir='ltr'>et</span> 
     </span>
     <span class='ocr_line' id='line_1_12' title="bbox 146 902 968 959; baseline 0.006 -15"><span class='ocrx_word' id='word_1_55' title='bbox 146 902 400 946; x_wconf 87' lang='lat' dir='ltr'>indomabili</span> <span class='ocrx_word' id='word_1_56' title='bbox 436 905 570 947; x_wconf 90' lang='lat' dir='ltr'>eorde</span> <span class='ocrx_word' id='word_1_57' title='bbox 606 912 720 958; x_wconf 82' lang='lat' dir='ltr'>sunt,</span> <span class='ocrx_word' id='word_1_58' title='bbox 764 907 820 949; x_wconf 91' lang='lat' dir='ltr'>ad</span> <span class='ocrx_word' id='word_1_59' title='bbox 857 921 968 959; x_wconf 92' lang='lat' dir='ltr'>quos</span> 
     </span>
     <span class='ocr_line' id='line_1_13' title="bbox 145 940 968 1011; baseline 0.007 -11"><span class='ocrx_word' id='word_1_60' title='bbox 145 972 227 1011; x_wconf 83' lang='lat' dir='ltr'>ego</span> <span class='ocrx_word' id='word_1_61' title='bbox 246 960 375 1002; x_wconf 91' lang='lat' dir='ltr'>mitto</span> <span class='ocrx_word' id='word_1_62' title='bbox 393 965 452 1002; x_wconf 89' lang='lat' dir='ltr'>te:</span> <span class='ocrx_word' id='word_1_63' title='bbox 472 967 516 1003; x_wconf 88' lang='lat' dir='ltr'>et</span> <span class='ocrx_word' id='word_1_64' title='bbox 535 962 654 1004; x_wconf 89' lang='lat' dir='ltr'>dices</span> <span class='ocrx_word' id='word_1_65' title='bbox 672 940 728 1005; x_wconf 83' lang='lat' dir='ltr'>ad</span> <span class='ocrx_word' id='word_1_66' title='bbox 748 977 839 1005; x_wconf 87' lang='lat' dir='ltr'>eos:</span> <span class='ocrx_word' id='word_1_67' title='bbox 858 965 968 1006; x_wconf 83' lang='lat' dir='ltr'>Haec</span> 
     </span>
     <span class='ocr_line' id='line_1_14' title="bbox 145 1015 967 1062; baseline 0.007 -6"><span class='ocrx_word' id='word_1_68' title='bbox 145 1015 251 1057; x_wconf 90' lang='lat' dir='ltr'>dicit</span> <span class='ocrx_word' id='word_1_69' title='bbox 277 1016 491 1059; x_wconf 92' lang='lat' dir='ltr'>Dominus</span> <span class='ocrx_word' id='word_1_70' title='bbox 517 1019 654 1060; x_wconf 90' lang='lat' dir='ltr'>Deus:</span> <span class='ocrx_word' id='word_1_71' title='bbox 686 1020 730 1061; x_wconf 90' lang='lat' dir='ltr'>Si</span> <span class='ocrx_word' id='word_1_72' title='bbox 758 1021 870 1062; x_wconf 91' lang='lat' dir='ltr'>forte</span> <span class='ocrx_word' id='word_1_73' title='bbox 898 1021 967 1062; x_wconf 89' lang='lat' dir='ltr'>vel</span> 
     </span>
     <span class='ocr_line' id='line_1_15' title="bbox 142 1071 966 1128; baseline 0.007 -16"><span class='ocrx_word' id='word_1_74' title='bbox 142 1071 228 1124; x_wconf 90' lang='lat' dir='ltr'>ipsi</span> <span class='ocrx_word' id='word_1_75' title='bbox 247 1071 443 1123; x_wconf 78' lang='lat' dir='ltr'>audiant,</span> <span class='ocrx_word' id='word_1_76' title='bbox 469 1079 513 1116; x_wconf 90' lang='lat' dir='ltr'>et</span> <span class='ocrx_word' id='word_1_77' title='bbox 537 1075 574 1115; x_wconf 92' lang='lat' dir='ltr'>si</span> <span class='ocrx_word' id='word_1_78' title='bbox 596 1075 710 1117; x_wconf 90' lang='lat' dir='ltr'>forte</span> <span class='ocrx_word' id='word_1_79' title='bbox 731 1076 966 1128; x_wconf 80' lang='lat' dir='ltr'>quiescant,</span> 
     </span>
     <span class='ocr_line' id='line_1_16' title="bbox 143 1128 966 1184; baseline 0.007 -16"><span class='ocrx_word' id='word_1_80' title='bbox 143 1128 349 1180; x_wconf 88' lang='lat' dir='ltr'>quoniam</span> <span class='ocrx_word' id='word_1_81' title='bbox 388 1129 544 1172; x_wconf 92' lang='lat' dir='ltr'>domus</span> <span class='ocrx_word' id='word_1_82' title='bbox 581 1134 847 1184; x_wconf 83' lang='lat' dir='ltr'>exasperans</span> <span class='ocrx_word' id='word_1_83' title='bbox 884 1138 966 1174; x_wconf 89' lang='lat' dir='ltr'>est:</span> 
     </span>
     <span class='ocr_line' id='line_1_17' title="bbox 142 1184 966 1240; baseline 0.006 -15"><span class='ocrx_word' id='word_1_84' title='bbox 142 1188 186 1225; x_wconf 90' lang='lat' dir='ltr'>et</span> <span class='ocrx_word' id='word_1_85' title='bbox 215 1184 354 1226; x_wconf 87' lang='lat' dir='ltr'>scient</span> <span class='ocrx_word' id='word_1_86' title='bbox 387 1186 487 1238; x_wconf 83' lang='lat' dir='ltr'>quia</span> <span class='ocrx_word' id='word_1_87' title='bbox 518 1188 738 1240; x_wconf 77' lang='lat' dir='ltr'>propheta</span> <span class='ocrx_word' id='word_1_88' title='bbox 765 1188 895 1230; x_wconf 82' lang='lat' dir='ltr'>fuerit</span> <span class='ocrx_word' id='word_1_89' title='bbox 922 1190 966 1230; x_wconf 92' lang='lat' dir='ltr'>in</span> 
     </span>
    </p>

    <p class='ocr_par' dir='ltr' id='par_1_4' title="bbox 140 1239 468 1283">
     <span class='ocr_line' id='line_1_18' title="bbox 140 1239 468 1283; baseline 0.006 -2"><span class='ocrx_word' id='word_1_90' title='bbox 140 1239 287 1283; x_wconf 89' lang='grc'>0101110</span> <span class='ocrx_word' id='word_1_91' title='bbox 307 1243 468 1283; x_wconf 89' lang='lat' dir='ltr'>eorum.</span> 
     </span>
    </p>
   </div>
   <div class='ocr_carea' id='block_1_4' title="bbox 136 1310 966 2662">
    <p class='ocr_par' dir='ltr' id='par_1_5' title="bbox 139 1310 966 1705">
     <span class='ocr_line' id='line_1_19' title="bbox 191 1310 966 1367; baseline 0.008 -16"><span class='ocrx_word' id='word_1_92' title='bbox 191 1315 242 1367; x_wconf 71' lang='lat' dir='ltr'>Rt</span> <span class='ocrx_word' id='word_1_93' title='bbox 277 1310 482 1354; x_wconf 74' lang='lat' dir='ltr'>Redemit</span> <span class='ocrx_word' id='word_1_94' title='bbox 507 1313 722 1366; x_wconf 91' lang='lat' dir='ltr'>populum</span> <span class='ocrx_word' id='word_1_95' title='bbox 751 1327 892 1365; x_wconf 87' lang='lat' dir='ltr'>suum,</span> <span class='ocrx_word' id='word_1_96' title='bbox 923 1321 966 1357; x_wconf 90' lang='lat' dir='ltr'>et</span> 
     </span>
     <span class='ocr_line' id='line_1_20' title="bbox 140 1365 965 1420; baseline 0.007 -13"><span class='ocrx_word' id='word_1_97' title='bbox 140 1365 342 1410; x_wconf 79' lang='lat' dir='ltr'>liberavit</span> <span class='ocrx_word' id='word_1_98' title='bbox 361 1380 475 1410; x_wconf 91' lang='lat' dir='ltr'>eum:</span> <span class='ocrx_word' id='word_1_99' title='bbox 497 1374 540 1411; x_wconf 94' lang='lat' dir='ltr'>et</span> <span class='ocrx_word' id='word_1_100' title='bbox 559 1370 743 1420; x_wconf 85' lang='lat' dir='ltr'>ve&#39;nient,</span> <span class='ocrx_word' id='word_1_101' title='bbox 763 1375 807 1413; x_wconf 86' lang='lat' dir='ltr'>et</span> <span class='ocrx_word' id='word_1_102' title='bbox 826 1371 965 1413; x_wconf 85' lang='lat' dir='ltr'>exsul-</span> 
     </span>
     <span class='ocr_line' id='line_1_21' title="bbox 139 1422 965 1478; baseline 0.005 -13"><span class='ocrx_word' id='word_1_103' title='bbox 139 1422 296 1466; x_wconf 81' lang='lat' dir='ltr'>tabunt</span> <span class='ocrx_word' id='word_1_104' title='bbox 327 1424 372 1465; x_wconf 93' lang='lat' dir='ltr'>in</span> <span class='ocrx_word' id='word_1_105' title='bbox 403 1430 551 1468; x_wconf 89' lang='lat' dir='ltr'>monte</span> <span class='ocrx_word' id='word_1_106' title='bbox 579 1426 699 1468; x_wconf 90' lang='lat' dir='ltr'>Sion:</span> <span class='ocrx_word' id='word_1_107' title='bbox 732 1432 776 1469; x_wconf 91' lang='lat' dir='ltr'>et</span> <span class='ocrx_word' id='word_1_108' title='bbox 807 1427 965 1478; x_wconf 81' lang='lat' dir='ltr'>gaude-</span> 
     </span>
     <span class='ocr_line' id='line_1_22' title="bbox 140 1478 965 1537; baseline 0.005 -15"><span class='ocrx_word' id='word_1_109' title='bbox 140 1478 250 1522; x_wconf 90' lang='lat' dir='ltr'>bunt</span> <span class='ocrx_word' id='word_1_110' title='bbox 277 1479 333 1523; x_wconf 92' lang='lat' dir='ltr'>de</span> <span class='ocrx_word' id='word_1_111' title='bbox 358 1480 487 1524; x_wconf 89' lang='lat' dir='ltr'>bonis</span> <span class='ocrx_word' id='word_1_112' title='bbox 514 1483 693 1524; x_wconf 82' lang='lat' dir='ltr'>Domini</span> <span class='ocrx_word' id='word_1_113' title='bbox 723 1497 855 1537; x_wconf 89' lang='lat' dir='ltr'>super</span> <span class='ocrx_word' id='word_1_114' title='bbox 883 1485 965 1526; x_wconf 88' lang='lat' dir='ltr'>fru-</span> 
     </span>
     <span class='ocr_line' id='line_1_23' title="bbox 140 1537 965 1588; baseline 0.006 -11"><span class='ocrx_word' id='word_1_115' title='bbox 140 1537 304 1587; x_wconf 76' lang='lat' dir='ltr'>mento,</span> <span class='ocrx_word' id='word_1_116' title='bbox 336 1538 454 1588; x_wconf 84' lang='lat' dir='ltr'>vino,</span> <span class='ocrx_word' id='word_1_117' title='bbox 489 1543 532 1581; x_wconf 89' lang='lat' dir='ltr'>et</span> <span class='ocrx_word' id='word_1_118' title='bbox 564 1539 679 1581; x_wconf 90' lang='lat' dir='ltr'>oleo:</span> <span class='ocrx_word' id='word_1_119' title='bbox 706 1550 729 1574; x_wconf 89' lang='lat'>*</span> <span class='ocrx_word' id='word_1_120' title='bbox 764 1541 821 1582; x_wconf 90' lang='lat' dir='ltr'>Et</span> <span class='ocrx_word' id='word_1_121' title='bbox 852 1541 965 1582; x_wconf 87' lang='lat' dir='ltr'>ultra</span> 
     </span>
     <span class='ocr_line' id='line_1_24' title="bbox 141 1594 965 1650; baseline 0.007 -17"><span class='ocrx_word' id='word_1_122' title='bbox 141 1604 228 1634; x_wconf 92' lang='lat' dir='ltr'>non</span> <span class='ocrx_word' id='word_1_123' title='bbox 258 1594 459 1636; x_wconf 79' lang='lat' dir='ltr'>esurient.</span> <span class='ocrx_word' id='word_1_124' title='bbox 514 1594 566 1647; x_wconf 68' lang='lat' dir='ltr'>V.</span> <span class='ocrx_word' id='word_1_125' title='bbox 606 1596 790 1650; x_wconf 84' lang='lat' dir='ltr'>Eritque</span> <span class='ocrx_word' id='word_1_126' title='bbox 824 1597 965 1639; x_wconf 80' lang='lat' dir='ltr'>anima</span> 
     </span>
     <span class='ocr_line' id='line_1_25' title="bbox 141 1651 917 1705; baseline 0.005 -15"><span class='ocrx_word' id='word_1_127' title='bbox 141 1651 292 1691; x_wconf 89' lang='lat' dir='ltr'>eorum</span> <span class='ocrx_word' id='word_1_128' title='bbox 311 1651 436 1703; x_wconf 85' lang='lat' dir='ltr'>quasi</span> <span class='ocrx_word' id='word_1_129' title='bbox 454 1651 607 1694; x_wconf 90' lang='lat' dir='ltr'>hortus</span> <span class='ocrx_word' id='word_1_130' title='bbox 626 1653 823 1705; x_wconf 80' lang='lat' dir='ltr'>irriguus.</span> <span class='ocrx_word' id='word_1_131' title='bbox 850 1655 917 1696; x_wconf 83' lang='lat' dir='ltr'>Et.</span> 
     </span>
    </p>

    <p class='ocr_par' dir='ltr' id='par_1_6' title="bbox 138 1744 965 2314">
     <span class='ocr_line' id='line_1_26' title="bbox 442 1744 654 1787; baseline 0 -3"><span class='ocrx_word' id='word_1_132' title='bbox 442 1744 594 1787; x_wconf 85' lang='lat' dir='ltr'>Lectio</span> <span class='ocrx_word' id='word_1_133' title='bbox 614 1745 654 1786; x_wconf 91' lang='lat' dir='ltr'>ii.</span> 
     </span>
     <span class='ocr_line' id='line_1_27' title="bbox 138 1803 965 1910; baseline 0.006 -64"><span class='ocrx_word' id='word_1_134' title='bbox 138 1803 246 1910; x_wconf 84' lang='lat' dir='ltr'>Tu</span> <span class='ocrx_word' id='word_1_135' title='bbox 278 1818 381 1857; x_wconf 87' lang='lat' dir='ltr'>ergo</span> <span class='ocrx_word' id='word_1_136' title='bbox 414 1806 477 1848; x_wconf 93' lang='lat' dir='ltr'>fili</span> <span class='ocrx_word' id='word_1_137' title='bbox 506 1806 694 1850; x_wconf 90' lang='lat' dir='ltr'>hominis</span> <span class='ocrx_word' id='word_1_138' title='bbox 726 1822 779 1851; x_wconf 89' lang='grc'>110</span> <span class='ocrx_word' id='word_1_139' title='bbox 811 1812 965 1852; x_wconf 82' lang='lat' dir='ltr'>timeas</span> 
     </span>
     <span class='ocr_line' id='line_1_28' title="bbox 241 1868 965 1915; baseline 0.007 -12"><span class='ocrx_word' id='word_1_140' title='bbox 241 1874 337 1912; x_wconf 87' lang='lat' dir='ltr'>eos,</span> <span class='ocrx_word' id='word_1_141' title='bbox 375 1875 517 1915; x_wconf 89' lang='lat' dir='ltr'>neque</span> <span class='ocrx_word' id='word_1_142' title='bbox 554 1868 777 1907; x_wconf 82' lang='lat' dir='ltr'>sermones</span> <span class='ocrx_word' id='word_1_143' title='bbox 814 1869 965 1908; x_wconf 89' lang='lat' dir='ltr'>eorum</span> 
     </span>
     <span class='ocr_line' id='line_1_29' title="bbox 140 1920 964 1971; baseline 0.007 -12"><span class='ocrx_word' id='word_1_144' title='bbox 140 1920 324 1961; x_wconf 74' lang='lat' dir='ltr'>metuas:</span> <span class='ocrx_word' id='word_1_145' title='bbox 349 1920 555 1971; x_wconf 89' lang='lat' dir='ltr'>quoniam</span> <span class='ocrx_word' id='word_1_146' title='bbox 574 1921 785 1964; x_wconf 75' lang='lat' dir='ltr'>increduli</span> <span class='ocrx_word' id='word_1_147' title='bbox 805 1929 848 1965; x_wconf 89' lang='grc'>01</span> <span class='ocrx_word' id='word_1_148' title='bbox 867 1923 964 1965; x_wconf 92' lang='lat' dir='ltr'>sub-</span> 
     </span>
     <span class='ocr_line' id='line_1_30' title="bbox 139 1977 963 2028; baseline 0.006 -12"><span class='ocrx_word' id='word_1_149' title='bbox 139 1977 341 2017; x_wconf 84' lang='lat' dir='ltr'>versores</span> <span class='ocrx_word' id='word_1_150' title='bbox 361 1981 461 2018; x_wconf 89' lang='lat' dir='ltr'>sunt</span> <span class='ocrx_word' id='word_1_151' title='bbox 478 1981 641 2028; x_wconf 84' lang='lat' dir='ltr'>tecum,</span> <span class='ocrx_word' id='word_1_152' title='bbox 669 1984 711 2021; x_wconf 91' lang='lat' dir='ltr'>et</span> <span class='ocrx_word' id='word_1_153' title='bbox 731 1992 830 2020; x_wconf 93' lang='lat' dir='ltr'>cum</span> <span class='ocrx_word' id='word_1_154' title='bbox 850 1992 963 2021; x_wconf 89' lang='lat' dir='ltr'>scor-</span> 
     </span>
     <span class='ocr_line' id='line_1_31' title="bbox 139 2031 964 2084; baseline 0.006 -12"><span class='ocrx_word' id='word_1_155' title='bbox 139 2031 344 2084; x_wconf 90' lang='lat' dir='ltr'>pionibus</span> <span class='ocrx_word' id='word_1_156' title='bbox 362 2032 546 2076; x_wconf 81' lang='lat' dir='ltr'>habitas.</span> <span class='ocrx_word' id='word_1_157' title='bbox 573 2034 724 2076; x_wconf 90' lang='lat' dir='ltr'>Verba</span> <span class='ocrx_word' id='word_1_158' title='bbox 743 2037 893 2077; x_wconf 91' lang='lat' dir='ltr'>eorum</span> <span class='ocrx_word' id='word_1_159' title='bbox 910 2049 964 2078; x_wconf 92' lang='lat' dir='ltr'>ne</span> 
     </span>
     <span class='ocr_line' id='line_1_32' title="bbox 140 2089 964 2139; baseline 0.005 -10"><span class='ocrx_word' id='word_1_160' title='bbox 140 2089 313 2139; x_wconf 83' lang='lat' dir='ltr'>timeas,</span> <span class='ocrx_word' id='word_1_161' title='bbox 339 2094 383 2131; x_wconf 87' lang='lat' dir='ltr'>et</span> <span class='ocrx_word' id='word_1_162' title='bbox 408 2090 553 2132; x_wconf 91' lang='lat' dir='ltr'>vultus</span> <span class='ocrx_word' id='word_1_163' title='bbox 579 2093 730 2133; x_wconf 90' lang='lat' dir='ltr'>eorum</span> <span class='ocrx_word' id='word_1_164' title='bbox 748 2105 802 2133; x_wconf 92' lang='lat' dir='ltr'>ne</span> <span class='ocrx_word' id='word_1_165' title='bbox 822 2093 964 2133; x_wconf 85' lang='lat' dir='ltr'>formi-</span> 
     </span>
     <span class='ocr_line' id='line_1_33' title="bbox 141 2143 964 2200; baseline 0.004 -14"><span class='ocrx_word' id='word_1_166' title='bbox 141 2143 233 2186; x_wconf 90' lang='lat' dir='ltr'>des:</span> <span class='ocrx_word' id='word_1_167' title='bbox 271 2145 373 2197; x_wconf 74' lang='lat' dir='ltr'>quia</span> <span class='ocrx_word' id='word_1_168' title='bbox 403 2146 560 2188; x_wconf 91' lang='lat' dir='ltr'>domus</span> <span class='ocrx_word' id='word_1_169' title='bbox 593 2150 859 2200; x_wconf 83' lang='lat' dir='ltr'>exasperans</span> <span class='ocrx_word' id='word_1_170' title='bbox 888 2154 964 2190; x_wconf 92' lang='lat' dir='ltr'>est.</span> 
     </span>
     <span class='ocr_line' id='line_1_34' title="bbox 140 2201 964 2256; baseline 0.005 -14"><span class='ocrx_word' id='word_1_171' title='bbox 140 2201 355 2253; x_wconf 75' lang='lat' dir='ltr'>Loqueris</span> <span class='ocrx_word' id='word_1_172' title='bbox 381 2215 485 2254; x_wconf 87' lang='lat' dir='ltr'>ergo</span> <span class='ocrx_word' id='word_1_173' title='bbox 510 2203 646 2246; x_wconf 89' lang='lat' dir='ltr'>verba</span> <span class='ocrx_word' id='word_1_174' title='bbox 672 2217 770 2245; x_wconf 89' lang='lat' dir='ltr'>mea</span> <span class='ocrx_word' id='word_1_175' title='bbox 794 2204 851 2246; x_wconf 92' lang='lat' dir='ltr'>ad</span> <span class='ocrx_word' id='word_1_176' title='bbox 877 2218 964 2256; x_wconf 89' lang='lat' dir='ltr'>eos,</span> 
     </span>
     <span class='ocr_line' id='line_1_35' title="bbox 140 2257 963 2314; baseline 0.006 -16"><span class='ocrx_word' id='word_1_177' title='bbox 140 2257 177 2298; x_wconf 93' lang='lat' dir='ltr'>si</span> <span class='ocrx_word' id='word_1_178' title='bbox 195 2258 307 2300; x_wconf 88' lang='lat' dir='ltr'>forte</span> <span class='ocrx_word' id='word_1_179' title='bbox 328 2258 516 2310; x_wconf 82' lang='lat' dir='ltr'>audiant,</span> <span class='ocrx_word' id='word_1_180' title='bbox 535 2265 579 2302; x_wconf 90' lang='grc'>01</span> <span class='ocrx_word' id='word_1_181' title='bbox 599 2261 838 2313; x_wconf 79' lang='lat' dir='ltr'>quiescant:</span> <span class='ocrx_word' id='word_1_182' title='bbox 859 2264 963 2314; x_wconf 92' lang='lat' dir='ltr'>quo-</span> 
     </span>
    </p>

    <p class='ocr_par' dir='ltr' id='par_1_7' title="bbox 140 2315 644 2359">
     <span class='ocr_line' id='line_1_36' title="bbox 140 2315 644 2359; baseline 0.002 -3"><span class='ocrx_word' id='word_1_183' title='bbox 140 2315 256 2356; x_wconf 95' lang='lat' dir='ltr'>niam</span> <span class='ocrx_word' id='word_1_184' title='bbox 274 2315 515 2359; x_wconf 86' lang='lat' dir='ltr'>irritatores</span> <span class='ocrx_word' id='word_1_185' title='bbox 534 2322 644 2358; x_wconf 89' lang='lat' dir='ltr'>sunt.</span> 
     </span>
    </p>

    <p class='ocr_par' dir='ltr' id='par_1_8' title="bbox 139 2384 962 2547">
     <span class='ocr_line' id='line_1_37' title="bbox 187 2384 962 2439; baseline 0.003 -14"><span class='ocrx_word' id='word_1_186' title='bbox 187 2388 238 2439; x_wconf 72' lang='lat' dir='ltr'>R.</span> <span class='ocrx_word' id='word_1_187' title='bbox 269 2384 496 2436; x_wconf 79' lang='lat' dir='ltr'>Angustiae</span> <span class='ocrx_word' id='word_1_188' title='bbox 515 2385 619 2427; x_wconf 92' lang='lat' dir='ltr'>mihi</span> <span class='ocrx_word' id='word_1_189' title='bbox 642 2391 742 2427; x_wconf 86' lang='lat' dir='ltr'>sunt</span> <span class='ocrx_word' id='word_1_190' title='bbox 759 2385 962 2437; x_wconf 81' lang='lat' dir='ltr'>undique,</span> 
     </span>
     <span class='ocr_line' id='line_1_38' title="bbox 141 2441 962 2493; baseline 0.001 -11"><span class='ocrx_word' id='word_1_191' title='bbox 141 2445 183 2482; x_wconf 92' lang='lat' dir='ltr'>et</span> <span class='ocrx_word' id='word_1_192' title='bbox 203 2441 308 2492; x_wconf 91' lang='lat' dir='ltr'>quid</span> <span class='ocrx_word' id='word_1_193' title='bbox 327 2442 483 2493; x_wconf 85' lang='lat' dir='ltr'>eligam</span> <span class='ocrx_word' id='word_1_194' title='bbox 499 2443 666 2493; x_wconf 88' lang='lat' dir='ltr'>ignoro.</span> <span class='ocrx_word' id='word_1_195' title='bbox 679 2446 702 2471; x_wconf 86' lang='grc'><em>*</em></span> <span class='ocrx_word' id='word_1_196' title='bbox 725 2442 880 2482; x_wconf 80' lang='lat' dir='ltr'>Melius</span> <span class='ocrx_word' id='word_1_197' title='bbox 895 2447 962 2483; x_wconf 91' lang='lat' dir='ltr'>est</span> 
     </span>
     <span class='ocr_line' id='line_1_39' title="bbox 139 2497 961 2547; baseline 0 -9"><span class='ocrx_word' id='word_1_198' title='bbox 139 2497 244 2538; x_wconf 90' lang='lat' dir='ltr'>mihi</span> <span class='ocrx_word' id='word_1_199' title='bbox 266 2497 459 2540; x_wconf 86' lang='lat' dir='ltr'>incidere</span> <span class='ocrx_word' id='word_1_200' title='bbox 482 2499 526 2539; x_wconf 91' lang='lat' dir='ltr'>in</span> <span class='ocrx_word' id='word_1_201' title='bbox 550 2511 702 2539; x_wconf 91' lang='lat' dir='ltr'>manus</span> <span class='ocrx_word' id='word_1_202' title='bbox 728 2497 961 2547; x_wconf 92' lang='lat' dir='ltr'>hominum,</span> 
     </span>
    </p>

    <p class='ocr_par' dir='ltr' id='par_1_9' title="bbox 136 2552 961 2662">
     <span class='ocr_line' id='line_1_40' title="bbox 170 2552 960 2607; baseline 0 -13"><span class='ocrx_word' id='word_1_203' title='bbox 170 2566 271 2594; x_wconf 90' lang='lat' dir='ltr'>uam</span> <span class='ocrx_word' id='word_1_204' title='bbox 290 2552 593 2607; x_wconf 84' lang='lat' dir='ltr'>derelinquere</span> <span class='ocrx_word' id='word_1_205' title='bbox 609 2554 750 2606; x_wconf 87' lang='lat' dir='ltr'>legem</span> <span class='ocrx_word' id='word_1_206' title='bbox 766 2554 848 2595; x_wconf 95' lang='lat' dir='ltr'>Dei</span> <span class='ocrx_word' id='word_1_207' title='bbox 865 2555 960 2595; x_wconf 93' lang='lat' dir='ltr'>mei.</span> 
     </span>
     <span class='ocr_line' id='line_1_41' title="bbox 136 2566 961 2662; baseline -0.001 -11"><span class='ocrx_word' id='word_1_208' title='bbox 136 2566 187 2657; x_wconf 49' lang='grc' dir='ltr'>ῧ.</span> <span class='ocrx_word' id='word_1_209' title='bbox 217 2610 262 2651; x_wconf 91' lang='lat' dir='ltr'>Si</span> <span class='ocrx_word' id='word_1_210' title='bbox 287 2611 400 2652; x_wconf 91' lang='lat' dir='ltr'>enim</span> <span class='ocrx_word' id='word_1_211' title='bbox 424 2610 510 2652; x_wconf 92' lang='lat' dir='ltr'>hoc</span> <span class='ocrx_word' id='word_1_212' title='bbox 535 2613 684 2662; x_wconf 79' lang='lat' dir='ltr'>egero,</span> <span class='ocrx_word' id='word_1_213' title='bbox 711 2623 830 2651; x_wconf 90' lang='lat' dir='ltr'>mors</span> <span class='ocrx_word' id='word_1_214' title='bbox 855 2610 961 2651; x_wconf 89' lang='lat' dir='ltr'>mihi</span> 
     </span>
    </p>
   </div>
   <div class='ocr_carea' id='block_1_5' title="bbox 138 2666 960 2772">
    <p class='ocr_par' dir='ltr' id='par_1_10' title="bbox 138 2666 960 2772">
     <span class='ocr_line' id='line_1_42' title="bbox 140 2666 960 2718; baseline -0.001 -11"><span class='ocrx_word' id='word_1_215' title='bbox 140 2671 221 2707; x_wconf 90' lang='lat' dir='ltr'>est:</span> <span class='ocrx_word' id='word_1_216' title='bbox 244 2667 280 2707; x_wconf 91' lang='lat' dir='ltr'>si</span> <span class='ocrx_word' id='word_1_217' title='bbox 304 2672 450 2709; x_wconf 89' lang='lat' dir='ltr'>autem</span> <span class='ocrx_word' id='word_1_218' title='bbox 472 2680 558 2708; x_wconf 93' lang='lat' dir='ltr'>non</span> <span class='ocrx_word' id='word_1_219' title='bbox 582 2669 729 2718; x_wconf 84' lang='lat' dir='ltr'>egero,</span> <span class='ocrx_word' id='word_1_220' title='bbox 752 2679 839 2707; x_wconf 93' lang='lat' dir='ltr'>non</span> <span class='ocrx_word' id='word_1_221' title='bbox 858 2666 960 2707; x_wconf 79' lang='lat' dir='ltr'>effu-</span> 
     </span>
     <span class='ocr_line' id='line_1_43' title="bbox 138 2722 814 2772; baseline 0 -9"><span class='ocrx_word' id='word_1_222' title='bbox 138 2722 253 2772; x_wconf 84' lang='lat' dir='ltr'>giam</span> <span class='ocrx_word' id='word_1_223' title='bbox 271 2735 424 2764; x_wconf 91' lang='lat' dir='ltr'>manus</span> <span class='ocrx_word' id='word_1_224' title='bbox 442 2728 621 2765; x_wconf 86' lang='lat' dir='ltr'>vestras.</span> <span class='ocrx_word' id='word_1_225' title='bbox 648 2723 814 2764; x_wconf 79' lang='lat' dir='ltr'>Melius.</span> 
     </span>
    </p>
   </div>
   <div class='ocr_carea' id='block_1_6' title="bbox 1019 308 1889 982">
    <p class='ocr_par' dir='ltr' id='par_1_11' title="bbox 1319 308 1545 350">
     <span class='ocr_line' id='line_1_44' title="bbox 1319 308 1545 350; baseline 0.004 -2"><span class='ocrx_word' id='word_1_226' title='bbox 1319 308 1471 350; x_wconf 91' lang='lat' dir='ltr'>Lectio</span> <span class='ocrx_word' id='word_1_227' title='bbox 1492 310 1545 349; x_wconf 91' lang='lat' dir='ltr'>iii.</span> 
     </span>
    </p>

    <p class='ocr_par' dir='ltr' id='par_1_12' title="bbox 1021 365 1842 471">
     <span class='ocr_line' id='line_1_45' title="bbox 1021 365 1842 471; baseline 0.006 -62"><span class='ocrx_word' id='word_1_228' title='bbox 1021 365 1127 471; x_wconf 86' lang='lat' dir='ltr'>Tu</span> <span class='ocrx_word' id='word_1_229' title='bbox 1150 374 1295 411; x_wconf 92' lang='lat' dir='ltr'>autem</span> <span class='ocrx_word' id='word_1_230' title='bbox 1318 370 1379 411; x_wconf 91' lang='lat' dir='ltr'>fili</span> <span class='ocrx_word' id='word_1_231' title='bbox 1397 370 1584 412; x_wconf 92' lang='lat' dir='ltr'>hominis</span> <span class='ocrx_word' id='word_1_232' title='bbox 1604 371 1706 414; x_wconf 91' lang='lat' dir='ltr'>audi</span> <span class='ocrx_word' id='word_1_233' title='bbox 1728 385 1842 424; x_wconf 91' lang='lat' dir='ltr'>quae-</span> 
     </span>
    </p>

    <p class='ocr_par' dir='ltr' id='par_1_13' title="bbox 1019 426 1889 982">
     <span class='ocr_line' id='line_1_46' title="bbox 1113 426 1842 479; baseline 0.003 -12"><span class='ocrx_word' id='word_1_234' title='bbox 1113 429 1298 478; x_wconf 84' lang='lat' dir='ltr'>cumque</span> <span class='ocrx_word' id='word_1_235' title='bbox 1324 426 1483 479; x_wconf 92' lang='lat' dir='ltr'>loquor</span> <span class='ocrx_word' id='word_1_236' title='bbox 1510 427 1566 470; x_wconf 89' lang='lat' dir='ltr'>ad</span> <span class='ocrx_word' id='word_1_237' title='bbox 1593 433 1652 470; x_wconf 88' lang='lat' dir='ltr'>te:</span> <span class='ocrx_word' id='word_1_238' title='bbox 1683 434 1727 470; x_wconf 87' lang='lat' dir='ltr'>et</span> <span class='ocrx_word' id='word_1_239' title='bbox 1754 429 1842 470; x_wconf 90' lang='lat' dir='ltr'>noli</span> 
     </span>
     <span class='ocr_line' id='line_1_47' title="bbox 1022 484 1841 535; baseline 0.006 -13"><span class='ocrx_word' id='word_1_240' title='bbox 1022 494 1119 523; x_wconf 91' lang='lat' dir='ltr'>esse</span> <span class='ocrx_word' id='word_1_241' title='bbox 1152 484 1415 535; x_wconf 82' lang='lat' dir='ltr'>exasperans</span> <span class='ocrx_word' id='word_1_242' title='bbox 1446 484 1559 525; x_wconf 89' lang='lat' dir='ltr'>sicut</span> <span class='ocrx_word' id='word_1_243' title='bbox 1587 484 1742 526; x_wconf 90' lang='lat' dir='ltr'>domus</span> <span class='ocrx_word' id='word_1_244' title='bbox 1772 498 1841 527; x_wconf 82' lang='lat' dir='ltr'>ex-</span> 
     </span>
     <span class='ocr_line' id='line_1_48' title="bbox 1022 539 1842 592; baseline 0.006 -14"><span class='ocrx_word' id='word_1_245' title='bbox 1022 539 1264 590; x_wconf 80' lang='lat' dir='ltr'>asperatrix</span> <span class='ocrx_word' id='word_1_246' title='bbox 1296 544 1375 581; x_wconf 89' lang='lat' dir='ltr'>est:</span> <span class='ocrx_word' id='word_1_247' title='bbox 1407 541 1527 592; x_wconf 85' lang='lat' dir='ltr'>aperi</span> <span class='ocrx_word' id='word_1_248' title='bbox 1561 553 1611 582; x_wconf 92' lang='lat' dir='ltr'>os</span> <span class='ocrx_word' id='word_1_249' title='bbox 1643 546 1766 582; x_wconf 88' lang='lat' dir='ltr'>tuum</span> <span class='ocrx_word' id='word_1_250' title='bbox 1798 547 1842 584; x_wconf 89' lang='lat' dir='ltr'>et</span> 
     </span>
     <span class='ocr_line' id='line_1_49' title="bbox 1022 594 1841 647; baseline 0.004 -12"><span class='ocrx_word' id='word_1_251' title='bbox 1022 594 1204 636; x_wconf 89' lang='lat' dir='ltr'>comede</span> <span class='ocrx_word' id='word_1_252' title='bbox 1236 598 1523 647; x_wconf 82' lang='lat' dir='ltr'>quaecumque</span> <span class='ocrx_word' id='word_1_253' title='bbox 1555 609 1636 647; x_wconf 87' lang='lat' dir='ltr'>ego</span> <span class='ocrx_word' id='word_1_254' title='bbox 1668 597 1725 638; x_wconf 94' lang='lat' dir='ltr'>do</span> <span class='ocrx_word' id='word_1_255' title='bbox 1751 598 1841 640; x_wconf 87' lang='lat' dir='ltr'>tibi.</span> 
     </span>
     <span class='ocr_line' id='line_1_50' title="bbox 1021 650 1841 700; baseline 0.006 -10"><span class='ocrx_word' id='word_1_256' title='bbox 1021 650 1079 691; x_wconf 87' lang='lat' dir='ltr'>Et</span> <span class='ocrx_word' id='word_1_257' title='bbox 1105 650 1211 700; x_wconf 85' lang='lat' dir='ltr'>vidi,</span> <span class='ocrx_word' id='word_1_258' title='bbox 1245 656 1288 692; x_wconf 92' lang='lat' dir='ltr'>et</span> <span class='ocrx_word' id='word_1_259' title='bbox 1317 664 1419 693; x_wconf 91' lang='lat' dir='ltr'>ecce</span> <span class='ocrx_word' id='word_1_260' title='bbox 1446 665 1599 693; x_wconf 90' lang='lat' dir='ltr'>manus</span> <span class='ocrx_word' id='word_1_261' title='bbox 1625 654 1757 694; x_wconf 92' lang='lat' dir='ltr'>missa</span> <span class='ocrx_word' id='word_1_262' title='bbox 1785 654 1841 696; x_wconf 92' lang='lat' dir='ltr'>ad</span> 
     </span>
     <span class='ocr_line' id='line_1_51' title="bbox 1020 707 1841 759; baseline 0.005 -12"><span class='ocrx_word' id='word_1_263' title='bbox 1020 720 1104 757; x_wconf 83' lang='lat' dir='ltr'>me,</span> <span class='ocrx_word' id='word_1_264' title='bbox 1130 707 1173 747; x_wconf 92' lang='lat' dir='ltr'>in</span> <span class='ocrx_word' id='word_1_265' title='bbox 1194 719 1279 759; x_wconf 91' lang='lat' dir='ltr'>qua</span> <span class='ocrx_word' id='word_1_266' title='bbox 1299 712 1393 749; x_wconf 89' lang='lat' dir='ltr'>erat</span> <span class='ocrx_word' id='word_1_267' title='bbox 1410 707 1630 750; x_wconf 84' lang='lat' dir='ltr'>involutus</span> <span class='ocrx_word' id='word_1_268' title='bbox 1648 709 1771 751; x_wconf 89' lang='lat' dir='ltr'>liber:</span> <span class='ocrx_word' id='word_1_269' title='bbox 1797 715 1841 752; x_wconf 90' lang='lat' dir='ltr'>et</span> 
     </span>
     <span class='ocr_line' id='line_1_52' title="bbox 1021 762 1889 817; baseline 0.007 -14"><span class='ocrx_word' id='word_1_270' title='bbox 1021 762 1230 815; x_wconf 80' lang='lat' dir='ltr'>expandit</span> <span class='ocrx_word' id='word_1_271' title='bbox 1248 763 1369 804; x_wconf 91' lang='lat' dir='ltr'>illum</span> <span class='ocrx_word' id='word_1_272' title='bbox 1388 777 1535 805; x_wconf 89' lang='lat' dir='ltr'>coram</span> <span class='ocrx_word' id='word_1_273' title='bbox 1552 777 1632 814; x_wconf 93' lang='lat' dir='ltr'>me,</span> <span class='ocrx_word' id='word_1_274' title='bbox 1656 766 1728 817; x_wconf 91' lang='lat' dir='ltr'>qui</span> <span class='ocrx_word' id='word_1_275' title='bbox 1747 771 1853 808; x_wconf 48' lang='lat' dir='ltr'>erat*</span> <span class='ocrx_word' id='word_1_276' title='bbox 1888 807 1889 811; x_wconf 75' lang='grc'>,</span> 
     </span>
     <span class='ocr_line' id='line_1_53' title="bbox 1020 820 1839 874; baseline 0.005 -14"><span class='ocrx_word' id='word_1_277' title='bbox 1020 820 1207 871; x_wconf 88' lang='lat' dir='ltr'>scriptus</span> <span class='ocrx_word' id='word_1_278' title='bbox 1226 820 1357 869; x_wconf 84' lang='lat' dir='ltr'>intus,</span> <span class='ocrx_word' id='word_1_279' title='bbox 1383 825 1426 861; x_wconf 90' lang='lat' dir='ltr'>et</span> <span class='ocrx_word' id='word_1_280' title='bbox 1448 820 1568 861; x_wconf 89' lang='lat' dir='ltr'>foris:</span> <span class='ocrx_word' id='word_1_281' title='bbox 1597 825 1641 862; x_wconf 88' lang='lat' dir='ltr'>et</span> <span class='ocrx_word' id='word_1_282' title='bbox 1666 822 1839 874; x_wconf 87' lang='lat' dir='ltr'>scriptae</span> 
     </span>
     <span class='ocr_line' id='line_1_54' title="bbox 1021 876 1838 927; baseline 0.004 -11"><span class='ocrx_word' id='word_1_283' title='bbox 1021 880 1144 917; x_wconf 87' lang='lat' dir='ltr'>erant</span> <span class='ocrx_word' id='word_1_284' title='bbox 1167 876 1210 916; x_wconf 93' lang='lat' dir='ltr'>in</span> <span class='ocrx_word' id='word_1_285' title='bbox 1235 888 1286 917; x_wconf 95' lang='grc'>00</span> <span class='ocrx_word' id='word_1_286' title='bbox 1310 876 1658 927; x_wconf 83' lang='grc'>131000131101108,</span> <span class='ocrx_word' id='word_1_287' title='bbox 1687 882 1730 919; x_wconf 90' lang='grc'>01</span> <span class='ocrx_word' id='word_1_288' title='bbox 1751 891 1838 919; x_wconf 90' lang='lat' dir='ltr'>car-</span> 
     </span>
     <span class='ocr_line' id='line_1_55' title="bbox 1019 936 1287 982; baseline 0 -10"><span class='ocrx_word' id='word_1_289' title='bbox 1019 945 1128 982; x_wconf 89' lang='lat' dir='ltr'>men,</span> <span class='ocrx_word' id='word_1_290' title='bbox 1148 936 1191 973; x_wconf 91' lang='lat' dir='ltr'>et</span> <span class='ocrx_word' id='word_1_291' title='bbox 1209 945 1287 974; x_wconf 86' lang='lat' dir='ltr'>vae.</span> 
     </span>
    </p>
   </div>
   <div class='ocr_carea' id='block_1_7' title="bbox 1016 997 1887 1591">
    <p class='ocr_par' dir='ltr' id='par_1_14' title="bbox 1017 997 1887 1432">
     <span class='ocr_line' id='line_1_56' title="bbox 1068 997 1838 1050; baseline 0.003 -13"><span class='ocrx_word' id='word_1_292' title='bbox 1068 999 1119 1050; x_wconf 67' lang='lat' dir='ltr'>R.</span> <span class='ocrx_word' id='word_1_293' title='bbox 1152 997 1270 1038; x_wconf 89' lang='lat' dir='ltr'>Misit</span> <span class='ocrx_word' id='word_1_294' title='bbox 1293 997 1507 1038; x_wconf 92' lang='lat' dir='ltr'>Dominus</span> <span class='ocrx_word' id='word_1_295' title='bbox 1532 998 1749 1049; x_wconf 86' lang='lat' dir='ltr'>Angelum</span> <span class='ocrx_word' id='word_1_296' title='bbox 1773 1012 1838 1039; x_wconf 95' lang='lat' dir='ltr'>su-</span> 
     </span>
     <span class='ocr_line' id='line_1_57' title="bbox 1018 1052 1839 1102; baseline 0.004 -9"><span class='ocrx_word' id='word_1_297' title='bbox 1018 1065 1106 1102; x_wconf 92' lang='lat' dir='ltr'>um,</span> <span class='ocrx_word' id='word_1_298' title='bbox 1131 1058 1175 1094; x_wconf 88' lang='lat' dir='ltr'>et</span> <span class='ocrx_word' id='word_1_299' title='bbox 1198 1052 1411 1094; x_wconf 81' lang='lat' dir='ltr'>conclusit</span> <span class='ocrx_word' id='word_1_300' title='bbox 1432 1066 1509 1094; x_wconf 91' lang='lat' dir='ltr'>ora</span> <span class='ocrx_word' id='word_1_301' title='bbox 1531 1053 1721 1095; x_wconf 91' lang='lat' dir='ltr'>leonum:</span> <span class='ocrx_word' id='word_1_302' title='bbox 1740 1062 1762 1085; x_wconf 87' lang='lat'>*</span> <span class='ocrx_word' id='word_1_303' title='bbox 1783 1055 1839 1096; x_wconf 92' lang='lat' dir='ltr'>Et</span> 
     </span>
     <span class='ocr_line' id='line_1_58' title="bbox 1017 1109 1838 1162; baseline 0.005 -14"><span class='ocrx_word' id='word_1_304' title='bbox 1017 1121 1105 1149; x_wconf 93' lang='lat' dir='ltr'>non</span> <span class='ocrx_word' id='word_1_305' title='bbox 1125 1109 1542 1151; x_wconf 79' lang='lat' dir='ltr'>contaminaverunt:</span> <span class='ocrx_word' id='word_1_306' title='bbox 1567 1110 1667 1162; x_wconf 86' lang='lat' dir='ltr'>quia</span> <span class='ocrx_word' id='word_1_307' title='bbox 1692 1123 1838 1152; x_wconf 91' lang='lat' dir='ltr'>coram</span> 
     </span>
     <span class='ocr_line' id='line_1_59' title="bbox 1018 1165 1837 1217; baseline 0.001 -12"><span class='ocrx_word' id='word_1_308' title='bbox 1018 1177 1071 1205; x_wconf 93' lang='grc' dir='ltr'>οο</span> <span class='ocrx_word' id='word_1_309' title='bbox 1090 1165 1298 1217; x_wconf 85' lang='lat' dir='ltr'>injustitia</span> <span class='ocrx_word' id='word_1_310' title='bbox 1316 1165 1491 1206; x_wconf 79' lang='lat' dir='ltr'>inventa</span> <span class='ocrx_word' id='word_1_311' title='bbox 1508 1178 1595 1207; x_wconf 93' lang='lat' dir='ltr'>non</span> <span class='ocrx_word' id='word_1_312' title='bbox 1614 1171 1680 1207; x_wconf 89' lang='lat' dir='ltr'>est</span> <span class='ocrx_word' id='word_1_313' title='bbox 1698 1166 1742 1206; x_wconf 92' lang='lat' dir='ltr'>in</span> <span class='ocrx_word' id='word_1_314' title='bbox 1758 1179 1837 1207; x_wconf 88' lang='lat' dir='ltr'>me.</span> 
     </span>
     <span class='ocr_line' id='line_1_60' title="bbox 1017 1217 1887 1272; baseline 0.002 -11"><span class='ocrx_word' id='word_1_315' title='bbox 1017 1217 1067 1269; x_wconf 63' lang='lat' dir='ltr'>V.</span> <span class='ocrx_word' id='word_1_316' title='bbox 1082 1221 1200 1263; x_wconf 89' lang='lat' dir='ltr'>Misit</span> <span class='ocrx_word' id='word_1_317' title='bbox 1215 1221 1334 1262; x_wconf 92' lang='lat' dir='ltr'>Deus</span> <span class='ocrx_word' id='word_1_318' title='bbox 1349 1221 1691 1263; x_wconf 89' lang='lat' dir='ltr'>misericordiam</span> <span class='ocrx_word' id='word_1_319' title='bbox 1706 1235 1837 1272; x_wconf 84' lang='lat' dir='ltr'>suam,</span> <span class='ocrx_word' id='word_1_320' title='bbox 1886 1239 1887 1245; x_wconf 53' lang='lat'>¹</span> 
     </span>
     <span class='ocr_line' id='line_1_61' title="bbox 1019 1278 1838 1319; baseline 0 -1"><span class='ocrx_word' id='word_1_321' title='bbox 1019 1282 1061 1318; x_wconf 88' lang='grc'>01</span> <span class='ocrx_word' id='word_1_322' title='bbox 1080 1278 1309 1319; x_wconf 78' lang='lat' dir='ltr'>veritatem</span> <span class='ocrx_word' id='word_1_323' title='bbox 1330 1291 1466 1318; x_wconf 91' lang='lat' dir='ltr'>suam:</span> <span class='ocrx_word' id='word_1_324' title='bbox 1491 1278 1678 1319; x_wconf 79' lang='lat' dir='ltr'>animam</span> <span class='ocrx_word' id='word_1_325' title='bbox 1697 1291 1838 1319; x_wconf 90' lang='lat' dir='ltr'>meam</span> 
     </span>
     <span class='ocr_line' id='line_1_62' title="bbox 1018 1333 1836 1385; baseline 0.001 -11"><span class='ocrx_word' id='word_1_326' title='bbox 1018 1334 1177 1385; x_wconf 86' lang='lat' dir='ltr'>eripuit</span> <span class='ocrx_word' id='word_1_327' title='bbox 1209 1333 1264 1375; x_wconf 87' lang='lat' dir='ltr'>de</span> <span class='ocrx_word' id='word_1_328' title='bbox 1302 1333 1448 1375; x_wconf 89' lang='grc'>11101110</span> <span class='ocrx_word' id='word_1_329' title='bbox 1481 1334 1722 1376; x_wconf 92' lang='lat' dir='ltr'>catulorum</span> <span class='ocrx_word' id='word_1_330' title='bbox 1750 1334 1836 1375; x_wconf 90' lang='lat' dir='ltr'>leo-</span> 
     </span>
     <span class='ocr_line' id='line_1_63' title="bbox 1017 1390 1646 1432; baseline 0.002 -3"><span class='ocrx_word' id='word_1_331' title='bbox 1017 1403 1131 1430; x_wconf 91' lang='lat' dir='ltr'>num.</span> <span class='ocrx_word' id='word_1_332' title='bbox 1159 1390 1224 1431; x_wconf 88' lang='lat' dir='ltr'>Et.</span> <span class='ocrx_word' id='word_1_333' title='bbox 1255 1390 1404 1431; x_wconf 86' lang='lat' dir='ltr'>Gloria</span> <span class='ocrx_word' id='word_1_334' title='bbox 1424 1390 1553 1432; x_wconf 89' lang='lat' dir='ltr'>Patri.</span> <span class='ocrx_word' id='word_1_335' title='bbox 1581 1391 1646 1431; x_wconf 88' lang='lat' dir='ltr'>Et.</span> 
     </span>
    </p>

    <p class='ocr_par' dir='ltr' id='par_1_15' title="bbox 1016 1459 1837 1591">
     <span class='ocr_line' id='line_1_64' title="bbox 1068 1459 1836 1507; baseline 0.009 -15"><span class='ocrx_word' id='word_1_336' title='bbox 1068 1459 1334 1502; x_wconf 88' lang='lat' dir='ltr'>Responsoria</span> <span class='ocrx_word' id='word_1_337' title='bbox 1362 1459 1474 1503; x_wconf 85' lang='lat' dir='ltr'>hujus</span> <span class='ocrx_word' id='word_1_338' title='bbox 1506 1461 1550 1495; x_wconf 88' lang='grc' dir='ltr'>Π.</span> <span class='ocrx_word' id='word_1_339' title='bbox 1580 1462 1703 1497; x_wconf 71' lang='lat' dir='ltr'>Feria:</span> <span class='ocrx_word' id='word_1_340' title='bbox 1732 1475 1836 1507; x_wconf 78' lang='lat' dir='ltr'>repc-</span> 
     </span>
     <span class='ocr_line' id='line_1_65' title="bbox 1016 1508 1837 1555; baseline 0.007 -14"><span class='ocrx_word' id='word_1_341' title='bbox 1016 1512 1147 1542; x_wconf 86' lang='lat' dir='ltr'>tuntur</span> <span class='ocrx_word' id='word_1_342' title='bbox 1184 1508 1223 1541; x_wconf 91' lang='lat' dir='ltr'>in</span> <span class='ocrx_word' id='word_1_343' title='bbox 1263 1508 1350 1542; x_wconf 83' lang='lat' dir='ltr'>aliis</span> <span class='ocrx_word' id='word_1_344' title='bbox 1387 1508 1433 1543; x_wconf 89' lang='lat' dir='ltr'>H.</span> <span class='ocrx_word' id='word_1_345' title='bbox 1468 1510 1590 1545; x_wconf 81' lang='lat' dir='ltr'>Feriis</span> <span class='ocrx_word' id='word_1_346' title='bbox 1627 1522 1748 1555; x_wconf 84' lang='lat' dir='ltr'>usquc</span> <span class='ocrx_word' id='word_1_347' title='bbox 1789 1513 1837 1547; x_wconf 84' lang='lat' dir='ltr'>ad</span> 
     </span>
     <span class='ocr_line' id='line_1_66' title="bbox 1016 1555 1246 1591; baseline 0.004 -2"><span class='ocrx_word' id='word_1_348' title='bbox 1016 1555 1246 1591; x_wconf 86' lang='lat' dir='ltr'>Adventum.</span> 
     </span>
    </p>
   </div>
   <div class='ocr_carea' id='block_1_8' title="bbox 1134 1687 1717 1796">
    <p class='ocr_par' dir='ltr' id='par_1_16' title="bbox 1134 1687 1717 1796">
     <span class='ocr_line' id='line_1_67' title="bbox 1231 1687 1623 1723; baseline -0.003 0"><span class='ocrx_word' id='word_1_349' title='bbox 1231 1687 1391 1723; x_wconf 89' lang='lat' dir='ltr'>Feria</span> <span class='ocrx_word' id='word_1_350' title='bbox 1424 1687 1623 1723; x_wconf 85' lang='lat' dir='ltr'>Tertia.</span> 
     </span>
     <span class='ocr_line' id='line_1_68' title="bbox 1134 1743 1717 1796; baseline -0.002 -11"><span class='ocrx_word' id='word_1_351' title='bbox 1134 1746 1202 1785; x_wconf 91' lang='lat' dir='ltr'>De</span> <span class='ocrx_word' id='word_1_352' title='bbox 1227 1743 1458 1785; x_wconf 80' lang='lat' dir='ltr'>Ezechiele</span> <span class='ocrx_word' id='word_1_353' title='bbox 1485 1743 1717 1796; x_wconf 83' lang='lat' dir='ltr'>Propheta.</span> 
     </span>
    </p>
   </div>
   <div class='ocr_carea' id='block_1_9' title="bbox 1092 1809 1757 1865">
    <p class='ocr_par' dir='ltr' id='par_1_17' title="bbox 1092 1809 1757 1865">
     <span class='ocr_line' id='line_1_69' title="bbox 1092 1809 1757 1865; baseline 0.011 -17"><span class='ocrx_word' id='word_1_354' title='bbox 1092 1809 1275 1850; x_wconf 83' lang='lat' dir='ltr'>Lectio&#39;</span> <span class='ocrx_word' id='word_1_355' title='bbox 1266 1823 1288 1849; x_wconf 95' lang='lat'>1.</span> <span class='ocrx_word' id='word_1_356' title='bbox 1602 1814 1703 1865; x_wconf 88' lang='lat' dir='ltr'>Cap.</span> <span class='ocrx_word' id='word_1_357' title='bbox 1722 1815 1757 1855; x_wconf 88' lang='lat'>3</span> 
     </span>
    </p>
   </div>
   <div class='ocr_carea' id='block_1_10' title="bbox 1011 1871 1835 2597">
    <p class='ocr_par' dir='ltr' id='par_1_18' title="bbox 1046 1871 1834 1935">
     <span class='ocr_line' id='line_1_70' title="bbox 1046 1871 1834 1935; baseline -0.001 -21"><span class='ocrx_word' id='word_1_358' title='bbox 1046 1878 1119 1935; x_wconf 44' lang='grc' dir='ltr'>-”,ζὶ;1</span> <span class='ocrx_word' id='word_1_359' title='bbox 1163 1873 1272 1915; x_wconf 84' lang='lat' dir='ltr'>dixit</span> <span class='ocrx_word' id='word_1_360' title='bbox 1311 1871 1367 1914; x_wconf 93' lang='lat' dir='ltr'>ad</span> <span class='ocrx_word' id='word_1_361' title='bbox 1403 1886 1487 1915; x_wconf 83' lang='lat' dir='ltr'>me:</span> <span class='ocrx_word' id='word_1_362' title='bbox 1531 1873 1614 1914; x_wconf 91' lang='lat' dir='ltr'>Fili</span> <span class='ocrx_word' id='word_1_363' title='bbox 1649 1872 1834 1914; x_wconf 93' lang='lat' dir='ltr'>hominis</span> 
     </span>
    </p>

    <p class='ocr_par' dir='ltr' id='par_1_19' title="bbox 1011 1929 1835 2597">
     <span class='ocr_line' id='line_1_71' title="bbox 1060 1929 1834 1982; baseline -0.004 -9.047"><span class='ocrx_word' id='word_1_364' title='bbox 1060 1953 1074 1973; x_wconf 51' lang='lat'><em>2</em></span> <span class='ocrx_word' id='word_1_365' title='bbox 1131 1929 1439 1982; x_wconf 85' lang='lat' dir='ltr'>quodcumque</span> <span class='ocrx_word' id='word_1_366' title='bbox 1475 1929 1690 1971; x_wconf 80' lang='lat' dir='ltr'>inveneris</span> <span class='ocrx_word' id='word_1_367' title='bbox 1722 1931 1834 1970; x_wconf 89' lang='lat' dir='ltr'>com—</span> 
     </span>
     <span class='ocr_line' id='line_1_72' title="bbox 1015 1965 1834 2036; baseline -0.002 -8"><span class='ocrx_word' id='word_1_368' title='bbox 1015 1965 1110 2028; x_wconf 90' lang='lat' dir='ltr'>ede:</span> <span class='ocrx_word' id='word_1_369' title='bbox 1132 1985 1315 2028; x_wconf 90' lang='lat' dir='ltr'>comede</span> <span class='ocrx_word' id='word_1_370' title='bbox 1334 1986 1538 2028; x_wconf 82' lang='lat' dir='ltr'>volumen</span> <span class='ocrx_word' id='word_1_371' title='bbox 1556 1984 1684 2036; x_wconf 84' lang='lat' dir='ltr'>istud,</span> <span class='ocrx_word' id='word_1_372' title='bbox 1703 1990 1746 2027; x_wconf 90' lang='lat' dir='ltr'>et</span> <span class='ocrx_word' id='word_1_373' title='bbox 1764 1997 1834 2026; x_wconf 89' lang='lat' dir='ltr'>va-</span> 
     </span>
     <span class='ocr_line' id='line_1_73' title="bbox 1016 2041 1835 2094; baseline -0.002 -10"><span class='ocrx_word' id='word_1_374' title='bbox 1016 2043 1123 2084; x_wconf 90' lang='lat' dir='ltr'>dens</span> <span class='ocrx_word' id='word_1_375' title='bbox 1155 2042 1335 2094; x_wconf 87' lang='grc'>10011010</span> <span class='ocrx_word' id='word_1_376' title='bbox 1366 2041 1422 2084; x_wconf 88' lang='grc'>311</span> <span class='ocrx_word' id='word_1_377' title='bbox 1453 2042 1565 2083; x_wconf 84' lang='lat' dir='ltr'>filios</span> <span class='ocrx_word' id='word_1_378' title='bbox 1593 2041 1835 2083; x_wconf 87' lang='grc' dir='ltr'>Ι81301.Ε1</span> 
     </span>
     <span class='ocr_line' id='line_1_74' title="bbox 1015 2098 1832 2151; baseline -0.001 -11"><span class='ocrx_word' id='word_1_379' title='bbox 1015 2099 1167 2151; x_wconf 79' lang='lat' dir='ltr'>aperui</span> <span class='ocrx_word' id='word_1_380' title='bbox 1186 2111 1236 2140; x_wconf 92' lang='lat' dir='ltr'>os</span> <span class='ocrx_word' id='word_1_381' title='bbox 1255 2111 1410 2148; x_wconf 89' lang='lat' dir='ltr'>meum,</span> <span class='ocrx_word' id='word_1_382' title='bbox 1431 2103 1474 2140; x_wconf 89' lang='lat' dir='ltr'>et</span> <span class='ocrx_word' id='word_1_383' title='bbox 1493 2098 1654 2141; x_wconf 80' lang='lat' dir='ltr'>cibavit</span> <span class='ocrx_word' id='word_1_384' title='bbox 1671 2110 1740 2139; x_wconf 87' lang='lat' dir='ltr'>me</span> <span class='ocrx_word' id='word_1_385' title='bbox 1759 2110 1832 2139; x_wconf 92' lang='lat' dir='ltr'>vo-</span> 
     </span>
     <span class='ocr_line' id='line_1_75' title="bbox 1015 2153 1833 2196; baseline -0.002 0"><span class='ocrx_word' id='word_1_386' title='bbox 1015 2155 1177 2196; x_wconf 80' lang='lat' dir='ltr'>himine</span> <span class='ocrx_word' id='word_1_387' title='bbox 1209 2154 1299 2196; x_wconf 88' lang='lat' dir='ltr'>illo:</span> <span class='ocrx_word' id='word_1_388' title='bbox 1334 2160 1377 2196; x_wconf 87' lang='grc'>01</span> <span class='ocrx_word' id='word_1_389' title='bbox 1408 2153 1515 2196; x_wconf 80' lang='lat' dir='ltr'>dixit</span> <span class='ocrx_word' id='word_1_390' title='bbox 1545 2154 1602 2195; x_wconf 94' lang='lat' dir='ltr'>ad</span> <span class='ocrx_word' id='word_1_391' title='bbox 1634 2166 1717 2195; x_wconf 91' lang='lat' dir='ltr'>me:</span> <span class='ocrx_word' id='word_1_392' title='bbox 1752 2153 1833 2194; x_wconf 92' lang='lat' dir='ltr'>Fili</span> 
     </span>
     <span class='ocr_line' id='line_1_76' title="bbox 1014 2209 1833 2260; baseline -0.001 -8"><span class='ocrx_word' id='word_1_393' title='bbox 1014 2211 1202 2252; x_wconf 88' lang='lat' dir='ltr'>hominis</span> <span class='ocrx_word' id='word_1_394' title='bbox 1229 2215 1382 2252; x_wconf 85' lang='lat' dir='ltr'>venter</span> <span class='ocrx_word' id='word_1_395' title='bbox 1407 2216 1508 2252; x_wconf 88' lang='lat' dir='ltr'>tuus</span> <span class='ocrx_word' id='word_1_396' title='bbox 1536 2209 1753 2260; x_wconf 89' lang='lat' dir='ltr'>comedet,</span> <span class='ocrx_word' id='word_1_397' title='bbox 1790 2215 1833 2251; x_wconf 88' lang='lat' dir='ltr'>et</span> 
     </span>
     <span class='ocr_line' id='line_1_77' title="bbox 1014 2265 1832 2318; baseline -0.002 -10"><span class='ocrx_word' id='word_1_398' title='bbox 1014 2269 1182 2308; x_wconf 84' lang='lat' dir='ltr'>viscera</span> <span class='ocrx_word' id='word_1_399' title='bbox 1205 2271 1280 2307; x_wconf 88' lang='lat' dir='ltr'>tua</span> <span class='ocrx_word' id='word_1_400' title='bbox 1303 2266 1636 2318; x_wconf 78' lang='lat' dir='ltr'>complebuntur</span> <span class='ocrx_word' id='word_1_401' title='bbox 1654 2265 1832 2307; x_wconf 83' lang='lat' dir='ltr'>volumi-</span> 
     </span>
     <span class='ocr_line' id='line_1_78' title="bbox 1013 2320 1832 2374; baseline -0.002 -10"><span class='ocrx_word' id='word_1_402' title='bbox 1013 2336 1067 2364; x_wconf 93' lang='lat' dir='ltr'>ne</span> <span class='ocrx_word' id='word_1_403' title='bbox 1085 2323 1186 2372; x_wconf 88' lang='lat' dir='ltr'>isto,</span> <span class='ocrx_word' id='word_1_404' title='bbox 1207 2321 1324 2374; x_wconf 91' lang='lat' dir='ltr'>quod</span> <span class='ocrx_word' id='word_1_405' title='bbox 1344 2334 1425 2373; x_wconf 91' lang='lat' dir='ltr'>ego</span> <span class='ocrx_word' id='word_1_406' title='bbox 1445 2320 1503 2363; x_wconf 93' lang='lat' dir='ltr'>do</span> <span class='ocrx_word' id='word_1_407' title='bbox 1522 2321 1613 2363; x_wconf 91' lang='lat' dir='ltr'>tibi.</span> <span class='ocrx_word' id='word_1_408' title='bbox 1644 2322 1700 2363; x_wconf 87' lang='lat' dir='ltr'>Et</span> <span class='ocrx_word' id='word_1_409' title='bbox 1718 2334 1832 2363; x_wconf 92' lang='lat' dir='ltr'>com-</span> 
     </span>
     <span class='ocr_line' id='line_1_79' title="bbox 1014 2377 1831 2422; baseline -0.001 -2"><span class='ocrx_word' id='word_1_410' title='bbox 1014 2379 1085 2420; x_wconf 85' lang='grc'>0111</span> <span class='ocrx_word' id='word_1_411' title='bbox 1102 2377 1224 2420; x_wconf 87' lang='grc'>11111111</span> <span class='ocrx_word' id='word_1_412' title='bbox 1248 2383 1292 2419; x_wconf 92' lang='grc'>01</span> <span class='ocrx_word' id='word_1_413' title='bbox 1309 2378 1471 2420; x_wconf 88' lang='lat' dir='ltr'>factum</span> <span class='ocrx_word' id='word_1_414' title='bbox 1491 2383 1557 2420; x_wconf 93' lang='lat' dir='ltr'>est</span> <span class='ocrx_word' id='word_1_415' title='bbox 1574 2378 1619 2419; x_wconf 92' lang='lat' dir='ltr'>in</span> <span class='ocrx_word' id='word_1_416' title='bbox 1638 2390 1721 2422; x_wconf 67' lang='grc'>010,</span> <span class='ocrx_word' id='word_1_417' title='bbox 1732 2390 1831 2420; x_wconf 90' lang='lat' dir='ltr'>meo</span> 
     </span>
     <span class='ocr_line' id='line_1_80' title="bbox 1013 2434 1831 2476; baseline -0.001 -1"><span class='ocrx_word' id='word_1_418' title='bbox 1013 2435 1124 2476; x_wconf 90' lang='lat' dir='ltr'>sicut</span> <span class='ocrx_word' id='word_1_419' title='bbox 1150 2434 1236 2475; x_wconf 87' lang='lat' dir='ltr'>mel</span> <span class='ocrx_word' id='word_1_420' title='bbox 1264 2434 1402 2476; x_wconf 88' lang='lat' dir='ltr'>dulce.</span> <span class='ocrx_word' id='word_1_421' title='bbox 1442 2434 1498 2476; x_wconf 91' lang='lat' dir='ltr'>Et</span> <span class='ocrx_word' id='word_1_422' title='bbox 1526 2434 1636 2476; x_wconf 82' lang='lat' dir='ltr'>dixit</span> <span class='ocrx_word' id='word_1_423' title='bbox 1663 2434 1720 2476; x_wconf 93' lang='lat' dir='ltr'>ad</span> <span class='ocrx_word' id='word_1_424' title='bbox 1746 2447 1831 2475; x_wconf 89' lang='lat' dir='ltr'>me:</span> 
     </span>
     <span class='ocr_line' id='line_1_81' title="bbox 1012 2489 1830 2532; baseline 0 -1"><span class='ocrx_word' id='word_1_425' title='bbox 1012 2491 1094 2531; x_wconf 91' lang='lat' dir='ltr'>Fili</span> <span class='ocrx_word' id='word_1_426' title='bbox 1124 2490 1310 2531; x_wconf 90' lang='lat' dir='ltr'>hominis</span> <span class='ocrx_word' id='word_1_427' title='bbox 1337 2489 1449 2532; x_wconf 90' lang='lat' dir='ltr'>vade</span> <span class='ocrx_word' id='word_1_428' title='bbox 1481 2490 1537 2532; x_wconf 91' lang='lat' dir='ltr'>ad</span> <span class='ocrx_word' id='word_1_429' title='bbox 1565 2490 1743 2532; x_wconf 92' lang='lat' dir='ltr'>domum</span> <span class='ocrx_word' id='word_1_430' title='bbox 1770 2491 1830 2531; x_wconf 92' lang='lat' dir='ltr'>Is-</span> 
     </span>
     <span class='ocr_line' id='line_1_82' title="bbox 1011 2545 1829 2597; baseline -0.004 -9"><span class='ocrx_word' id='word_1_431' title='bbox 1011 2547 1112 2597; x_wconf 88' lang='grc'>1301,</span> <span class='ocrx_word' id='word_1_432' title='bbox 1133 2551 1176 2588; x_wconf 91' lang='grc'>01</span> <span class='ocrx_word' id='word_1_433' title='bbox 1194 2546 1386 2597; x_wconf 77' lang='lat' dir='ltr'>loqueris</span> <span class='ocrx_word' id='word_1_434' title='bbox 1404 2546 1539 2588; x_wconf 89' lang='lat' dir='ltr'>verba</span> <span class='ocrx_word' id='word_1_435' title='bbox 1556 2560 1654 2588; x_wconf 86' lang='lat' dir='ltr'>mea</span> <span class='ocrx_word' id='word_1_436' title='bbox 1670 2545 1726 2588; x_wconf 92' lang='lat' dir='ltr'>ad</span> <span class='ocrx_word' id='word_1_437' title='bbox 1742 2558 1829 2588; x_wconf 89' lang='lat' dir='ltr'>eos.</span> 
     </span>
    </p>
   </div>
   <div class='ocr_carea' id='block_1_11' title="bbox 1009 2610 1827 2772">
    <p class='ocr_par' dir='ltr' id='par_1_20' title="bbox 1009 2610 1827 2772">
     <span class='ocr_line' id='line_1_83' title="bbox 1062 2610 1827 2665; baseline -0.001 -14"><span class='ocrx_word' id='word_1_438' title='bbox 1062 2614 1112 2665; x_wconf 69' lang='lat' dir='ltr'>R.</span> <span class='ocrx_word' id='word_1_439' title='bbox 1139 2611 1180 2651; x_wconf 93' lang='lat' dir='ltr'>A</span> <span class='ocrx_word' id='word_1_440' title='bbox 1203 2610 1314 2652; x_wconf 76' lang='lat' dir='ltr'>facie</span> <span class='ocrx_word' id='word_1_441' title='bbox 1336 2611 1493 2652; x_wconf 90' lang='lat' dir='ltr'>furoris</span> <span class='ocrx_word' id='word_1_442' title='bbox 1511 2611 1575 2652; x_wconf 90' lang='lat' dir='ltr'>tui</span> <span class='ocrx_word' id='word_1_443' title='bbox 1592 2612 1713 2652; x_wconf 90' lang='lat' dir='ltr'>Deus</span> <span class='ocrx_word' id='word_1_444' title='bbox 1732 2622 1827 2651; x_wconf 91' lang='lat' dir='ltr'>con-</span> 
     </span>
     <span class='ocr_line' id='line_1_84' title="bbox 1009 2666 1827 2709; baseline -0.004 -1"><span class='ocrx_word' id='word_1_445' title='bbox 1009 2667 1184 2709; x_wconf 79' lang='lat' dir='ltr'>turbata</span> <span class='ocrx_word' id='word_1_446' title='bbox 1208 2671 1275 2707; x_wconf 89' lang='lat' dir='ltr'>est</span> <span class='ocrx_word' id='word_1_447' title='bbox 1301 2667 1440 2707; x_wconf 91' lang='lat' dir='ltr'>omnis</span> <span class='ocrx_word' id='word_1_448' title='bbox 1458 2672 1588 2708; x_wconf 89' lang='lat' dir='ltr'>terra:</span> <span class='ocrx_word' id='word_1_449' title='bbox 1606 2672 1629 2697; x_wconf 86' lang='lat'>*</span> <span class='ocrx_word' id='word_1_450' title='bbox 1649 2666 1735 2707; x_wconf 88' lang='lat' dir='ltr'>Sed</span> <span class='ocrx_word' id='word_1_451' title='bbox 1754 2667 1827 2705; x_wconf 92' lang='lat' dir='ltr'>mi-</span> 
     </span>
     <span class='ocr_line' id='line_1_85' title="bbox 1010 2721 1827 2772; baseline -0.002 -8"><span class='ocrx_word' id='word_1_452' title='bbox 1010 2724 1154 2764; x_wconf 82' lang='lat' dir='ltr'>serere</span> <span class='ocrx_word' id='word_1_453' title='bbox 1181 2721 1386 2772; x_wconf 88' lang='lat' dir='ltr'>Domine,</span> <span class='ocrx_word' id='word_1_454' title='bbox 1419 2727 1461 2764; x_wconf 89' lang='lat' dir='ltr'>et</span> <span class='ocrx_word' id='word_1_455' title='bbox 1487 2735 1541 2764; x_wconf 88' lang='lat' dir='ltr'>ne</span> <span class='ocrx_word' id='word_1_456' title='bbox 1568 2723 1700 2763; x_wconf 79' lang='lat' dir='ltr'>facias</span> <span class='ocrx_word' id='word_1_457' title='bbox 1729 2733 1827 2763; x_wconf 90' lang='lat' dir='ltr'>con-</span> 
     </span>
    </p>
   </div>
   <div class='ocr_carea' id='block_1_12' title="bbox 79 140 1897 2835">
    <p class='ocr_par' dir='ltr' id='par_1_21' title="bbox 79 140 1897 2835">
     <span class='ocr_line' id='line_1_86' title="bbox 79 140 1897 2835; baseline 0 0"><span class='ocrx_word' id='word_1_458' title='bbox 79 140 1897 2835; x_wconf 95' lang='lat' dir='ltr'> </span> 
     </span>
    </p>
   </div>
  </div>
 </body>
</html>
