2040 2944
602 204 812 237 Commune
839 203 1085 236 confessoris
1112 212 1188 236 non
1214 202 1422 238 pontificis.

199 298 535 351 Apprehendite
572 298 865 351 disciplinam,
906 312 978 340 ne-

149 353 326 408 quando
363 355 579 396 irascatur
612 355 848 406 D6minus,
877 356 901 381 *
935 359 979 396 et

146 411 339 462 pereatis
359 411 415 452 de
435 412 506 453 via
524 413 648 463 justa.

199 466 309 507 Cum
335 468 549 509 exarserit
573 468 618 508 in
643 467 768 510 brevi
791 467 856 508 ira
876 468 979 519 eius,

147 522 170 548 *
188 522 308 564 beati
329 535 493 574 omnes,
514 524 589 575 qui
609 523 838 565 confidunt
854 523 899 563 in
915 535 979 564 eo.

206 591 306 630 Ant.
345 590 510 630 Beatus
542 589 627 630 iste
662 593 858 637 sanctus,
905 588 980 640 qui

148 644 342 685 confisus
358 649 426 686 est
440 645 484 685 in
498 645 703 695 Demino,
718 644 981 697 praedicavit

147 702 421 753 praeceptum
465 701 661 751 Demini‚
712 700 980 742 constitutus
1041 693 1074 734 ‘35

151 761 218 798 est
236 757 281 797 in
298 762 450 799 monte
470 762 624 799 saneto
646 758 748 810 ejus.

204 823 303 863 Ant.
332 822 396 863 Tu
423 835 470 864 es
497 822 637 874 gloria
664 835 776 872 mea,
803 823 827 848 *
855 827 904 864 tu
934 835 980 864 es

150 878 383 932 susceptor
408 891 532 920 meus
556 879 762 920 Domine:
790 883 839 920 tu
866 879 980 920 exal-

148 937 246 974 tans
266 938 399 987 caput
420 947 582 985 meum,
607 939 651 977 et
672 934 891 977 exaudisti
910 948 981 977 me

149 988 205 1031 de
224 994 375 1032 monte
395 996 549 1033 sancto
569 996 658 1033 tuo.

437 1074 637 1115 Psalmus
661 1077 697 1114 3.

151 1137 385 1242 Domine
422 1143 528 1195 quid
566 1144 846 1197 multiplicati
881 1148 982 1185 sunt

255 1200 330 1251 qui
353 1199 566 1241 tribulant
594 1200 688 1242 me?
715 1201 739 1226 *
766 1200 894 1241 multi
921 1200 980 1240 in-

150 1258 335 1307 surgunt
354 1255 589 1297 adversum
609 1269 690 1298 me.

202 1311 331 1353 Multi
350 1311 503 1354 dicunt
522 1313 679 1354 animae
694 1326 821 1354 meae:
840 1314 864 1339 *
879 1313 982 1354 Non

151 1372 219 1409 est
238 1368 356 1409 salus
373 1368 460 1421 ipsi
477 1368 522 1409 in
541 1369 638 1410 Deo
659 1370 761 1421 ejus.

201 1424 271 1465 Tu
319 1429 468 1466 autem
512 1425 704 1466 Demine
750 1426 982 1478 susceptor

149 1493 275 1522 meus
295 1493 358 1530 es,
378 1481 402 1506 *
420 1481 561 1532 gloria
579 1494 695 1531 mea,
719 1486 762 1523 et
782 1481 982 1523 exaltans

150 1542 284 1589 caput
302 1550 461 1581 meum.

201 1593 328 1635 Voce
352 1606 451 1635 mea
476 1593 533 1634 ad
558 1594 797 1635 Deminum
825 1593 982 1635 clama-

150 1649 215 1689 vi:
244 1650 269 1675 *
302 1654 346 1691 et
377 1649 602 1691 exaudivit
637 1663 709 1691 me
739 1649 795 1691 de
832 1654 983 1691 monte

150 1710 303 1748 sancto
331 1718 422 1747 suo.

201 1761 298 1813 Ego
319 1762 521 1812 dormivi,
549 1767 593 1803 et
616 1764 853 1814 soporatus
873 1775 982 1803 sum:

151 1819 175 1844 *
195 1822 239 1859 et
264 1819 506 1869 exsurrexi,
533 1818 636 1894 quia
656 1818 874 1860 Dominus
891 1831 982 1859 sus-

151 1873 269 1926 cepit
287 1887 368 1916 me.

202 1930 305 1972 Non
343 1930 509 1972 timebo
541 1931 679 1972 millia
713 1931 870 1985 pepuli
904 1931 983 1973 cir-

152 1986 399 2029 cumdantis
425 2000 509 2028 me:
528 1988 552 2014 *
573 1991 759 2038 exsurge
782 1988 983 2038 D6mine,

152 2042 323 2084 salvum
343 2055 415 2084 me
434 2043 504 2084 fac
524 2044 648 2085 Deus
665 2056 801 2085 meus.

205 2099 423 2149 Queniam
456 2103 505 2141 tu
540 2100 799 2152 percussisti
831 2112 983 2141 omnes

152 2154 439 2197 adversantes
458 2155 566 2196 mihi
581 2155 674 2197 sine
689 2168 835 2197 causa:
845 2157 870 2183 *
881 2155 983 2197 den-

152 2215 220 2253 tes
239 2213 526 2264 peccaterum
545 2212 805 2253 contrivisti.

205 2268 385 2310 Demini
405 2273 473 2310 est
497 2268 631 2309 salus:
647 2269 672 2295 *
691 2273 736 2309 et
755 2281 889 2321 super
906 2270 982 2320 pe-

154 2324 306 2377 pulum
323 2329 449 2366 tuum
465 2324 717 2366 benedictio
736 2329 823 2365 tua.

202 2380 301 2422 Ant.
346 2381 415 2422 Tu
452 2394 499 2422 es
531 2380 671 2431 gleria
707 2393 821 2430 mea,
854 2385 902 2422 tu
937 2393 983 2422 es

155 2439 384 2490 susceptor
412 2450 537 2478 meus
561 2436 766 2477 Demine:
793 2440 842 2477 tu
868 2436 982 2477 exal-

153 2497 250 2534 tans
269 2498 402 2545 caput
420 2506 582 2543 meum,
612 2498 656 2534 et
680 2491 897 2533 exaudisti
913 2505 984 2533 me

155 2548 210 2590 de
227 2553 376 2590 monte
396 2554 550 2590 sancto
569 2554 659 2590 tuo.

203 2596 253 2646 V.
284 2604 462 2646 Amavit
481 2618 582 2647 eum
600 2604 826 2654 Dominus
853 2608 897 2645 et
916 2617 983 2645 or—

153 2660 275 2757 ἒιέινὶῒ
307 2673 416 2702 eum.
453 2660 502 2711 Rz.
538 2661 707 2703 Stolam
738 2660 890 2712 gloriae
923 2662 983 2701 in-

186 2716 251 2758 uit
270 2729 380 2758 eum.

306 2857 371 2882 Pars
386 2857 555 2883 Autumnalis.

1090 299 1218 340 Pater
1236 303 1398 340 noster.

1091 359 1337 400 Absolutio.
1355 359 1531 400 Exaudi
1549 359 1750 401 Demine.

1091 414 1141 465 V.
1161 419 1273 461 Jube
1302 419 1474 461 domne.

1092 480 1252 522 Bened.
1287 480 1606 522 Benedictiene
1637 482 1865 533 perpetua.

1207 550 1274 590 De
1301 549 1415 591 libro
1441 549 1691 601 Sapientiae.

1144 610 1296 651 Lectio
1319 611 1341 649 i.
1448 611 1549 661 Cap.
1562 612 1598 649 4.
1616 610 1653 650 b.
1672 616 1713 650 et
1730 612 1766 649 ἶ).

1051 700 1057 724 ι
1089 674 1274 720 «χιιεῒιιε
1300 670 1337 711 si
1361 674 1505 711 morte
1524 672 1865 723 praeoccupatus

1104 729 1106 767 ζ
1132 739 1140 784 'i
1161 725 1304 776 fuerit,
1331 727 1375 766 in
1403 726 1629 777 refrigerio
1658 727 1751 768 erit.
1793 727 1864 768 Se-

1038 789 1039 801 *
1115 804 1120 805 ⁷
1161 783 1316 823 nectus
1352 783 1467 824 enim
1501 782 1765 824 venerabilis
1799 787 1867 824 est

1034 850 1123 879 non
1142 837 1365 888 diuturna,
1392 851 1536 891 neque
1556 841 1771 880 annerum
1791 842 1866 880 nu-

1034 907 1157 935 mero
1179 897 1451 948 computata:
1478 895 1576 936 cani
1599 900 1748 936 autem
1766 900 1867 936 sunt

1035 963 1190 992 sensus
1208 950 1414 1001 heminis,
1434 955 1477 992 et
1496 955 1606 992 aetas
1626 951 1867 992 senectutis

1034 1007 1125 1048 vita
1148 1007 1439 1049 immaculata.
1475 1008 1660 1049 Placens
1682 1008 1781 1049 Deo
1808 1008 1867 1048 fa-

1036 1068 1133 1104 ctus
1163 1068 1230 1105 est
1260 1063 1464 1114 dilectus,
1500 1069 1544 1105 et
1572 1064 1725 1105 vivens
1753 1064 1868 1105 inter

1034 1122 1294 1171 peccateres
1314 1120 1554 1162 translatus
1579 1125 1658 1162 est.
1693 1121 1867 1172 Raptus

1036 1180 1103 1217 est
1124 1189 1179 1218 ne
1198 1176 1365 1218 malitia
1383 1179 1575 1217 mutaret
1596 1176 1868 1218 intellectum

1036 1233 1143 1284 ejus,
1177 1237 1253 1274 aut
1284 1245 1340 1274 ne
1372 1232 1495 1274 fictio
1524 1232 1751 1285 deciperet
1779 1233 1867 1274 ani-

1035 1301 1152 1329 mam
1173 1288 1301 1330 illius.
1328 1289 1581 1330 Fascinatio
1602 1289 1717 1330 enim
1736 1301 1867 1340 nuga-

1035 1345 1183 1386 citatis
1202 1345 1412 1387 obscurat
1422 1345 1551 1395 bona,
1568 1350 1612 1387 et
1622 1345 1868 1386 inconstan-

1035 1401 1097 1442 tia
1112 1402 1487 1454 concupiscentiae
1501 1401 1759 1443 transvertit
1774 1414 1868 1443 sen-

1036 1471 1133 1499 sum
1153 1458 1246 1499 sine
1264 1458 1442 1499 malitia.
1471 1457 1810 1499 Consummatus
1825 1458 1869 1498 in

1036 1514 1161 1555 brevi
1181 1514 1374 1567 explevit
1388 1516 1592 1567 tempora
1607 1514 1759 1555 multa:
1778 1514 1868 1566 pla-

1037 1571 1125 1612 cita
1153 1571 1269 1611 enim
1302 1576 1397 1612 erat
1425 1572 1523 1612 Deo
1557 1571 1702 1611 anima
1736 1570 1869 1611 illius:

1035 1631 1220 1678 propter
1240 1626 1324 1668 hoc
1343 1627 1601 1679 properavit
1616 1626 1805 1668 educere
1822 1626 1868 1667 il-

1036 1682 1127 1723 lum
1148 1682 1203 1723 de
1221 1682 1367 1724 medio
1386 1683 1678 1734 iniquitatum.

1088 1743 1139 1793 R.
1173 1744 1298 1794 Euge
1331 1755 1457 1785 serve
1490 1742 1607 1783 bone
1641 1747 1685 1784 et
1712 1742 1868 1791 fidelis,

1037 1800 1140 1851 quia
1165 1799 1209 1839 in
1235 1812 1378 1851 pauca
1402 1799 1523 1840 fuisti
1548 1798 1708 1848 fidelis,
1735 1811 1869 1851 supra

1036 1856 1174 1897 multa
1186 1860 1231 1896 te
1247 1857 1528 1897 constituam.
1520 1854 1559 1879 ·*
1573 1854 1718 1896 Intra
1707 1868 1752 1895 ιιι
1766 1858 1868 1906 gau-

1039 1911 1160 1953 dium
1178 1912 1358 1952 Demini
1377 1911 1453 1952 tui.
1482 1903 1531 1955 N
1557 1911 1655 1952 Dfie
1675 1911 1868 1963 quinque

1037 1968 1202 2010 talenta
1234 1967 1458 2009 tradidisti
1488 1967 1615 2016 mihi,
1648 1979 1751 2008 ecce
1783 1967 1869 2008 alia

1038 2025 1231 2077 quinque
1253 2023 1584 2076 superlucratus
1603 2036 1711 2064 sum.
1735 2023 1868 2064 Intra.

1089 2084 1253 2125 Bened.
1282 2084 1541 2136 Unigenitus
1559 2083 1645 2125 Dei
1661 2083 1809 2124 Filius.

1350 2148 1503 2188 Lectio
1524 2148 1565 2187 ii.

1123 2211 1244 2264 epuli
1274 2215 1422 2252 autem
1448 2209 1670 2258 videntes,
1707 2212 1752 2249 et
1778 2221 1867 2250 non

1140 2267 1447 2318 intelligentes,
1475 2278 1557 2306 nec
1583 2267 1801 2317 ponentes
1822 2265 1866 2305 in

1036 2322 1297 2376 praecerdiis
1329 2322 1450 2364 talia:
1486 2321 1694 2373 quoniam
1724 2321 1868 2372 gratia

1036 2379 1120 2420 Dei
1148 2384 1193 2421 et
1215 2377 1520 2419 misericordia
1540 2381 1606 2418 est
1625 2377 1670 2417 in
1689 2381 1867 2418 sanctos

1037 2437 1143 2487 ejus,
1172 2439 1216 2476 et
1236 2435 1466 2486 respectus
1489 2433 1534 2474 in
1556 2433 1721 2475 electos
1739 2432 1867 2474 illius.

1038 2491 1312 2533 Condemnat
1341 2494 1489 2531 autem
1508 2490 1646 2542 justus
1665 2491 1865 2530 mertuus

1036 2548 1162 2589 vivos
1180 2547 1357 2599 impiOS,
1386 2550 1431 2588 et
1457 2546 1658 2598 juventus
1681 2545 1865 2587 celerius

1037 2605 1340 2646 consummata
1358 2603 1535 2654 longam
1554 2602 1691 2643 vitam
1709 2599 1865 2651 injusti.

1039 2659 1263 2702 Videbunt
1283 2659 1397 2701 enim
1417 2659 1550 2700 finem
1569 2656 1792 2710 sapientis,
1821 2659 1866 2696 et

1035 2729 1125 2758 non
1143 2715 1386 2767 intelligent
1409 2714 1516 2767 quid
1535 2711 1794 2764 cogitaverit
1808 2709 1865 2752 de

1604 2842 1656 2875 Ε*
