2040 2944
546 175 618 209 Dic
644 175 693 208 14.
718 174 816 207 Nov.
863 174 898 207 S.
920 173 1113 215 Josaphat
1134 172 1261 214 Episc.
1288 175 1323 204 ct
1346 170 1452 203 Mart.

148 273 436 322 millesimum,
462 272 605 314 aetatis
627 273 718 325 ejus
739 272 979 324 quadrage-

148 329 246 370 simi
275 329 403 370 tertii.
457 328 630 380 Corpus
662 328 850 369 mirabili
881 328 979 369 luce

148 385 475 435 circumfusum,
504 397 559 426 ex
586 385 675 426 imo
702 384 893 425 fluminis
921 384 979 425 31-

147 446 231 483 veo
261 441 424 483 elatum
448 446 526 483 651.
564 440 750 492 Sanguis
773 441 980 492 Martyris

147 497 378 551 parricidis
410 498 519 550 ipsis
547 498 592 538 in
616 497 770 550 primis
802 497 980 549 prefuit,

149 555 223 606 qui
267 555 358 597 fere
395 567 547 596 omnes
584 554 739 606 capitis
776 553 981 602 damnati,

148 612 316 663 ejurato
342 611 578 653 schismate
597 623 725 651 suum
744 609 887 650 scelus
908 608 980 650 de-

147 668 300 709 testati
333 672 444 709 sunt.
490 667 600 708 Cum
631 671 779 708 tantus
811 666 982 710 Praesul

147 724 350 777 plurimis
386 729 490 777 post
524 724 692 766 obitum
725 724 981 764 coruscaret

147 781 386 830 miraculis,
425 794 526 822 eum
556 780 761 822 Urbanus
795 782 980 821 octavus

147 838 352 879 Pentifex
361 837 580 879 Maximus
590 837 831 878 Beaterum
845 836 981 877 hono-

147 894 270 935 ribus
290 893 528 936 decoravit.
560 894 665 935 Pius
689 906 830 935 nonus
849 893 980 935 tertio

147 949 374 992 Kalendas
422 950 445 990 J
448 950 560 991 ulias
612 951 713 991 anni
762 949 982 990 millesimi

148 1076 248 1104 cum
270 1063 500 1104 saecularia
518 1063 843 1116 Apostolorum
862 1064 981 1103 Prin-

148 1120 296 1172 cipum
316 1119 531 1161 solemnia
550 1119 891 1170 celebrarentur,
911 1132 980 1160 co-

147 1189 242 1217 ram
272 1177 454 1218 Patrum
486 1176 783 1218 Cardinalium
817 1178 982 1225 senatu,

148 1232 366 1285 simulque
392 1233 638 1274 astantibus
663 1233 754 1274 fere
775 1233 982 1285 quingen-

147 1289 216 1339 tis,
226 1289 506 1339 Patriarchis,
516 1289 812 1342 Metropolitis
827 1294 870 1330 et
880 1289 982 1341 Epi-

149 1346 299 1398 scopis
329 1346 642 1397 cujuscumque
669 1348 794 1395 ritus,
825 1345 900 1397 qui
929 1357 983 1386 ex

148 1406 245 1444 toto
278 1404 496 1443 terrarum
529 1402 638 1444 orbe
675 1403 983 1452 convenerant,

149 1457 265 1499 hunc
297 1458 608 1500 ecclesiasticae
635 1458 815 1500 unitatis
844 1471 982 1499 asser-

150 1517 303 1564 torem,
318 1515 509 1567 primum
524 1528 580 1557 ex
595 1514 895 1563 orientalibus,
915 1527 982 1555 so-

149 1571 282 1612 lemni
295 1572 383 1613 ritu
396 1572 441 1612 in
451 1572 668 1613 Vaticana
678 1571 870 1612 Basilica
879 1571 983 1612 San-

151 1630 322 1669 ctorum
341 1628 486 1670 ordini
501 1628 735 1669 accensuit.
765 1628 895 1678 Cujus
912 1627 983 1668 Of-

150 1684 298 1725 ficium
344 1697 396 1726 ac
431 1685 613 1725 Missam
648 1685 742 1726 Leo
788 1683 984 1725 decimus

151 1741 307 1781 tertius
335 1741 539 1781 Summus
566 1741 772 1782 Pontifex
803 1739 862 1781 ad
893 1740 982 1780 uni-

151 1797 326 1837 versam
353 1795 552 1838 extendit
579 1796 836 1838 Ecclesiam.

204 1857 256 1908 R.
273 1857 398 1900 Stola
415 1857 708 1909 jucunditatis.
727 1857 808 1910 [27]

368 1935 418 1974 In
444 1934 516 1973 111.
545 1934 769 1973 Nocturno.

153 2000 307 2042 Lectio
332 2001 474 2042 sancti
493 2000 723 2052 Evangelii
743 2000 986 2042 secundum

455 2057 480 2098 J
483 2059 683 2099 oannem.

257 2117 410 2157 Lectio
431 2116 501 2155 vii.
698 2115 801 2167 Cap.
817 2115 881 2154 10.

153 2172 230 2279 In
246 2178 322 2220 illo
342 2180 561 2231 tempore:
585 2178 709 2219 Dixit
728 2179 754 2219 J
755 2191 856 2220 esus
879 2178 984 2231 pha-

219 2234 373 2276 risaeis:
401 2235 497 2285 Ego
527 2247 625 2275 sum
651 2239 804 2287 pastor
831 2235 986 2276 bonus.

154 2290 305 2332 Bonus
342 2295 498 2344 pastor
531 2291 721 2331 animam
754 2304 879 2332 suam
911 2289 987 2332 dat

153 2359 236 2405 pro
265 2347 422 2388 ovibus
450 2347 551 2387 suis.
587 2347 644 2388 Et
671 2346 850 2399 reliqua.
907 2353 916 2361 ’

285 2415 477 2457 Ηο1111113
505 2416 645 2457 5311611
672 2416 697 2456 J
701 2416 856 2457 oannis

414 2471 730 2524 Chrysostomi.

332 2533 445 2568 Hom.
466 2534 520 2568 59.
546 2533 585 2567 in
606 2533 808 2567 Joannem

164 2588 194 2645 ,⁷
207 2592 273 2636 »,·;ῑὴ
295 2598 304 2638 χε,
316 2597 475 2635 agnum
504 2583 730 2648 quiddam,
759 2583 986 2625 dilectissi-

164 2630 309 2700 (gil,
332 2641 408 2689 1111,
435 2653 659 2691 magnum,
691 2640 886 2692 inquam,
920 2644 988 2681 est

165 2703 167 2705 ’
201 2702 203 2705 “
331 2696 544 2738 Ecclesiae
567 2695 786 2749 praelatio,
816 2701 860 2738 61
888 2708 987 2748 quae

1032 271 1169 312 multa
1193 271 1359 322 indiget
1385 270 1600 323 sapientia
1625 275 1668 311 et
1693 270 1863 311 fortitu-

1034 326 1153 377 dine,
1183 327 1356 379 qualem
1388 326 1587 368 Christus
1615 326 1865 379 proposuit:

1033 388 1081 425 ut
1113 383 1302 424 animam
1336 396 1418 436 pro
1452 383 1609 424 ovibus
1636 384 1865 435 ponamus,

1034 445 1078 481 et
1110 452 1349 492 numquam
1381 439 1478 480 illas
1511 439 1782 481 deseramus:
1818 443 1866 479 ut

1033 496 1139 548 lupo
1182 498 1396 547 generose
1433 496 1702 537 resistamus.
1755 495 1866 536 Haec

1034 553 1150 595 enim
1177 552 1290 594 inter
1317 554 1545 605 pastorem
1573 558 1616 594 et
1643 554 1864 593 mercena-

1034 609 1146 650 rium
1162 614 1228 650 est
1244 608 1500 650 differentia.
1520 608 1646 649 Alter
1659 609 1865 661 propriae,

1035 666 1300 718 contemptis
1326 665 1498 707 ovibus:
1522 665 1642 714 alter,
1667 678 1746 706 sua
1766 678 1864 706 con-

1033 724 1214 775 tempta,
1241 722 1389 763 evium
1414 734 1589 774 semper
1609 722 1741 762 saluti
1760 722 1865 762 invi-

1034 779 1151 829 gilat.
1190 778 1388 820 Pastoris
1421 791 1527 828 ergo
1561 778 1765 830 exemplo
1795 776 1866 819 de—

1034 837 1292 884 monstrato,
1313 834 1576 887 deceptores
1592 834 1705 875 duos
1720 834 1866 874 memi-

1034 892 1111 943 nit;
1131 892 1271 933 furem
1284 894 1551 933 mactantem
1568 895 1611 932 et
1625 891 1868 943 rapientem

1036 962 1157 999 oves3
1190 953 1234 990 et
1265 948 1585 990 mercenarium
1612 948 1867 999 permitten-

1035 1010 1136 1055 tem,
1155 1018 1299 1058 neque
1315 1005 1626 1047 defendentem
1642 1006 1867 1045 comissas.

1085 1064 1136 1115 R.
1174 1061 1348 1103 Corona
1390 1064 1523 1102 aurea
1564 1073 1697 1113 super
1735 1064 1868 1112 caput

1035 1118 1137 1170 ejus,
1164 1121 1187 1146 *
1210 1119 1434 1171 Expressa
1460 1118 1585 1169 signo
1612 1117 1868 1166 sanctitatis,

1035 1174 1175 1225 gloria
1192 1174 1373 1216 honoris
1394 1179 1437 1216 et
1457 1187 1570 1226 opus
1588 1172 1868 1215 fortitudinis.

1034 1230 1085 1280 V.
1104 1231 1320 1280 Quoniam
1340 1230 1595 1284 praevenisti
1615 1243 1715 1271 eum
1734 1230 1777 1270 in
1797 1229 1868 1271 be-

1035 1287 1358 1330 nedictionibus
1390 1286 1650 1336 dulcedinis,
1681 1286 1870 1339 posuisti

1035 1345 1080 1385 in
1105 1345 1251 1397 capite
1278 1345 1370 1395 ejus
1399 1346 1609 1385 corenam
1638 1342 1693 1384 de
1721 1341 1870 1395 lapide

1035 1402 1245 1454 pretieso.
1273 1401 1505 1453 Expressa.

1321 1457 1474 1498 Lectio
1495 1456 1580 1496 viii.

1123 1513 1214 1556 uod
1225 1513 1442 1566 superiori
1452 1515 1572 1565 temp
1578 1526 1654 1554 ore
1664 1512 1871 1554 Ezechiel

1153 1570 1222 1611 his
1242 1570 1388 1612 verbis
1411 1570 1653 1611 insectatus
1678 1574 1760 1610 est:
1787 1570 1870 1611 Vae
1926 1573 1930 1577 ’

1036 1627 1289 1679 pastoribus
1301 1626 1454 1667 Israel:
1468 1639 1612 1667 nonne
1628 1625 1871 1678 pascebant

1038 1681 1324 1736 semetipsos?
1344 1695 1489 1724 nonne
1509 1695 1666 1733 greges
1685 1685 1869 1734 pascun-

1036 1745 1107 1781 tur
1134 1753 1159 1780 a
1184 1738 1461 1792 pastoribus?
1498 1738 1586 1780 Sed
1611 1738 1674 1779 illi
1701 1741 1870 1780 contra-

1036 1797 1149 1837 rium
1167 1795 1397 1846 faciebant,
1422 1794 1542 1847 quod
1560 1795 1764 1836 maximae
1783 1808 1870 1835 ma-

1035 1852 1142 1893 litiae
1178 1865 1316 1904 genus
1362 1856 1447 1901 est,
1494 1856 1537 1892 et
1582 1851 1871 1904 plurim6rum

1038 1921 1171 1950 causa
1214 1908 1441 1950 malorum.
1495 1907 1669 1950 Idcirco
1715 1908 1871 1958 inquit:

1035 1965 1193 2017 Neque
1220 1964 1342 2016 quod
1366 1964 1583 2016 abjectum
1609 1969 1717 2013 erat,
1745 1963 1870 2005 redu-

1038 2021 1210 2063 cebant:
1224 2030 1378 2072 'neque
1400 2020 1520 2072 quod
1542 2022 1733 2072 perierat
1753 2032 1868 2071 quae-

1037 2077 1209 2119 rebant:
1243 2089 1387 2129 neque
1419 2076 1692 2118 confractum
1723 2076 1868 2126 alliga-

1036 2133 1158 2175 bant:
1194 2146 1339 2184 neque
1372 2133 1593 2174 infirmum
1626 2131 1870 2173 consolida-

1036 2190 1158 2232 bant:
1183 2190 1389 2242 quoniam
1409 2201 1467 2238 se,
1491 2201 1579 2229 non
1598 2200 1778 2239 gregem
1796 2200 1869 2239 pa-

1039 2246 1231 2288 scebant.
1250 2245 1376 2287 Idem
1386 2250 1430 2287 et
1439 2244 1601 2286 Paulus
1616 2244 1712 2285 31115
1723 2243 1870 2285 verbis

1038 2303 1270 2354 significat:
1308 2302 1472 2343 Omnes
1510 2313 1609 2353 quae
1647 2313 1727 2341 sua
1760 2305 1871 2349 sunt,

1039 2363 1252 2410 quaerunt,
1279 2370 1367 2399 non
1397 2369 1496 2408 quae
1524 2357 1630 2397 Jesu
1659 2355 1831 2397 Christi.

1094 2416 1146 2467 Rz.
1162 2414 1248 2455 Hic
1272 2418 1339 2455 est
1363 2426 1466 2454 vere
1486 2413 1663 2465 Martyr,
1691 2412 1765 2464 qui
1787 2424 1870 2464 pro

1041 2470 1202 2512 Christi
1238 2469 1414 2510 nomine
1451 2469 1708 2520 sanguinem
1745 2481 1871 2509 suum

1038 2526 1164 2568 fudit:
1192 2528 1215 2552 *
1236 2526 1320 2575 Qui
1342 2526 1483 2566 minas
1502 2525 1695 2577 judicum
1714 2537 1802 2565 non
1820 2526 1869 2565 ti-

1038 2583 1165 2632 muit,
1196 2594 1278 2623 nec
1305 2583 1492 2622 terrenae
1527 2580 1752 2631 dignitatis
1780 2579 1869 2629 glo-

1039 2639 1149 2679 riam
1169 2637 1384 2690 quaesivit,
1409 2636 1488 2678 sed
1512 2636 1569 2678 ad
1591 2636 1788 2678 coelestia
1805 2646 1869 2675 re-

1039 2708 1124 2746 gna
1151 2694 1364 2747 pervenit.
1411 2688 1463 2740 V
1488 2694 1513 2734 J
1516 2697 1661 2734 ustum
1688 2689 1870 2732 deduxit
