2040 2944
507 155 657 190 Domin.
684 155 781 189 infra
808 155 888 189 Oct.
914 154 1138 189 Nativ.-Ss.
1164 154 1345 188 Nominis
1371 154 1412 189 B.
1438 154 1485 189 M.
1508 155 1550 189 V.

180 252 355 304 quidem
375 249 626 292 venerabile
645 261 815 298 nomen,
836 249 1007 301 jampri-

179 308 279 350 dem
315 308 357 348 in
390 305 653 358 quibasdam
686 304 909 346 christiani
943 317 1008 346 or-

179 364 247 406 bis
274 362 473 416 partibus
504 362 685 414 speciali
713 361 799 403 ritu
833 361 1009 410 cultum,

179 419 460 461 Innocentius
496 417 751 459 undecimus
781 418 1009 459 Romanus

178 475 394 523 PentifeX‚
431 473 489 516 ob
531 474 746 525 insignem
780 474 1009 515 victeriam

179 532 258 573 sub
276 529 472 582 ejflsdem
483 530 679 581 Virginis
695 530 847 571 Mariae
867 532 1010 583 praesi-

177 587 249 629 dio
270 586 326 629 de
346 587 661 628 immanissimo
680 586 926 628 Turcarum
945 591 1008 638 ty-

175 646 323 693 ranno,
343 643 590 686 cervicibus
609 643 764 697 pepuli
783 643 1009 684 christiani

174 701 410 742 insultante
431 700 618 742 Viennae
644 700 688 740 in
709 699 890 741 Austria
909 711 1007 751 par—

173 762 280 806 tam,
315 762 359 799 et
383 758 427 798 in
452 759 646 810 perenne
671 756 781 798 tanti
806 755 1008 797 beneficii

174 815 519 863 monumentum,
544 814 588 854 in
613 812 814 854 Ecclesia
836 812 1007 853 univer-

175 870 256 911 sali
281 870 463 921 singulis
489 870 612 912 annis
636 869 870 910 Dominica
896 868 1007 909 infra

174 927 389 969 Octavam
412 926 669 968 Nativitatis
695 925 840 968 beatae
864 925 1005 975 Virgi-

173 983 240 1024 nis
259 983 410 1024 Mariae
431 983 644 1025 celebrari
663 982 888 1035 praecepit.

226 1040 277 1090 R.
305 1039 528 1082 Ornatam.
547 1039 645 1092 [141]

388 1119 437 1157 In
465 1117 536 1157 III.
564 1118 787 1158 Nocturno.

174 1179 328 1220 Lectio
351 1179 491 1221 sancti
510 1178 738 1230 Evangelii
763 1177 1006 1219 secandum

500 1235 676 1276 Lucam.
747 1235 750 1237 ’

252 1296 405 1338 Lectio
427 1298 494 1338 vii.
728 1298 830 1350 Cap.
848 1298 875 1337 1.
892 1311 926 1339 c.

220 1371 248 1398 n
267 1357 343 1399 illo
362 1359 578 1410 tempore:
597 1356 759 1397 Missus
780 1361 847 1398 est
862 1356 1004 1406 Ange-

238 1414 306 1455 lus
333 1414 513 1455 Gabriel
540 1426 565 1454 a
589 1413 687 1454 Deo
713 1413 756 1453 in
781 1412 1006 1454 civitatem

174 1470 387 1520 Galilaeae,
412 1470 483 1512 cui
502 1482 662 1515 nomen
679 1468 921 1519 Nazareth,
949 1468 1006 1510 ad

172 1527 400 1578 Virginem
436 1526 752 1579 desponsatam
785 1525 897 1575 viro,
936 1526 1006 1567 cui

172 1596 331 1625 nomen
357 1588 451 1624 erat
469 1583 652 1635 Joseph‚
683 1583 738 1624 de
765 1582 899 1624 domo
919 1582 1004 1624 Da-

173 1639 247 1681 vid
273 1645 317 1681 et
345 1652 504 1681 nomen
530 1639 725 1690 Virginis
750 1639 901 1680 Maria.
949 1639 1006 1680 Et

172 1696 349 1748 reliqua.
404 1739 408 1742 ,

201 1774 391 1815 Homilia
413 1774 552 1815 sancti
570 1774 689 1815 Petri
708 1773 982 1826 Chryselogi.

320 1832 435 1867 Serm.
463 1832 533 1866 142.
559 1833 606 1867 de
631 1833 854 1867 Annuntiat.

185 1892 237 1946 ei(
252 1893 309 1935 ⁸³72:-
324 1886 480 1928 udistis
507 1886 657 1936 hodie,
690 1887 846 1928 fratres
875 1889 1004 1928 caris-

184 1929 312 2013 752)
342 1943 448 1992 simi,
469 1943 687 1993 Angelum
707 1956 806 1984 cum
821 1943 1004 1985 muliere

217 2008 221 2014 ·’
245 1997 305 2024 *ff-
342 1999 397 2040 de
416 1999 605 2040 heminis
622 2000 901 2052 reparatione
920 2005 1004 2042 tra-

173 2057 375 2097 ctantem.
437 2055 637 2097 Audistis
669 2057 756 2107 agi,
791 2061 838 2097 ut
869 2055 1004 2098 homo

173 2111 374 2153 cursibus
412 2111 579 2153 eisdem
614 2112 772 2164 quibus
806 2111 1003 2165 dilapsus

175 2168 316 2210 fuerat
343 2168 399 2210 ad
426 2174 630 2218 mortem,
663 2169 829 2211 rediret
861 2168 918 2211 ad
944 2170 1003 2210 vi·

172 2229 273 2265 tam.
310 2225 431 2275 Agit,
460 2225 549 2276 agit
575 2238 675 2266 cum
702 2226 841 2266 Maria
861 2225 1003 2277 Ange-

172 2279 240 2321 lus
264 2280 320 2322 de
345 2281 503 2330 salute,
533 2282 635 2333 quia
660 2295 760 2323 cum
779 2283 907 2324 Heva
931 2284 1002 2323 an-

172 2336 296 2386 gelus
333 2338 481 2387 egerat
518 2337 573 2378 de
610 2340 744 2379 ruina.
803 2337 1003 2380 Audistis

173 2392 391 2443 Angelum
427 2393 482 2434 de
520 2395 662 2435 carnis
698 2400 864 2436 nostrae
896 2394 1002 2436 limo

172 2448 385 2501 templum
430 2449 588 2491 divinae
631 2451 872 2502 majestatis
909 2456 1003 2492 arte

172 2504 381 2546 ineffabili
410 2509 748 2548 construentem.
802 2506 1003 2548 Audistis

172 2561 215 2600 in
241 2561 370 2602 terris
389 2561 547 2610 Deum,
572 2562 614 2602 in
639 2563 763 2604 coelis
782 2563 1003 2604 hominem

173 2618 447 2658 sacramento
468 2617 897 2670 incomprehensibili
916 2618 1002 2660 col-

171 2673 319 2715 locari.
347 2672 547 2715 Audistis
566 2675 760 2717 inaudita
775 2675 945 2717 ratione
959 2675 1004 2716 in

1061 260 1150 289 uno
1185 249 1372 300 cerpore
1404 248 1548 289 Deum
1582 247 1894 300 hominemque

1061 304 1246 346 misceri.
1281 304 1483 346 Audistis
1507 304 1707 355 fragilem
1730 310 1895 346 nostrae

1062 361 1206 402 carnis
1225 364 1443 410 naturam,
1469 361 1525 402 ad
1548 361 1812 414 portandam
1831 366 1894 403 to-

1061 422 1151 459 tam
1170 417 1360 459 Deitatis
1379 417 1580 468 gloriam,
1606 417 1804 469 angelica
1823 430 1894 459 ex-

1060 473 1315 516 hortatiene
1334 474 1548 516 roborari.
1635 484 1641 488 ¹

1114 529 1165 581 R.
1191 530 1317 572 Felix
1342 542 1534 582 namque
1558 543 1621 581 es,
1648 542 1773 572 sacra
1796 531 1893 572 Vir-

1060 599 1118 637 go
1144 587 1299 636 Maria,
1329 591 1372 629 et
1398 587 1517 629 omni
1540 586 1672 629 laude
1697 586 1894 638 dignissi-

1060 656 1148 684 ma:
1172 644 1194 668 *
1211 643 1323 694 Quia
1349 655 1403 685 ex
1427 649 1472 685 te
1500 649 1624 685 ortus
1649 647 1717 685 est
1742 643 1810 685 sol
1835 644 1893 695 ju-

1061 699 1204 750 stitiae,
1215 699 1416 741 Christus
1426 700 1548 741 Deus
1558 704 1721 742 noster.
1741 694 1791 746 V.
1804 700 1895 742 Ora

1060 768 1142 808 pro
1175 756 1365 809 populo,
1399 756 1613 798 interveni
1645 769 1729 809 pro
1763 757 1894 807 clero,

1059 811 1285 854 intercede
1312 825 1396 865 pro
1423 812 1588 854 deveto
1613 812 1803 855 femineo
1829 826 1893 855 se-

1060 882 1134 909 xu:
1156 869 1346 910 sentiant
1365 881 1518 911 omnes
1536 874 1661 911 tuum
1679 871 1893 921 juvamen,

1061 925 1328 977 quicumque
1373 925 1599 968 celebrant
1643 926 1708 968 tui
1753 927 1894 968 sancti

1059 981 1262 1022 Neminis
1273 982 1750 1024 commemoratienem.
1770 983 1893 1034 Quia.

1114 1037 1277 1078 Bened.
1332 1038 1467 1090 Cujus
1498 1039 1659 1081 festum
1691 1039 1893 1090 colimus,

1059 1094 1157 1146 ipsa
1175 1094 1316 1146 Virgo
1335 1095 1566 1146 virginum.

1349 1149 1501 1192 Lectio
1522 1150 1607 1191 viii.

1155 1207 1327 1259 enique,
1345 1220 1401 1250 ne
1419 1212 1543 1250 tanto
1562 1207 1752 1261 ponderi
1766 1209 1893 1251 coele-

1162 1263 1244 1304 stis
1271 1263 1452 1306 fabricae
1480 1265 1525 1305 in
1553 1264 1693 1306 Maria
1721 1265 1894 1308 subtilis

1059 1320 1202 1362 nostri
1234 1321 1437 1373 corporis
1473 1322 1606 1362 arena
1637 1321 1893 1364 succumbe-

1058 1381 1142 1426 ret,
1181 1381 1225 1418 et
1261 1377 1305 1417 in
1337 1377 1519 1428 Virgine
1551 1380 1689 1420 totius
1720 1379 1894 1429 generis

1058 1431 1237 1474 humani
1267 1437 1502 1486 portatura
1532 1434 1738 1484 fructum,
1772 1435 1895 1486 virga

1058 1490 1202 1531 tenuis
1240 1489 1531 1541 frangeretur,
1568 1491 1772 1542 fugatura
1805 1504 1893 1534 me-

1058 1551 1150 1588 tum
1188 1559 1275 1588 vox
1312 1546 1472 1598 Angeli
1506 1559 1612 1589 mox
1647 1548 1894 1600 praecessit,

1060 1603 1224 1645 dicens:
1266 1603 1335 1645 Ne
1371 1606 1529 1646 timeas
1564 1604 1714 1645 Maria.
1777 1604 1895 1647 Ante

1060 1672 1240 1702 causam
1276 1659 1467 1711 dignitas
1499 1660 1695 1712 Virginis
1731 1673 1894 1703 annun-

1059 1717 1193 1759 tiatur
1216 1729 1271 1758 ex
1294 1717 1487 1768 n6mine;
1511 1731 1614 1759 nam
1632 1717 1772 1759 Maria
1789 1717 1894 1760 heb-

1058 1775 1148 1815 raeo
1169 1775 1390 1823 sermene,
1417 1774 1551 1816 latine
1569 1774 1763 1816 Demina
1788 1787 1893 1816 nun-

1058 1832 1255 1883 cupatur.
1287 1831 1435 1873 Vocat
1459 1843 1565 1882 ergo
1584 1830 1781 1882 Angelus
1804 1831 1894 1873 De-

1057 1887 1236 1936 minam,
1279 1892 1327 1929 ut
1363 1887 1667 1929 Dominateris
1705 1887 1892 1929 Genitri—

1058 1955 1155 1984 cem
1182 1942 1422 1996 trepidatio
1451 1942 1628 1986 deserat
1654 1943 1892 1995 servitiitis,

1058 2012 1191 2051 quam
1227 2000 1350 2042 nasci
1390 2005 1435 2042 et
1469 2000 1621 2042 vocari
1656 2000 1893 2041 Deminam

1056 2056 1154 2108 ipsa
1177 2056 1245 2098 sui
1267 2056 1475 2107 germinis
1498 2056 1603 2098 fecit
1622 2061 1666 2098 et
1684 2056 1891 2109 impetra-

1057 2112 1121 2154 vit
1153 2112 1403 2155 aucteritas.
1449 2113 1518 2155 Ne
1549 2115 1706 2155 timeas
1738 2112 1892 2154 Maria:

1056 2169 1262 2210 invenisti
1278 2169 1394 2210 enim
1408 2169 1606 2220 gratiam.
1625 2169 1794 2211 Verum
1813 2174 1891 2220 est,

1058 2225 1160 2277 quia
1198 2226 1272 2277 qui
1309 2225 1475 2267 invenit
1506 2226 1710 2277 gratiam,
1750 2226 1892 2268 nescit

1057 2282 1226 2324 timere:
1245 2282 1450 2324 invenisti
1467 2282 1666 2333 gratiam.

1108 2335 1161 2387 Rz·
1186 2338 1372 2380 Beatam
1390 2351 1461 2380 me
1480 2337 1629 2380 dicent
1647 2350 1800 2379 omnes
1819 2350 1890 2389 ge-

1056 2394 1322 2437 neratienes:
1347 2393 1371 2419 *
1395 2395 1509 2446 Quia
1535 2394 1640 2436 fecit
1667 2393 1774 2435 mihi
1801 2394 1890 2436 De-

1057 2450 1199 2492 minus
1231 2464 1390 2503 magna
1423 2451 1498 2504 qui
1529 2454 1691 2503 potens
1724 2455 1808 2500 est,
1846 2455 1891 2492 et

1058 2512 1260 2549 sanctum
1284 2520 1444 2549 nomen
1469 2507 1571 2559 ejus.
1602 2501 1653 2551 V.
1682 2507 1739 2549 Et
1762 2506 1888 2549 mise-

1058 2563 1250 2605 ricordia
1274 2565 1365 2615 ejus
1391 2576 1416 2604 a
1439 2563 1652 2617 progenie
1671 2563 1715 2603 in
1733 2564 1888 2615 proge-

1057 2619 1151 2661 nies
1168 2620 1425 2662 timentibus
1443 2632 1554 2662 eum.
1582 2619 1704 2669 Quia.
1732 2617 1887 2660 Gleria

1056 2676 1187 2717 Patri.
1218 2677 1340 2726 Quia.
