2040 2944
210 179 275 215 12*

631 179 702 214 Die
729 181 785 214 10.
810 180 912 223 Sept.
959 179 994 214 S.
1020 179 1143 213 Hilari
1168 179 1288 222 Papae
1313 183 1349 213 et
1374 179 1483 213 Conf.

258 279 300 312 In
326 279 388 312 III.
411 279 609 313 Nocturno
635 278 805 313 Homilia
830 278 869 311 in
887 278 1031 322 Evang.

210 326 336 361 Homo
360 326 520 369 peregre
543 324 804 368 proficiscens.
824 326 871 360 de
897 327 1033 361 eodem

204 374 407 408 Communi
427 375 453 408 1.
471 375 573 415 loco,
597 384 682 410 cum
699 375 749 410 ix.
763 376 865 410 Lect.
882 374 917 409 S.
938 375 1033 410 Gor-

203 422 310 465 gonii
327 422 434 456 Mart.

254 470 297 504 In
330 470 448 504 Laud.
483 481 679 506 commem.
717 472 796 506 Oct.
829 472 957 507 Nativ.
991 473 1031 507 B.

204 517 336 552 Mariae
362 518 404 552 V.
431 524 467 553 et
492 520 526 553 S.
554 520 743 561 Gorgonii
769 520 876 555 Mart.

389 599 472 640 Die
492 600 556 640 10.
575 598 859 651 Septembris.

330 668 372 709 S.
393 667 558 708 Hilari
571 668 705 720 Papae
726 674 768 709 et
790 669 911 709 Conf.

536 729 699 771 Duplex.

258 786 395 820 Omnia
422 786 469 820 de
492 785 695 820 Communi
718 786 892 822 Confess.
914 788 1033 830 Pont.,

203 840 344 876 praeter
368 835 581 878 sequentia.

261 887 423 927 Oratio.
452 885 624 926 Exaudi
643 898 736 926 nos.

255 947 298 981 In
329 948 354 981 Ι.
386 948 584 982 Nocturno
619 948 823 983 Lectiones
859 948 905 982 de
935 948 1033 983 Scri-

204 1000 316 1039 ptura
343 1001 576 1030 occurrente.

427 1058 475 1096 In
503 1059 552 1097 II.
583 1058 806 1097 Nocturno.

504 1119 657 1159 Lectio
679 1119 732 1159 iv.

250 1187 314 1239 «ξ’
335 1183 491 1237 ilarus,
515 1182 691 1224 natione
710 1181 891 1231 Sardus,
910 1186 1037 1234 patre

335 1259 336 1263 =
360 1239 562 1292 Crispino
591 1238 779 1289 genitus,
810 1243 913 1290 post
941 1251 1036 1279 san-

360 1297 418 1338 cti
437 1296 598 1338 Leonis
623 1295 855 1337 transitum
874 1295 1036 1336 Roma-

208 1367 276 1394 nae
305 1353 518 1394 Ecclesiae
546 1352 750 1394 Pontifex
782 1352 925 1393 factus
959 1356 1037 1392 est.

207 1410 320 1450 Eum
353 1409 497 1451 adhuc
529 1408 764 1451 diaconum
796 1407 914 1450 idem
944 1407 1036 1449 Leo

207 1466 401 1517 legatum
433 1465 670 1507 destinavit
700 1478 782 1518 pro
815 1465 1038 1517 Ephesina

208 1521 379 1576 synodo
400 1522 675 1564 celebranda.
707 1521 795 1564 Sed
815 1535 914 1564 cum
933 1522 1036 1563 Dio·

207 1580 335 1629 seori,
355 1579 639 1620 Alexandrini
660 1579 870 1632 episcopi,
890 1579 1037 1620 furore

208 1649 287 1689 per
314 1636 402 1677 vim
437 1640 480 1677 et
506 1640 672 1678 metum
699 1635 865 1688 Ephesi
892 1641 1035 1688 patra-

207 1695 356 1735 rentur
387 1691 582 1744 indigna,
614 1692 792 1734 Hilarus
826 1692 898 1734 vix
933 1692 1036 1734 effu-

206 1750 330 1800 giens
355 1762 434 1801 per
457 1749 573 1790 invia
589 1749 688 1791 loca
708 1755 752 1791 et
769 1749 906 1791 multa
925 1751 1036 1802 peri-

208 1806 316 1855 cula,
336 1805 483 1847 divina
504 1818 590 1858 ope
609 1806 830 1856 liberatus,
850 1805 907 1847 ad
926 1806 1036 1847 Leo-

208 1875 308 1903 nem
332 1863 534 1904 reversus
554 1867 631 1904 est.
667 1863 870 1904 Pontifex
890 1868 1037 1904 autem

207 1918 497 1968 renuntiatus,
516 1918 623 1959 nihil
643 1919 863 1972 antiquius
883 1919 1037 1961 habuit

209 1988 340 2027 quam
369 1987 468 2026 quae
497 1980 652 2017 contra
676 1976 912 2018 haereticos
937 1989 1036 2018 con-

209 2031 360 2072 stit1'1ta
375 2031 547 2073 faerant
562 2045 641 2073 suo
658 2031 836 2074 decreto
852 2033 1037 2075 firmare.

209 2086 506 2138 Quamobrem
522 2088 787 2140 encyclicam
803 2089 1037 2141 epistolam

209 2145 384 2197 scripsit
404 2143 459 2186 de
479 2143 759 2186 damnatione
778 2145 974 2187 Nestorii
994 2151 1038 2187 et

208 2200 476 2253 Eutychetis,
496 2214 547 2242 ac
565 2202 697 2243 trium
711 2202 1038 2254 praecipuorum

209 2257 540 2298 confirmatione
560 2258 855 2299 conciliorum.

255 2314 306 2355 R·
337 2314 488 2354 Inveni
512 2314 658 2356 David
682 2327 857 2356 servum
881 2327 1038 2366 meum,

209 2368 309 2409 oleo
334 2375 487 2410 sancto
514 2383 612 2411 meo
638 2372 742 2411 unxi
767 2373 925 2413 eumz*
949 2372 1036 2412 Ma-

208 2437 289 2465 nus
305 2425 419 2465 enim
433 2438 530 2466 mea
545 2427 822 2468 auxiliabitur
836 2427 886 2468 ei.
898 2422 947 2473 V.
963 2428 1036 2469 Ni-

208 2480 269 2520 hil
283 2481 488 2533 proficiet
501 2482 699 2524 inimicus
714 2484 757 2524 in
774 2497 838 2533 eo,
858 2489 902 2525 et
922 2484 1036 2525 filius

208 2537 448 2589 iniquitatis
468 2550 555 2578 non
575 2540 751 2581 nocebit
772 2541 822 2581 ei.
850 2541 1016 2581 Manus.

515 2592 664 2633 Lectio
686 2608 721 2633 v.

285 2648 314 2691 b
345 2661 398 2690 eo
427 2649 634 2691 invitatus
663 2652 932 2703 Victorinus,
964 2666 1035 2694 na·

320 2706 441 2747 tione
472 2706 738 2758 Aquitanus,
778 2709 1036 2751 Paschalem

1091 287 1267 316 cursum
1325 273 1578 315 cautissima
1639 273 1921 324 indagatione

1091 331 1355 383 composuit.
1422 329 1758 371 Ecclesiasticae·
1794 328 1920 370 disci-

1090 387 1222 439 plinae
1247 386 1633 436 retinentissimus,
1661 385 1829 426 nullum
1846 387 1920 427 vo-

1091 443 1171 486 luit
1199 446 1459 497 episcopum
1483 455 1564 496 per
1589 441 1798 485 ecclesias
1821 453 1920 483 con-

1091 501 1270 551 secrari,
1288 506 1450 554 praeter
1469 498 1802 553 Metropolitani
1821 510 1922 540 con-

1091 559 1279 608 sensum,
1297 570 1379 599 nec
1394 560 1655 611 episcopum
1673 555 1923 608 quempiam

1090 614 1243 656 relicta
1267 615 1450 668 propria
1478 613 1682 663 ecclesia,
1710 611 1768 654 ad
1793 611 1923 653 aliam

1089 671 1326 720 transferri,
1345 684 1488 723 neque
1507 669 1760 713 transcendi
1777 668 1922 711 termi-

1091 741 1172 770 nos
1197 741 1222 770 a
1240 728 1447 770 Patribus
1471 728 1747 770 constitfitos.
1780 726 1920 767 Leon-

1090 785 1198 826 tium
1217 785 1523 827 Arelatensem
1548 786 1807 838 episcopum
1830 794 1938 824 suae0

1090 842 1209 883 sedis
1231 842 1446 883 vicarium
1471 841 1698 884 constituit
1719 853 1801 894 per
1820 838 1921 882 Gal-

1089 898 1186 948 lias,
1216 898 1287 940 cui
1309 898 1652 940 sollicitudinem
1674 897 1719 938 in
1742 909 1921 948 congre-

1089 955 1245 1006 gandis
1279 955 1515 1007 quotannis
1548 953 1773 1008 episcopis
1806 952 1920 995 dele-

1089 1013 1221 1063 gavit.
1263 1012 1475 1054 Ecclesiae
1502 1011 1689 1065 praedia,
1722 1023 1822 1064 quae
1850 1022 1921 1052 ne-

1090 1081 1175 1120 que
1196 1068 1384 1119 deserta,
1410 1081 1555 1121 neque
1574 1067 1744 1110 inutilia
1762 1071 1922 1117 essent,

1090 1124 1250 1176 quibus
1273 1125 1563 1178 plurimorum
1583 1122 1922 1167 necessitatibus

1090 1181 1413 1231 subveniretur,
1453 1181 1650 1232 alienari,
1684 1180 1769 1222 nisi
1799 1179 1922 1234 prius

1090 1238 1208 1291 apud
1229 1239 1475 1281 Concilium
1493 1237 1769 1280 alienationis
1789 1249 1922 1279 causa

1090 1294 1220 1345 dicta,
1238 1295 1480 1348 prohibuit3
1500 1295 1673 1347 aliaque
1693 1293 1923 1347 complura

1090 1357 1240 1394 sancte
1260 1352 1457 1394 decrevit
1474 1352 1519 1392 in
1534 1364 1586 1393 ea
1600 1349 1773 1404 synodo
1789 1362 1922 1403 quam

1089 1408 1210 1461 apud
1250 1414 1447 1451 sanctam
1486 1408 1670 1450 Mariam
1710 1407 1922 1459 Maiorem

1090 1466 1244 1517 coegit.

1140 1524 1189 1576 R.
1225 1522 1361 1564 Posui
1388 1521 1656 1574 adjutorium
1684 1533 1816 1573 super
1843 1532 1919 1573 po·

1089 1581 1275 1629 tentem,
1322 1584 1366 1621 et
1405 1578 1596 1620 exaltavi
1636 1577 1825 1619 electum
1864 1576 1919 1619 de

1088 1635 1219 1688 plebe
1255 1649 1372 1678 mea:
1407 1638 1430 1662 *
1469 1635 1626 1676 Manus
1665 1634 1782 1676 enim
1821 1646 1920 1676 mea

1089 1693 1373 1734 auxiliabitur
1406 1692 1458 1734 ei.
1500 1687 1551 1740 V.
1585 1692 1740 1733 Inveni
1772 1689 1920 1732 David

1088 1762 1265 1791 servum
1291 1762 1454 1800 meum,
1493 1749 1593 1791 oleo
1631 1753 1786 1790 sancto
1817 1759 1918 1789 meo

1087 1806 1193 1847 unxi
1213 1819 1324 1847 eum.
1351 1806 1519 1847 Manus.

1392 1861 1542 1901 Lectio
1563 1861 1615 1901 vi.

1165 1919 1407 1961 nthemium
1444 1919 1772 1972 imperatorem,
1818 1930 1918 1959 cum

1190 1976 1448 2018 Philotheus
1458 1975 1812 2024 Macedonianus‚
1827 1974 1918 2026 ejus

1087 2033 1382 2075 familiaritate
1401 2031 1622 2082 suffi’sstus,
1642 2044 1758 2073 nova
1778 2030 1916 2072 diver-

1087 2091 1235 2131 sarum
1282 2088 1573 2131 conciliabula
1613 2089 1833 2130 sectarum
1873 2086 1917 2127 in

1089 2146 1254 2188 Urbem
1283 2147 1517 2188 conaretur
1544 2144 1770 2194 inducere,
1798 2142 1917 2196 apud

1087 2202 1265 2244 beatum
1279 2203 1458 2244 Petrum
1473 2201 1752 2254 Apostolum,
1770 2200 1917 2252 palam

1087 2272 1141 2301 ne
1168 2259 1214 2301 id
1247 2259 1372 2301 fieret
1401 2257 1676 2311 objurgando
1705 2256 1915 2299 cohibuit:

1086 2316 1130 2356 in
1155 2321 1326 2358 tantum
1352 2321 1400 2357 ut
1425 2328 1477 2357 ea
1502 2327 1590 2356 non
1610 2315 1704 2356 fore
1721 2312 1914 2354 introdu-

1087 2372 1226 2413 cenda
1244 2373 1497 2424 promiserit
1515 2372 1767 2424 imperator,
1785 2368 1914 2410 inter-

1086 2429 1233 2480 posito
1261 2429 1392 2470 etiam
1418 2429 1671 2480 juramento.
1719 2425 1843 2466 Fecit
1870 2425 1914 2465 in

1086 2485 1458 2527 Constantinianae
1484 2483 1679 2526 basilicae
1705 2482 1914 2534 baptiste-

1085 2542 1150 2582 rio
1178 2542 1372 2582 oratoria
1398 2543 1606 2593 quatuor,
1633 2551 1794 2590 nempe
1819 2550 1913 2579 san-

1086 2603 1169 2639 ctae
1195 2598 1364 2645 Crucis,
1394 2597 1534 2638 sancti
1558 2597 1583 2637 J
1586 2595 1739 2637 oannis
1763 2595 1913 2647 Bapti-

1085 2659 1177 2703 stae,
1198 2654 1338 2695 sancti
1351 2655 1375 2695 J
1379 2653 1533 2695 oannis
1544 2652 1849 2703 Evangeh'stae‚
1869 2655 1914 2692 et

1085 2711 1226 2752 sancti
1245 2710 1472 2763 Stephani,
1492 2722 1544 2751 ac
1561 2712 1742 2761 insuper
1758 2707 1912 2750 biblio-
