2040 2944
514 168 585 202 Die
610 169 640 202 2.

138 264 265 306 faciei
291 265 382 315 ejus
410 263 596 305 salvavit
625 276 714 305 eos.
753 260 802 311 V.
830 265 882 305 In
908 263 968 306 di-

137 319 325 361 lectione
342 332 421 360 sua
437 325 480 361 et
494 319 764 371 indulgentia
780 334 859 362 sua
873 321 969 373 ipse

137 375 323 417 redemit
338 389 426 425 eos,
447 381 491 417 et
504 376 702 428 portavit
717 389 806 426 808,
827 382 870 418 81
886 377 968 418 818-

137 432 256 473 vavit
294 444 372 472 eos
410 432 578 473 cunctis
616 432 772 473 diebus
807 433 968 474 saecufi.

137 488 205 529 Et.
236 487 388 528 Gloria
405 488 536 530 Patri.
563 489 631 529 Et.

360 567 410 606 In
428 566 499 605 III.
519 565 742 603 Nocturno.

192 637 292 676 Ant.
311 634 428 676 Misit
452 634 669 675 Dominus
695 634 720 660 *
748 634 967 685 Angelum

138 703 281 740 suum,
302 690 377 742 qui
394 691 615 743 permissit
635 703 809 732 omnem
826 692 968 732 virum

137 746 378 796 robustum,
399 751 442 788 et
461 746 731 797 bellatorem,
752 749 966 801 etprinci-

140 816 244 856 pem
277 803 495 844 exercitus
527 803 644 855 regis
673 804 967 856 Assyriorum.

401 870 602 919 Psalmus
635 870 701 910 95.

139 939 400 997 2³”';2Tantate
423 938 615 980 Domino
646 939 864 980 canticum
892 953 968 981 no-

161 994 226 1019 ¹
270 1008 386 1035 vum:
397 996 420 1022 *
437 997 610 1037 cantate
621 996 813 1037 Domino
827 997 967 1037 omnis

142 1047 244 1073 ³²”f1‘3‘
268 1055 396 1092 terra.

188 1106 371 1148 Cantate
406 1108 615 1158 Domino,
645 1113 688 1150 et
719 1108 968 1150 benedicite

135 1163 301 1204 nomini
319 1164 425 1214 ejus:
443 1165 468 1191 *
487 1165 739 1206 annuntiate
758 1164 814 1206 de
835 1164 905 1206 die
924 1165 968 1205 in

136 1217 253 1260 diem
272 1219 463 1262 salutare
482 1221 583 1272 ejus.

187 1275 458 1318 Annuntiate
473 1277 585 1319 inter
601 1278 768 1319 Gentes
783 1277 968 1327 gloriam

136 1332 236 1383 ejus,
256 1334 280 1360 *
298 1333 343 1373 in
369 1333 572 1375 omnibus
596 1333 773 1386 populis
792 1333 965 1375 mirabi-

134 1388 192 1429 lia
212 1389 314 1440 ejus.

188 1445 405 1494 Quoniam
441 1459 624 1497 magnus
657 1445 889 1495 Dominus,
925 1450 969 1487 et

134 1500 369 1542 laudabilis
387 1501 530 1543 nimis:
548 1504 572 1530 *
586 1502 793 1544 terribilis
813 1506 881 1543 est
901 1514 967 1542 su-

135 1569 215 1609 per
235 1569 387 1599 omnes
407 1557 527 1599 deos.

188 1613 405 1663 Quoniam
420 1627 572 1657 omnes
588 1615 648 1656 dii
659 1615 867 1657 Gentium
883 1615 968 1657 dae-

135 1669 295 1710 monia:
333 1671 357 1697 *
392 1670 608 1712 1)0111111118
647 1676 794 1713 autem
831 1671 969 1712 coelos

136 1725 252 1766 fecit.

188 1781 430 1832 Confessio,
447 1787 491 1823 et
507 1782 816 1835 pulchritudo
805 1796 849 1823 111
868 1795 967 1824 0011-

136 1839 292 1889 spectu
319 1838 425 1889 ejus·
447 1838 471 1864 *
497 1839 785 1880 sanctimonia
812 1844 855 1880 et
879 1852 967 1880 ma-

135 1893 414 1944 gnificentia
403 1908 447 1935 111
466 1895 812 1937 sanctificatione
832 1896 933 1947 ejus.

187 1949 356 1992 Afferte
375 1945 568 1992 Domino
582 1952 739 2003 patriae
750 1952 967 2002 Gentium,

136 2004 289 2048 afferte
322 2007 514 2048 Domino
543 2006 727 2058 gloriam
756 2013 799 2050 et
832 2008 966 2049 hono-

135 2074 242 2103 rem:
261 2063 285 2089 *
305 2062 457 2104 afferte
477 2062 670 2104 Domino
689 2063 875 2114 gloriam
893 2066 967 2105 no-

134 2117 240 2158 mini
259 2119 361 2170 ejus.

187 2173 349 2216 Tollite
363 2174 543 2225 hostias,
560 2180 604 2217 et
614 2176 793 2218 introite
804 2177 847 2217 in
858 2177 968 2218 atria

136 2231 241 2281 ejus.
264 2231 288 2257 *
314 2231 497 2273 adorate
521 2232 761 2273 Dominum
785 2233 830 2275 in
854 2233 967 2275 atrio

135 2291 288 2328 sancto
309 2288 411 2338 ejus.

188 2342 529 2384 commoveatur
564 2355 590 2383 a
616 2343 729 2384 facie
757 2343 848 2394 ejus
875 2343 965 2384 uni-

135 2398 264 2438 versa
296 2403 429 2440 terra:
456 2400 480 2426 *
509 2398 640 2440 dicite
673 2400 717 2439 in
750 2399 967 2441 Gentibus

136 2453 238 2504 quia
254 2453 471 2496 Dominus
490 2455 701 2505 regnavit.

186 2509 360 2550 Etenim
400 2511 592 2552 correxit
637 2511 790 2552 orbem
835 2515 966 2553 terrae

137 2564 211 2616 qui
229 2578 319 2606 non
335 2567 700 2609 commovebitur:
715 2569 739 2595 *
758 2567 967 2618 judicabit

134 2620 326 2671 populos
343 2621 388 2662 in
407 2623 628 2674 aequitate.

187 2675 413 2718 Laetentur
433 2678 543 2728 coeli,
563 2684 607 2720 et
626 2679 818 2720 exsultet
837 2684 966 2731 terra,

667 168 857 202 Octobris.
904 167 960 201 Ss.
985 167 1223 209 Angelorum
1249 167 1473 201 Custodum.

1024 267 1356 306 commoveatur
1382 278 1519 315 mare,
1552 270 1596 307 et
1627 266 1856 318 plenitudo

1023 321 1131 372 ejus:
1150 321 1174 346 *
1193 320 1448 371 gaudebunt
1469 322 1624 374 campi,
1649 327 1692 364 et
1713 323 1858 363 omnia

1025 390 1124 429 quae
1143 377 1186 417 in
1207 377 1269 418 eis
1290 383 1401 419 sunt.

1073 433 1198 474 Tunc
1235 433 1517 475 exsultabunt
1554 435 1700 476 omnia
1740 435 1858 486 ligna

1021 489 1229 530 silvarum
1256 502 1281 530 a
1300 490 1410 531 facie
1429 490 1526 540 Dfii,
1553 491 1654 542 quia
1676 492 1812 533 venit:
1833 491 1857 517 *

1022 545 1230 597 quoniam
1249 546 1368 587 venit
1386 546 1580 598 judicare
1599 553 1773 589 terram.

1072 602 1096 642 J
1099 601 1296 643 udicubit
1323 602 1477 644 orbem
1500 609 1631 645 terrae
1655 605 1699 644 in
1723 605 1855 656 aequi-

1021 660 1123 707 tate,
1142 659 1165 684 *
1187 663 1230 700 81
1247 658 1440 711 populos
1457 660 1501 700 in
1520 661 1704 702 veritate
1723 674 1812 703 sua.

1076 728 1175 767 Ant.
1230 727 1349 768 Misit
1381 728 1597 770 Dominus
1637 730 1857 780 Angelum

1022 797 1158 834 suum,
1184 783 1258 835 qui
1282 785 1500 835 percussit
1522 798 1696 827 omnem
1715 787 1857 828 virum

1020 839 1262 889 robustum,
1283 845 1327 881 et
1345 840 1616 892 bellatorem,
1637 848 1680 884 et
1698 843 1855 895 princi-

1019 910 1122 949 pem
1142 897 1360 938 exercitus
1379 898 1494 948 regis
1515 899 1809 950 Assyriorum.

1076 966 1176 1007 Ant.
1197 966 1393 1008 Adorate
1409 967 1648 1009 Dominum
1663 969 1686 994 *
1702 981 1855 1010 omnes

1020 1023 1180 1120 ,gissgleli
1201 1024 1311 1074 ejus:
1338 1022 1522 1074 audivit,
1549 1029 1593 1066 et
1615 1024 1768 1066 laetata
1788 1030 1855 1067 est

1292 1146 1492 1185 Psalmus
1522 1146 1589 1185 96.

1023 1211 1289 1315 Dominus
1310 1223 1520 1273 regnavit,
1553 1224 1744 1265 exsultet
1772 1229 1855 1266 ter-

1135 1290 1199 1318 ra:
1217 1280 1242 1306 *
1260 1278 1464 1320 laetentur
1480 1279 1635 1321 insulae
1654 1280 1816 1322 multae.

1072 1333 1236 1384 Nubes,
1257 1340 1300 1376 et
1320 1335 1461 1386 caligo
1481 1335 1525 1376 in
1545 1336 1731 1378 circuitu
1750 1338 1856 1388 ejus:

1021 1389 1044 1414 *
1063 1390 1237 1441 justitia,
1263 1396 1306 1433 et
1324 1391 1534 1443 judicium
1554 1393 1771 1434 correctio
1792 1406 1856 1434 se-

1021 1445 1088 1487 dis
1109 1448 1210 1498 ejus.

1073 1503 1192 1554 Ignis
1218 1508 1319 1546 ante
1342 1504 1486 1556 ipsum
1509 1506 1746 1558 praecedet,
1770 1506 1793 1532 *
1814 1511 1857 1548 et

1020 1558 1265 1601 inflamabit
1279 1561 1324 1601 in
1340 1561 1525 1602 circuitu
1538 1562 1738 1604 inimicos
1755 1564 1856 1614 ejus.

1074 1615 1318 1662 Illuxerunt
1342 1617 1514 1668 fulgura
1540 1619 1630 1669 ejus
1657 1618 1754 1660 orbi
1772 1623 1855 1660 ter-

1021 1684 1097 1712 rae:
1115 1674 1140 1698 *
1160 1671 1279 1722 vidit,
1300 1678 1343 1714 et
1363 1677 1585 1716 commota
1604 1679 1671 1716 est
1689 1680 1818 1716 terra.

1073 1727 1263 1778 Montes,
1302 1729 1415 1771 sicut
1448 1743 1550 1772 cera
1578 1731 1798 1772 fluxerunt
1831 1743 1857 1771 a

1021 1783 1134 1825 facie
1170 1785 1367 1826 Domini:
1404 1786 1428 1812 *
1465 1799 1490 1827 a
1530 1786 1642 1828 facie
1678 1786 1857 1828 Domini

1023 1840 1164 1881 omnis
1183 1846 1313 1883 terra.

1074 1896 1456 1940 Annuntiaverunt
1502 1899 1603 1940 00811
1648 1899 1856 1951 justitiam

1022 1953 1128 2004 ejus:
1159 1954 1183 1979 *
1211 1958 1255 1995 81
1281 1954 1486 1996 viderunt
1520 1968 1674 1997 omnes
1702 1955 1857 2008 populi

1021 2009 1209 2060 gloriam
1228 2011 1331 2062 ejus.

1074 2066 1408 2108 Confundantur
1454 2079 1620 2117 omnes,
1667 2067 1741 2118 qui
1781 2066 1854 2109 ad-

1023 2123 1150 2163 orant
1177 2122 1416 2174 sculptilia:
1442 2123 1466 2149 *
1494 2128 1538 2165 et
1567 2123 1641 2176 qui
1667 2123 1854 2174 glorian-

1020 2182 1091 2219 tur
1109 2179 1152 2219 in
1172 2179 1416 2220 simulacris
1436 2180 1537 2220 suis.

1072 2234 1272 2276 Adorate
1289 2247 1388 2276 eum
1404 2248 1557 2277 omnes
1572 2235 1731 2287 Angeli
1749 2237 1854 2288 ejus:

1019 2291 1043 2317 *
1063 2290 1240 2340 audivit,
1261 2295 1305 2332 et
1322 2290 1473 2332 laetata
1492 2296 1560 2333 est
1578 2292 1693 2334 Sion.

1072 2346 1130 2387 Et
1162 2346 1492 2388 exsultaverunt
1522 2347 1625 2389 fssiae
1653 2348 1678 2388 J
1680 2347 1796 2398 udae,
1829 2349 1853 2375 *

1020 2406 1204 2453 propter
1222 2401 1381 2453 judicia
1398 2407 1474 2444 tua
1492 2403 1697 2445 Domine:

1072 2458 1290 2508 Quoniam
1304 2463 1353 2500 tu
1366 2459 1583 2501 Dominus
1598 2460 1851 2502 Altissimus

1020 2526 1152 2566 super
1181 2527 1356 2556 omnem
1383 2519 1560 2557 terram:
1580 2517 1604 2544 *
1623 2516 1751 2557 nimis
1780 2529 1848 2557 ex-

1020 2570 1181 2611 altatus
1202 2583 1248 2611 es
1268 2583 1400 2623 super
1420 2584 1572 2613 omnes
1591 2572 1712 2614 deos.

1071 2626 1155 2676 Qui
1171 2626 1348 2677 diligitis
1358 2628 1608 2678 Dominum,
1625 2628 1744 2670 odite
1759 2639 1846 2667 ma-

1018 2681 1122 2723 lum:
1156 2683 1179 2708 *
1208 2682 1401 2725 custodit
1431 2683 1648 2726 Dominus
1681 2682 1847 2725 animas
