2040 2944
199 183 265 219 25*

260 282 301 315 ln
334 282 358 315 l.
388 281 586 315 Nocturno
616 280 820 314 Lectiones
853 279 900 312 de
930 278 1027 313 Scri-

204 337 314 373 pnll‘il
341 334 572 363 OCCUI‘l‘csstC.

433 386 481 424 In
505 386 554 424 ΙΙ.
579 385 801 423 Nocturno.

505 446 655 486 Lectio
677 446 729 485 iv.

214 499 449 540 β
481 499 724 547 RomanuS,
762 510 817 539 ex
848 496 1028 550 presby-

250 560 258 585 ?
283 553 295 590 ³3
317 561 414 597 tero
441 555 556 597 tituli
579 555 795 603 Pastoris,
823 554 913 595 vita
938 553 1028 594 fun-

318 617 390 654 cto
407 616 560 653 sancto
571 612 765 653 Damaso
776 611 909 663 Papa,
925 609 1030 651 cleri

201 669 444 721 populique
489 668 679 709 universi
715 666 1029 709 acclamatione

202 725 259 766 ad
278 725 570 778 apostolicam
584 724 743 766 Sedem
759 726 937 766 evectus
953 728 1030 772 est,

203 780 427 823 obnitente
472 781 634 822 frustra
674 781 877 823 Ursicino
920 779 1030 821 sehi-

204 838 404 887 smatico‚
423 837 670 888 gratulante
689 850 796 879 vero
817 837 860 877 in
878 836 1031 889 primis

203 894 514 936 Valentiniano
538 894 821 946 imperatore,
846 893 921 945 qui
943 906 1030 934 ma-

204 962 336 1000 gnum
355 950 618 992 innocentiae
644 955 687 991 et
704 950 941 1003 probitatis
961 962 1031 991 ex-

205 1006 397 1059 emplum
417 1019 516 1048 eum
534 1006 806 1059 praedicavit.
838 1007 945 1059 Ipso
965 1006 1032 1047 sui

204 1063 488 1114 pontificatus
535 1063 718 1104 exordio
764 1062 1032 1105 decretalem

205 1119 454 1171 epistolam,
483 1119 779 1161 saluberrimis
798 1119 1031 1160 institutio-

204 1174 331 1216 nibus
350 1175 545 1228 plenam,
571 1175 628 1217 ad
646 1176 889 1217 Himerium
910 1174 1032 1216 dedit

204 1231 580 1274 Tarraconensem
617 1235 890 1285 episcopum,
937 1231 1032 1273 aliis

204 1287 517 1340 Hispaniarum
559 1289 755 1330 ecclesiis
796 1289 1031 1330 communi-

206 1343 408 1395 candam,
450 1350 499 1386 ut
535 1345 734 1398 corrupti
771 1345 1032 1387 clericorum

203 1413 349 1442 mores
364 1401 710 1452 emendarentur,
731 1407 775 1444 et
789 1401 1032 1455 disciplinae

204 1456 328 1507 vigor
343 1457 668 1508 instauraretur,
683 1471 814 1510 quam
829 1459 873 1499 in
884 1459 1033 1500 Africa

205 1525 382 1565 quoque
395 1513 699 1564 collabentem,
715 1514 863 1557 habita
875 1516 1031 1557 Romae

204 1569 375 1621 synodo
428 1573 653 1621 octoginta
703 1571 1030 1624 episcoporum,

204 1626 496 1678 reparandam
515 1628 695 1669 curavit.

258 1686 306 1737 R».
332 1683 485 1724 Inveni
503 1684 649 1726 David
674 1697 849 1726 servum
874 1698 1031 1736 meum,

206 1738 306 1780 oleo
354 1745 505 1781 sancto
553 1753 652 1782 meo
697 1741 803 1782 unxi
849 1754 963 1783 eum:
1009 1743 1030 1766 *

206 1795 360 1837 Manus
394 1796 509 1838 enim
539 1810 638 1838 mea
670 1798 950 1840 auxiliabitur
980 1800 1030 1841 ei.

210 1849 257 1899 Y.
291 1851 410 1893 Nihil
435 1853 640 1905 proficiet
667 1854 865 1896 inimicus
893 1855 937 1896 in
966 1869 1030 1905 eo,

207 1912 250 1949 et
291 1908 408 1950 filius
444 1909 686 1962 iniquitatis
727 1924 815 1953 non
855 1912 1031 1954 nocebit

207 1963 256 2005 ei.
283 1964 438 2006 Manus
461 1966 584 2007 enim.

514 2030 664 2070 Lectio
686 2044 721 2069 v.

209 2081 466 2186 Innumera
493 2087 595 2124 sunt
622 2085 789 2134 cetera,
823 2098 921 2138 quae
950 2099 1032 2138 pro

265 2136 368 2179 fidei
388 2138 640 2181 defensione
658 2145 755 2182 toto
777 2141 843 2182 sui
862 2142 1032 2194 pontifi-

208 2195 331 2234 catus
352 2197 552 2247 tempore
571 2196 731 2238 invicte
749 2198 931 2250 peregit.
963 2199 985 2239 J
990 2212 1032 2240 o-

208 2249 427 2313 vinianum
453 2252 730 2303 monachum,
759 2260 923 2297 sanctae
952 2256 1034 2297 vir-

207 2306 399 2355 gmitatis
435 2308 625 2359 hostem,
669 2315 713 2351 et
750 2311 1034 2353 christianum

209 2362 446 2414 Epicl'1rum
464 2364 507 2404 in
526 2365 727 2408 Romana
746 2368 916 2419 synodo
936 2381 1035 2409 ana-

209 2417 401 2461 themate
429 2422 620 2463 confixit.
671 2423 897 2465 Bonosum
931 2438 1034 2477 quo-

211 2487 296 2526 que
310 2475 613 2519 Sardicensem
627 2481 897 2532 episcopum,
917 2482 1035 2522 Chri-

211 2531 267 2573 sti
304 2531 579 2575 divinitatem
617 2540 661 2576 et
689 2536 895 2588 Deiparae
934 2544 1036 2590 post

210 2593 386 2640 partum
431 2589 722 2639 virginitatem
771 2593 1036 2636 inficiantem

212 2643 446 2686 damnavit.
505 2646 772 2689 Manichaeos
817 2662 872 2690 ex
917 2651 1037 2692 Urbe

212 2701 375 2752 ejectos
398 2701 611 2754 imperiali
637 2703 732 2754 lege
753 2706 1037 2748 saecularibus

642 183 713 217 Dic
738 183 788 217 31.
815 183 893 216 Oct.
942 182 976 217 S.
1003 182 1129 217 Siricii
1155 182 1273 225 Papae
1298 185 1334 215 et
1359 181 1467 216 Conf.

1078 275 1226 328 poenis
1259 271 1529 316 coercendos
1565 270 1765 323 subjecit3
1809 269 1905 312 red-

1081 334 1234 373 euntes
1260 342 1367 372 vero
1395 328 1452 370 ad
1470 327 1717 369 Ecclesiam
1743 327 1789 368 in
1814 338 1905 367 mo-

1079 387 1270 429 nasteria
1294 384 1488 436 detrudi,
1516 397 1568 426 ac
1590 383 1762 425 nonnisi
1785 383 1830 424 in
1847 382 1906 423 vi-

1080 449 1138 486 tae
1166 444 1286 485 exitu
1309 442 1366 484 ad
1393 440 1744 484 communionem
1770 439 1908 492 recipi

1080 500 1230 543 voluit.

1139 566 1187 617 R.
1217 561 1352 603 Posui
1380 559 1642 613 adjutorium
1673 570 1805 611 super
1830 570 1907 611 po-

1080 620 1261 668 tentem,
1303 622 1347 659 et
1391 616 1581 659 exaltavi
1624 615 1812 657 electum
1853 614 1908 656 de

1081 675 1211 728 plebe
1247 687 1360 716 mea:
1407 680 1428 702 *
1466 673 1622 714 Manus
1657 671 1771 714 enim
1811 683 1909 712 mea

1082 731 1359 773 auxiliabitur
1397 730 1447 772 ei.
1500 731 1549 781 Y,
1578 728 1730 770 Inveni
1765 726 1910 769 David

1082 800 1256 829 servum
1288 800 1449 836 meum,
1488 785 1588 827 oleo
1623 789 1775 827 sancto
1809 796 1909 826 meo

1082 844 1186 885 unxi
1205 857 1315 886 eum.
1369 843 1523 885 Manus
1544 841 1670 884 enim.

1386 916 1537 956 Lectio
1559 916 1610 957 vi.

1169 974 1370 1026 eligionis
1388 972 1564 1016 tuendae
1584 976 1628 1014 et
1645 970 1910 1025 amplifican-

1188 1031 1258 1074 dae
1277 1030 1486 1080 studium,
1514 1027 1635 1082 quod
1654 1040 1760 1070 sane
1780 1040 1911 1080 quam

1083 1089 1323 1130 maximum
1342 1085 1614 1136 declarabat,
1640 1084 1814 1136 egregie
1838 1082 1911 1125 ad-

1084 1145 1190 1197 juvit
1216 1156 1398 1195 magnus
1423 1141 1703 1184 Theodosius
1727 1140 1912 1193 impera-

1083 1206 1171 1251 tor,
1202 1201 1277 1253 qui
1308 1213 1423 1250 cum,
1454 1199 1639 1241 sublatis
1673 1196 1913 1239 Gentilium

1085 1257 1343 1307 simulacris,
1373 1256 1639 1310 templisque
1666 1253 1912 1296 interdictis

1084 1319 1159 1356 aut
1192 1314 1374 1363 eversiS,
1416 1312 1638 1355 idolorum
1671 1311 1837 1354 cultum
1867 1323 1912 1352 o-

1084 1385 1230 1413 mnem
1250 1371 1418 1414 aboleri
1436 1372 1650 1423 jussisset,
1677 1369 1914 1412 christiana

1084 1428 1249 1480 religio,
1268 1428 1367 1481 ipso
1387 1426 1568 1469 sedente
1586 1426 1813 1477 Pontifice,
1837 1425 1914 1466 mi-

1085 1482 1206 1527 rifice
1220 1486 1468 1538 propagata
1484 1488 1561 1526 est.
1584 1482 1815 1525 Praeclaris
1829 1494 1912 1536 pro

1085 1542 1285 1584 Ecclesia
1303 1541 1477 1583 functus
1495 1539 1739 1590 laboribuS‚
1765 1538 1911 1582 editis-

1086 1612 1170 1652 que
1203 1598 1489 1640 sanctissimis
1521 1597 1707 1648 legibus,
1739 1601 1913 1650 septua-

1083 1656 1265 1708 genario
1293 1655 1431 1707 major
1459 1653 1729 1696 obdormivit
1754 1653 1800 1694 in
1824 1653 1912 1695 Do-

1083 1713 1221 1763 mino,
1258 1725 1373 1754 anno
1410 1711 1566 1753 salutis
1602 1710 1913 1752 trecentesimo

1084 1769 1368 1824 nonagesimo
1390 1770 1562 1810 octavo.
1595 1767 1718 1810 Sedit
1740 1767 1784 1808 in
1806 1780 1911 1820 pon-

1084 1826 1253 1867 tificatu
1285 1837 1423 1867 annos
1451 1823 1624 1866 circiter
1650 1823 1911 1876 quatuorde-

1086 1883 1180 1924 cim.
1207 1882 1313 1935 Ejus
1332 1895 1495 1934 corpus
1513 1894 1538 1923 e
1553 1881 1807 1924 coemeterio
1822 1881 1912 1922 Pri—

1085 1939 1220 1980 scillae
1248 1939 1320 1980 via
1346 1938 1513 1980 Salaria
1538 1938 1582 1979 in
1616 1937 1791 1980 titulum
1818 1950 1912 1979 san-

1086 2000 1170 2037 ctae
1205 1994 1418 2037 Praxedis
1460 2007 1485 2036 a
1525 1993 1727 2036 Paschali
1768 1994 1912 2047 primo

1084 2051 1344 2094 translatum
1367 2056 1445 2098 est.
1477 2051 1601 2093 Illius
1624 2063 1729 2092 vero
1753 2063 1913 2092 nomen

1086 2107 1354 2150 Benedictus
1377 2106 1573 2150 decimus
1598 2110 1779 2160 quartus
1802 2106 1912 2148 Pon-

1085 2165 1194 2206 tifex
1237 2164 1471 2214 Maximus,
1518 2164 1647 2218 plene
1692 2162 1914 2205 vindicata

1087 2222 1179 2272 ejus
1212 2220 1267 2262 ab
1301 2220 1484 2273 objectis
1515 2219 1768 2262 criminibus
1794 2219 1913 2260 inno-

1087 2277 1245 2327 centia,
1289 2277 1334 2318 in
1378 2277 1569 2319 Romani
1613 2275 1914 2329 Martyrologii

1087 2333 1262 2375 tabulas
1280 2333 1433 2375 referri
1454 2334 1588 2385 jussit.

1143 2397 1191 2447 Rg.
1216 2395 1307 2436 Iste
1327 2399 1396 2436 est
1415 2395 1501 2447 qui.

1143 2466 1185 2499 In
1210 2466 1273 2499 111.
1296 2465 1494 2498 Nocturno
1520 2464 1689 2498 Homilia
1713 2464 1753 2497 in
1770 2464 1914 2506 Evang.

1091 2513 1269 2557 Vigilate.
1295 2512 1341 2546 dc
1367 2511 1503 2546 codem
1529 2511 1672 2545 Comm.
1697 2511 1726 2545 2.
1751 2511 1848 2545 loco.

1143 2566 1243 2599 Lcct.
1262 2565 1311 2598 ix.
1336 2564 1381 2598 dc
1398 2564 1510 2598 Hom.
1527 2563 1642 2606 vigil.
1666 2563 1771 2598 Omn.
1790 2563 1914 2598 Sanct.

1092 2614 1249 2656 eiusque
1272 2623 1467 2646 commem.
1491 2612 1527 2645 in
1549 2611 1666 2644 Laud.
