2040 2944
761 192 962 227 Dominica
989 194 1014 227 1.
1041 193 1228 229 Octobris.

424 286 452 323 S
468 298 494 323 a
505 288 531 323 b
549 287 575 323 b
593 298 618 323 a
630 291 647 323 t
661 298 698 324 o.

366 346 435 385 De
453 340 567 383 libro
587 339 757 382 Esther.

250 407 403 448 Lectio
424 407 448 447 i.
710 407 813 459 Cap.
833 407 869 447 7.

238 459 400 500 ntravit
418 460 567 510 itaque
585 470 663 499 rex
685 461 729 498 et
747 457 900 506 Aman,
925 462 974 499 ut

259 514 459 557 biberent
492 528 591 556 cum
622 516 782 565 regina.
834 514 972 555 Dixit-

146 584 231 623 que
251 572 291 613 ei
308 584 386 613 rex
401 571 531 613 etiam
545 570 739 612 secunda
754 570 835 619 die,
854 575 972 622 post-

147 641 278 680 quam
292 628 394 670 vino
411 627 664 669 incaluerat:
685 628 793 678 Quae
813 633 880 668 est
899 640 972 680 pe—

145 686 241 728 titio
273 690 350 727 tua
376 683 537 726 Esther
564 689 612 725 ut
640 683 768 726 detur
793 682 896 726 tibi?
929 689 973 725 et

147 741 253 794 quid
281 741 347 783 vis
376 739 494 782 fieri?
524 741 654 782 etiam
683 741 720 781 si
749 739 973 782 dimidiam

143 803 316 851 partem
342 797 466 848 regni
492 797 578 839 mei
606 797 804 849 petieris,
838 797 971 849 impe-

143 854 292 896 trabis.
325 853 397 895 Ad
417 866 547 906 quem
566 853 640 894 illa
659 852 902 905 respondit:
927 854 972 895 Si

143 911 287 952 inveni
305 910 492 962 gratiam
511 910 555 950 in
572 909 709 952 oculis
723 910 820 959 tuis,
841 923 866 951 o
883 923 971 958 rex,

144 972 188 1009 et
206 968 243 1008 si
261 967 341 1009 tibi
355 967 510 1019 placet,
531 966 646 1008 dona
662 966 767 1007 mihi
783 967 972 1007 animam

142 1037 286 1065 meam
311 1036 392 1076 pro
421 1036 507 1075 qua
533 1036 659 1073 rogo,
689 1028 733 1064 et
758 1023 972 1076 populum

141 1093 303 1129 meum,
334 1093 416 1133 pro
447 1092 534 1132 quo
562 1080 760 1122 ebsecro.
801 1079 972 1121 Traditi

144 1137 259 1179 enim
283 1149 434 1178 sumus
459 1149 542 1187 ego
563 1142 607 1178 et
625 1137 817 1190 pepulus
836 1149 971 1186 meuS,

142 1199 190 1235 ut
209 1195 503 1243 conteramur,
527 1193 785 1245 jugulemur,
812 1198 856 1235 et
874 1205 970 1245 per-

143 1252 304 1292 eamus.
338 1251 486 1302 Atque
505 1250 672 1291 utinam
690 1250 734 1290 in
753 1262 905 1291 servos
928 1254 972 1291 et

142 1306 327 1348 famulas
347 1306 651 1348 venderemur:
678 1311 796 1348 esset
813 1306 970 1348 tolera-

142 1362 229 1406 bile
260 1362 439 1412 malum,
478 1368 522 1404 et
553 1376 732 1414 gemens
765 1365 971 1404 tacerem:

141 1432 256 1461 nunc
274 1425 420 1461 autem
434 1419 575 1461 hostis
589 1425 739 1462 noster
755 1424 831 1470 est,
851 1421 971 1472 cujus

142 1475 378 1518 crudelitas
398 1474 617 1518 redundat
636 1477 680 1517 in
698 1489 858 1528 regem.

192 1536 244 1588 Rt·
269 1533 364 1575 Nos
385 1532 517 1574 alium
536 1533 690 1575 Deum.
710 1534 797 1575 157.

450 1591 601 1633 Lectio
621 1592 660 1632 ii.

224 1646 566 1698 espondensque
612 1658 691 1687 rex
735 1646 970 1696 AssueruS,

246 1703 322 1745 ait:
350 1703 456 1753 Quis
476 1707 544 1744 est
562 1703 661 1752 iste,
690 1707 733 1744 et
756 1703 876 1754 cujus
894 1715 971 1755 po-

141 1759 309 1809 tentiae,
334 1764 384 1800 ut
405 1759 502 1800 haec
525 1759 686 1801 audeat
704 1757 871 1800 facere?
896 1759 969 1800 Di-

141 1817 294 1868 xitque
318 1815 492 1857 Esther:
522 1815 678 1857 Hostis
703 1820 747 1857 et
771 1816 970 1857 inimicus

140 1877 292 1913 noster
330 1872 550 1924 pessimus
590 1872 673 1914 iste
714 1877 781 1914 est
816 1873 969 1913 Aman.

142 1927 273 1978 Quod
291 1928 364 1969 ille
384 1928 577 1979 audiens,
596 1929 712 1970 illico
729 1929 969 1982 obstupuit,

140 1984 311 2026 vultum
335 1986 451 2036 regis
479 1998 530 2027 ac
556 1988 719 2037 reginae
744 1986 857 2027 ferre
881 1999 969 2028 non

141 2041 373 2083 sustinens
415 2042 512 2084 Rex
540 2048 686 2084 autem
712 2042 848 2084 iratus
878 2055 968 2084 sur-

141 2098 270 2147 rexit,
303 2103 347 2140 et
373 2097 428 2140 de
453 2098 553 2140 loco
581 2099 769 2140 convivii
792 2098 970 2146 intravit

140 2154 186 2194 in
234 2154 410 2197 hortum
460 2155 690 2197 arboribus
741 2156 969 2197 censitum.

140 2211 284 2252 Aman
309 2224 484 2264 quoque
511 2213 699 2254 surrexit
721 2217 770 2253 ut
793 2214 970 2264 rogaret
1028 2222 1037 2262 ζ,
1063 2203 1130 2223 ’

140 2267 301 2309 Esther
319 2270 515 2319 reginam
532 2281 615 2321 pro
635 2269 778 2310 anima
797 2281 890 2318 sua,
908 2269 967 2309 in-

140 2323 308 2366 tellexit
333 2325 448 2366 enim
480 2338 506 2366 a
528 2337 632 2376 rege
657 2325 739 2366 sibi
765 2327 969 2378 paratum

139 2381 314 2422 malum.

194 2441 243 2492 Rt·
269 2437 481 2479 Conferta
498 2451 568 2479 me
587 2438 696 2479 Rex.
717 2437 805 2478 155.

442 2498 592 2538 Lectio
612 2496 666 2536 iii.

223 2550 268 2591 ui
286 2563 386 2591 cum
404 2552 605 2592 reversus
625 2554 742 2592 esset
761 2548 816 2591 de
836 2549 965 2591 horto

241 2606 494 2648 nemoribus
526 2606 713 2656 consito,
746 2611 788 2648 et
813 2606 966 2647 intras—

141 2666 208 2703 set
232 2663 420 2704 convivii
444 2663 607 2712 locum,
638 2663 816 2732 reperit
824 2662 967 2703 Aman

139 2731 271 2770 super
299 2718 510 2761 lectulum
537 2722 772 2770 corruisse,
804 2719 848 2760 in
878 2731 965 2772 quo

1025 288 1193 339 jacebat
1216 289 1390 339 Esther,
1416 295 1458 331 et
1478 291 1552 331 ait:
1580 290 1723 332 Etiam
1742 293 1850 341 regi-

1025 357 1126 385 nam
1141 345 1233 387 vult
1253 348 1513 398 opprimere,
1532 359 1602 388 me
1621 349 1851 399 praesente,

1025 401 1070 441 in
1090 399 1223 443 domo
1240 415 1347 443 mea.
1375 402 1575 444 Necdum
1595 403 1777 444 verbum
1797 403 1852 445 de

1027 469 1103 498 ore
1136 459 1249 509 regis
1281 461 1461 508 exierat,
1495 464 1537 500 et
1570 459 1716 501 statim
1749 473 1849 512 ope-

1026 515 1205 555 ruerunt
1222 514 1379 555 faciem
1398 515 1498 565 ejus.
1518 515 1727 567 Dixitque
1740 516 1850 556 Har-

1026 569 1157 619 bena‚
1183 583 1294 611 unus
1323 569 1377 612 de
1406 571 1633 621 eunuchis,
1664 572 1738 624 qui
1766 577 1849 613 sta-

1026 625 1132 668 bant
1148 627 1191 667 in
1205 627 1444 668 ministerio
1458 628 1585 678 regis:
1599 628 1666 668 En
1676 629 1850 679 lignum,

1028 682 1147 735 quod
1179 686 1412 735 paraverat
1439 683 1737 734 Mardocha'eo,
1775 686 1850 737 qui

1025 739 1199 781 locutus
1219 745 1286 781 est
1304 753 1386 792 pro
1406 753 1523 791 rege,
1548 746 1634 782 stat
1652 741 1696 781 in
1716 740 1848 783 domo

1025 796 1178 845 Aman,
1198 796 1363 838 habens
1383 796 1623 839 altitudinis
1641 798 1848 850 quinqua-

1024 855 1143 902 ginta
1169 853 1354 895 cubitos.
1401 853 1481 894 Cui
1507 853 1616 895 dixit
1640 867 1733 895 rex:
1760 855 1848 907 Ap-

1024 908 1203 961 pendite
1230 923 1329 951 eum
1354 911 1397 950 in
1418 923 1481 952 eo.
1518 911 1764 963 Suspensus
1785 917 1850 953 est

1023 968 1174 1018 itaque
1195 967 1336 1008 Aman
1356 968 1400 1008 in
1419 967 1616 1020 patibulo
1638 967 1757 1020 quod
1776 981 1848 1020 pa-

1024 1025 1198 1065 raverat
1229 1023 1530 1066 Mardocha'eo:
1563 1030 1607 1066 et
1639 1025 1755 1075 regis
1786 1025 1850 1065 ira

1025 1080 1199 1132 quievit.

1078 1144 1129 1196 R.
1154 1141 1288 1193 Spem
1306 1142 1350 1182 in
1370 1141 1512 1182 alium.
1531 1142 1619 1183 156.

1301 1254 1328 1290 S
1348 1266 1373 1290 a
1390 1255 1415 1291 b
1433 1255 1458 1290 b
1477 1266 1502 1291 a
1518 1259 1535 1290 t
1552 1266 1576 1291 o

1130 1314 1216 1344 unte
1241 1309 1483 1343 Dominicum
1507 1309 1533 1342 l.
1560 1308 1747 1343 Octobris

1076 1362 1147 1402 Ad
1167 1361 1339 1412 Magnis.
1370 1363 1468 1402 Ant.
1504 1358 1742 1411 Adaperiat
1760 1360 1847 1401 Do-

1021 1416 1163 1457 minus
1186 1417 1210 1443 *
1232 1428 1308 1457 cor
1336 1420 1532 1456 vestrum
1559 1415 1603 1455 in
1630 1415 1726 1466 lege
1756 1429 1848 1465 sua,

1023 1478 1066 1514 et
1091 1473 1134 1513 in
1158 1472 1394 1525 praeceptis
1418 1473 1523 1522 suis,
1552 1477 1595 1513 et
1620 1472 1751 1514 faciat
1775 1485 1847 1525 pa-

1022 1542 1119 1571 cem
1135 1529 1350 1570 Deminus
1371 1529 1492 1570 Deus
1511 1534 1671 1571 noster.

1077 1586 1126 1635 V.
1167 1585 1429 1637 Vespertina
1466 1586 1607 1627 oratio
1641 1585 1849 1627 ascendat

1022 1642 1079 1684 ad
1110 1647 1153 1683 te
1185 1642 1385 1683 Domine.
1427 1645 1476 1695 lxffv.
1516 1642 1573 1683 Et
1611 1641 1849 1684 descendat

1022 1711 1155 1752 super
1173 1711 1254 1739 nos
1273 1698 1573 1740 misericerdia
1593 1703 1680 1739 tua.

1291 1773 1469 1795 mmmm,
1554 1783 1577 1785 1

1126 1827 1401 1877 Dominiea
1423 1827 1462 1877 I.
1487 1827 1740 1878 Octobris.

1263 1909 1312 1947 In
1333 1910 1362 1947 Ι.
1384 1909 1606 1948 Nocturno.

1093 1968 1252 2021 Incipit
1276 1967 1386 2009 liber
1410 1967 1576 2020 primus
1600 1967 1772 2009 Macha-

1332 2023 1540 2066 bae6rum.

1126 2091 1278 2132 Lectio
1299 2090 1323 2130 i.
1595 2089 1696 2141 Cap.
1715 2091 1743 2128 1.

1030 2168 1038 2204 Ἴ,
1129 2159 1155 2196 t
1182 2155 1344 2196 factum
1372 2158 1455 2204 est,
1483 2158 1720 2207 postquam
1747 2165 1843 2206 per-

1164 2211 1300 2252 cussit
1352 2209 1605 2252 Alexander
1653 2209 1846 2262 Philippi

1024 2265 1130 2290 ssffl*
1162 2267 1364 2317 Macedo,
1402 2267 1475 2319 qui
1501 2267 1667 2319 primus
1695 2268 1845 2316 regna-

1019 2325 1082 2366 vit
1114 2324 1158 2364 in
1188 2323 1376 2373 Graecia,
1415 2324 1614 2374 egressus
1647 2322 1702 2364 de
1729 2327 1845 2364 terra

1021 2380 1205 2431 Cethim‚
1233 2381 1415 2422 Darium
1432 2391 1581 2431 regem
1599 2380 1844 2428 Persarum,

1019 2442 1063 2478 et
1115 2435 1360 2478 Mederum:
1415 2435 1640 2477 constituit
1693 2434 1845 2487 praelia

1018 2492 1172 2542 multa,
1201 2497 1244 2534 et
1273 2491 1460 2534 obtinuit
1489 2491 1682 2533 emnium
1708 2490 1842 2532 muni-

1017 2551 1177 2599 tiones,
1215 2554 1258 2591 et
1291 2548 1509 2589 interfecit
1542 2561 1668 2599 reges
1701 2552 1841 2596 terrae,

1019 2611 1063 2647 et
1090 2605 1342 2658 pertransiit
1369 2617 1508 2657 usque
1536 2604 1593 2646 ad
1623 2604 1733 2645 fines
1759 2608 1840 2644 ter-

1018 2675 1096 2704 rae:
1123 2667 1167 2704 et
1195 2661 1365 2714 accepit
1394 2661 1535 2714 spolia
1555 2657 1841 2702 multitudinis

1017 2719 1236 2761 Gentium:
1277 2723 1321 2760 et
1357 2717 1475 2760 siluit
1510 2723 1627 2760 terra
1661 2716 1705 2756 in
1739 2726 1839 2756 con-
