2040 2944
602 165 673 198 Die
698 166 731 198 S.
757 164 947 198 Octobris.
994 163 1029 198 S.
1055 163 1232 206 Birgittae
1258 163 1406 197 Viduas.

154 265 316 315 mundi,
341 269 384 307 et
405 266 701 318 pervenerunt
725 261 782 304 ad
801 262 984 315 praemia

154 322 293 373 regni,
326 326 370 364 et
400 321 602 362 laverunt
634 319 774 361 stolas
805 332 907 361 suas
939 319 984 360 in

155 378 364 429 sanguine
393 378 518 429 Agni.

204 429 255 482 ΥΤ.
280 434 512 476 Laetamini
536 434 581 474 in
605 433 812 482 Domino,
841 436 886 473 et
913 444 983 473 ex-

154 492 315 533 sultate
342 491 454 543 justi.
498 490 549 541 Rz.
578 490 636 531 Et
662 488 909 541 gloriamini
940 501 983 529 o-

154 561 278 589 mnes
306 548 415 589 recti
444 546 589 589 corde.

487 603 651 644 Oratio.

155 655 454 764 Sanctorum
506 659 750 711 Martyrum
805 659 986 698 tuorum

251 729 332 758 nos
368 716 573 766 Domine,
609 715 764 767 sergii,
810 713 985 763 Bacchi,

154 773 351 815 Marcelli
382 778 426 815 et
457 772 632 825 Apuleji
663 771 794 814 beata
830 770 986 811 merita

154 832 496 883 prosequamur:
531 834 575 870 et
606 833 684 870 tuo
718 840 894 880 semper
926 827 984 868 fa-

156 887 272 929 ciant
299 888 448 928 amore
477 885 708 927 ferventes.
747 885 833 926 Per
858 884 986 925 Dfim.

457 947 609 988 Lectio
630 946 684 986 iii.

176 1040 181 1053 τ
204 1013 238 1051 1„
270 1012 398 1041 arcus
423 1000 666 1047 Romanus,
696 998 986 1039 Constantino

178 1063 190 1083 (ἲ
210 1055 236 1093 's‘
287 1069 446 1107 magno
475 1056 744 1108 imperatore
772 1053 986 1102 Pontifex,

155 1113 342 1155 instituit
368 1118 417 1154 ut
442 1114 679 1165 episcopus
706 1110 933 1159 Ostiensis,
962 1122 988 1150 a

158 1182 246 1221 quo
275 1170 501 1210 Romanus
529 1168 732 1210 Pontifex
760 1167 986 1209 consecra-

156 1231 242 1276 tur,
268 1225 404 1278 pallio
432 1227 640 1267 uteretur.
680 1224 802 1266 Duas
829 1223 987 1265 Romae

156 1282 362 1324 basilicas
407 1281 661 1331 aedificavit,
716 1281 900 1322 alteram
943 1279 988 1319 in

157 1339 288 1389 Urbe,
308 1339 491 1381 alteram
511 1338 583 1380 via
602 1337 857 1380 Ardeatina:
879 1348 988 1389 quas

158 1397 472 1439 Constantinus
500 1400 669 1443 auctas,
699 1394 868 1445 magnis
896 1406 986 1433 mu-

156 1448 334 1491 neribus
359 1448 597 1489 exornavit.
630 1447 756 1490 Vixit
777 1447 822 1487 in
845 1445 986 1498 ponti-

158 1506 291 1548 ficatu
325 1516 499 1546 menses
537 1509 657 1554 octo,
699 1502 988 1556 sepultusque

160 1567 227 1605 est
253 1563 298 1603 in
326 1561 582 1603 coemeterio
608 1559 820 1602 Balbinae.

212 1620 274 1660 Te
292 1619 437 1660 Deum
454 1616 695 1659 laudamus.
713 1617 774 1657 14.

213 1675 285 1717 Ad
304 1674 440 1716 Laud.
469 1675 568 1714 Ant.
588 1673 709 1724 Euge
729 1685 855 1714 serve
873 1671 990 1714 bone

160 1735 205 1774 et
222 1730 378 1781 fidelis,
405 1731 508 1783 quia
525 1731 569 1772 in
586 1742 729 1784 pauca
747 1729 866 1770 fuisti
885 1728 989 1770 fide-

159 1788 226 1838 lis,
251 1800 385 1840 supra
403 1787 542 1830 multa
563 1792 608 1829 te
629 1788 904 1835 constituam,
928 1784 988 1826 di-

162 1844 221 1886 cit
239 1844 468 1885 Dominus.

213 1900 264 1949 V.
281 1900 306 1941 J
307 1905 451 1942 ustum
476 1899 658 1942 deduxit
676 1898 892 1940 Dominus
911 1910 991 1950 per

162 1957 254 1999 vias
279 1962 434 1999 rectas.
469 1957 520 2009 Rz.
539 1957 597 1998 Et
623 1955 816 1998 ostendit
841 1955 904 1996 illi
926 1967 990 1997 re-

161 2027 294 2066 gnum
311 2014 408 2055 Dei.

213 2067 261 2102 Et
285 2066 325 2102 fit
350 2077 546 2101 commem.
571 2065 627 2100 Ss.
653 2065 761 2099 Mart.

215 2115 314 2156 Ant.
334 2115 483 2158 Vestri
499 2116 646 2170 capilli
661 2114 819 2170 eapitis
838 2128 991 2158 omnes

161 2174 378 2216 numerati
398 2178 514 2215 sunt:
539 2173 676 2215 nolite
695 2173 867 2215 timere:
885 2172 992 2214 mul-

271 2230 491 2272 asseribus
510 2229 717 2271 meliores
736 2229 842 2271 estis
861 2242 953 2271 vos.

259 2314 265 2321 -
288 2286 585 2328 Exsultabunt
609 2285 749 2327 sancti
772 2285 817 2326 in
840 2285 992 2337 gloria.

164 2344 216 2397 Bi.
231 2342 519 2385 Laetabuntur
538 2342 582 2383 in
603 2341 819 2385 cubilibus
838 2341 939 2383 suis.

217 2399 382 2442 Oratio.
410 2399 683 2441 Sanctorum.
707 2404 753 2440 ut
773 2412 916 2451 supra.

387 2486 471 2527 Die
490 2487 528 2526 8.
549 2485 768 2528 Octobris.

327 2550 371 2592 S.
398 2550 632 2601 Birgittae
656 2550 827 2591 Viduae.

496 2607 660 2651 Duplex.

223 2655 358 2689 Omnia
388 2655 435 2690 de
465 2655 669 2690 Communi
696 2665 766 2688 nec
791 2654 896 2695 virg.
923 2663 993 2687 nee

161 2231 219 2272 tis

94 2720 96 2723 >
168 2704 275 2738 Mart.
300 2702 374 2746 [99]
399 2708 540 2746 praeter
564 2714 669 2747 sequ.

1371 259 1535 299 Oratio.

1127 318 1272 361 omine
1291 318 1413 360 Deus
1437 322 1599 367 noster,
1625 317 1700 369 qui
1722 317 1866 359 beatae

1153 375 1353 426 Birgittae
1368 387 1448 427 per
1463 374 1621 415 Filium
1638 379 1762 415 tuum
1777 374 1866 414 uni-

1036 431 1232 483 genitum
1264 433 1435 473 secreta
1467 430 1665 472 coelestia
1702 430 1866 471 revela-

1037 488 1107 530 sti:
1133 488 1272 540 ipsius
1290 487 1365 540 pia
1382 487 1698 528 intercessione
1718 486 1775 528 da
1793 499 1867 528 no-

1036 544 1105 587 bis
1120 543 1292 585 famulis
1308 544 1407 593 tuis,
1422 544 1465 584 in
1476 543 1744 585 revelatione
1760 556 1867 584 sem-

1036 601 1222 653 piternae
1259 600 1413 651 gloriae
1447 605 1536 641 tuae
1573 599 1765 651 gaudere
1796 599 1868 640 lae-

1038 659 1194 700 tantes.
1221 658 1306 699 Per
1325 656 1530 699 eumdem
1549 657 1798 699 Dominum.

1091 723 1134 757 In
1166 723 1191 757 Ι.
1224 722 1425 756 Nocturno
1460 722 1662 756 Lectiones
1696 723 1742 756 dc
1773 722 1870 756 Scri—

1040 776 1153 815 ptura
1179 775 1412 805 occurrente.

1269 829 1317 867 In
1340 828 1391 866 ΙΙ.
1415 827 1638 866 Nocturno.

1345 889 1497 929 Lectio
1519 889 1571 929 iv.

1044 949 1062 961 '³
1144 943 1301 993 irgitta
1319 942 1364 982 in
1383 941 1540 982 Suecia
1564 940 1808 982 illustribus
1829 947 1873 983 et

1044 995 1061 1059 J
1076 994 1147 1063 ἢ
1168 999 1254 1052 piis
1278 998 1536 1052 parentibus
1557 1003 1666 1047 orta,
1692 1000 1872 1039 sanctis-

1045 1047 1121 1082 ’ἓὲ
1169 1056 1278 1097 sime
1323 1055 1443 1097 vixit.
1499 1055 1608 1096 Cum
1646 1054 1790 1096 adhuc
1829 1055 1874 1095 in

1040 1117 1167 1155 utero
1192 1114 1450 1164 gestaretur,
1474 1125 1500 1153 a
1522 1111 1752 1162 naufragio
1772 1124 1872 1164 pro-

1039 1176 1139 1224 pter
1159 1183 1256 1212 eam
1275 1174 1416 1211 mater
1431 1171 1583 1221 erepta
1600 1173 1676 1210 est.
1705 1168 1873 1210 Decen-

1040 1228 1108 1268 nis
1133 1231 1237 1280 post
1259 1225 1458 1267 auditum
1484 1225 1539 1266 de
1558 1225 1766 1277 passione
1785 1225 1873 1266 Do-

1040 1285 1146 1326 mini
1183 1285 1450 1333 sermonem,
1496 1282 1697 1334 sequenti
1742 1287 1872 1323 nocte

1041 1342 1065 1382 J
1068 1355 1192 1383 esum
1218 1340 1263 1381 in
1291 1352 1436 1389 cruce,
1470 1339 1638 1380 recenti
1665 1338 1874 1389 sanguine

1041 1398 1280 1452 perfusum,
1304 1396 1424 1447 vidit,
1452 1400 1496 1438 et
1520 1395 1575 1437 de
1601 1395 1757 1437 eadem
1776 1408 1873 1448 pas-

1042 1456 1165 1496 sione
1199 1467 1349 1495 secum
1380 1453 1646 1504 loquentem.
1689 1453 1786 1502 Quo
1821 1464 1876 1493 ex

1041 1513 1244 1564 tempore
1280 1511 1324 1551 in
1358 1508 1555 1561 ejusdem
1589 1507 1876 1550 meditatione

1040 1569 1103 1610 ita
1117 1567 1403 1616 afficiebatur,
1423 1571 1471 1607 ut
1491 1564 1546 1607 de
1567 1578 1618 1606 ea
1638 1565 1731 1606 sine
1751 1565 1875 1606 lacri-

1041 1626 1124 1666 mis
1164 1624 1359 1675 cogitare
1397 1622 1606 1674 deinceps
1637 1634 1877 1673 numquam

1041 1686 1205 1735 posset.

1097 1741 1148 1791 R.
1179 1738 1371 1789 Propter
1403 1736 1651 1785 veritatem,
1688 1739 1732 1776 et
1758 1747 1876 1775 man-

1043 1794 1335 1843 suetudinem,
1361 1797 1405 1834 et
1430 1792 1654 1844 justitiam:
1679 1795 1703 1818 *
1722 1791 1780 1833 Et
1804 1789 1875 1832 de-

1043 1851 1177 1894 ducet
1208 1856 1253 1893 te
1284 1849 1542 1891 mirabiliter
1576 1848 1760 1890 dextera
1789 1852 1876 1889 tua.

1047 1903 1097 1956 V.
1119 1907 1277 1961 Specie
1295 1911 1373 1948 tua
1393 1910 1435 1947 et
1453 1904 1782 1958 pulchritudine
1799 1908 1876 1945 tua

1041 1963 1237 2014 intende,
1265 1965 1482 2016 prospere
1505 1961 1716 2014 procede,
1746 1965 1790 2003 et
1812 1973 1876 2001 re-

1043 2034 1139 2074 gna.
1164 2021 1223 2063 Et
1243 2019 1445 2062 deducet.

1357 2077 1508 2118 Lectio
1530 2090 1567 2116 v.

1136 2133 1243 2175 lfoni
1255 2132 1446 2174 Nericiae
1465 2131 1654 2184 principi
1672 2130 1717 2171 in
1731 2130 1877 2171 matri-

1165 2190 1362 2231 monium
1375 2187 1549 2238 tradita,
1568 2187 1712 2228 virum
1730 2187 1877 2239 ipsum

1045 2248 1103 2290 ad
1121 2246 1300 2300 pietatis
1321 2245 1476 2294 officia,
1495 2249 1590 2286 tum
1607 2243 1786 2297 optimis
1806 2256 1876 2285 ex-

1046 2303 1214 2357 emplis,
1239 2307 1333 2344 tum
1356 2300 1610 2343 efficacibus
1635 2299 1783 2342 verbis
1804 2299 1876 2341 ad-

1045 2361 1224 2403 hortata
1238 2364 1317 2401 est.
1342 2360 1395 2400 In
1408 2358 1600 2399 filiorum
1615 2357 1877 2399 educatione

1046 2417 1257 2471 piissima;
1292 2413 1580 2468 pauperibus,
1613 2418 1657 2456 et
1687 2411 1878 2459 maxime

1045 2473 1244 2523 infirmiS,
1273 2471 1407 2513 domo
1436 2470 1493 2512 ad
1519 2470 1567 2512 id
1593 2469 1788 2511 muneris
1815 2468 1876 2510 di-

1047 2533 1156 2579 cata,
1182 2527 1452 2570 inserviebat
1479 2539 1611 2580 quam
1639 2526 1876 2577 diligentis-

1047 2587 1172 2637 sime,
1202 2585 1378 2626 illorum
1403 2582 1543 2637 pedes
1571 2583 1702 2625 solita
1728 2583 1877 2624 lavare

1049 2648 1093 2685 et
1119 2641 1320 2684 osculari.
1358 2640 1468 2682 Cum
1495 2645 1642 2682 autem
1665 2651 1752 2680 una
1779 2650 1877 2678 cum

1048 2700 1143 2742 viro
1171 2710 1252 2740 suo
1276 2695 1440 2739 rediret
1465 2694 1776 2750 Compostella,
1801 2692 1878 2735 ubi
