2040 2944
632 187 703 221 Die
728 188 779 222 26.
804 189 903 224 Nov.
951 190 985 224 S.
1010 190 1188 225 Silvestri
1212 192 1388 226 Abbatis.

459 281 612 323 Lectio
634 283 686 322 ix.

155 332 271 438 Iste
290 337 437 376 autem
457 334 600 388 junior
617 347 706 375 non
724 338 791 376 est
810 334 983 385 oblitus,

231 390 333 443 quia
362 403 452 432 non
488 403 613 432 suam
643 391 784 433 voluit
820 390 984 433 habere

150 447 376 500 justitiam,
409 446 489 489 sed
516 447 617 498 Dei;
650 446 706 489 de
739 460 826 499 qua
852 448 984 489 etiam

151 517 267 546 nunc
290 503 411 546 dicit:
435 504 461 544 J
462 504 611 546 ustitia
634 508 726 553 tua,
752 504 915 556 justitia
940 505 985 544 in

152 562 377 602 aeternum.
403 560 593 613 Propter
607 559 721 602 hanc
739 573 898 613 passus
918 566 985 602 est

150 617 507 670 persecutionem
530 617 672 668 junior
691 630 716 658 a
734 618 911 669 majore,
937 622 986 659 ut

152 672 318 715 diceret
339 673 480 725 junior
505 672 626 725 quod
652 674 864 726 sequitur:
890 674 983 715 Tri-

150 729 318 772 bulatio
365 735 409 772 et
444 730 686 772 necessitas
725 731 985 772 invenerunt

150 799 237 838 me3
274 786 483 829 mandata
513 791 590 828 tua
621 786 850 829 meditatio
887 799 984 829 mea

152 847 230 884 est.
270 843 477 894 saeviant,
508 846 845 896 persequentum
880 843 984 886 dum

150 905 299 942 tamen
312 899 521 942 mandata
535 900 621 942 Dei
635 913 724 942 non
738 900 984 953 relinquan-

149 960 232 1006 tur,
252 961 297 998 et
316 969 372 998 ex
390 957 500 1009 ipsis
519 956 739 998 mandatis
759 957 891 999 etiam
912 958 985 1010 qui

150 1013 337 1055 saeviunt
352 1012 598 1064 diligantur.
630 1014 909 1056 Intellectum
929 1014 985 1056 da

149 1069 265 1120 mihi,
290 1074 334 1111 et
351 1070 508 1112 vivam.
540 1070 819 1112 Intellectum
838 1072 985 1123 poscit

149 1126 233 1168 iste
262 1127 421 1178 junior,
451 1139 583 1179 quem
611 1127 649 1167 si
676 1139 765 1168 non
790 1127 984 1179 haberet,

150 1195 240 1224 non
285 1195 419 1236 super
468 1183 665 1225 seniores
710 1184 984 1235 intelligeret.

150 1238 239 1281 Sed
266 1252 367 1281 eum
389 1240 537 1292 poscit
559 1240 604 1282 in
630 1240 913 1283 tribulatione
940 1247 984 1283 et

148 1296 431 1347 necessitate,
474 1309 563 1349 quo
597 1297 814 1348 intelligat
850 1310 983 1350 quam

149 1352 206 1393 sit
239 1352 610 1396 contemnendum
648 1354 770 1406 quod
807 1354 847 1396 ei
882 1367 982 1408 pos-

148 1413 251 1450 sunt
274 1409 446 1451 auferre
468 1412 787 1462 persequentes
810 1410 982 1460 inimici,

149 1477 175 1506 a
194 1465 355 1517 quibus
371 1479 419 1508 se
435 1465 543 1508 dicit
558 1479 655 1508 esse
671 1468 983 1519 contemptum.

201 1526 264 1567 Te
282 1526 428 1568 Deum
445 1527 688 1570 laudamus.
707 1529 767 1568 14.

334 1620 418 1663 Die
435 1622 503 1662 26.
521 1620 799 1663 Novembris.

243 1685 414 1727 Sancti
433 1685 666 1726 Silvestri
686 1684 884 1725 Abbatis.

480 1744 645 1788 Duplex.

200 1799 337 1835 Omnia
371 1801 418 1835 de
450 1802 595 1836 Comm.
624 1803 733 1837 Cont'.
762 1813 839 1837 non
870 1802 978 1837 Pont.

147 1846 217 1891 [67]
241 1853 382 1892 praeter
406 1851 618 1893 sequentia.

487 1902 650 1944 Oratio.

146 1951 437 2056 Intercessio
469 1970 567 2008 nos,
606 1959 858 2010 quaesumus
889 1958 977 1999 Do-

225 2012 361 2065 mine,
396 2013 518 2056 beati
554 2014 753 2056 Silvestri
790 2013 978 2058 Abbatis

147 2069 442 2112 commendet:
467 2075 530 2122 ut,
558 2069 679 2122 quod
704 2070 866 2112 nostris
891 2071 977 2111 me-

146 2125 240 2166 ritis
266 2138 354 2166 non
378 2126 586 2177 valemus,
613 2127 704 2179 ejus
730 2126 976 2179 patrocinio

145 2184 444 2234 assequemur.
471 2184 556 2225 Per
574 2183 823 2225 Dominum.

197 2241 243 2274 Et
266 2242 305 2274 fit
327 2243 484 2275 comem.
505 2242 539 2275 S.
556 2242 659 2275 Petri
685 2242 753 2284 Ep.
773 2242 877 2275 Mart.
902 2243 976 2277 463.

196 2297 240 2330 In
271 2297 295 2331 I.
327 2298 527 2331 Nocturno
559 2298 763 2331 Lectiones
800 2298 846 2330 de
878 2297 975 2331 Scri-

145 2348 257 2387 ptura
284 2350 519 2379 occurrente.

378 2410 426 2448 In
448 2410 499 2448 II.
521 2410 745 2449 Nocturno.

448 2474 601 2514 Lectio
622 2474 674 2512 iv.

149 2590 153 2598 ι
177 2579 240 2600 ,πμ-(4

168 2642 196 2675 ²²³⁷
261 2650 387 2691 rilem
406 2652 584 2692 aetatem
603 2649 759 2691 litteris
778 2660 830 2689 ac
847 2647 975 2689 bonis

143 2705 340 2747 moribus
367 2706 550 2748 mirifice
579 2705 819 2747 exornavit.
858 2702 973 2745 Ado-

149 2537 434 2587 slilvesten
458 2537 636 2578 Auximi
654 2538 697 2577 in
717 2537 880 2577 Piceno
900 2538 974 2577 no·
1008 2566 1010 2570 .

1779 187 1869 232 [323]

1037 279 1207 322 lescens
1231 280 1478 322 Bononiam
1501 281 1558 322 ad
1582 282 1728 324 studia
1751 283 1869 335 juris-

1037 337 1284 389 prudentiae
1302 338 1463 378 missus
1483 350 1508 379 a
1527 343 1665 391 patre,
1685 352 1785 381 cum
1804 353 1869 381 sa-

1039 393 1123 434 cris
1141 393 1297 435 litteris
1314 406 1339 434 a
1353 393 1451 435 Deo
1466 395 1659 436 monitus
1674 394 1871 438 dedisset

1039 451 1229 501 operam,
1255 450 1450 502 parentis
1473 450 1655 492 incurrit
1674 450 1869 502 indigna-

1037 505 1217 555 tionem,
1259 518 1390 558 quam
1426 519 1556 558 aequo
1594 507 1740 549 animo
1772 513 1868 550 toto

1039 561 1251 603 decennio
1292 562 1482 614 pertulit.
1538 562 1607 604 Ob
1648 564 1869 615 egregiam

1039 619 1129 670 ejus
1161 618 1370 660 virtutem
1405 631 1430 659 a
1467 619 1687 661 canonicis
1725 619 1869 661 cathe-

1039 673 1175 715 dralis
1203 673 1465 716 Auximanae
1496 675 1695 717 ecclesiae
1723 677 1869 718 socius

1038 730 1218 771 honoris
1238 730 1404 772 electus
1424 736 1508 781 est3
1526 731 1570 771 in
1587 744 1675 784 quo
1689 735 1869 774 munere

1038 786 1205 839 populo
1248 787 1540 837 orationibus,
1584 788 1788 841 exemplo
1826 794 1870 830 et

1039 843 1325 885 concionibus
1354 855 1486 896 opem
1513 844 1623 885 tulit.

1092 904 1141 955 R.
1167 900 1417 941 Honestum
1444 900 1549 942 fecit
1576 900 1698 942 illum
1716 902 1865 942 Domi-

1037 970 1130 1007 nus,
1156 961 1199 999 et
1219 957 1458 999 custodivit
1478 970 1578 999 eum
1597 957 1653 999 ab
1672 958 1867 1008 inimicis,

1040 1018 1082 1055 et
1110 1027 1136 1055 a
1162 1013 1470 1055 seductoribus
1498 1015 1658 1056 tutavit
1683 1014 1821 1056 illum:
1842 1020 1864 1045 *

1038 1071 1095 1111 Et
1123 1070 1247 1112 dedit
1277 1070 1338 1111 illi
1368 1071 1615 1112 claritatem
1647 1073 1868 1112 aeternam.

1037 1124 1087 1176 V.
1119 1127 1292 1168 Justum
1325 1126 1510 1169 deduxit
1540 1127 1755 1168 Dominus
1787 1140 1867 1180 per

1037 1183 1131 1224 vias
1151 1188 1310 1233 rectas,
1331 1188 1374 1225 et
1394 1183 1588 1226 ostendit
1606 1183 1667 1224 illi
1685 1196 1867 1234 regnum

1036 1240 1131 1281 Dei.
1159 1240 1216 1281 Et
1235 1239 1369 1281 dedit.

1348 1298 1497 1338 Lectio
1525 1312 1560 1336 v.

1084 1357 1182 1394 nter
1206 1353 1334 1394 funus
1361 1352 1520 1394 nobilis
1546 1352 1771 1404 cujusdam
1795 1352 1866 1394 de-

1114 1409 1269 1459 functi,
1305 1409 1349 1449 in
1387 1411 1541 1460 aperto
1579 1408 1749 1450 tumulo
1782 1409 1865 1450 for-

1035 1466 1149 1507 mosi
1172 1465 1254 1507 viri
1279 1467 1433 1517 suique
1459 1465 1699 1517 propinqui
1725 1464 1865 1506 defor-

1034 1535 1104 1563 me
1132 1521 1323 1563 cadaver
1349 1522 1644 1574 conspiciens:
1670 1522 1780 1572 Ego,
1807 1522 1865 1562 in-

1036 1579 1145 1631 quit,
1169 1591 1281 1628 sum,
1307 1577 1427 1630 quod
1445 1577 1516 1619 hic
1534 1577 1631 1627 fuit3
1656 1577 1777 1629 quod
1796 1578 1866 1619 hic

1036 1639 1117 1684 est,
1142 1646 1224 1685 ego
1246 1646 1333 1675 ero.
1370 1634 1428 1675 Et
1450 1646 1569 1683 mox,
1594 1636 1778 1686 peraeto
1801 1634 1863 1675 fu-

1033 1703 1153 1740 nere,
1184 1690 1259 1731 illa
1285 1690 1370 1731 sibi
1396 1689 1575 1730 Domini
1607 1691 1864 1731 occurrente

1033 1747 1263 1788 sententia:
1282 1747 1367 1797 Qui
1385 1746 1479 1788 vult
1493 1748 1642 1787 venire
1661 1750 1765 1798 post
1782 1758 1863 1796 me,

1033 1803 1220 1854 abneget
1239 1804 1536 1855 semetipsum,
1560 1807 1604 1844 et
1622 1802 1750 1844 tollat
1770 1815 1861 1843 cru-

1033 1872 1129 1901 cem
1148 1872 1282 1909 suam,
1307 1863 1351 1900 et
1370 1860 1579 1910 sequatur
1598 1870 1679 1907 me,
1698 1858 1742 1898 in
1761 1858 1860 1899 soli-

1031 1916 1228 1957 tudinem
1258 1915 1435 1968 majoris
1462 1914 1745 1967 perfectionis
1774 1918 1860 1956 stu-

1030 1972 1106 2014 dio
1125 1972 1319 2021 secessit,
1341 1971 1491 2023 ibique
1510 1970 1679 2021 vigiliis,
1700 1971 1859 2012 oratio-

1030 2028 1158 2070 nibus
1189 2028 1444 2080 jejuniisque
1478 2026 1669 2076 deditus,
1702 2025 1859 2068 crudas

1030 2090 1199 2126 tantum
1238 2083 1398 2125 herbas
1435 2083 1479 2124 in
1515 2083 1660 2124 eibum
1697 2083 1859 2135 saepius

1031 2141 1240 2183 adhibuit.
1280 2140 1340 2182 Ut
1366 2144 1513 2181 autem
1537 2139 1676 2189 magis
1701 2138 1858 2180 lateret

1029 2197 1239 2247 homines,
1264 2196 1408 2238 varias
1427 2195 1614 2236 mutavit
1634 2194 1780 2244 sedes3
1807 2207 1858 2236 ac

1030 2254 1206 2295 demum
1238 2252 1440 2305 pervenit
1471 2251 1530 2293 ad
1556 2256 1751 2292 montem
1777 2251 1854 2292 Fa-

1029 2323 1147 2360 num,
1181 2309 1345 2358 locum,
1379 2307 1579 2359 quamvis
1609 2319 1750 2359 prope
1777 2307 1856 2348 Fa-

1029 2365 1242 2415 brianum,
1261 2377 1314 2405 eo
1332 2369 1479 2406 tamen
1493 2365 1694 2415 tempore
1711 2362 1855 2404 deser-

1028 2427 1131 2472 tum,
1145 2421 1293 2472 ibique
1309 2421 1352 2461 in
1366 2420 1579 2461 honorem
1594 2419 1855 2460 sanctissimi

1027 2477 1165 2530 patris
1197 2475 1428 2518 Benedicti
1459 2475 1674 2528 templum
1708 2475 1854 2523 erexit,

1029 2532 1468 2583 congregationisque
1501 2531 1853 2573 Silvestrinorum

161 2598 240 2645 10*ss
262 2593 339 2634 bili
362 2596 523 2644 genere
547 2598 680 2642 ortus,
707 2592 854 2634 statim
873 2604 975 2643 pue·
1028 2589 1310 2631 fundamenta
1345 2588 1462 2640 jecit,
1509 2587 1589 2628 sub
1626 2586 1774 2636 regula
1810 2590 1853 2626 et

1027 2646 1181 2687 habitu
1212 2645 1256 2685 in
1288 2644 1457 2686 visione
1491 2643 1574 2685 sibi
1605 2642 1659 2684 ab
1696 2641 1851 2683 eodem

1028 2703 1188 2744 Sancto
1218 2701 1415 2743 ostensis.
