2040 2944
775 214 944 248 Sabbato
971 212 1019 246 ad
1042 212 1277 245 Matutinum.

246 313 449 355 Exaltate
487 310 722 351 Dominum
757 308 901 348 Deum
943 319 1015 347 no-

195 377 351 420 strum,
387 374 430 410 et
462 366 641 408 adorate
676 363 916 406 scabellum
944 375 1016 415 pe-

196 427 298 469 dum
319 427 426 478 ejus:
445 424 468 449 *
485 422 691 474 quoniam
716 425 915 462 sanctum
940 424 1016 460 est.

246 483 420 534 Moyses
454 484 496 521 et
524 479 673 520 Aaron
708 477 750 517 in
779 475 1016 518 sacerdoti-

194 540 275 581 bus
309 539 413 590 ejus:
442 537 464 561 *
493 540 536 577 et
571 533 746 575 Samuel
779 534 892 574 inter
929 545 1017 581 eos,

195 596 268 648 qui
289 597 493 635 invocant
513 604 673 633 nomen
693 591 802 642 ejus:

244 649 514 692 Invocabant
549 647 804 695 Dominum,
842 650 885 686 et
920 645 1016 697 ipse

195 706 455 750 exaudiebat
484 717 579 747 eos:
597 705 620 730 *
640 704 684 744 in
712 702 914 744 columna
941 714 1015 742 nu-

194 764 261 806 bis
279 762 543 815 loquebatur
561 760 617 802 ad
637 773 723 802 eos,

245 818 564 862 Custodiebant
613 814 865 858 testimonia
915 813 1016 865 ejus,

193 879 217 903 *
238 881 281 918 et
299 877 570 929 praeceptum
589 872 707 925 quod
727 870 848 913 dedit
868 869 964 910 illis.

245 933 433 974 Domine
448 932 567 972 Deus
588 934 736 971 noster
751 933 799 969 tu
815 925 1015 968 exaudie-

193 989 273 1031 bas
294 1001 386 1031 eos:
405 989 428 1014 *
447 989 567 1029 Deus
586 991 634 1028 tu
659 984 877 1038 propitius
897 982 1015 1023 fuisti

195 1047 269 1096 eis,
290 1051 333 1087 et
350 1045 565 1086 ulciscens
584 1043 628 1084 in
646 1054 797 1083 omnes
812 1039 1015 1081 adinven-

194 1103 337 1144 tiones
358 1103 519 1143 eorum.

246 1158 447 1200 Exaltate
487 1156 725 1198 Dominum
760 1154 903 1195 Deum
943 1165 1015 1193 no-

195 1221 343 1263 strum,
369 1219 411 1256 et
428 1213 611 1255 adorate
630 1212 673 1252 in
693 1215 843 1252 monte
863 1214 1015 1250 sancto

195 1273 301 1324 ejus:
320 1273 342 1297 *
364 1271 569 1323 quoniam
597 1273 773 1310 sanctus
801 1266 1015 1307 Dominus

195 1329 315 1370 Deus
333 1332 494 1369 noster.

246 1396 345 1434 Ant.
389 1392 501 1441 Quia
539 1389 754 1431 mirabilia
790 1388 892 1430 fecit
928 1388 1016 1428 Do-

195 1450 347 1491 minus.

238 1526 408 1567 Sequens
448 1524 533 1556 Ant.
579 1527 614 1554 et
652 1520 711 1553 Ps.
748 1519 919 1554 .lubilate
959 1519 1019 1552 hic

196 1572 506 1616 praetermittitur,
526 1568 679 1613 quando
695 1568 834 1601 dicitur
848 1567 884 1600 in
903 1567 1018 1600 Laud.

197 1626 235 1654 ut
262 1621 297 1653 in
322 1619 517 1654 sabbatis,
552 1618 589 1650 in
617 1616 756 1659 quibus
779 1616 817 1649 fit
843 1614 947 1648 Offie.
973 1615 1019 1648 de

198 1668 231 1702 S.
258 1668 388 1703 Maria.
413 1672 447 1700 ct
472 1667 552 1706 cius
580 1665 665 1698 loco
693 1664 833 1697 dieitur

249 1729 347 1768 Ant.
365 1733 405 1767 et
422 1727 488 1765 l's.
508 1726 542 1765 B
550 1738 683 1767 onum
698 1729 764 1766 est
778 1724 802 1750 *
818 1723 1019 1765 confiteri

196 1783 398 1825 Domino.
417 1790 461 1823 ut
482 1783 600 1822 infra.

248 1859 346 1897 Ant.
377 1857 576 1899 Jubilate.

467 1934 664 1974 Psalmus
684 1935 750 1973 99.

200 1999 434 2106 Jubilate
452 2004 548 2045 Deo
574 2003 714 2044 omnis
739 2007 870 2043 terra:
889 2002 911 2027 *
933 2015 1019 2043 ser-

284 2065 372 2104 vite
390 2060 580 2102 Domino
600 2059 643 2100 in
662 2059 824 2100 laetitia.

249 2120 434 2160 Introite
463 2117 506 2157 in
535 2118 775 2168 conspectu
803 2116 908 2167 ejus,
932 2116 1019 2156 *in

200 2175 500 2217 exsultatione.

251 2232 416 2273 Scitote
444 2231 650 2283 quoniam
676 2230 892 2271 Dominus
925 2229 1020 2282 ipse

201 2293 267 2352 est
285 2288 423 2329 Deus:
442 2289 464 2313 *
485 2288 579 2340 ipse
607 2287 709 2328 fecit
737 2298 832 2336 nos,
861 2291 904 2341 eft
932 2299 1020 2327 non

200 2357 285 2396 1ps1
304 2356 399 2385 nos:

252 2399 446 2452 Populus
483 2401 592 2451 ejus,
629 2405 672 2441 et
710 2412 816 2440 oves
844 2401 1021 2451 pascuae

202 2458 306 2508 ejus:
325 2457 347 2481 *
366 2456 542 2497 introite
565 2462 718 2509 portas
741 2457 831 2508 ejus
858 2456 902 2496 in
922 2468 1021 2497 con-

202 2512 401 2561 fessione,
421 2513 530 2553 atria
551 2514 640 2564 ejus
659 2513 703 2552 in
718 2512 904 2564 hymnis:
923 2524 1021 2553 con-

201 2568 382 2610 fitemini
402 2568 475 2609 illi.

253 2624 452 2666 Laudate
484 2636 641 2665 nomen
677 2626 781 2676 ejus:
817 2625 1023 2676 quoniam

203 2682 348 2723 suavis
377 2686 443 2722 est
470 2681 699 2730 Dominus,
733 2681 777 2722 in
811 2683 1023 2722 aeternum

202 2737 503 2779 misericordia
517 2737 618 2788 ejus,
633 2738 655 2762 *
671 2742 713 2778 et
734 2750 873 2789 usque
892 2737 936 2778 in
954 2750 1023 2789 ge-

1067 304 1340 346 nerationem
1365 307 1408 344 et
1431 301 1760 354 generationem
1784 300 1893 341 veri-

1067 366 1135 402 tas
1158 361 1258 412 ejus.

1291 417 1373 457 Vel
1394 416 1595 456 Psalmus
1615 415 1673 454 91.

1068 470 1283 575 Bonum
1311 477 1378 514 est
1407 470 1606 513 confiteri
1634 470 1844 512 Domino:
1871 470 1894 495 *

1169 535 1212 572 et
1238 529 1428 583 psallere
1462 527 1629 569 nomini
1656 532 1734 568 tuo
1762 526 1894 568 Altis-

1068 599 1186 628 s1me.

1119 643 1191 684 Ad
1211 641 1557 684 annuntiandum
1582 653 1710 682 mane
1729 641 1895 682 miseri-

1069 699 1266 741 cordiam
1281 705 1416 741 tuam:
1432 700 1455 723 *
1471 703 1515 740 et
1530 698 1760 739 veritatem
1775 702 1897 739 tuam

1067 769 1148 809 per
1168 761 1354 797 noctem.
1657 791 1659 793 .

1120 813 1170 853 In
1191 811 1488 861 decachordo,
1506 811 1733 864 psalterio:
1753 812 1776 837 *
1796 823 1896 852 cum

1069 869 1252 919 cantico,
1272 869 1316 909 in
1333 868 1510 910 cithara.

1121 926 1232 976 Quia
1266 925 1497 967 delectasti
1531 937 1601 965 me
1628 924 1818 966 Domine
1852 924 1896 965 in

1069 982 1237 1024 factura
1264 988 1355 1023 tua:
1382 983 1405 1007 *
1433 986 1478 1023 et
1501 981 1545 1022 in
1573 981 1781 1034 operibus
1809 983 1896 1022 ma-

1068 1052 1202 1080 nuum
1220 1040 1395 1080 tuarum
1415 1037 1657 1080 exsultabo.

1121 1096 1261 1146 Quam
1300 1094 1578 1146 magnificata
1618 1099 1721 1136 sunt
1762 1095 1897 1147 opera

1068 1157 1143 1194 tua
1163 1151 1366 1194 Domine!
1387 1152 1410 1177 *
1430 1151 1560 1192 nimis
1585 1150 1819 1203 profundae
1839 1151 1896 1192 fa-

1069 1214 1152 1250 ctae
1173 1214 1273 1250 sunt
1293 1208 1586 1260 cogitationes
1607 1212 1711 1248 tuae:

1120 1266 1201 1307 Vir
1231 1266 1441 1318 insipiens
1470 1277 1558 1306 non
1591 1266 1846 1316 cognoscet:
1874 1265 1897 1289 ¹⁸¹

1070 1327 1112 1364 et
1133 1322 1293 1364 stultus
1313 1335 1401 1364 non
1420 1321 1634 1373 intelliget
1653 1320 1759 1362 haec.

1121 1379 1231 1421 Cum
1265 1379 1408 1421 exorti
1444 1378 1604 1420 fuerint
1638 1379 1897 1431 peccatores

1070 1436 1182 1478 sicut
1211 1436 1390 1477 foenum:
1418 1435 1442 1461 *
1470 1439 1513 1476 et
1541 1434 1826 1487 apparuerint
1853 1447 1897 1475 o-

1070 1506 1212 1542 mnes,
1241 1493 1315 1545 qui
1342 1493 1582 1545 operantur
1605 1491 1898 1543 iniquitattem:

1122 1550 1180 1592 Ut
1199 1549 1418 1591 intereant
1436 1549 1480 1589 in
1502 1547 1712 1589 saeculum
1733 1547 1898 1589 saeculi:

1069 1607 1093 1632 *
1112 1611 1160 1648 tu
1181 1611 1329 1648 autern
1349 1605 1603 1647 Altissimus
1622 1605 1667 1645 in
1685 1605 1898 1646 aeternum

1069 1663 1270 1705 Domine.

1123 1719 1340 1770 Quoniam
1360 1731 1462 1760 ecce
1481 1717 1647 1759 inimici
1665 1717 1730 1759 tui
1749 1716 1898 1758 Domi-

1070 1790 1143 1827 ne,
1172 1776 1381 1828 quoniam
1405 1788 1508 1817 ecce
1531 1774 1694 1815 inimici
1713 1773 1779 1815 tui
1801 1786 1898 1826 per-

1071 1833 1212 1875 ibunt:
1250 1834 1273 1858 *
1308 1838 1352 1874 et
1385 1831 1692 1885 dispergentur
1728 1843 1899 1879 omnes,

1073 1891 1147 1942 qui
1167 1892 1406 1943 operantur
1424 1888 1712 1940 iniquitatem.

1123 1947 1180 1988 Et
1217 1945 1482 1988 exaltabitur
1526 1945 1639 1986 sicut
1672 1942 1900 1985 unicornis

1073 2016 1210 2044 cornu
1228 2016 1390 2044 meum:
1408 2003 1431 2027 *
1453 2006 1496 2044 et
1516 2003 1718 2043 senectus
1738 2013 1836 2042 mea
1854 1999 1900 2040 in

1072 2059 1375 2101 misericordia
1393 2058 1529 2100 uberi.

1123 2117 1180 2158 Et
1209 2116 1410 2169 despexit
1439 2114 1591 2156 oculus
1618 2127 1742 2155 meus
1764 2113 1900 2154 inimi-

1074 2186 1150 2214 cos
1174 2185 1311 2214 meos:
1330 2173 1353 2198 *
1374 2177 1417 2214 et
1441 2172 1486 2212 in
1508 2169 1835 2222 insurgentibus
1857 2169 1902 2210 in

1072 2242 1142 2271 me
1153 2228 1493 2281 malignantibus
1505 2227 1655 2269 audiet
1667 2226 1784 2269 auris
1793 2238 1901 2267 mea.

1124 2286 1147 2326 J
1150 2291 1285 2336 ustus,
1305 2291 1352 2327 ut
1371 2285 1518 2338 palma
1540 2283 1730 2326 florebit:
1747 2284 1773 2313 ²⁸⁵
1789 2282 1902 2324 sicut

1074 2342 1232 2384 cedrus
1252 2342 1408 2384 Libani
1427 2340 1817 2394 multiplicabitur.‹

1126 2399 1318 2441 Plantati
1346 2399 1389 2440 in
1418 2398 1551 2440 domo
1579 2397 1779 2446 Domini,
1807 2397 1830 2423 *
1859 2396 1903 2436 in

1075 2456 1197 2497 atriis
1218 2455 1375 2497 domus
1396 2455 1479 2496 Dei
1504 2453 1646 2495 nostri
1672 2452 1903 2494 florebunt.

1127 2512 1287 2554 Adhuc
1317 2510 1725 2564 multiplicabuntur
1758 2509 1802 2550 in
1840 2521 1903 2549 se-

1075 2570 1202 2610 necta
1238 2568 1381 2610 uberi:
1409 2570 1433 2595 *
1462 2573 1506 2609 et
1537 2567 1651 2609 bene
1684 2565 1904 2619 patientes

1077 2630 1214 2674 erunt⁷
1233 2630 1282 2666 ut
1301 2625 1574 2666 annuntient:

1129 2682 1346 2731 Quoniam
1374 2686 1521 2722 rectus
1545 2679 1762 2721 Dominus
1782 2678 1904 2719 Deus

1076 2743 1244 2779 noster:
1259 2739 1283 2765 *
1298 2742 1342 2779 et
1362 2750 1451 2778 non
1470 2742 1538 2779 est
1557 2736 1765 2788 iniquitas
1780 2735 1824 2775 in
1840 2746 1905 2776 eo.
