2040 2944
189 167 283 212 [328]

188 265 231 305 in
258 263 485 314 Hungaria
518 261 642 303 brevi
663 262 869 313 tempore
899 261 1020 313 quin-

190 323 397 372 quaginta
441 318 752 360 haereticorum
792 317 929 358 millia
965 318 1022 359 ad

188 377 400 418 Ecclesiae
437 375 580 416 sinum
611 373 842 415 reduxisse
873 374 1021 415 fertur.

188 434 239 474 In
267 433 396 474 Italia
424 431 738 483 nequissimam
766 430 1020 472 Fraticello-

188 502 284 530 rum
306 493 484 538 sectam,
506 489 666 529 iterum
690 499 742 528 ac
759 487 891 529 tertio
911 487 1020 529 revi-

188 546 439 595 viscentem,
464 544 639 596 penitus
664 543 883 585 exstinxit.
919 543 1021 584 Fer-

188 602 368 644 rariensi
387 601 586 649 concilio,
607 599 729 652 quod
746 602 904 652 postea
922 599 1020 642 Flo-

188 660 372 701 rentiam
398 657 660 700 translatum
686 657 781 707 fuit,
815 656 1021 698 interfuit.

187 715 515 768 Sigismundum
548 718 591 755 et
618 713 853 754 Albertum
884 714 1018 766 impe-

188 774 358 814 ratores
386 772 430 812 in
455 771 657 812 maximis
685 770 808 820 regni
837 769 1019 812 difficul-

187 829 364 878 tatibus,
388 827 634 881 praesertim
652 839 758 868 vero
778 827 822 867 in
842 826 1020 879 expedi-

187 886 306 928 tione
343 886 387 926 in
418 885 587 926 Turcas
620 883 939 936 promovenda,
977 889 1021 926 et

188 942 407 984 haereticis
440 940 729 991 debellandis,
762 940 947 982 consilio
977 946 1020 982 et

188 1002 325 1052 epera
366 998 543 1050 adjuvit.
596 997 759 1038 Sancto
795 997 954 1044 Joanni
995 1010 1021 1038 a

188 1056 451 1108 Capistrano
476 1054 590 1096 sacri
614 1053 791 1095 socialis
817 1054 922 1095 belli
947 1053 1019 1114 ad-

188 1115 341 1154 versus
364 1112 549 1160 Turcas,
575 1110 817 1163 pontificiae
840 1110 1019 1162 legatie·

188 1170 254 1210 nis
279 1168 529 1211 consiliario
553 1168 597 1208 in
616 1167 844 1218 Hungaria
870 1167 1019 1209 defun-

188 1231 260 1268 cto
281 1225 490 1266 suffectus
509 1224 599 1265 fuit.

238 1295 291 1345 R.
317 1291 496 1332 Amavit
517 1303 617 1331 eum
636 1290 863 1340 Dominus,
888 1295 932 1332 et
953 1303 1019 1331 or—

188 1349 308 1390 navit
341 1361 455 1389 eum:
493 1346 653 1388 stolam
690 1346 845 1397 gleriae
880 1345 1022 1388 induit

189 1419 303 1455 eum,
330 1409 352 1433 *
380 1405 436 1445 Et
461 1403 518 1444 ad
543 1407 697 1455 portas
725 1403 921 1455 paradisi
949 1415 1019 1444 co-

188 1461 360 1502 ronavit
389 1473 499 1502 eum.
542 1458 593 1509 V.
627 1459 776 1501 Induit
805 1472 904 1501 eum
932 1459 1020 1500 Do-

188 1518 331 1558 minus
371 1517 552 1558 loricam
588 1515 714 1566 fidei,
760 1522 805 1558 et
849 1516 1022 1557 ornavit

188 1586 298 1615 eum.
331 1574 387 1615 Et
416 1573 473 1614 ad
500 1578 665 1626 portas.

489 1653 642 1694 Lectio
663 1654 717 1694 vi.

295 1717 424 1758 artini
453 1716 610 1769 quinti,
643 1716 829 1767 Eugenii
863 1717 1020 1768 quarti,

317 1773 490 1816 Nicolai
515 1773 669 1825 quinti,
699 1773 867 1815 Callisti
891 1773 1020 1823 tertii,

186 1830 252 1870 Pii
277 1830 469 1880 secundi,
492 1830 617 1871 Pauli
640 1830 746 1872 item
769 1829 953 1872 secundi
976 1834 1021 1871 et

186 1886 296 1928 Sixti
321 1887 465 1939 quarti
490 1892 644 1928 contra
662 1886 897 1928 haereticos
917 1888 1019 1928 Fra-

186 1943 369 1994 ticellos,
394 1942 664 1984 Manichaeos
686 1942 920 1994 redivivos,
940 1944 1019 1985 Pa-

186 2002 375 2050 tarenos,
400 1999 618 2049 HussitaS‚
643 1999 880 2042 Taboritas
904 1999 1018 2051 lega-

187 2056 380 2098 tionibus
396 2056 571 2098 functus
593 2062 669 2098 est.
699 2057 869 2107 Quibus
884 2057 928 2098 in
948 2070 1019 2098 ex-

186 2112 487 2164 peditionibus
540 2113 715 2155 Italiam
769 2114 1019 2155 universam

186 2181 274 2210 non
307 2169 442 2211 semel
473 2170 764 2223 percucurrit3
796 2170 1019 2223 Illyricum

187 2226 331 2275 tertio,
345 2226 628 2276 Panneniam‚
648 2226 919 2277 Sarmatiam,
935 2228 1018 2269 Bo-

186 2281 395 2332 hemiam,
432 2282 728 2335 finitimasque
765 2285 1019 2336 provincias

187 2339 449 2390 peragravit.
477 2340 565 2381 Tot
585 2344 732 2381 autem
750 2341 907 2382 itinera
926 2341 1019 2382 sine

584 168 654 201 nie
679 168 734 201 28.
760 167 859 201 Nov.
906 168 941 200 S.
966 167 1107 201 Jacobi
1133 167 1180 200 de
1205 166 1379 200 Marehia
1403 142 1512 201 Conf.

1077 261 1256 302 sacculo
1268 266 1311 303 et
1321 273 1440 313 pera,
1451 261 1774 313 Apostolorum
1787 274 1911 303 more

1075 317 1265 370 pedibus
1285 317 1485 368 confecit,
1509 330 1595 370 ope
1615 316 1763 360 divina
1781 318 1909 360 unice

1075 374 1228 424 fretus3
1268 387 1368 425 quae
1403 379 1499 416 tum
1533 374 1724 416 maxime
1756 375 1909 427 patuit,

1076 443 1176 472 cum
1208 431 1396 482 rejectus
1441 443 1467 472 a
1498 435 1631 472 nauta
1663 430 1834 472 Padum
1866 444 1907 474 a·

1074 500 1231 537 mnem,
1250 487 1386 540 pallio
1408 500 1540 540 super
1559 499 1697 539 aquas
1710 487 1909 538 instrato,

1075 557 1175 585 cum
1218 544 1340 586 socio
1381 544 1647 596 pertransiit.
1708 544 1908 596 Denique

1073 600 1275 653 Neapoli,
1296 613 1384 652 quo
1404 600 1517 642 Sixti
1536 601 1681 652 quarti
1699 601 1829 653 jussu,
1847 601 1908 642 in-

1075 659 1219 699 stante
1239 656 1522 698 Ferdinando
1543 670 1657 708 rege,
1681 657 1908 710 profectus

1075 719 1185 764 erat,
1232 715 1429 755 extremo
1466 713 1626 755 morbo
1664 715 1907 766 correptuS‚

1074 770 1286 812 Ecclesiae
1324 771 1610 812 sacramentis
1647 771 1730 812 rite
1761 773 1906 812 susce-

1073 827 1177 879 ptis,
1210 839 1325 868 anno
1352 826 1585 868 millesimo
1616 826 1906 879 quadringen-

1073 884 1230 925 tesimo
1250 883 1577 936 septuagesimo
1599 889 1738 934 sexto,
1761 884 1906 926 aetatis

1074 940 1348 990 octogesimo
1374 939 1537 991 quinto,
1564 944 1722 992 quarto
1745 940 1904 981 Kalen-

1074 996 1154 1038 das
1173 995 1443 1046 Decembris,
1468 996 1672 1049 spiritum
1691 996 1789 1038 Deo
1808 996 1903 1038 red-

1074 1053 1196 1095 didit.
1229 1053 1378 1095 Multis
1397 1058 1502 1106 post
1527 1053 1697 1095 ebitum
1719 1054 1903 1096 miracu-

1073 1110 1126 1150 lis
1147 1109 1315 1160 claruit,
1336 1109 1495 1162 quibus
1515 1110 1597 1151 rite
1614 1110 1812 1161 cognitis,
1831 1111 1909 1153 Ur-

1073 1166 1215 1207 banus
1258 1169 1443 1208 octavus
1485 1167 1577 1218 ejus
1619 1166 1825 1208 Officium
1865 1172 1910 1210 et

1074 1223 1255 1264 Missam
1280 1223 1335 1264 ab
1363 1222 1518 1265 ordine
1542 1223 1747 1265 Fratrum
1771 1223 1908 1265 Mino-

1074 1292 1171 1320 rum
1196 1284 1240 1322 et
1265 1293 1290 1322 a
1314 1279 1434 1322 clero
1453 1279 1668 1332 Neapolis
1695 1279 1910 1322 celebrari

1074 1337 1285 1389 permisit,
1312 1349 1411 1388 quae
1430 1337 1455 1377 J
1457 1336 1647 1378 acebum
1665 1337 1778 1378 inter
1797 1337 1909 1379 alios

1073 1395 1289 1446 patrenos
1304 1396 1606 1446 cooptaverat.
1628 1393 1802 1446 Corpus
1817 1395 1908 1446 ejus

1073 1450 1117 1490 in
1141 1449 1239 1491 aede
1262 1463 1387 1492 sacra
1411 1455 1576 1492 sanctae
1595 1450 1747 1491 Mariae
1765 1450 1908 1493 Novae

1074 1506 1379 1559 incorruptum
1429 1505 1574 1548 adhuc
1624 1511 1668 1549 et
1716 1506 1908 1549 flexibile

1074 1564 1314 1615 permanet.
1361 1562 1492 1613 Quod
1520 1575 1621 1604 cum
1648 1563 1908 1606 Vincentius

1074 1618 1310 1660 cardinalis
1330 1619 1527 1670 Ursinus,
1552 1620 1627 1672 qui
1646 1626 1750 1672 post
1768 1620 1907 1663 Bene-

1074 1674 1219 1717 dictus
1256 1675 1452 1718 decimus
1489 1676 1646 1719 tertius
1681 1676 1779 1727 fuit,
1818 1677 1908 1721 suis

1073 1732 1277 1774 manibus
1302 1735 1610 1782 contrectaret,
1635 1738 1679 1775 et
1700 1733 1908 1787 Philippo

1075 1789 1227 1840 quinto
1247 1789 1477 1842 Hispaniae
1496 1791 1591 1842 regi
1609 1790 1908 1832 venerandum

1075 1846 1263 1896 offerret,
1290 1846 1475 1888 odorem
1501 1847 1811 1890 suavissimum
1836 1860 1906 1889 ex-

1074 1903 1243 1954 spirare
1259 1905 1534 1956 compertum
1554 1909 1632 1946 est.
1659 1903 1786 1946 Idem
1799 1917 1906 1946 vero

1073 1959 1278 2000 Pentifex
1319 1972 1433 2002 anno
1474 1960 1706 2002 millesimo
1745 1961 1905 2013 septin-

1072 2017 1317 2066 gentesimo
1349 2017 1563 2068 vigesimo
1600 2022 1745 2068 sexto,
1780 2018 1906 2059 Jaco-

1072 2072 1178 2114 bum
1201 2074 1328 2114 novis
1346 2074 1569 2115 miraculis
1589 2076 1907 2124 coruscantem,

1072 2129 1115 2170 in
1135 2132 1387 2171 sanctorum
1407 2134 1637 2172 numerum
1655 2130 1813 2172 retulit.

1124 2191 1176 2248 R.
1202 2187 1292 2228 Iste
1310 2186 1456 2228 homo.
1481 2187 1562 2240 [72]

1122 2251 1165 2284 In
1190 2251 1254 2284 Ill.
1277 2251 1477 2286 Nocturno
1497 2253 1667 2287 Homilia
1693 2254 1730 2287 in
1756 2253 1903 2296 Evang.
1955 2265 1956 2268 ¹

1072 2300 1158 2334 Sint
1181 2299 1304 2334 lumbi
1327 2299 1458 2335 vestri.
1479 2301 1525 2335 de.
1544 2302 1681 2336 codem
1700 2302 1903 2336 Communi

1075 2348 1101 2380 1.
1126 2346 1224 2381 loco.
1251 2348 1320 2391 [74]
