2040 2944
653 151 724 185 Die
752 151 778 184 1.
803 150 905 193 Sept.
951 148 986 183 S.
1011 146 1159 190 AEgidii
1184 146 1360 181 Abbatis.

209 250 250 284 In
275 248 338 282 ΠΙ.
361 247 559 281 Nocturno
584 243 755 277 Homilia
780 243 819 276 in
834 242 980 284 Evang.

157 297 241 333 sint
261 295 380 331 lumbi
399 293 529 329 vestri.
552 292 598 326 de
624 291 761 325 eodem
778 290 983 326 Communi

159 347 185 380 1.
210 346 306 379 loco.
330 342 398 387 [74]

211 393 251 426 ln
271 392 313 425 II.
331 389 515 432 Vesperis
537 389 576 422 fit
594 398 789 422 commem.
807 398 911 430 sequ.
939 397 982 420 ac

90 436 92 439 ¹
158 444 213 476 Ss.
238 438 452 479 Duodecim
477 437 653 470 Fratrum
677 436 762 470 Mm.

462 508 673 536 *4⁴4—

198 582 428 643 FESTA
467 579 701 642 SEPTF.
712 580 758 641 M
772 577 947 640 BRIS.

162 683 165 687 -
211 662 335 695 l'rima
363 661 423 694 die
443 670 518 693 non
534 660 719 703 impedita
738 659 878 693 dicitur
895 657 984 692 Offi-

158 711 257 744 cium
278 708 564 743 Defunctorum.

342 801 425 843 Die
454 803 483 842 1.
510 799 792 853 Septembris.

265 869 434 911 Sancti
460 867 647 919 AEgidii
678 869 875 911 Abbatis.

213 931 283 973 Ad
319 932 452 983 Vesp.
500 930 598 970 Ant.
635 928 847 970 Similabo
885 941 985 970 eum

155 989 262 1031 viro'
288 987 491 1040 sapienti,
527 986 600 1038 qui
637 985 873 1027 aedificavit
907 984 983 1027 do-

155 1058 275 1087 mum
301 1056 426 1085 suam
455 1056 587 1096 supra
614 1047 796 1096 petram.

211 1104 260 1155 Y.
280 1105 458 1146 Amavit
483 1117 582 1146 eum
605 1105 715 1153 Dfis,
745 1108 788 1145 et
813 1103 984 1144 ornaivit

154 1175 263 1205 eum.
299 1166 347 1217 Rg.
363 1161 530 1203 stolam
544 1160 697 1212 gleriae
714 1159 855 1202 induit
874 1172 984 1201 eum.

495 1229 656 1270 Oratio.

202 1287 442 1330 ntercessio
463 1299 573 1337 nos,
611 1289 863 1339 quaesumus
896 1287 985 1328 De-

218 1345 345 1394 mine,
359 1344 477 1386 beati
487 1343 652 1395 AEgidii
663 1343 852 1385 Abbatis
868 1356 983 1385 com-

156 1401 350 1443 mendet:
385 1406 432 1443 ut
467 1400 590 1453 quod
627 1400 789 1442 nostris
819 1400 985 1452 meritis

155 1472 243 1500 non
262 1458 469 1507 valemus,
494 1459 584 1510 ejus
604 1457 849 1510 patrocinio
869 1470 983 1499 asse-

158 1518 351 1568 quamur.
378 1515 462 1557 Per
481 1515 730 1556 Dominum.

210 1581 359 1616 Deinde
386 1581 431 1616 fit
460 1591 655 1616 commem.
685 1580 741 1615 Ss.
771 1580 987 1615 Duodecim

159 1630 335 1664 Fratrum
358 1630 443 1664 Mm.

212 1683 311 1723 Ant.
348 1681 536 1722 Isterum
565 1684 633 1721 est
662 1680 777 1721 enim
804 1682 986 1731 regnum

158 1736 389 1787 coelorum,
430 1737 505 1789 qui
537 1738 896 1789 contempserunt
927 1737 986 1778 vi-

157 1799 248 1845 tam
262 1793 423 1844 mundi,
443 1799 486 1836 et
499 1795 795 1846 pervenerunt
813 1793 869 1835 ad
883 1795 988 1847 pra'e-

159 1850 246 1891 mia
268 1850 405 1901 regni,
421 1855 476 1906 ¹et
498 1850 698 1892 laverunt
723 1850 860 1892 stolas
885 1863 986 1901 suas

159 1907 202 1948 in
222 1907 432 1958 sanguine
451 1907 577 1958 Agni.

215 1966 266 2018 Y.
287 1967 519 2009 Laetamini
541 1968 585 2008 in
611 1967 817 2018 Demino,
846 1972 890 2009 et
916 1981 985 2010 ex-

161 2023 320 2066 sultate
347 2025 459 2076 justi.
507 2028 557 2078 R.
586 2025 642 2067 Et
668 2024 915 2075 gloriamini
944 2037 987 2066 o-

160 2093 282 2122 mnes
301 2081 409 2123 recti
428 2081 573 2124 corde.

495 2146 658 2188 Oratio.

241 2209 412 2249 raterna
436 2220 517 2249 nos
539 2208 728 2250 Demine
744 2208 989 2260 Martyrum

256 2266 431 2306 tuorum
459 2267 623 2306 corona
649 2265 861 2307 laetificet:
890 2279 989 2318 quae

163 2324 208 2361 et
226 2319 329 2362 fidei
351 2326 514 2363 nostrae
533 2321 732 2374 praebeat
751 2322 989 2364 incremen-

162 2381 208 2418 ta
233 2376 452 2428 virtutum,
478 2383 522 2420 et
546 2378 775 2431 multiplici
799 2391 881 2421 nos
905 2379 990 2420 suf-

164 2432 302 2484 fragio
322 2434 582 2477 consoletur.
608 2435 693 2477 Per
711 2436 962 2478 Dominum.

462 2496 613 2537 Lectio
641 2497 695 2537 iii.

177 2567 211 2593 s
281 2559 489 2610 egidius
528 2560 820 2612 Atheniensis,
858 2562 991 2613 regiae

131 2658 135 2662 ,
176 2643 179 2649 «
292 2615 451 2668 stirpis,
475 2629 500 2657 a
518 2617 659 2669 prima
683 2620 815 2659 aetate
834 2616 992 2659 divinis

165 2672 322 2715 litteris
342 2677 385 2714 et
404 2672 599 2714 caritatis
619 2673 774 2715 officiis
793 2673 854 2715 ita
874 2673 992 2715 dedi-

1032 248 1104 284 tus
1132 243 1227 293 fuit,
1254 247 1303 284 ut
1330 241 1436 283 nihil
1463 243 1682 296 praeterea
1710 244 1863 284 curare

1032 298 1266 342 videretur.
1298 300 1454 352 Itaque
1473 299 1731 352 parentibus
1749 301 1863 340 mor-

1031 356 1130 406 tuis,
1147 361 1291 398 totum
1310 355 1623 409 patrimenium
1640 355 1685 396 in
1701 358 1864 408 paupe-

1033 426 1104 454 res
1135 413 1347 464 erogavit:
1381 412 1484 465 quin
1514 412 1647 454 etiam
1672 413 1866 454 tunicam

1034 470 1168 520 exuit,
1196 474 1245 511 ut
1275 471 1492 521 aegrotum
1520 470 1725 520 egentem
1749 470 1866 520 tege-

1034 532 1116 578 ret3
1144 539 1231 579 qua
1249 526 1321 568 ille
1340 525 1519 567 indutus
1540 525 1689 568 statim
1707 527 1867 567 conva-
1892 527 1896 532 '

1033 583 1124 626 luit.
1168 583 1257 626 Sed
1287 582 1436 624 multis
1469 582 1679 635 deinceps
1707 582 1868 625 clarior

1034 640 1266 691 miraculis,
1284 640 1445 682 timens
1465 639 1531 680 sui
1549 639 1737 681 neminis
1757 639 1866 681 cele-

1034 696 1253 747 britatem,
1267 696 1494 738 Arelatem
1509 695 1566 738 ad
1578 695 1759 738 beatum
1775 696 1867 738 Cae-

1035 753 1200 795 sarium
1220 752 1462 795 contendit:
1483 765 1509 794 a
1529 765 1617 805 quo
1632 758 1737 805 post
1750 751 1867 795 bien-

1035 810 1155 851 nium
1192 809 1440 860 discedens,
1479 810 1663 851 secessit
1694 809 1742 850 'in
1778 811 1868 851 ere-

1035 879 1164 916 mum,
1183 866 1259 908 ubi
1277 865 1442 908 diutius
1458 865 1697 908 herbarum
1714 865 1868 908 radici-

1035 922 1118 964 bus
1143 927 1188 964 et
1213 935 1357 964 cervae
1380 922 1507 973 lacte,
1534 935 1633 975 quae
1658 922 1787 965 statis
1811 922 1869 964 ad

1037 992 1137 1021 eum
1180 978 1303 1021 horis
1348 978 1573 1030 veniebat,
1621 978 1870 1021 admirabili

1037 1036 1270 1077 sanctitate
1293 1035 1413 1077 vixit.
1454 1036 1564 1086 Quae
1589 1047 1732 1086 cerva,
1759 1035 1869 1077 inse-

1039 1091 1272 1144 quentibus
1295 1091 1489 1144 quodam
1513 1090 1585 1133 die
1605 1091 1789 1134 canibus
1806 1093 1869 1133 re-

1037 1149 1138 1200 giis,
1167 1161 1267 1201 cum
1293 1149 1338 1189 in
1366 1153 1539 1190 antrum
1567 1148 1733 1199 AEgidii
1759 1148 1871 1190 refu-

1037 1207 1184 1257 gisset,
1204 1205 1362 1247 Galliae
1382 1218 1532 1256 regem
1549 1204 1733 1258 impulit,
1751 1210 1800 1247 ut
1815 1205 1871 1247 ab

1038 1275 1092 1304 eo
1113 1262 1293 1304 summis
1316 1261 1523 1315 precibus
1546 1263 1731 1314 peteret,
1754 1266 1804 1303 ut
1827 1262 1872 1302 in

1038 1319 1139 1361 loco
1177 1318 1401 1372 speluncae
1445 1318 1762 1360 monasterium
1801 1320 1871 1360 ex-

1039 1376 1148 1417 strui
1170 1377 1408 1428 pateretur.
1443 1374 1575 1428 Cujus
1598 1374 1871 1416 administra·

1037 1433 1214 1482 tienem,
1230 1432 1459 1483 flagitante
1472 1444 1588 1483 rege,
1602 1431 1764 1473 invitus
1780 1444 1871 1473 sus-

1039 1490 1170 1542 cepit:
1194 1491 1338 1542 eoque
1357 1491 1539 1530 munere
1558 1488 1728 1541 aliquot
1747 1489 1872 1530 annis

1037 1544 1281 1599 prudenter
1308 1545 1471 1598 pieque
1497 1549 1642 1596 gesto,
1669 1545 1873 1596 migravit

1038 1603 1082 1644 in
1110 1603 1282 1645 coelum.

1095 1663 1156 1702 Te
1175 1660 1319 1702 Deum
1336 1657 1577 1702 laudemus.
1595 1660 1655 1700 14.

1095 1726 1159 1761 Ad
1183 1725 1303 1760 Laud.
1324 1734 1397 1769 pro
1423 1724 1458 1759 S.
1483 1723 1654 1767 AEgidio.

1079 1780 1197 1820 .Ant.
1218 1778 1341 1829 Euge
1361 1790 1488 1819 serve
1509 1777 1628 1820 bone
1650 1781 1694 1819 et
1716 1775 1871 1826 fidelis,

1039 1834 1141 1886 quia
1168 1834 1212 1875 in
1236 1846 1379 1887 pauca
1406 1834 1526 1877 fuisti
1549 1833 1710 1884 fidelis,
1738 1846 1871 1886 supra

1038 1891 1177 1933 multa
1199 1896 1244 1933 te
1267 1893 1546 1933 constituam:
1569 1891 1685 1932 intra
1706 1890 1750 1932 in
1768 1893 1871 1942 gau·

1039 1947 1161 1990 dium
1178 1947 1358 1989 Demini
1374 1947 1450 1989 tui.
1670 1968 1683 1972 -

1096 2001 1148 2054 V.
1161 2004 1186 2045 J
1188 2009 1337 2046 ustum
1355 2003 1540 2046 deduxit
1558 2003 1774 2045 Deminus
1791 2015 1872 2056 per

1039 2061 1132 2103 vias
1151 2065 1307 2103 rectas.
1347 2062 1398 2114 R.
1422 2061 1479 2103 Et
1503 2059 1699 2103 ostendit
1721 2059 1785 2101 illi
1807 2072 1871 2101 re·
1942 2067 1946 2070 ·

1039 2131 1173 2169 gnum
1191 2117 1286 2160 Dei.

1097 2175 1262 2217 Oratio.
1291 2174 1568 2216 Intercessio.
1600 2180 1647 2216 ut
1665 2186 1808 2227 supra.

1099 2237 1146 2271 Et
1169 2237 1210 2271 fit
1234 2246 1430 2271 commem.
1456 2235 1513 2271 Ss.
1537 2235 1644 2270 Mart.

1099 2290 1199 2331 Ant.
1243 2287 1389 2330 Vestri
1434 2286 1581 2340 capilli
1625 2286 1784 2339 capitis
1828 2299 1872 2328 o-

1041 2357 1165 2386 mnes
1197 2344 1414 2386 numerati
1441 2348 1558 2386 sunt:
1588 2342 1725 2386 nolite
1752 2343 1872 2385 time-

1042 2414 1108 2443 re:
1163 2401 1311 2443 multis
1364 2399 1620 2454 passeribus
1668 2399 1874 2442 melieres

1043 2458 1150 2500 estis
1177 2470 1270 2499 vos.

1098 2511 1147 2563 V.
1168 2513 1465 2555 Exsultabunt
1489 2512 1630 2554 sancti
1655 2512 1699 2553 in
1723 2512 1874 2563 gloria.

1046 2570 1400 2626 R.·Laetab1'1ntur
1420 2569 1464 2610 in
1485 2568 1700 2611 cubilibus
1721 2569 1821 2610 suis.

1098 2628 1263 2671 Oratio.
1292 2627 1502 2668 Fraterna
1520 2638 1613 2667 nos.
1638 2630 1684 2667 ut
1705 2638 1849 2678 supra.
