2040 2944
660 162 766 195 Uom.
792 161 837 194 II.
862 160 941 194 Oct.
992 161 1247 195 Maternitatis
1275 163 1314 196 Β.
1340 163 1386 197 M.
1412 164 1454 198 V.

195 263 251 305 de
277 263 528 316 conceptio,
557 262 654 303 haec
678 261 781 304 inde
803 263 1026 314 purgatio-

194 332 295 361 nem
313 319 458 368 traxit,
475 317 591 360 unde
612 318 826 371 concepit.

251 380 301 430 R.
329 374 571 416 Benedicta
595 380 644 416 tu
670 375 784 416 inter
809 375 1027 426 mulieres,

195 438 239 474 et
258 431 517 474 benedictus
536 431 704 472 fructus
724 432 890 473 ventris
909 432 988 473 tui:
1004 439 1026 462 *

194 488 322 530 Unde
354 488 440 530 hoc
473 487 595 538 mihi,
627 492 677 529 ut
710 488 858 529 veniat
886 489 1027 530 Mater

194 545 372 586 Domini
399 545 486 586 mei
514 544 571 586 ad
598 542 691 586 me?
733 546 784 597 Y.
812 545 1027 597 Respexit

194 600 485 642 humilitatem
514 600 684 642 ancillae
714 613 823 650 suae,
852 606 896 642 et
924 601 1027 643 fecit

194 656 299 697 mihi
317 670 486 709 magna,
507 657 582 709 qui
602 662 764 710 potens
784 662 862 699 est.
889 657 1027 699 Unde.

199 713 349 754 Gloria
367 714 498 755 Patri.
527 713 666 756 Unde.

413 792 461 829 In
489 791 560 829 ΙΙΙ.
588 791 811 830 Nocturno.

251 847 301 897 Y.
316 848 441 890 Fecit
458 848 566 889 mihi
584 862 753 900 magna,
774 850 849 902 qui
867 855 1027 902 potens

195 908 273 945 est.
310 909 360 959 Rv.
381 904 686 947 Misericordia
710 906 801 957 ejus
825 919 851 947 a
869 908 1026 959 proge-

194 959 263 1002 nie
282 960 326 1001 in
347 962 582 1013 progenies
599 962 854 1004 timentibus
875 975 985 1004 eum.

198 1030 348 1072 Lectio
375 1032 513 1073 sancti
532 1032 759 1083 Evangelii
785 1034 1028 1075 secundum

495 1124 498 1127 .
519 1088 696 1130 Lucam.

276 1146 427 1186 Lectio
450 1145 517 1184 vii.
754 1145 858 1197 Cap.
873 1146 908 1184 2.
926 1144 949 1184 f.

193 1200 269 1307 In
307 1205 382 1247 illo
419 1208 637 1258 tempore:
677 1207 785 1248 Cum
822 1206 1027 1257 redirent,

265 1263 475 1304 remansit
498 1275 609 1315 puer
633 1263 657 1303 J
660 1275 760 1304 esus
784 1264 828 1303 in
852 1264 877 1304 J
880 1267 1026 1305 erusa-

194 1318 296 1368 lem,
323 1324 366 1360 et
389 1331 478 1359 non
498 1321 801 1370 cognoverunt
819 1322 1027 1372 parentes

194 1375 297 1428 ejus.
325 1375 382 1417 Et
401 1375 580 1427 reliqua.

311 1444 503 1485 Homilia
531 1446 672 1486 sancti
697 1445 914 1488 Bernardi

509 1501 710 1543 Abbatis.

233 1562 375 1596 Homil.
403 1563 429 1595 1.
456 1562 502 1595 de
528 1561 689 1595 Laudib.
714 1559 819 1604 Virg.
844 1560 989 1594 Matris.

229 1616 423 1670 &gsxleum
444 1618 487 1655 et
501 1614 739 1656 Dominum
756 1616 1026 1667 Angelorum

229 1665 293 1722 223)
314 1700 317 1705 .
343 1669 479 1711 Maria
500 1683 627 1711 suum
640 1671 799 1712 Filium
819 1673 1025 1725 appellat,

205 1720 207 1729 ’
262 1721 312 1748 2³³
343 1725 508 1768 dicens:
533 1727 633 1778 Fili,
659 1727 765 1779 quid
788 1729 931 1771 fecisti
950 1743 1025 1772 no-

193 1781 260 1823 bis
285 1781 370 1824 sic?
404 1783 512 1833 Quis
540 1783 627 1825 hoc
653 1784 814 1827 audeat
833 1787 1023 1838 Angelo-

193 1837 312 1879 rum?
354 1839 524 1881 Sufficit
557 1840 637 1891 eis,
674 1847 718 1883 et
749 1855 830 1895 pro
863 1856 1023 1894 magno

193 1894 374 1945 habent,
401 1896 523 1948 quod
544 1910 642 1938 cum
663 1899 749 1940 sint
768 1900 949 1951 spiritus
970 1913 1024 1942 ex

194 1951 464 2002 conditione,
493 1965 546 1994 ex
571 1955 712 2005 gratia
738 1956 842 1998 facti
868 1958 955 1999 sint
981 1962 1025 1999 et

194 2008 341 2049 vocati
360 2009 529 2060 Angeli,
548 2014 739 2054 testante
758 2013 919 2056 David:
939 2015 1024 2064 Qui

195 2063 299 2106 facit
317 2065 514 2116 Angelos
534 2080 637 2108 suos
657 2069 848 2121 spiritus.
886 2071 1024 2112 Maria

195 2133 300 2162 vero
325 2127 510 2163 matrem
535 2136 582 2164 se
606 2128 868 2176 agnoscens,
896 2128 1023 2180 maJe-

196 2178 355 2218 statem
374 2178 507 2228 illam,
532 2180 601 2221 cui
625 2181 687 2221 illi
707 2195 806 2223 cum
825 2186 1023 2225 reveren-

194 2234 254 2274 tia
270 2235 473 2284 serviunt,
488 2249 587 2277 cum
601 2237 763 2280 fiducia
778 2253 905 2281 suum
919 2244 1023 2281 nun·

196 2295 328 2341 cupat
343 2290 514 2332 Filium:
533 2306 614 2334 nec
636 2293 901 2346 dedignatur
919 2310 1024 2338 nun-

196 2346 348 2397 cupari
374 2347 511 2398 Deus,
541 2350 661 2401 quod
690 2364 787 2393 esse
817 2352 1024 2404 dignatus

197 2406 274 2442 est.
302 2401 415 2442 Nam
439 2405 572 2454 paulo
593 2412 697 2458 post
716 2408 866 2450 subdit
885 2410 1024 2451 Evan-

196 2457 366 2508 gelista:
384 2458 441 2499 Et
456 2467 550 2502 erat
566 2462 769 2505 subditus
780 2464 875 2506 illis.
896 2466 1024 2515 Quis?

197 2512 379 2564 quibus?
417 2514 538 2557 Deus
573 2518 849 2561 hominibus?
891 2522 1025 2572 Deus,

196 2569 388 2621 inquam,
422 2572 491 2612 cui
524 2572 681 2624 Angeli
712 2576 877 2618 subditi
914 2584 1025 2627 sunt,

197 2625 265 2666 cui
294 2626 570 2679 Principatus
600 2635 643 2670 et
670 2631 923 2675 Potestates
951 2634 1025 2676 ob-

197 2681 358 2732 ediunt,
378 2683 580 2725 subditus
601 2692 694 2727 erat
713 2688 876 2730 Mariae.

1138 266 1188 317 Rl.
1220 264 1360 306 Beata
1393 277 1440 305 es
1467 265 1608 315 Virgo
1641 265 1797 316 Maria,
1828 264 1914 306 Dei

1081 320 1300 370 Genitrix,
1332 333 1431 372 quae
1458 319 1687 363 credidisti
1704 321 1914 363 Domino:

1079 377 1278 429 perfecta
1298 382 1399 418 sunt
1418 377 1461 417 in
1481 382 1536 427 te,
1558 390 1659 429 quae
1677 377 1796 420 dicta
1812 383 1914 419 sunt

1079 433 1174 474 tibi:
1195 436 1217 461 *
1228 434 1472 486 Propterea
1491 434 1718 476 benedixit
1732 439 1778 476 te
1791 434 1914 476 Deus

1080 489 1123 530 in
1147 491 1370 531 aetemum.
1414 487 1465 539 V.
1485 490 1657 532 Diffusa
1681 496 1749 532 est
1772 491 1915 542 gratia

1080 546 1124 586 in
1143 546 1272 588 labiis
1295 547 1401 588 tuis:
1428 547 1653 589 intercede
1678 560 1760 600 pro
1786 547 1914 590 nobis

1081 602 1138 644 ad
1157 603 1396 644 Dominum
1415 604 1560 645 Deum
1578 609 1790 646 nostrum.
1810 604 1914 645 Pro-

1079 661 1245 711 pterea.

1138 730 1301 771 Bened.
1350 731 1480 782 Cuius
1516 730 1677 772 festum
1712 730 1914 781 colimus,

1080 787 1178 839 ipsa
1196 787 1335 839 Virgo
1354 788 1581 839 virginum.

1370 874 1526 916 Lectio
1546 876 1631 916 viii.

1085 936 1299 1043 Mirare
1315 943 1581 993 utrumlibet,
1602 949 1646 985 et
1665 943 1777 994 elige
1794 944 1915 996 quod

1199 1000 1388 1052 amplius
1405 1000 1588 1050 mireris,
1613 1001 1705 1042 sive
1723 1001 1824 1042 Filii
1841 1000 1915 1042 be-

1082 1057 1383 1107 nignissimam
1399 1056 1710 1108 dignationem,
1725 1058 1818 1099 sive
1825 1058 1915 1099 Ma-

1080 1113 1161 1154 tris
1194 1113 1609 1155 excellentissimam
1643 1113 1915 1166 dignitatem.

1081 1170 1313 1222 Utrimque
1339 1175 1514 1223 stupor,
1541 1173 1764 1224 utrimque
1787 1171 1915 1213 mira-

1082 1226 1239 1267 culum.
1275 1227 1333 1269 Et
1358 1227 1479 1279 quod
1497 1228 1619 1269 Deus
1642 1228 1817 1270 feminae
1838 1227 1915 1270 ob-

1079 1285 1313 1335 temperet,
1340 1283 1564 1326 humilitas
1583 1284 1751 1337 absque
1771 1286 1915 1327 exem-

1080 1339 1172 1391 plo:
1210 1345 1253 1381 et
1287 1340 1408 1392 quod
1436 1341 1534 1383 Deo
1567 1341 1728 1382 femina
1758 1341 1915 1394 princi-

1079 1397 1225 1448 petur,
1259 1396 1508 1438 sublimitas
1540 1398 1633 1439 sine
1665 1398 1800 1440 socio.
1862 1398 1915 1439 In

1078 1452 1284 1494 laudibus
1298 1453 1530 1504 Virginum
1549 1454 1827 1506 singulariter
1844 1457 1914 1496 ca-

1079 1509 1195 1550 nitur
1215 1509 1336 1561 quod
1355 1513 1599 1562 sequuntur
1612 1512 1790 1562 Agnum
1807 1524 1913 1564 quo·

1080 1569 1269 1618 cumque
1292 1567 1403 1608 ierit.
1447 1567 1617 1618 Quibus
1645 1580 1751 1619 ergo
1777 1567 1914 1610 laudi-

1078 1621 1161 1663 bus
1198 1621 1366 1674 judicas
1403 1623 1598 1675 dignam,
1644 1637 1744 1676 quae
1782 1624 1915 1666 etiam

1078 1678 1231 1731 praeit?
1259 1680 1394 1722 Disce
1412 1679 1547 1722 homo
1567 1680 1766 1723 obedire:
1791 1681 1914 1723 disce

1077 1741 1194 1777 terra
1214 1736 1359 1778 subdi:
1383 1736 1505 1778 disce
1521 1737 1667 1790 pulvis
1687 1737 1912 1791 obtempe-

1077 1794 1187 1834 rare.
1220 1793 1289 1834 De
1309 1793 1506 1835 Auctore
1524 1799 1602 1836 tuo
1621 1793 1809 1847 loquens
1827 1795 1911 1836 Ev-

1078 1849 1305 1899 angelista:
1325 1849 1382 1890 Et
1402 1854 1509 1899 erat,
1530 1850 1686 1902 inquit,
1708 1850 1911 1892 subditus

1078 1904 1175 1945 illis.
1203 1905 1428 1948 Erubesce
1444 1906 1634 1959 superbe
1648 1907 1770 1949 cinis:
1789 1907 1911 1949 Deus

1080 1974 1127 2002 se
1146 1961 1360 2012 humiliat,
1380 1968 1424 2005 et
1441 1968 1490 2005 tu
1508 1968 1553 2005 te
1573 1963 1763 2005 exaltas?
1789 1964 1912 2005 Deus

1080 2030 1126 2059 se
1154 2017 1405 2061 hominibus
1434 2019 1600 2070 subdit,
1629 2025 1674 2062 et
1699 2025 1748 2062 tu
1776 2020 1911 2063 domi-

1078 2075 1171 2115 nari
1182 2076 1376 2126 gestiens
1387 2076 1648 2127 hominibus,
1658 2082 1736 2119 tuo
1747 2082 1792 2119 te
1800 2090 1912 2130 prae-

1079 2132 1209 2183 ponis
1230 2131 1437 2174 Auctori?
1468 2124 1495 2174 ἒ·
1516 2134 1640 2175 Felix
1658 2134 1815 2183 Maria,
1842 2134 1913 2176 cui

1079 2200 1160 2229 nec
1188 2187 1409 2230 humilitas
1438 2189 1592 2240 defuit,
1629 2203 1711 2232 nec
1738 2190 1912 2242 virgini-

1078 2244 1161 2284 tas!
1194 2244 1252 2285 Et
1277 2244 1456 2297 quidem
1481 2246 1713 2301 singularis
1738 2246 1911 2296 virgini-

1079 2306 1164 2350 tas,
1193 2313 1325 2351 quam
1344 2315 1432 2343 non
1452 2303 1702 2352 temeravit,
1731 2301 1811 2344 sed
1835 2302 1910 2344 ho-

1078 2357 1254 2398 noravit
1282 2357 1557 2400 foecunditas.
1610 2359 1668 2400 Et
1697 2357 1911 2399 nihilomi-

1079 2426 1160 2453 nus
1181 2413 1386 2464 specialis
1406 2414 1645 2464 humilitas,
1673 2427 1805 2466 quam
1824 2427 1911 2456 non

1079 2468 1278 2519 abstulit,
1307 2469 1387 2511 sed
1415 2471 1571 2512 extulit
1594 2470 1803 2511 foecunda
1829 2470 1911 2511 vir-

1078 2525 1252 2574 ginitas:
1278 2531 1322 2567 et
1344 2526 1703 2578 incomparabilis
1726 2539 1910 2579 prorsus

1079 2580 1358 2631 foecunditas,
1385 2595 1517 2634 quam
1535 2582 1762 2633 virginitas
1782 2582 1911 2624 simul

1079 2638 1314 2679 comitatur
1342 2644 1386 2680 et
1414 2638 1648 2680 humilitas.
1691 2639 1808 2689 Quid
1834 2638 1910 2680 ho-

1078 2705 1175 2734 rum
1206 2707 1295 2735 non
1326 2693 1548 2736 mirabile?
1591 2695 1698 2747 quid
1730 2708 1820 2737 non
1848 2695 1907 2735 in-
