2040 2944
407 170 480 204 Die
503 169 557 202 29.
583 168 684 212 Sept.
731 168 775 201 In
800 167 1054 201 Dedicatione
1081 167 1115 201 S.
1141 167 1342 201 Michaelis
1368 168 1615 210 Archangeli.

254 259 444 301 Homilia
473 259 612 301 sancti
638 258 897 311 Hieronymi

441 315 704 375 Presbyteri.

216 379 298 414 Lib.
322 379 352 413 3.
378 379 523 413 Comm.
549 378 588 412 in
611 387 693 420 cap.
721 378 773 411 18.
799 377 931 411 Matth.

168 456 171 462 ·’
255 434 346 475 ost
373 429 598 470 inventum
626 428 852 476 staterem,
884 431 989 479 post

166 481 171 531 ἑ
194 476 268 557 [l
292 485 457 527 tributa
474 483 655 535 reddita,
676 482 782 535 quid
798 482 881 524 sibi
895 482 989 524 vult

164 518 268 567 -Q
292 541 613 594 Apostolorum
658 541 887 592 repentina
927 539 988 578 in-

157 598 414 650 terrogatio,
439 598 563 649 Quis,
590 601 738 649 putas,
763 596 902 646 major
922 599 989 636 est

156 656 200 696 in
222 667 358 706 regno
386 651 622 696 coelorum?
652 652 763 703 Quia
787 650 989 693 viderant

156 724 240 765 pro
263 713 397 753 Petro
428 715 472 752 et
491 710 683 751 Domino
707 707 827 750 idem
853 707 987 750 tribu-

156 773 250 810 tum
268 766 505 816 redditum,
532 779 587 808 ex
612 764 865 818 aequalitate
892 765 988 817 pre-

156 824 206 866 tii
232 823 432 866 arbitrati
456 827 557 864 sunt
579 823 760 864 Petrum
785 820 989 862 omnibus

157 880 388 933 Apostolis
419 892 518 921 esse
550 879 805 932 praelatum,
839 878 914 930 qui
946 878 989 917 in

156 936 405 978 redditione
435 935 590 978 tributi
621 935 814 976 Domino
846 934 988 975 fuerat

157 995 454 1045 comparatus:
477 991 579 1034 ideo
599 992 871 1042 interrogant
891 990 988 1043 quis

156 1051 295 1101 major
322 1050 379 1091 sit
406 1050 450 1090 in
477 1061 613 1100 regno
643 1048 867 1090 coelorum.
914 1047 988 1089 Vi-

157 1106 354 1159 densque
369 1106 394 1147 J
397 1119 497 1148 esus
518 1105 808 1156 cogitationes
825 1106 988 1154 eorum,

158 1168 201 1205 et
229 1175 385 1204 causas
415 1162 576 1204 erroris
604 1161 867 1212 intelligens,
895 1160 989 1202 vult

158 1218 422 1261 desiderium
439 1218 592 1269 gloriae
611 1217 869 1259 humilitatis
889 1229 987 1258 con-

156 1275 351 1318 tentione
371 1277 537 1316 sanare.

208 1336 261 1387 R.
285 1333 337 1373 In
361 1333 601 1384 conspectu
621 1330 829 1373 Gentium
851 1329 988 1372 nolite

155 1389 324 1431 timere:
356 1401 437 1430 vos
466 1388 581 1430 enim
607 1388 651 1428 in
679 1386 888 1429 cordibus
916 1399 986 1428 ve-

157 1445 259 1487 stris
284 1445 469 1486 adorate
495 1449 540 1486 et
563 1444 714 1486 timete
734 1443 987 1485 Dominum:

156 1506 179 1530 *
199 1501 396 1553 Angelus
416 1501 530 1543 enim
550 1501 641 1553 ejus
661 1500 891 1542 vobiscum
911 1504 987 1541 est.

157 1559 208 1609 V.
232 1558 363 1599 Stetit
381 1557 576 1608 Angelus
599 1558 719 1609 juxta
742 1569 862 1598 aram
880 1562 987 1598 tem-

156 1613 234 1666 pli,
259 1613 426 1655 habens
449 1613 719 1655 thuribulum
743 1615 925 1654 aureum
944 1613 988 1653 in

155 1682 288 1711 manu
306 1683 396 1711 sua.
423 1669 630 1720 Angelus.

211 1727 375 1768 Bened.
405 1731 600 1779 Quorum
618 1726 789 1768 festum.

448 1786 600 1826 Lectio
621 1786 704 1825 viii.

160 1834 250 1942 Si
263 1844 409 1881 autem
421 1852 576 1880 manus
594 1842 681 1889 tua,
699 1838 771 1880 vel
787 1851 867 1891 pes
886 1843 987 1880 tuus

243 1895 513 1938 scandalizat
545 1900 606 1946 te,
639 1894 848 1936 abscinde
877 1907 987 1945 eum,

84 1988 87 1990 .
157 1959 200 1995 et
218 1952 384 2006 projice
403 1951 482 1994 abs
501 1956 556 1994 te.
588 1952 784 1993 Necesse
809 1955 877 1992 est
896 1952 986 2003 qui-

157 2009 259 2050 dem
277 2011 427 2050 venire
447 2007 668 2050 scandala:
692 2020 759 2048 vae
779 2012 927 2049 tamen
947 2008 987 2049 ei

157 2069 224 2106 est
241 2064 424 2114 homini,
451 2064 541 2116 qui,
570 2063 691 2116 quod
715 2065 897 2104 necesse
921 2069 988 2105 est

155 2125 204 2162 ut
225 2121 303 2163 fiat
321 2121 365 2161 in
383 2120 564 2170 mundo,
588 2120 695 2162 vitio
716 2132 796 2161 suo
816 2120 920 2162 facit
938 2126 987 2162 ut

155 2190 235 2230 per
254 2190 302 2220 se
320 2178 408 2219 fiat.
442 2177 580 2228 Igitur
599 2177 741 2218 omnis
759 2179 987 2219 truncatur

137 2233 355 2284 affectus,
384 2238 428 2276 et
453 2233 658 2276 universa
676 2234 986 2286 propinquitas

156 2292 418 2343 amputatur,
436 2302 491 2331 ne
510 2302 590 2342 per
605 2289 883 2331 occasionem
897 2290 986 2342 pie-

154 2346 259 2388 tatis
272 2348 573 2398 unusquisque
590 2344 862 2387 credentium
871 2348 987 2387 scan-

157 2401 267 2443 dalis
284 2404 447 2454 pateat.
474 2402 530 2452 Si,
548 2402 700 2454 inquit,
719 2402 781 2443 ita
801 2406 869 2443 est
888 2403 986 2454 quis

155 2457 237 2500 tibi
272 2459 545 2510 conjunctus,
590 2463 638 2500 ut
672 2471 844 2508 manus,
889 2471 985 2511 pes,

157 2514 327 2565 oculus,
356 2519 399 2556 et
427 2519 495 2557 est
521 2515 639 2557 utilis
668 2519 802 2567 atque
827 2515 984 2556 sollici—

155 2575 242 2621 tus,
276 2575 320 2612 et
346 2574 502 2613 acutus
530 2571 586 2613 ad
612 2571 984 2624 perspiciendum:

157 2626 413 2668 scandalum
431 2632 579 2669 autem
597 2628 679 2670 tibi
692 2628 806 2677 facit,
826 2633 870 2668 et
884 2640 983 2680 pro-

155 2688 256 2734 pter
282 2682 599 2725 dissonantiam
623 2697 797 2725 morum
819 2689 862 2725 te
887 2685 983 2736 per-

1808 134 1875 197 3'35

1039 256 1174 298 trahit
1196 256 1241 296 in
1265 255 1525 306 gehennam:
1552 255 1707 297 melius
1732 261 1799 297 est
1826 262 1874 298 ut

1041 317 1085 354 et
1117 312 1450 365 propinquitate
1483 313 1592 363 ejus,
1634 317 1678 353 et
1710 313 1873 354 emolu-

1039 369 1197 410 mentis
1223 368 1470 410 carnalibus
1497 371 1664 410 careas:
1689 382 1744 410 ne
1769 368 1874 410 dum

1040 425 1106 466 vis
1130 424 1388 466 lucrifacere
1415 427 1630 476 cognatos
1656 430 1700 467 et
1723 438 1872 466 neces-

1041 481 1193 530 sariOS,
1214 493 1391 522 causam
1410 481 1576 522 habeas
1596 481 1830 523 ruinarum.

1098 549 1149 599 R.
1161 546 1349 587 Michael
1367 546 1671 597 Archangelus
1691 548 1812 589 venit
1830 548 1875 588 in

1041 602 1305 655 adjutorium
1346 603 1515 655 populo
1551 603 1648 644 Dei.
1689 606 1711 630 *
1745 603 1875 646 Stetit

1040 660 1083 700 in
1118 659 1326 701 auxilium
1359 672 1441 712 pro
1479 659 1707 701 animabus
1740 661 1874 711 justis.

1047 712 1096 763 Y
1111 716 1241 758 Stetit
1260 715 1458 766 Angelus
1483 717 1603 768 juxta
1627 729 1748 757 aram
1768 722 1873 758 tem-

1040 773 1117 825 pli,
1142 773 1308 815 habens
1331 772 1602 814 thuribulum
1626 776 1808 814 aureum
1831 774 1875 813 in

1040 843 1172 871 manu
1191 842 1280 870 sua.
1313 828 1454 871 Stetit.
1488 829 1648 870 Gloria.
1680 829 1821 871 Stetit.

1347 890 1501 931 Lectio
1522 890 1577 929 ix.

1045 942 1206 1047 Dico
1226 947 1369 997 vobis,
1403 947 1506 999 quia
1533 946 1693 997 Angeli
1721 949 1874 988 eorum

1140 1005 1185 1044 in
1209 1004 1334 1045 coelis
1354 1016 1529 1056 semper
1547 1002 1699 1044 vident
1717 1003 1874 1044 faciem

1040 1061 1184 1102 Patris
1202 1061 1299 1102 mei.
1328 1061 1471 1113 Supra
1486 1060 1670 1109 dixerat,
1688 1072 1769 1112 per
1787 1073 1874 1100 ma-

1041 1131 1160 1167 num,
1186 1122 1230 1158 et
1249 1117 1426 1170 pedem,
1452 1122 1496 1158 et
1521 1116 1697 1158 oculum
1721 1129 1874 1158 omnes

1041 1174 1395 1226 propinquitates
1433 1179 1476 1215 et
1512 1173 1873 1222 necessitudines,

1043 1243 1142 1282 quae
1181 1230 1437 1272 scandalum
1474 1230 1620 1272 faeere
1656 1232 1874 1282 poterant,

1041 1286 1348 1339 amputandas:
1386 1286 1688 1328 austeritatem
1722 1288 1872 1337 itaque

1042 1343 1271 1385 sententiae
1296 1343 1494 1395 subjecto
1518 1344 1748 1396 praecepto
1768 1344 1873 1384 tem-

1040 1405 1183 1452 perat,
1226 1399 1391 1442 dicens:
1432 1400 1596 1442 Videte
1634 1412 1688 1441 ne
1727 1403 1873 1440 conte-

1040 1456 1200 1497 mnatis
1224 1470 1358 1498 unum
1382 1469 1437 1498 ex
1456 1456 1628 1509 pusillis
1648 1455 1754 1497 istis.
1791 1455 1873 1505 Sic⁷

1040 1513 1198 1564 inquit,
1234 1514 1447 1566 praecipio
1486 1513 1785 1562 severitatem,
1826 1516 1875 1552 ut

1041 1570 1316 1611 commisceri
1359 1570 1637 1612 clementiam
1673 1569 1874 1611 doceam:

1042 1627 1144 1678 quia
1164 1627 1324 1678 Angeli
1343 1630 1494 1669 eorum
1514 1628 1558 1668 in
1578 1626 1703 1668 coelis
1723 1625 1875 1667 vident

1041 1696 1218 1736 semper
1245 1684 1403 1725 faciem
1431 1684 1586 1725 Patris.
1622 1683 1782 1733 Magna
1811 1681 1872 1723 di-

1039 1740 1184 1790 gnitas
1217 1740 1479 1789 animarum,
1513 1744 1562 1781 ut
1594 1741 1873 1791 unaquaeque

1040 1795 1203 1838 habeat
1234 1795 1290 1838 ab
1323 1800 1425 1837 ortu
1456 1795 1697 1837 nativitatis
1730 1796 1774 1835 in
1803 1808 1873 1837 cu-

1040 1851 1232 1894 stodiam
1266 1853 1332 1894 sui
1360 1853 1579 1903 Angelum
1607 1852 1872 1903 delegatum.

1040 1908 1168 1950 Unde
1202 1909 1387 1960 legimus
1419 1909 1463 1950 in
1497 1909 1769 1962 Apocalypsi
1801 1909 1871 1950 Jo-

1041 1966 1180 2006 annis:
1208 1966 1380 2016 Angelo
1405 1966 1588 2018 Ephesi,
1617 1970 1662 2007 et
1685 1966 1871 2018 reliqua-

1039 2033 1136 2062 rum
1151 2023 1448 2073 ecclesiarum,
1464 2021 1608 2064 scribe
1622 2021 1730 2063 haec.
1752 2022 1871 2074 Apo-

1041 2078 1181 2119 stolus
1209 2091 1386 2131 quoque
1411 2079 1617 2132 praecipit
1641 2078 1778 2119 velari
1803 2080 1870 2120 ca-

1039 2134 1132 2186 pita
1167 2135 1210 2175 in
1247 2135 1448 2176 ecclesiis
1480 2135 1738 2176 feminarum
1769 2147 1870 2187 pro-

1038 2195 1138 2243 pter
1157 2191 1364 2242 Angelos.
1422 2193 1484 2233 Te
1503 2192 1658 2233 Deum.
1686 2192 1745 2231 14.

1303 2276 1383 2317 Ad
1408 2276 1605 2317 Laudes

1253 2345 1272 2369 6
1289 2339 1304 2369 t
1342 2345 1367 2378 p
1386 2345 1405 2369 e
1422 2345 1440 2368 r
1478 2334 1515 2368 H
1532 2344 1555 2369 o
1571 2345 1591 2368 r
1607 2344 1629 2368 a
1647 2344 1675 2368 s.

1095 2391 1195 2431 Ant.
1229 2393 1256 2431 1.
1302 2391 1430 2432 Stetit
1465 2390 1662 2441 Angelus
1695 2390 1719 2416 *
1750 2390 1870 2441 juxta

1038 2457 1159 2486 aram
1191 2446 1365 2498 templi,
1398 2446 1566 2488 habens
1598 2445 1870 2488 thuribulum

1038 2504 1218 2542 aureum
1237 2502 1281 2542 in
1299 2516 1431 2544 manu
1450 2516 1540 2544 sua.

1095 2566 1163 2606 Ps.
1187 2564 1399 2606 Dominus
1418 2563 1628 2615 regnavit.
1647 2564 1706 2603 15.

1095 2628 1131 2667 2.
1170 2628 1286 2667 Dum
1317 2624 1592 2677 praeliaretur
1625 2625 1649 2651 *
1682 2621 1868 2663 Michael

1038 2681 1342 2732 Archangelus
1363 2694 1463 2722 cum
1483 2680 1692 2728 dracone,
1716 2676 1866 2719 audita
