2040 2944
742 210 851 244 Fcria
877 213 986 243 sexta
1012 208 1060 242 ud
1087 207 1323 241 Matutinum.

232 313 534 358 Misericordia
569 317 612 353 et
646 310 809 351 veritas
845 310 1007 361 praece-

181 375 285 416 dent
308 372 462 413 faciem
481 375 620 410 tuam:
645 369 669 394 *
690 366 847 408 beatus
870 367 1007 417 popu-

180 431 258 478 lus,
287 429 361 480 qui
389 427 471 468 scit
499 423 810 475 jubilationem.

231 485 419 527 Domine
438 482 481 522 in
498 480 662 523 himine
681 479 830 520 vultus
849 477 913 519 tui
929 490 1009 518 am-

180 541 402 589 bulabunt,
429 543 473 580 et
496 538 541 578 in
565 536 743 577 nomine
768 540 846 576 tuo
868 533 1008 576 exsul-

179 599 334 640 tabunt
353 600 449 636 tota
467 594 552 635 die:
578 595 601 620 *
623 597 667 634 et
688 592 731 632 in
751 591 914 642 justitia
933 595 1010 631 tua

181 652 500 696 exaltabantur.

231 708 449 760 Quoniam
481 705 621 758 gloria
652 703 829 745 virtatis
858 704 1011 744 eorum

179 771 227 807 tu
253 779 316 807 es:
340 767 363 791 *
390 768 433 805 et
462 763 506 803 in
528 760 809 813 beneplacito
837 763 914 800 tuo
941 771 1010 799 ex-

180 821 389 864 altabitur
417 832 555 861 cornu
582 822 794 858 nostrum.

233 878 346 928 Quia
364 875 543 918 Domini
570 879 637 915 est
666 871 911 924 assumptio
937 883 1011 911 no-

181 941 291 977 stra:
306 936 330 961 *
349 938 392 975 et
411 931 551 974 sancti
569 929 708 971 Israel
727 928 843 979 regis
862 927 1012 968 nostri.

232 991 358 1032 Tunc
381 990 556 1031 locutus
582 1000 629 1028 es
655 986 699 1026 in
724 985 893 1026 visione
917 996 1012 1024 san-

182 1048 265 1089 ctis
293 1047 392 1095 tuis,
421 1050 465 1086 et
494 1043 658 1085 dixisti:
682 1044 706 1068 *
730 1041 866 1082 Posui
895 1039 1011 1091 adju-

183 1104 345 1146 torium
366 1102 409 1142 in
428 1102 628 1154 potente:
654 1103 698 1140 et
718 1097 909 1139 exaltavi
930 1096 1012 1137 ele-

183 1166 302 1202 ctum
330 1158 385 1200 de
412 1157 544 1210 plebe
571 1168 680 1197 mea.

234 1215 387 1256 Inveni
414 1212 561 1255 David
594 1224 770 1253 servum
798 1222 958 1251 meum:
991 1210 1014 1235 *

185 1274 284 1314 oleo
314 1276 468 1312 sancto
497 1282 597 1312 meo
624 1267 730 1309 unxi
758 1279 867 1308 eum.

236 1329 391 1370 Manus
407 1327 523 1369 enim
541 1338 639 1367 mea
657 1323 939 1365 auxiliabitur
960 1321 1014 1363 ei:

185 1388 208 1413 *
237 1390 281 1427 et
313 1383 542 1426 brachium
570 1394 717 1423 meum
745 1378 1015 1421 confortabit

187 1455 298 1484 eum.

236 1497 357 1539 Nihil
381 1495 585 1548 proficiet
608 1494 810 1534 inimicus
834 1492 878 1532 in
903 1503 968 1541 eo,
992 1492 1016 1517 *

188 1559 231 1596 et
268 1553 385 1594 filius
422 1550 666 1603 iniquitatis
699 1562 789 1590 non
822 1549 1017 1600 apponet

187 1611 348 1651 nocere
377 1609 427 1650 ei.

238 1666 295 1707 Et
324 1664 554 1706 concidam
581 1676 607 1704 a
634 1662 744 1703 facie
772 1661 912 1714 ipsius
940 1660 1016 1701 ini·

187 1725 327 1764 micos
355 1722 462 1774 ejus:
490 1722 513 1747 *
542 1724 586 1761 et
617 1718 818 1760 odientes
846 1731 947 1759 eum
973 1717 1018 1758 in

189 1779 335 1829 fugam
363 1778 627 1819 convertam.

240 1836 297 1876 Et
325 1834 488 1876 veritas
512 1845 621 1882 mea,
648 1837 691 1873 et
713 1831 1019 1873 misericordia

189 1904 287 1933 mea
327 1903 427 1932 cum
462 1890 580 1942 ipso:
616 1891 640 1915 *
677 1893 720 1930 et
756 1888 801 1928 in
841 1888 1019 1929 nomine

190 1960 289 1989 meo
318 1945 583 1988 exaltabitur
612 1957 751 1986 cornu
779 1945 881 1996 ejus.

241 2003 299 2044 Et
315 2015 477 2055 ponam
496 2002 541 2042 in
554 2001 664 2042 mari
678 2014 856 2042 manum
874 2001 980 2052 ejus:
996 2002 1020 2027 *

193 2064 237 2101 et
264 2060 308 2100 in
335 2058 587 2100 fluminibus
616 2057 844 2099 dexteram
873 2058 974 2109 ejus.

242 2115 346 2168 Ipse
374 2114 597 2156 invocabit
624 2127 711 2155 me:
739 2114 871 2155 Pater
895 2125 1020 2155 meus

193 2186 240 2214 es
267 2177 334 2213 tu:
358 2173 382 2198 *
402 2172 523 2212 Deus
551 2183 687 2220 meus,
717 2175 760 2212 et
789 2171 1020 2222 susceptor

194 2228 348 2270 salutis
375 2240 496 2268 meae.

244 2284 302 2325 Et
329 2296 411 2334 ego
431 2283 771 2336 primogenitum
791 2295 954 2335 ponam
973 2282 1020 2323 il-

193 2339 284 2381 lum
298 2342 322 2366 *
339 2340 559 2381 excelsum
575 2353 669 2391 prae
686 2339 863 2390 regibus
878 2344 1021 2380 terrae.

245 2397 297 2437 In
325 2397 538 2437 aeternum
564 2395 750 2437 servabo
774 2395 837 2435 illi
855 2395 1021 2436 miseri-

195 2451 392 2494 cordiam
410 2465 571 2493 meam:
595 2454 619 2478 *
645 2458 689 2494 et
708 2454 1022 2494 testamentum

194 2521 339 2550 meum
367 2507 498 2549 fidele
525 2509 621 2560 ipsi.

246 2564 304 2606 Et
337 2577 500 2616 ponam
537 2565 581 2604 in
625 2564 834 2606 saeculum
871 2564 1022 2606 sa'eculi

196 2633 344 2663 semen
387 2622 496 2672 ejus:
537 2622 561 2647 *
599 2626 642 2662 et
681 2621 889 2662 thronum
931 2622 1022 2672 ejus

197 2678 310 2719 sicut
339 2676 433 2718 dies
462 2676 574 2717 coeli.

248 2733 294 2774 Si
321 2738 469 2774 autem
494 2732 807 2784 dereliquerint
829 2733 910 2774 filii
929 2734 1022 2785 eius

1060 307 1202 357 legem
1221 317 1382 346 meam:
1407 304 1431 330 *
1458 306 1502 343 et
1527 302 1572 342 in
1591 300 1764 353 judiciis
1782 299 1892 341 meis

1060 375 1148 403 non
1176 359 1515 403 ambulaverint:

1112 420 1155 460 Si
1172 418 1361 470 justitias
1374 429 1496 458 meas
1510 411 1856 468 profanaverint:
1869 411 1893 438 *

1063 482 1106 518 et
1124 474 1333 516 mandata
1356 485 1455 514 mea
1474 484 1564 513 non
1587 467 1895 512 custodierint:

1114 531 1320 574 Visitabo
1339 530 1384 570 in
1403 530 1527 580 virga
1546 525 1803 579 iniquitates
1824 525 1894 566 eo-

1062 602 1174 630 rum:
1205 590 1228 614 *
1258 592 1302 628 et
1336 587 1381 627 in
1415 583 1675 627 verberibus
1709 582 1896 634 peccata

1063 648 1227 687 eorum.

1115 699 1468 742 Misericordiam
1485 702 1633 739 autem
1647 708 1792 737 meam
1806 705 1897 735 non

1064 758 1316 811 dispergam
1340 755 1395 797 ab
1418 768 1486 796 eo:
1509 757 1533 782 *
1556 765 1700 805 neque
1723 749 1896 793 nocebo

1063 816 1107 856 in
1137 814 1324 856 veritate
1351 825 1465 854 mea:

1115 872 1273 922 Neque
1304 867 1551 922 profanabo
1583 866 1899 908 testamentum

1064 941 1225 969 meum:
1249 928 1272 954 *
1297 931 1342 968 et
1364 938 1463 978 quae
1486 923 1737 977 procedunt
1761 921 1817 963 de
1839 919 1898 961 la-

1064 984 1149 1026 biis
1177 983 1299 1033 meis,
1327 994 1416 1023 non
1443 981 1602 1022 faciam
1628 979 1764 1020 irrita.

1117 1039 1262 1082 Semel
1290 1038 1428 1091 juravi
1456 1038 1501 1078 in
1529 1041 1684 1078 sancto
1713 1046 1828 1083 meo,
1862 1032 1900 1074 si

1065 1096 1212 1138 David
1245 1095 1450 1137 mentiar:
1486 1095 1510 1121 *
1545 1105 1695 1134 semen
1730 1091 1822 1143 ejus
1855 1089 1900 1130 111

1066 1155 1281 1195 aeternum
1308 1150 1515 1192 manebit.

1118 1211 1176 1251 Et
1194 1209 1382 1251 thronus
1402 1208 1494 1259 ejus
1514 1206 1630 1247 sicut
1649 1204 1718 1246 sol
1734 1203 1780 1244 in
1799 1215 1901 1244 con-

999 1276 1003 1281 ’
1068 1268 1224 1319 spectu
1251 1277 1366 1315 meo,
1399 1266 1422 1291 *
1456 1268 1500 1305 et
1533 1262 1648 1303 sicut
1675 1261 1779 1302 luna
1804 1271 1902 1312 per-

1067 1323 1183 1364 fecta
1202 1323 1246 1363 in
1267 1322 1495 1363 aeternum:
1517 1323 1560 1361 et
1575 1317 1704 1360 testis
1722 1317 1767 1358 in
1786 1315 1902 1358 coelo

1067 1379 1222 1421 fidelis.

1119 1436 1189 1477 Tu
1211 1447 1318 1477 vero
1346 1432 1549 1486 repulisti
1573 1436 1617 1473 et
1643 1427 1903 1482 despexisti:

1069 1495 1092 1520 *
1121 1491 1333 1534 distulisti
1362 1490 1577 1532 christum
1604 1492 1741 1529 tuum.

1121 1548 1332 1590 Evertisti
1351 1547 1667 1589 testamentum
1687 1542 1805 1585 servi
1825 1541 1904 1583 tui:

1069 1608 1093 1634 *
1118 1604 1364 1659 profanasti
1384 1603 1429 1644 in
1454 1607 1574 1645 terra
1595 1598 1906 1642 Sanctuarium

1071 1675 1173 1714 ejus.

1121 1717 1395 1760 Destruxisti
1418 1727 1572 1758 omnes
1597 1725 1728 1766 sepes
1748 1712 1856 1764 ejus:
1881 1711 1905 1738 *

1070 1775 1260 1828 posuisti
1287 1774 1612 1815 firmamentum
1639 1771 1732 1822 ejus
1759 1769 1905 1811 formi-

1072 1832 1230 1874 dinem.

1122 1889 1415 1941 Diripuerunt
1449 1898 1549 1927 eum
1581 1895 1736 1925 omnes
1766 1885 1906 1923 trans·
1931 1891 1935 1895 “

1073 1948 1228 1987 euntes
1257 1945 1387 1985 viam:
1419 1944 1443 1969 *
1475 1942 1618 1983 factus
1647 1943 1716 1981 est
1744 1938 1906 1991 o'ppro-

1072 2002 1218 2043 brium
1246 2000 1402 2042 vicinis
1431 1998 1533 2040 suis.

1124 2057 1343 2099 Exaltasti
1369 2056 1599 2098 dexteram
1624 2049 1907 2105 deprimenti-

1073 2128 1147 2156 um
1175 2127 1292 2156 eum:
1324 2115 1348 2140 *
1380 2110 1619 2154 laetificasti
1647 2120 1802 2150 omnes
1829 2105 1906 2147 ini-

1072 2174 1211 2212 micos
1241 2171 1342 2222 ejus.

1124 2227 1340 2269 Avertisti
1362 2224 1628 2278 adjutorium
1642 2220 1779 2274 gladii
1799 2220 1908 2272 ejus:

1074 2285 1097 2310 *
1122 2288 1166 2325 et
1191 2296 1280 2324 non
1308 2296 1355 2324 es
1382 2281 1618 2323 auxiliatus
1645 2278 1686 2320 ei
1708 2278 1754 2318 in
1775 2275 1908 2318 bello.

1126 2339 1397 2381 Destruxisti
1436 2351 1536 2380 eum
1572 2336 1627 2378 ab
1666 2331 1908 2376 emundati-

1075 2398 1173 2437 one:
1210 2397 1234 2423 *
1272 2401 1316 2437 et
1353 2394 1507 2437 sedem
1544 2393 1635 2445 ejus
1667 2391 1713 2432 in
1744 2394 1910 2431 terram

1074 2452 1288 2494 collisisti.
1920 2442 1925 2446 ’

1126 2509 1359 2550 Minorasti
1388 2508 1483 2550 dies
1507 2504 1723 2558 temporis
1752 2503 1858 2554 ejus:
1886 2501 1910 2527 *

1074 2565 1309 2617 perfudisti
1338 2578 1438 2606 eum
1466 2562 1735 2612 confusione.

1126 2622 1371 2674 Usquequo
1416 2620 1608 2662 Domine
1653 2615 1818 2659 avertis
1866 2614 1911 2655 in

1074 2678 1221 2764 fine-3³³³
1245 2680 1267 2705 *
1292 2677 1552 2720 exardescet
1576 2675 1691 2716 sicut
1714 2672 1828 2723 ignis
1847 2671 1912 2712 ira

1074 2738 1167 2775 tua.
