2040 2944
452 218 524 252 Die
548 218 602 253 29.
625 218 723 261 Aug.
770 219 812 253 In
837 219 1105 253 Decollatione
1130 219 1164 254 S.
1186 220 1350 254 Joannis
1376 220 1574 263 Baptistae.

163 315 374 366 destruas,
399 321 442 358 et
462 315 704 370 disperdas,
727 323 771 360 et
791 317 990 372 dissipes,

161 377 205 415 et
223 372 427 423 aedifices,
444 378 486 415 et
505 374 688 426 plantes.

210 437 262 489 R.
297 434 322 475 J
325 436 490 476 oannes
532 435 734 488 Baptista
779 435 991 487 arguebat

159 490 386 532 Herodem
412 493 437 519 ²⁸¹
463 492 653 544 Propter
677 492 989 542 Herodiadem,

161 559 292 598 quam
329 547 491 590 tulerat
535 548 656 590 fratri
700 562 780 591 suo
826 549 989 591 viventi

159 606 354 645 uxorem.
384 600 435 652 V.
461 605 821 648 MissoHerodes
847 606 987 658 spicu-

158 659 315 710 latore‚
352 662 564 715 praecepit
600 663 818 715 amputari
855 668 989 715 caput

158 717 184 757 J
186 717 339 758 oannis
365 718 409 759 in
437 721 623 760 carcere.
659 719 858 772 Propter.

454 782 606 824 Lectio
625 783 681 824 iii.

157 832 267 939 Tu
285 851 390 890 ergo
414 841 592 890 accinge
615 839 788 889 lumbos
807 845 921 890 tUOS,
945 846 989 883 et

255 909 396 947 surge,
416 900 459 937 et
477 894 660 948 loquere
676 895 732 938 ad
748 909 825 938 eos
842 898 988 939 omnia

160 965 258 1004 quae
283 965 364 1003 ego
388 952 600 1005 praecipio
625 952 716 995 tibi.
750 953 818 995 Ne
841 954 986 995 formi-

159 1007 237 1050 des
258 1022 284 1050 a
307 1008 417 1051 facie
437 1011 605 1050 eorum:
630 1023 712 1052 nec
734 1011 848 1052 enim
867 1011 986 1052 time-

119 1107 121 1109 .
158 1077 206 1107 re
232 1070 277 1107 te
303 1065 461 1107 faciam
488 1066 657 1108 vultum
689 1069 850 1108 eorum.
891 1067 986 1118 Ego

160 1122 323 1174 quippe
347 1121 451 1163 dedi
472 1127 516 1164 te
539 1122 673 1164 hodie
697 1123 740 1164 in
764 1123 988 1165 civitatem

156 1180 378 1228 munitam,
399 1183 443 1220 et
460 1178 504 1219 in
524 1179 773 1221 colamnam
789 1181 986 1230 ferream,

157 1239 201 1276 et
219 1235 263 1275 in
282 1248 454 1276 murum
469 1237 642 1285 aereum,
662 1249 795 1289 super
812 1250 987 1278 omnem

155 1296 330 1342 terram,
357 1291 544 1343 regibus
561 1292 685 1344 Juda,
714 1293 985 1347 principibus

156 1349 267 1400 ejus,
304 1354 348 1390 et
380 1349 704 1400 sacerdotibus,
741 1355 783 1392 et
815 1351 983 1404 populo

154 1409 296 1447 terrae.
331 1405 388 1448 Et
413 1405 641 1448 bellabunt
668 1406 902 1449 adversum
928 1413 984 1456 te,

156 1466 200 1503 et
223 1474 312 1504 non
336 1462 655 1515 praevalebunt:
685 1464 786 1516 quia
813 1477 895 1516 ego
923 1470 984 1506 te-

155 1530 255 1559 cum
290 1532 414 1569 sum,
436 1519 498 1561 ait
528 1520 759 1571 Dominus,
796 1526 844 1564 ut
879 1521 983 1564 libe-

154 1587 247 1616 rem
273 1580 328 1618 te.

204 1639 255 1692 Rz.
273 1637 438 1678 Puellae
458 1637 634 1680 saltanti
646 1638 880 1692 imperavit
896 1653 982 1682 ma-

152 1697 234 1734 ter:
255 1695 280 1720 *
303 1692 423 1734 Nihil
449 1693 568 1736 aliud
586 1699 725 1748 petas,
748 1696 832 1737 nisi
851 1702 984 1750 caput

153 1749 178 1790 J
180 1750 344 1791 oannis.
370 1753 395 1778 *
418 1750 476 1792 Et
499 1751 783 1794 contristatus
810 1759 877 1795 est
904 1766 982 1796 rex

153 1811 337 1859 propter
373 1807 687 1860 jusjurandum,
720 1814 764 1851 et
798 1815 983 1863 propter

153 1862 282 1904 simul
301 1862 639 1906 discumbentes.
670 1861 722 1913 V.
739 1867 816 1908 Ait
836 1867 983 1920 puella

152 1919 282 1961 matri
313 1933 419 1962 suae:
452 1919 568 1970 Quid
598 1922 770 1974 petam?
817 1924 878 1966 At
908 1923 982 1965 illa

153 1975 229 2017 ait:
255 1975 384 2018 Nihil.
422 1976 576 2019 Gloria
602 1978 731 2021 Patri.
767 1979 836 2021 Et.

385 2056 435 2095 In
453 2055 504 2095 H.
524 2055 747 2096 Nocturno.

152 2115 220 2156 Ex
237 2114 350 2157 libro
371 2117 511 2158 sancti
526 2116 751 2159 Ambrosii
768 2119 982 2172 Episcopi

399 2172 455 2214 de
473 2173 739 2225 Virginibus.

164 2277 166 2279 ¹
350 2234 432 2270 Lib.
456 2235 486 2269 3.
510 2239 602 2279 post
625 2235 787 2270 initium.
806 2270 818 2287 ⁸

454 2292 606 2333 Lectio
624 2292 679 2333 iv.

159 2354 267 2433 (fs-
282 2351 458 2392 uoniam
483 2350 603 2393 beati
627 2351 807 2394 Joannis
831 2353 980 2406 Bapti-

161 2399 244 2481 Q
300 2411 382 2448 stae
401 2420 489 2449 non
510 2408 694 2450 strictim
713 2414 979 2462 praetereun-

197 2464 238 2485 ἕ
260 2465 270 2476 ”
300 2462 357 2505 da
375 2470 442 2506 est
454 2464 717 2516 recordatio,
736 2468 918 2509 interest
932 2472 981 2511 ut

156 2519 263 2570 quis,
288 2524 332 2561 et
354 2533 379 2562 a
400 2521 568 2573 quibus,
592 2527 635 2564 et
654 2535 785 2574 quam
803 2523 861 2565 ob
881 2536 978 2565 cau-

154 2586 258 2624 sam‚·
277 2588 364 2628 quo
380 2577 526 2628 modo,
546 2584 590 2620 et
605 2591 692 2630 quo
707 2580 912 2632 tempore
922 2581 979 2623 sit

154 2633 339 2682 occisus,
366 2632 596 2677 advertere
621 2635 870 2678 debeamus
907 2637 977 2679 Ab

154 2686 362 2751 adfilteris
379 2691 518 2742 justus
538 2692 763 2742 occiditur,
786 2698 829 2735 et
847 2706 872 2735 a
891 2693 978 2735 reis

151 2756 195 2807 1n
213 2743 400 2796 judicem
424 2749 624 2801 capitalis
644 2749 822 2792 sceleris
844 2763 978 2803 poena

1042 318 1323 360 convertitur.
1351 317 1523 359 Deinde
1541 317 1772 370 praemium
1792 317 1871 358 sal-

1041 374 1225 423 tatricis,
1254 387 1373 415 mors
1401 378 1469 415 est
1492 373 1735 426 prophetae.
1790 374 1871 416 Po-

1042 433 1204 472 stremo
1226 429 1362 482 (quod
1378 430 1510 471 etiam
1525 443 1678 472 omnes
1693 430 1872 473 barbari

1039 487 1219 529 horrere
1236 488 1574 539 consueverunt)
1592 487 1703 529 inter
1720 488 1872 541 epulas

1041 549 1174 595 atque
1189 544 1391 585 convivia
1406 543 1763 586 consummandae
1779 557 1871 586 cru·

1041 600 1235 642 delitatis
1264 600 1491 653 profertur'
1520 600 1729 642 edictum:
1766 606 1809 643 et
1847 614 1873 642 a

1041 657 1244 707 convivio
1270 657 1326 698 ad
1353 659 1590 705 carcerem:
1615 657 1670 699 de
1696 660 1871 700 carcere

1040 714 1096 755 ad
1133 715 1382 755 convivium
1418 713 1565 755 feralis
1602 714 1754 765 flagitii
1792 715 1870 756 cir-

1040 771 1278 812 cumfertur
1307 770 1578 822 obsequium.
1624 771 1796 821 Quanta
1828 771 1871 812 in

1039 840 1126 869 uno
1155 828 1350 869 facinore
1378 832 1479 868 sunt
1507 827 1703 868 crimina!

1092 900 1142 952 R.
1172 899 1323 939 Justus
1355 897 1618 948 germinabit
1650 897 1761 939 sicut
1793 897 1870 938 lili-

1038 969 1127 996 um:
1151 956 1174 981 *
1196 955 1254 996 Et
1274 954 1448 995 florebit
1472 954 1516 994 in
1535 956 1749 995 aeternum
1769 959 1870 995 ante

1038 1012 1286 1053 Dominum.
1326 1007 1378 1058 V.
1406 1010 1635 1052 Plantatus
1663 1011 1706 1051 in
1735 1011 1869 1052 domo

1037 1069 1225 1118 Domini,
1245 1068 1289 1108 in
1310 1067 1431 1109 atriis
1450 1066 1607 1109 domus
1622 1068 1706 1110 Dei
1720 1067 1870 1109 nostri.

1037 1126 1094 1168 Et
1114 1124 1301 1166 florebit.
1434 1130 1437 1131 ’

1348 1191 1500 1232 Lectio
1519 1204 1555 1231 V.

1124 1253 1191 1294 uis
1210 1265 1309 1302 non,
1329 1265 1428 1293 cum
1447 1264 1471 1293 e
1488 1251 1690 1293 convivio
1707 1250 1763 1291 ad
1778 1252 1868 1292 car-

1152 1322 1298 1351 cerem
1317 1309 1481 1351 cursari
1496 1307 1675 1357 videret,
1693 1309 1870 1360 putaret

1035 1366 1301 1420 prophetam
1346 1367 1511 1419 jussum
1550 1378 1646 1407 esse
1685 1363 1868 1406 dimitti?

1037 1423 1155 1474 Quis,
1183 1423 1371 1475 inquam,
1400 1436 1499 1465 cum
1528 1422 1723 1463 audisset
1747 1423 1867 1463 nata-

1036 1481 1122 1522 lem
1147 1493 1244 1522 esse
1268 1480 1475 1531 Herodis,
1501 1479 1697 1521 solemne
1723 1480 1867 1520 convi-

1035 1538 1171 1587 vium,
1215 1537 1375 1590 puellae
1418 1537 1644 1589 optionem
1680 1534 1868 1587 eligendi

1037 1593 1158 1646 quod
1177 1593 1310 1635 vellet
1334 1593 1493 1643 datam,
1517 1593 1699 1634 missum
1719 1593 1776 1634 ad
1795 1593 1819 1633 J
1823 1606 1865 1635 o-

1037 1652 1194 1691 annem
1218 1650 1276 1692 ob
1297 1650 1561 1691 solutionem
1580 1653 1668 1691 non
1687 1649 1867 1691 arbitra-

1035 1706 1178 1748 retur?
1219 1706 1336 1757 Quid
1359 1706 1610 1748 crudelitati
1638 1718 1737 1747 cum
1763 1705 1867 1748 deli·

1036 1763 1135 1804 ciis?
1153 1762 1258 1816 quid
1273 1776 1373 1805 cum
1386 1763 1610 1805 funeribus
1625 1761 1864 1815 voluptati?

1035 1820 1224 1873 Rapitur
1247 1820 1305 1862 ad
1328 1834 1507 1874 poenam
1527 1821 1746 1874 propheta
1766 1832 1867 1862 con-

1034 1876 1168 1918 vivali
1199 1879 1418 1930 tempore,
1451 1878 1669 1919 convivali
1703 1878 1867 1930 praece-

1033 1938 1125 1986 pto,
1151 1946 1239 1985 quo
1264 1947 1352 1975 non
1378 1937 1560 1986 cuperet
1585 1934 1656 1976 vel
1681 1933 1867 1975 absolvi:

1033 1990 1263 2042 perimitur
1285 1990 1446 2042 gladio,
1471 1995 1604 2044 caput
1628 1992 1720 2042 ejus
1742 1990 1864 2032 affer-

1033 2052 1105 2087 tur
1130 2046 1175 2087 in
1203 2046 1338 2089 disco.
1381 2048 1482 2089 Hoc
1510 2047 1760 2089 crudelitati
1783 2047 1864 2089 fer-

1034 2102 1181 2144 culum
1225 2103 1489 2154 debebatur,
1536 2116 1623 2156 quo
1659 2103 1865 2146 insatiata

1034 2159 1176 2211 epulis
1203 2159 1354 2201 feritas
1381 2162 1645 2202 vesceretur.

1088 2227 1139 2278 R.
1153 2225 1244 2267 Iste
1268 2225 1475 2276 cognovit
1498 2224 1717 2277 justitiam,
1742 2229 1786 2266 et
1804 2224 1863 2267 vi-

958 2302 959 2309 *
1034 2280 1098 2323 dit
1129 2281 1344 2323 mirabilia
1375 2295 1549 2332 magna,
1586 2286 1631 2323 et
1663 2281 1864 2324 exoravit

1032 2336 1324 2379 Altissimum:
1360 2340 1383 2364 *
1412 2339 1469 2380 Et
1494 2338 1696 2379 inventus
1724 2342 1793 2390 est
1819 2337 1863 2378 in

1032 2397 1213 2435 numero
1233 2397 1495 2436 sanctorum.
1522 2388 1571 2441 V.
1589 2395 1680 2436 Iste
1701 2399 1767 2437 est
1787 2395 1862 2446 qui

1033 2450 1298 2502 contempsit
1311 2451 1446 2492 vitam
1464 2449 1626 2501 mundi,
1646 2456 1690 2493 et
1709 2452 1861 2504 perve-

1031 2506 1094 2547 nit
1113 2506 1170 2547 ad
1190 2506 1390 2549 coelestia
1408 2520 1554 2559 regna.
1581 2507 1650 2550 Et.

1335 2573 1489 2615 Lectio
1510 2575 1562 2615 vi.

1034 2630 1233 2735 Intuere
1256 2649 1334 2679 rex
1357 2637 1638 2681 acerbissime
1662 2643 1739 2681 tuo
1763 2650 1860 2692 spe<

1099 2694 1269 2736 ctacula
1289 2692 1420 2745 digna
1438 2695 1652 2736 convivio.
1678 2693 1858 2744 Porrige

1031 2751 1267 2800 dexteram,
1286 2762 1340 2792 ne
1362 2750 1466 2804 quid
1481 2750 1663 2792 saevitiae
1681 2755 1768 2792 tuae
1784 2749 1856 2791 de-
