2040 2944
859 193 920 226 Ad
946 193 1106 227 Nonam.
1790 190 1833 225 37

176 289 333 338 niquos
368 285 471 328 odio
504 286 651 328 habui:
682 287 705 312 *
739 291 783 328 et
814 286 956 337 legem

208 348 328 385 tuam
349 342 490 384 dilexi.

180 400 368 452 Adiutor
389 405 431 441 et
447 401 678 452 susceptor
693 412 816 440 meus
832 412 878 440 es
894 404 956 440 tu:

127 457 151 484 *
166 461 210 498 et
228 457 272 497 in
292 456 474 498 verbum
494 461 617 498 tuum
638 456 955 508 supersperavi.

179 513 408 554 Declinate
425 526 449 554 a
464 526 534 554 me
549 512 739 563 maligni:
750 513 772 538 *
785 518 828 553 et
839 525 955 553 scru-

127 569 256 611 tabor
274 569 481 610 mandata
500 569 583 610 Dei
602 569 697 610 mei.

180 626 363 678 suscipe
382 638 452 667 me
474 624 714 666 secundum
734 625 956 676 elequium

128 687 267 732 tuum,
296 687 340 724 et
364 682 523 722 vivam:
542 682 565 707 *
591 686 634 723 et
662 694 750 722 non
779 681 955 722 confan—

129 738 208 780 das
227 751 297 780 me
317 738 371 780 ab
392 738 721 791 exspectatione
740 751 848 779 mea.

181 794 352 846 Adjuva
380 807 469 844 me,
498 799 542 835 et
570 794 716 835 salvus
746 807 836 835 ero:
861 794 884 819 *
913 798 956 835 et

128 850 376 892 meditabor
399 851 442 891 in
466 850 845 902 justificationibus
870 851 956 891 tuis

130 920 314 960 semper.

181 964 394 1016 Sprevisti
431 976 582 1004 omnes
620 963 895 1004 discedentes
932 976 957 1004 a

129 1020 298 1073 judiciis
322 1020 422 1061 tuis:
442 1021 464 1046 *
486 1020 587 1071 quia
610 1020 767 1071 injusta
796 1020 956 1070 cogita-

129 1077 192 1118 tio
213 1079 375 1118 edrum.

181 1133 527 1174 Praevaricantes
569 1133 769 1185 reputavi
806 1145 957 1173 omnes

130 1192 389 1243 peccatcres
413 1194 558 1230 terrae:
577 1190 599 1215 *
620 1189 719 1230 ideo
745 1189 878 1230 dilexi
898 1194 957 1230 te-

133 1246 335 1288 stimdnia
355 1251 440 1287 tua.

184 1303 364 1354 Confige
383 1303 541 1344 timbre
560 1307 636 1343 tuo
655 1315 807 1343 carnes
822 1315 958 1343 meas:

131 1360 156 1386 *
175 1373 200 1401 a
219 1355 388 1411 judiciis
409 1359 523 1400 enim
542 1359 629 1400 tuis
649 1359 784 1400 timui.

181 1416 285 1457 Feci
303 1415 510 1468 judicium
530 1420 573 1456 et
592 1416 813 1467 justitiam:
828 1415 852 1440 *
872 1428 959 1456 non

130 1472 280 1514 tradas
300 1485 370 1514 me
390 1471 756 1513 calumniantibus
776 1484 856 1512 me.
879 1508 881 1510 .

181 1529 364 1582 Suscipe
384 1541 559 1570 servum
577 1533 700 1569 tuum
719 1529 762 1568 in
780 1527 959 1569 bonum:

130 1585 154 1612 *
172 1598 261 1626 non
280 1585 597 1626 calumnientur
616 1597 686 1626 me
707 1583 894 1637 superbi.

183 1641 310 1683 Oculi
327 1641 413 1682 mei
434 1640 687 1682 defecerunt
706 1641 750 1681 in
769 1640 959 1682 salutare

130 1698 302 1739 tuum:*
314 1702 358 1739 et
371 1698 416 1738 in
431 1697 655 1749 elequium
670 1697 845 1749 justitiae
861 1701 959 1738 tuae.

183 1755 273 1795 Fac
309 1766 409 1795 cum
446 1765 574 1794 servo
607 1757 684 1794 tuo
718 1751 959 1794 secundum

130 1809 476 1852 misericdrdiam
495 1814 630 1850 tuam:
647 1810 671 1835 *
692 1814 736 1851 et
758 1808 959 1860 justifica-

131 1867 274 1908 ti6nes
294 1871 392 1908 tuas
413 1865 524 1907 doce
542 1878 623 1907 me.

183 1924 344 1965 Servus
368 1927 469 1964 tuus
495 1935 591 1963 sum
615 1934 711 1974 ego:
730 1922 754 1948 *
774 1921 830 1963 da
853 1921 959 1962 mihi

130 1978 959 2028 intellectum‚utsciamtestimdniatua.

183 2036 379 2088 Tempus
403 2034 590 2076 faciendi
609 2035 811 2076 deine:
830 2034 854 2059 *
875 2033 959 2075 dis-

133 2093 386 2146 sipaverunt
403 2091 546 2143 legem
565 2096 696 2133 tuam.

183 2148 291 2191 Ideo
312 2148 444 2190 dilexi
462 2147 670 2190 mandata
688 2152 773 2198 tua,
788 2148 812 2174 *
828 2160 960 2200 super

133 2218 287 2247 aurum
306 2210 350 2246 et
369 2204 588 2257 topazion.

183 2262 426 2315 Propterea
441 2259 497 2301 ad
512 2261 658 2302 Omnia
667 2260 875 2302 mandata
885 2264 960 2301 tua

133 2317 366 2369 dirigebar:
384 2317 408 2343 *
429 2329 603 2358 omnem
626 2317 743 2358 viam
766 2317 960 2369 iniquam

135 2374 238 2416 odio
257 2374 400 2416 habui.

186 2429 285 2470 Ant.
315 2430 508 2482 Alleluia,
537 2428 718 2480 alleluja⁷
746 2429 926 2481 alleluja.

238 2481 495 2533 Capitulum.
662 2480 801 2520 Galat.
818 2481 853 2520 6.

216 2543 300 2584 lter
332 2542 510 2584 alterius
536 2544 669 2582 <mera
695 2542 889 2593 portate,
917 2545 960 2582 et

246 2599 309 2640 sic
324 2598 621 2651 adimplebitis
636 2597 778 2649 legem
789 2597 959 2638 Christi.

188 2655 237 2706 R.
253 2654 314 2695 br.
335 2656 387 2695 In
401 2656 612 2696 aeternum
627 2654 814 2695 deine
826 2653 847 2675 *
859 2654 958 2694 Per-

134 2716 280 2753 manet
298 2710 481 2754 verbum
499 2716 632 2752 tuum.
665 2711 715 2751 In
737 2711 959 2752 aeternum.

1012 281 1061 331 ΥΤ.
1082 287 1133 327 In
1158 287 1366 328 saeculum
1390 287 1539 328 sa'eculi
1562 287 1724 327 veritas
1747 292 1832 327 tua.

1007 343 1250 384 Permanet.
1291 344 1453 384 Gldria.
1489 345 1539 384 In
1566 345 1787 384 aeternum.

1064 395 1113 446 V.
1142 400 1356 441 Deminus
1389 400 1500 451 regit
1531 413 1616 449 me,
1652 404 1695 440 et
1726 399 1832 439 nihil

1008 455 1114 496 mihi
1133 455 1281 497 deerit.
1315 458 1365 509 Κ.
1387 457 1437 496 In
1456 456 1555 497 loco
1576 458 1752 508 pascuae
1772 455 1832 497 ibi

1008 525 1078 553 me
1099 512 1343 554 collocavit.

1064 578 1110 616 In
1131 575 1263 616 feriali
1279 576 1434 615 Officio
1452 590 1528 627 per
1542 576 1723 616 Annum.
1739 577 1833 616 Ant.

1012 629 1180 680 Adjuva
1199 642 1284 678 me,
1310 634 1353 670 et
1373 629 1518 670 salvus
1540 642 1614 670 ero
1634 629 1832 670 deine.
1881 631 1887 643 ⁶

1064 686 1200 736 Capit.
1233 685 1352 727 Alter
1372 685 1559 726 alterius.
1583 692 1627 724 ut
1648 698 1787 735 supra.

1066 743 1114 794 R.
1137 742 1196 782 br.
1218 741 1481 783 Benedicam
1496 742 1732 782 D6minum
1750 742 1769 763 *
1782 742 1832 782 In

1010 800 1348 851 omnitempore.
1364 798 1637 840 Benedicam.
1662 794 1831 845 NlSem-

1009 868 1088 908 per
1107 855 1201 896 laus
1222 856 1311 907 ejus
1330 855 1373 895 in
1398 867 1474 896 ore
1494 867 1603 896 meo.
1636 855 1697 895 In.
1732 854 1832 895 ‹516-

1009 912 1072 952 ria
1091 912 1222 953 Patri.
1250 911 1525 953 Benedicam.

1064 964 1113 1016 Y.
1143 969 1358 1009 Dominus
1386 968 1496 1018 regit
1532 980 1620 1016 me,
1654 972 1697 1008 et
1728 966 1834 1006 nihil

1010 1025 1115 1065 mihi
1136 1025 1284 1066 deerit.
1322 1028 1367 1078 Rs,
1391 1026 1439 1065 In
1460 1024 1559 1065 loco
1580 1026 1755 1076 pascuae
1774 1022 1833 1064 ibi

1010 1095 1079 1123 me
1101 1081 1345 1123 collocavit.
1882 1106 1887 1137 t

1065 1151 1226 1192 Quando
1262 1152 1307 1184 ad
1342 1152 1566 1186 Matutimlm
1602 1152 1713 1185 dictat:
1750 1159 1835 1186 sunt
1881 1141 1887 1202 l

1012 1210 1155 1243 preces,
1180 1200 1290 1233 flexis
1316 1200 1477 1242 genibus
1503 1200 1655 1233 dicitur:

1110 1255 1202 1307 yrie
1237 1253 1411 1295 cleison.
1452 1252 1627 1294 Christe
1661 1251 1834 1293 eleison.

1140 1311 1274 1363 Kyrie
1294 1310 1466 1351 eleison.

1062 1368 1192 1408 Pater
1211 1372 1370 1408 noster.
1393 1371 1573 1405 secreto.

1064 1417 1113 1467 Y.
1132 1425 1189 1465 Et
1207 1436 1261 1464 ne
1280 1435 1361 1463 nos
1376 1421 1558 1463 inducas
1574 1422 1617 1461 in
1633 1422 1835 1463 tentatie-

1012 1494 1122 1522 nem.
1152 1482 1202 1533 R.
1219 1478 1306 1521 Sed
1325 1478 1461 1520 libera
1480 1491 1560 1519 nos
1581 1491 1605 1519 a
1624 1478 1750 1519 malo.

1065 1534 1114 1583 V.
1141 1537 1328 1577 deine
1353 1536 1474 1589 Deus
1499 1535 1710 1576 virtutum
1738 1547 1836 1575 con-

1013 1596 1135 1636 verte
1167 1606 1259 1634 nos.
1298 1595 1345 1645 Rg.
1372 1592 1429 1632 Et
1463 1590 1644 1632 ostende
1680 1591 1835 1632 faciem

1012 1656 1143 1699 tuam,
1172 1655 1215 1691 et
1244 1649 1351 1690 salvi
1377 1648 1547 1688 erimus.

1064 1704 1113 1754 V.
1137 1707 1336 1756 Exsurge
1356 1704 1542 1753 Christe,
1568 1704 1723 1755 adjuva
1742 1717 1833 1745 nos.

1013 1763 1062 1815 R
1093 1763 1150 1804 Et
1181 1761 1317 1803 libera
1349 1773 1430 1801 nos
1463 1765 1645 1813 propter
1675 1773 1833 1801 nomen

1011 1825 1144 1861 tuum.

1065 1873 1114 1923 V.
1157 1875 1345 1916 Demine
1390 1873 1547 1915 exaudi
1593 1874 1834 1914 oraticnem

1013 1946 1166 1975 meam.
1208 1933 1258 1983 R.
1285 1932 1343 1973 Et
1371 1930 1535 1972 clamor
1564 1943 1686 1971 meus
1711 1929 1767 1971 ad
1791 1935 1834 1971 te

1012 1990 1167 2031 veniat.

1064 2040 1114 2091 V.
1157 2045 1373 2086 Dominus
1410 2043 1648 2085 vobiscum.
1695 2046 1744 2095 Rg.
1779 2044 1835 2084 Et

1013 2116 1116 2144 cum-
1132 2101 1288 2154 spiritu
1305 2105 1394 2142 tuo.

1067 2157 1198 2191 Oratio
1224 2157 1467 2191 conveniens.

1342 2217 1626 2243 <maw—

1270 2286 1348 2327 Ad
1373 2287 1579 2327 Nonam.

1064 2355 1194 2398 Pater
1212 2361 1373 2398 noster.
1404 2356 1497 2397 Ave
1517 2355 1664 2396 Maria.

1055 2414 1179 2455 Deus
1198 2413 1242 2453 in
1261 2411 1534 2464 adjutdrium.
1554 2412 1612 2452 15.

1320 2475 1528 2525 Hymnus.

1123 2552 1244 2581 erum
1262 2539 1383 2580 Deus
1403 2543 1535 2579 tenax
1553 2536 1688 2587 vigor,

1139 2596 1352 2636 Immdtus
1371 2594 1415 2634 in
1433 2599 1477 2635 te
1496 2594 1764 2646 permanens,

1087 2651 1219 2693 Lucis
1240 2651 1407 2692 difirnae
1427 2651 1628 2701 tempora

1088 2706 1370 2763 Successibus
1390 2705 1697 2748 determinans:
