2040 2944
753 204 963 239 Commune
988 205 1276 247 Apostolorum.

155 302 349 339 vestrum
367 303 592 351 tamquam
610 300 783 350 malum,
802 305 985 352 propter

155 353 312 395 Filium
331 354 531 396 hominis.
557 355 768 398 Gaudete.

460 414 611 455 Lectio
632 415 683 454 vi.

241 474 259 511 t
276 470 377 511 ideo
400 470 501 522 quia
523 470 715 523 undique
736 475 905 513 venitur
929 472 985 513 ad

258 525 552 577 judicandum,
591 527 824 569 duodecim
856 528 985 569 sedes

156 586 271 622 sunt:
309 582 421 623 sicut
450 583 551 634 quia
578 583 771 636 undique
799 585 985 626 intratur

154 637 332 678 inillam
347 638 579 689 civitatem,
594 638 829 681 duodecim
842 645 985 692 portae

156 698 267 735 sunt.
282 693 385 735 Non
400 694 542 735 solum
558 707 662 746 ergo
676 695 738 736 illi
753 695 986 737 duodecim

157 754 201 790 et
219 750 461 802 Apostolus
475 750 648 800 Paulus,
669 751 748 793 sed
769 757 987 804 quotquot

156 804 388 856 judicaturi
411 811 526 856 sunt,
563 812 749 860 propter
774 809 986 859 significa-

156 861 323 903 tionem
337 862 635 904 universitatis
655 863 712 905 ad
733 864 861 906 sedes
882 864 987 906 duo-

158 916 300 958 decim
335 918 574 970 pertinent:
615 920 987 972 quemadmodum

158 978 377 1026 quotquot
401 974 643 1025 intrabunt,
671 976 729 1017 ad
753 976 988 1018 duodecim

157 1033 310 1082 portas
324 1031 555 1082 pertinent.
569 1032 724 1073 Partes
740 1033 854 1074 enim
868 1047 987 1074 mun-

158 1084 204 1126 di
223 1087 411 1138 quatuor
431 1092 541 1137 sunt,
566 1087 735 1139 Oriens,
760 1089 988 1139 Occidens,

158 1141 322 1193 Aquilo
348 1147 392 1184 et
414 1143 632 1185 Meridies,
670 1145 775 1186 Istae
801 1147 989 1197 quatuor

158 1202 307 1249 partes
327 1198 503 1240 assidue
523 1199 802 1242 nominantur
821 1202 865 1241 in
879 1202 988 1243 Scri-

159 1253 311 1305 pturis.
325 1253 396 1295 Ab
407 1254 502 1296 istis
515 1257 704 1308 quatuor
714 1258 866 1307 ventis,
878 1258 990 1299 sicut

160 1309 267 1350 dicit
280 1310 497 1352 Dominus
516 1312 561 1352 in
573 1312 823 1364 Evangelio,
846 1326 871 1354 a
887 1316 989 1366 qua-

159 1370 260 1407 tuor
279 1366 420 1408 ventis
444 1379 492 1408 se
512 1367 799 1410 collecturum
824 1369 990 1411 electos

160 1434 278 1463 suos:
293 1421 347 1463 ab
360 1422 562 1465 omnibus
573 1437 678 1475 ergo
693 1425 789 1467 istis
802 1427 990 1478 quatuor

159 1478 301 1519 ventis
320 1480 504 1520 vocatur
518 1480 727 1522 Ecclesia.
756 1481 990 1531 Quomodo

159 1533 367 1575 vocatur?
396 1535 602 1588 Undique
619 1537 663 1578 in
682 1537 898 1579 Trinitate
917 1551 990 1579 vo-

160 1591 295 1631 catur.
323 1590 426 1632 Non
445 1594 628 1634 vocatur
646 1593 732 1634 nisi
751 1606 830 1646 per
850 1594 990 1646 bapti-

161 1658 303 1687 smum
320 1646 364 1686 in
382 1648 558 1689 nomine
576 1649 730 1699 Patris,
756 1654 799 1691 et
817 1649 926 1699 Filii,
947 1654 991 1691 et

159 1702 347 1754 Spiritus
373 1704 522 1745 sancti.
563 1705 762 1754 Quatuor
790 1718 896 1756 ergo
923 1711 991 1747 ter

162 1757 295 1799 dueta
313 1758 549 1801 duodecim
569 1760 858 1802 inveniuntur.

216 1817 267 1869 R.
290 1814 371 1856 Isti
390 1819 491 1857 sunt
508 1815 864 1868 triumphatores.
892 1817 974 1869 [10]

376 1891 425 1930 111
452 1891 523 1930 III.
552 1891 775 1931 Nocturno.

164 1953 317 1994 Lectio
343 1953 482 1994 sancti
500 1954 727 2005 Evangelii
751 1954 992 1996 secuudum

441 2009 711 2051 Matthaeum.

267 2071 419 2111 Lectio
441 2071 508 2111 vii.
659 2072 761 2124 Cap.
776 2074 834 2112 19.
850 2072 888 2113 d.

210 2144 239 2170 n
262 2130 337 2171 illo
362 2131 576 2182 tempore:
610 2130 733 2172 Dixit
755 2131 912 2172 Petrus
937 2130 993 2172 ad

236 2186 261 2226 J
264 2199 402 2227 esum:
429 2186 545 2227 Ecce
568 2199 650 2227 nos
674 2186 928 2239 reliquimus
949 2188 992 2227 o-

164 2242 291 2292 mnia,
307 2246 351 2284 et
369 2242 508 2283 secuti
523 2254 672 2283 sumus
687 2247 746 2284 te:
767 2243 872 2295 quid
887 2255 992 2294 ergo

166 2297 247 2338 erit
266 2296 416 2339 nobis?
444 2298 501 2338 Et
519 2297 699 2350 reliqua.

266 2365 459 2407 Homilia
477 2365 738 2407 venerabilis
756 2366 893 2408 Bedae

446 2421 711 2473 Presbyteri.

253 2480 424 2515 Homilia
440 2482 478 2515 in
496 2482 627 2516 Natali
644 2480 678 2514 S.
696 2481 905 2515 Benedicti.

176 2557 179 2585 5
205 2548 245 2583 452-
266 2533 470 2574 erfectus
501 2534 573 2575 ille
607 2539 692 2583 est,
738 2535 811 2586 qui
844 2534 994 2575 abiens

175 2606 182 2631 τ’,
210 2614 271 2654 ,Ψ
303 2588 454 2630 vendit
477 2590 623 2630 omnia
647 2603 745 2642 quae
770 2590 918 2639 habet,
952 2595 996 2631 et

221 2642 275 2666 ἐ
308 2643 384 2684 dat
410 2645 693 2698 pauperibus,
730 2659 782 2686 ac
805 2646 995 2696 veniens,

168 2699 365 2750 sequitur
397 2699 633 2742 Christum:
668 2701 848 2743 habebit
882 2702 997 2743 enim

323 2839 388 2864 Pars
404 2840 573 2866 Autumnalis.

1037 299 1292 340 thesaurum
1314 311 1401 339 non
1421 298 1697 340 deficientem
1720 298 1764 338 in
1785 310 1869 338 coe·
1919 315 1921 319 ·

1037 355 1102 396 lis.
1134 354 1263 396 Unde
1282 354 1395 395 bene
1414 354 1711 405 interrogante
1725 354 1870 403 Petro,
1920 378 1921 381 =

1039 410 1149 452 dixit
1167 410 1329 451 talibus
1345 411 1369 450 J
1373 423 1487 451 esus:
1513 411 1656 451 Amen
1677 409 1776 451 dico
1796 422 1869 450 vo-

1039 466 1122 515 bis,
1154 466 1272 518 quod
1297 479 1376 507 vos
1403 466 1477 518 qui
1502 467 1641 508 secuti
1662 466 1765 507 estis
1789 479 1870 514 me,

1038 523 1082 563 in
1106 523 1454 573 regeneratione,
1492 535 1591 563 cum
1616 522 1780 563 sederit
1803 523 1870 562 Fi-

1038 578 1123 619 lius
1137 579 1327 619 hominis
1342 579 1386 618 in
1397 578 1502 619 sede
1516 579 1756 630 majestatis
1769 591 1871 627 suae,

1040 634 1250 677 sedebitis
1277 639 1320 675 et
1344 648 1424 675 vos
1452 647 1584 686 super
1609 634 1738 676 sedes
1766 634 1871 675 duo-

1040 691 1194 740 decim,
1214 690 1456 742 judicantes
1477 690 1712 731 duodecim
1731 689 1872 731 tribus

1039 746 1188 787 Israel.
1221 747 1272 786 In
1292 746 1375 787 hac
1394 747 1556 798 quippe
1572 747 1663 787 vita
1681 759 1764 798 pro
1781 747 1871 797 ejus

1039 803 1216 844 nomine
1235 802 1504 851 laborantes,
1532 803 1576 842 in
1597 802 1682 842 alia
1700 802 1871 854 praemi-

1039 872 1114 899 um
1134 860 1315 911 sperare
1336 858 1501 899 docuit:
1525 858 1570 899 id
1591 863 1668 907 est,
1688 858 1733 898 in
1752 870 1871 909 rege-

1040 915 1281 965 neratione3
1313 927 1413 955 cum
1438 914 1644 955 videlicet
1668 914 1712 954 in
1737 914 1873 954 vitam

1040 970 1333 1012 immortalem
1361 971 1572 1011 fuerimus
1600 969 1872 1021 resurgendo

1041 1027 1303 1078 regenerati,
1334 1027 1407 1078 qui
1431 1027 1475 1066 in
1499 1027 1634 1067 vitam
1659 1026 1873 1067 caducam

1040 1083 1286 1124 mortaliter
1306 1084 1479 1123 eramus
1499 1083 1643 1134 geniti.

1096 1142 1147 1192 R.
1157 1139 1238 1180 Isti
1253 1143 1354 1180 sunt
1370 1139 1445 1191 qui
1459 1139 1657 1180 viventes
1673 1139 1716 1178 in
1731 1150 1873 1187 carne,

1041 1195 1350 1247 plantaverunt
1381 1194 1626 1236 Ecclesiam
1664 1194 1874 1245 sanguine

1043 1264 1138 1292 suo:
1158 1254 1179 1276 *
1193 1251 1386 1292 Calicem
1401 1251 1581 1291 Domini
1595 1250 1810 1299 biberunt,
1831 1254 1875 1291 et

1042 1307 1170 1348 amici
1189 1307 1273 1347 Dei
1292 1307 1396 1348 facti
1415 1311 1526 1348 sunt.
1560 1304 1609 1353 Y.
1627 1307 1679 1346 In
1699 1318 1875 1347 omnem

1042 1368 1205 1404 terram
1231 1363 1366 1404 exivit
1394 1375 1530 1404 sonus
1557 1365 1726 1412 eorum,
1761 1367 1805 1403 et
1830 1363 1875 1402 in

1042 1419 1152 1460 fines
1199 1418 1318 1460 orbis
1360 1424 1491 1460 terrae
1533 1418 1668 1460 verba
1710 1420 1874 1459 eorum.

1043 1475 1245 1516 Calicem.

1335 1527 1485 1566 Lectio
1508 1526 1590 1565 viii.

1133 1592 1151 1628 t
1165 1588 1278 1639 justa
1291 1599 1475 1639 prorsus
1490 1588 1732 1638 retributio,
1742 1593 1791 1630 ut
1803 1588 1876 1640 qui

1146 1642 1217 1683 hic
1244 1655 1326 1695 pro
1353 1643 1527 1684 Christo
1555 1643 1759 1685 humanae
1784 1644 1874 1694 glo-

1042 1699 1151 1739 riam
1171 1698 1441 1739 celsitudinis
1463 1699 1760 1750 neglexerunt,
1787 1700 1876 1741 illic

1043 1767 1069 1794 a
1089 1754 1263 1795 Christo
1286 1754 1450 1806 judices
1475 1755 1709 1805 glorificati
1733 1756 1874 1806 singu-

1042 1809 1192 1851 lariter
1212 1823 1312 1851 cum
1332 1822 1385 1851 eo
1406 1810 1643 1860 assideant,
1673 1812 1747 1864 qui
1766 1824 1792 1852 a
1811 1824 1874 1852 se-

1044 1865 1228 1918 quendis
1248 1867 1340 1917 ejus
1355 1866 1550 1917 vestigiis
1568 1867 1687 1908 nulla
1706 1867 1876 1908 ratione

1043 1923 1250 1974 poterant
1262 1921 1401 1962 avelli.
1415 1922 1560 1963 Nemo
1576 1928 1723 1965 autem
1738 1928 1875 1976 putet,

1044 1977 1279 2019 duodecim
1298 1982 1468 2019 tantum
1487 1979 1743 2031 Apostolos,
1774 1979 1876 2031 quia

1042 2045 1125 2086 pro
1137 2033 1162 2074 J
1163 2033 1252 2075 uda
1261 2034 1580 2086 praevaricante
1590 2035 1778 2076 Mathias
1793 2035 1875 2076 ele-

1045 2094 1141 2130 ctus
1153 2094 1230 2139 est,
1241 2094 1345 2131 tunc
1357 2102 1453 2131 esse
1468 2089 1751 2141 judicaturos:
1764 2091 1877 2131 sicut

1043 2158 1125 2187 nec
1145 2145 1379 2187 duodecim
1403 2145 1511 2186 solae
1536 2151 1637 2187 sunt
1654 2146 1795 2188 tribus
1814 2147 1875 2187 Is-

1043 2201 1136 2242 rael
1178 2200 1442 2252 judicandae:
1496 2201 1690 2254 alioquin
1735 2201 1876 2243 tribus

1043 2257 1162 2306 Levi,
1183 2269 1282 2309 quae
1301 2256 1603 2298 tertiadecima
1622 2262 1699 2307 est,
1726 2257 1876 2309 injudi-

1045 2315 1144 2354 cata
1162 2312 1350 2354 recedet.

1101 2367 1152 2417 Κ.
1170 2368 1250 2409 Isti
1269 2373 1371 2409 sunt
1389 2369 1471 2409 viri
1490 2369 1640 2419 sancti,
1661 2382 1773 2421 quos
1793 2369 1875 2410 ele-

1044 2423 1108 2474 git
1130 2424 1346 2465 Dominus
1373 2424 1417 2464 in
1444 2425 1627 2466 caritate
1649 2438 1738 2466 non
1761 2426 1876 2474 ficta,

1046 2485 1090 2521 et
1109 2479 1231 2521 dedit
1249 2479 1334 2520 illis
1348 2479 1534 2530 gloriam
1549 2481 1876 2533 sempiternam:

1049 2538 1072 2561 *
1085 2536 1282 2585 Quorum
1298 2535 1499 2577 doctrina
1513 2536 1652 2587 fulget
1666 2537 1876 2584 Ecclesia,

1045 2596 1094 2632 ut
1117 2591 1211 2632 sole
1236 2591 1348 2631 luna.
1387 2587 1436 2636 V
1461 2592 1607 2633 Sancti
1636 2605 1716 2644 per
1742 2591 1876 2632 fidem

1046 2647 1244 2688 vicerunt
1267 2659 1416 2697 regna:
1444 2648 1614 2700 operati
1639 2652 1739 2688 sunt
1760 2648 1875 2698 justi-

1046 2703 1163 2744 tiam.
1192 2703 1398 2752 Quorum.
1428 2701 1590 2745 Gloria.
1619 2705 1824 2754 Quorum.
