2040 2944
205 231 256 266 90

257 324 439 366 Cantate
470 321 673 369 Domino,
706 324 750 360 et
781 317 1028 359 benedicite

205 381 367 422 nomini
396 381 503 431 ejus:
530 379 554 404 *
581 375 835 418 annuntiate
868 374 923 416 de
957 374 1028 416 die

204 438 247 478 in
275 437 390 479 diem
418 435 607 476 salutare
635 434 737 485 ejus,

255 492 520 534 Annuntiate
535 491 648 531 inter
662 489 828 530 Gentes
843 488 1027 539 gloriam

204 551 309 602 ejus,
340 551 363 575 *
395 549 438 588 in
466 546 669 588 omnibus
696 545 873 598 populis
901 545 1026 586 mira-

203 606 305 648 bilia
333 606 433 657 ejus.

253 661 469 712 Quoniam
501 673 683 710 magnus
715 658 947 709 DominuS,
983 663 1027 699 et

201 717 431 759 laudabilis
467 716 613 757 nimis:
651 718 674 743 *
712 714 920 757 terribilis
960 719 1026 756 est

200 787 332 827 super
359 787 510 815 omnes
540 773 658 815 deos.

252 831 468 882 Quoniam
484 842 634 872 omnes
650 828 709 870 dii
721 829 928 870 Gentium
939 827 1023 869 dae-

198 888 360 929 monia:
394 890 418 915 *
455 886 669 927 Dominus
707 890 851 926 autem
887 884 1024 926 coelos

200 945 312 986 fecit.

252 1001 489 1053 Confessio,
505 1005 548 1042 et
567 999 848 1052 pulchritudo
865 999 907 1039 in
924 1011 1022 1039 con-

200 1059 352 1110 spectu
379 1058 485 1109 ejus:
511 1058 534 1083 *
560 1055 846 1097 sanctimonia
871 1060 914 1097 et
936 1068 1023 1095 ma-

199 1114 447 1165 gnificentia
474 1114 517 1154 in
551 1113 894 1154 sanctificatione
922 1113 1023 1164 ejus.

246 1170 413 1212 Afferte
428 1171 619 1211 Domino
635 1170 791 1222 patriae
808 1169 1023 1219 Gentium,

199 1226 351 1268 afferte
379 1228 569 1269 Domino
597 1226 783 1277 gloriam
816 1231 859 1267 et
888 1225 1023 1267 hono-

197 1296 303 1325 rem:
323 1286 346 1310 *
366 1283 517 1325 afferte
536 1283 727 1324 Domino
747 1283 931 1334 gloriam
948 1284 1022 1323 no-

197 1340 303 1380 mini
332 1341 432 1392 ejus.

250 1397 412 1438 Tollite
453 1397 638 1447 hostias,
676 1403 719 1438 et
762 1397 939 1438 introite
980 1397 1022 1436 in

197 1453 308 1494 atria
333 1455 437 1506 ejus:
461 1456 485 1481 *
510 1454 692 1495 adorate
714 1453 952 1494 Dominum
979 1453 1022 1494 in

198 1510 310 1551 atrio
338 1515 489 1552 sancto
518 1512 618 1563 ejus.

249 1566 588 1608 Commoveatur
619 1581 644 1608 a
677 1567 786 1608 facie
816 1568 905 1619 ejus
933 1567 1021 1608 uni-

198 1624 323 1664 versa
350 1628 483 1665 terra:
511 1626 534 1651 *
567 1623 699 1666 dicite
731 1624 775 1665 in
809 1623 1022 1665 Gentibus

198 1680 299 1731 quia
327 1680 540 1722 Dominus
568 1681 775 1732 regnavit.

248 1737 422 1778 Etenim
463 1738 655 1779 correxit
696 1737 849 1779 orbem
891 1742 1021 1779 terrae

198 1793 271 1845 qui
303 1807 390 1835 non
418 1794 779 1836 commovebitur:
811 1796 834 1822 *
863 1793 1020 1846 judica-

196 1848 260 1890 bit
287 1850 477 1903 populos
505 1851 548 1891 in
577 1851 796 1903 aequitate.

248 1906 473 1948 Laetentur
492 1907 602 1957 coeli,
623 1913 667 1949 et
685 1908 874 1949 exsultet
891 1912 1022 1949 terra:

198 1966 526 2005 commoveatur
553 1977 687 2014 mare,
723 1970 765 2006 et
791 1964 1021 2017 plenitudo

198 2020 306 2070 ejus:
325 2021 349 2046 *
367 2020 620 2071 gaudebunt
641 2021 795 2074 campi,
814 2026 857 2063 et
877 2022 1021 2063 omnia

198 2088 297 2127 quae
326 2076 369 2117 in
397 2077 458 2118 eis
487 2083 597 2126 sunt.

248 2133 373 2175 Tunc
408 2134 685 2176 exsultabunt
722 2135 866 2176 omnia
906 2135 1021 2187 ligna

130 2232 133 2235 ,
198 2188 405 2231 silvarum
429 2203 454 2231 a
476 2191 586 2232 facie
609 2191 796 2241 Domini,
825 2192 927 2244 quia
952 2205 1021 2233 ve-

198 2245 274 2286 nit:
299 2247 322 2272 *
350 2247 556 2299 quoniam
579 2248 698 2289 venit
722 2247 912 2299 judicare
938 2253 1020 2290 ter-

196 2313 300 2342 ram.

247 2358 468 2401 Judicabit
495 2361 647 2402 orbem
673 2365 803 2402 terrae
827 2362 871 2402 in
891 2362 1021 2415 aequi-

197 2415 298 2465 tate,
316 2416 341 2441 *
366 2420 409 2456 et
436 2417 626 2469 populos
653 2417 696 2458 in
720 2418 904 2460 veritate
933 2431 1021 2460 sua.

462 2474 653 2514 l’salmus
684 2480 748 2515 915.

193 2516 277 2621 D
287 2523 455 2565 ominus
471 2527 678 2576 regnavit,
690 2528 880 2569 exsultet
889 2533 1020 2570 terra:

318 2581 342 2606 *
370 2581 573 2623 laetentur
601 2583 753 2625 insulae
781 2584 942 2626 multae.

247 2636 409 2685 Nubes,
429 2643 473 2679 et
491 2639 631 2691 caligo
649 2639 691 2680 in
711 2640 895 2682 circuitu
914 2643 1019 2693 ejus:

196 2695 219 2720 *
255 2693 433 2745 justitia,
475 2700 519 2737 et
561 2696 763 2747 judicium
802 2699 1018 2740 correctio

196 2749 314 2791 sedis
343 2751 444 2802 ejus.

768 218 872 250 Furia
901 224 1007 250 sextu
1036 217 1081 249 ad
1112 216 1346 249 Matutinum.

1133 318 1251 369 Ignis
1291 322 1390 359 ante
1430 318 1574 370 ipsum
1609 317 1853 370 praecedet,
1886 318 1910 343 *

1081 379 1124 415 et
1151 374 1394 416 inflaffiabit
1424 374 1468 415 in
1496 374 1681 416 circuitu
1707 374 1910 416 inimicos

1081 444 1181 482 eJus.

1132 487 1373 529 Illuxerunt
1396 487 1568 538 fulgura
1592 488 1682 540 ejus
1706 486 1805 529 orbi
1825 491 1909 529 ter-

1080 557 1155 585 rae:
1177 546 1200 571 *
1224 543 1343 594 vidit,
1369 549 1413 586 et
1437 545 1658 585 commota
1685 548 1754 585 est
1780 548 1910 586 terra.

1130 600 1319 651 Montes,
1354 601 1467 643 sicut
1501 613 1603 642 cera
1635 600 1858 642 fluxerunt
1885 613 1911 642 a

1079 657 1189 699 facie
1225 658 1418 699 Domini:
1455 660 1479 685 *
1516 671 1542 698 a
1578 657 1690 699 facie
1729 657 1910 699 Domini

1079 714 1221 755 omnis
1249 719 1378 756 terra.

1129 771 1511 813 Annuntiaverunt
1555 771 1656 813 coeli
1702 771 1910 823 justitiam

1078 828 1183 879 ejus:
1215 829 1239 854 *
1271 833 1315 869 et
1343 827 1547 870 viderunt
1575 840 1727 869 omnes
1754 826 1910 881 populi

1076 883 1261 934 gloriam
1289 885 1390 937 ejus.

1129 940 1462 983 Confundantur
1502 954 1671 991 omnes,
1717 941 1793 993 qui
1835 939 1908 982 ad-

1077 999 1204 1039 orant
1228 997 1465 1050 sculptssia:
1497 999 1522 1025 *
1550 1003 1594 1040 et
1620 998 1695 1051 qui
1722 997 1908 1049 glorian-

1076 1058 1147 1095 tur
1175 1054 1218 1094 in
1246 1054 1491 1096 simulacris
1520 1055 1621 1096 suis.

1128 1111 1326 1153 Adorate
1343 1124 1443 1153 eum
1460 1124 1612 1153 omnes
1627 1111 1786 1163 Angeli
1802 1113 1908 1164 ejus:

1077 1169 1099 1194 *
1127 1167 1307 1218 audivit,
1336 1173 1380 1210 et
1406 1168 1557 1210 laetata
1586 1173 1653 1210 est
1680 1168 1796 1210 Sion.

1113 1225 1186 1266 -Et
1218 1224 1550 1277 exsultaverunt
1581 1225 1686 1266 fssiae
1713 1224 1856 1276 Judae,
1883 1225 1908 1252 *

1076 1286 1261 1334 propter
1289 1281 1448 1334 judicia
1476 1286 1552 1323 tua
1579 1282 1783 1323 Domine:

1129 1338 1345 1388 Quoniam
1363 1344 1411 1380 tu
1425 1338 1640 1380 Dominus
1655 1338 1908 1381 Altissimus

1077 1408 1208 1447 super
1236 1408 1412 1437 omnem
1434 1400 1612 1437 terram:
1635 1397 1660 1423 *
1682 1395 1811 1437 nimis
1837 1408 1907 1437 ex-

1077 1451 1237 1493 altatus
1266 1465 1313 1494 es
1341 1465 1475 1505 super
1503 1465 1655 1494 omnes
1683 1451 1804 1494 deos.

1129 1509 1213 1559 Qui
1228 1508 1408 1560 diligitis
1423 1509 1672 1560 Dominum,
1687 1508 1809 1551 odite
1818 1521 1907 1550 ma-

1075 1565 1180 1607 lum:
1207 1567 1232 1593 *
1264 1566 1460 1608 custodit
1491 1566 1707 1609 Dominus
1740 1565 1907 1607 animas

1076 1625 1328 1664 sanctorum
1355 1625 1545 1675 suorum,
1573 1623 1630 1665 de
1654 1635 1787 1664 manu
1807 1627 1914 1676 pec:

1076 1680 1237 1721 catoris
1265 1679 1469 1722 liberabit
1497 1693 1586 1722 eos.

1127 1736 1223 1778 Lux
1252 1741 1349 1778 orta
1382 1741 1451 1778 est
1476 1738 1610 1789 iusto,
1641 1737 1666 1764 *
1698 1741 1743 1778 et
1774 1737 1907 1779 rectis

1076 1793 1212 1835 corde
1239 1793 1403 1835 laetitia.

1126 1850 1358 1892 Laetamini
1386 1851 1487 1902 justi
1514 1850 1559 1891 in
1583 1850 1791 1892 Domino:
1816 1851 1841 1878 *
1863 1855 1907 1893 et

1075 1907 1343 1948 confitemini
1369 1907 1596 1949 memoriae
1629 1907 1905 1949 sanctificati—

1076 1963 1171 2004 onis
1200 1965 1301 2016 ejus.

1126 2020 1224 2060 Ant.
1254 2022 1444 2063 Cantate
1471 2020 1675 2070 Domino,
1703 2026 1748 2063 et
1774 2020 1904 2063 bene-

1076 2076 1218 2118 dicite·
1236 2078 1402 2119 nomini
1429 2079 1531 2130 ejus.

1123 2135 1206 2174 Per
1219 2135 1402 2176 Annum.
1424 2131 1473 2182 Y.
1493 2135 1632 2177 Intret
1649 2134 1791 2177 oratio
1807 2148 1905 2177 mea

1075 2190 1119 2230 in
1147 2193 1387 2244 conspectu
1414 2197 1491 2233 tuo
1520 2191 1719 2234 Domine.
1756 2192 1806 2244 R.
1837 2193 1904 2233 In-

1075 2246 1188 2288 clina
1202 2260 1352 2290 aurem
1361 2253 1482 2290 tuam
1496 2248 1553 2290 ad
1563 2261 1741 2302 precem
1751 2261 1905 2291 meam.

1127 2304 1208 2343 Pro
1229 2318 1315 2345 uno
1332 2305 1456 2345 Mart.
1482 2299 1531 2352 147.
1549 2305 1742 2347 Posuisti
1755 2305 1904 2347 Domi-

1075 2373 1129 2402 ne
1153 2373 1286 2414 super
1312 2367 1444 2415 caput
1472 2363 1574 2414 ejus.
1606 2361 1657 2412 R.
1685 2362 1905 2404 Coronam

1075 2416 1131 2458 de
1150 2417 1298 2471 lapide
1317 2419 1526 2472 pretioso.
1893 2465 1898 2471 ,

1126 2473 1207 2513 Pro
1224 2474 1332 2525 plur.
1346 2475 1467 2516 Mart.
1488 2468 1539 2521 147.
1558 2475 1791 2518 Exsultent
1805 2476 1905 2528 justi

1074 2529 1117 2571 in
1143 2534 1383 2584 conspectu
1401 2533 1496 2574 Dei.
1523 2531 1574 2583 Rzss.
1605 2533 1662 2574 Et
1687 2532 1902 2574 delecten-

1073 2591 1144 2628 tur
1162 2587 1206 2628 in
1225 2588 1386 2630 laetitia.

1123 2644 1205 2684 Pro
1236 2646 1356 2686 Conf.
1385 2647 1509 2687 Pont.
1552 2643 1601 2693 V.
1634 2646 1780 2697 Elegit
1805 2658 1904 2688 eum

1072 2700 1288 2743 DOminus
1315 2703 1592 2744 sacerdotem
1620 2702 1715 2744 sibi.
1747 2701 1798 2751 Rp.
1830 2701 1903 2744 Ad

1072 2757 1408 2800 sacrificandum
1427 2759 1467 2801 ei
1484 2759 1675 2801 hostiam
1694 2759 1847 2801 laudis.
