2040 2944
201 160 268 196 24⁸¹

201 257 383 300 tutionis
408 255 562 297 ordine
588 257 777 306 servato,
802 259 1028 298 consecra-

201 319 273 355 tus
298 318 365 354 est
388 312 432 353 in
457 311 640 353 basilica
665 312 782 353 Julii:
812 325 900 365 quo
924 315 1029 355 tem-

201 382 311 423 pore
337 368 534 410 Eulalius
563 368 910 419 archidiaconus
942 369 1029 412 dia-

202 426 385 468 conibus
405 425 723 475 circumventis
738 426 1028 478 paucissimis-

202 495 287 535 que
316 481 371 524 de
399 482 530 531 clero,
559 494 610 523 ac
637 481 915 524 multitudine
942 488 1029 524 tur-

201 539 318 581 batae
341 538 496 591 plebis,
520 538 563 578 in
582 537 729 579 locum
748 538 831 580 sibi
850 551 939 580 non
959 539 1029 581 de-

201 595 350 645 bitum,
373 607 453 647 per
477 594 690 636 ambitum
712 596 939 646 proruens,
963 608 1029 637 or-

202 651 378 693 dinatur
397 651 441 691 in
461 651 819 692 Constantiniana
838 651 1030 693 basilica.

201 707 267 748 Eo
299 707 343 748 in
377 707 614 749 schismate
642 707 895 749 Bonifacius
927 708 1029 758 legi-

200 764 332 805 timus
346 764 551 805 Pontifex
565 763 845 806 vehementer
861 763 1031 817 depres-

201 833 290 871 sus,
315 822 497 862 coactus
522 825 588 862 est
611 819 731 862 beati
749 821 867 862 Petri
886 821 1029 862 basili-

202 889 298 918 cam
323 875 538 927 deserere,
563 881 607 918 et
629 889 717 917 una
741 889 838 918 cum
864 877 954 918 suis
974 877 1031 919 ad

201 931 320 974 beati
338 932 462 974 Pauli
486 931 704 974 secedere.
745 932 904 974 Delata
926 946 1031 975 mox

202 1001 335 1030 causa
362 987 420 1030 ad
448 988 759 1041 episcoporum
788 989 1030 1039 concilium,

202 1057 302 1086 cum
337 1049 487 1097 patres
523 1044 636 1086 inter
671 1057 719 1086 se
754 1043 1030 1095 dissiderent,

202 1101 389 1154 pleniori
413 1100 584 1153 syuodo
608 1113 679 1142 res
700 1106 796 1143 tota
820 1104 1030 1152 servatur,

202 1158 330 1209 iussis
373 1158 559 1208 interea,
604 1158 792 1199 Honorii
841 1159 1031 1209 Augusti

203 1216 349 1266 opera,
368 1219 462 1255 tum
480 1214 722 1265 Bonifacio‚
741 1220 834 1256 tum
847 1214 1030 1265 Eulalio‚

203 1271 258 1312 ab
277 1270 397 1312 Urbe
417 1270 656 1312 discedere.
689 1271 835 1321 Quare
852 1270 923 1312 hie
943 1272 1029 1311 An-

202 1328 321 1378 tium,
350 1332 516 1369 sanctae
540 1327 781 1373 Felicitatis
806 1327 1031 1370 basilicam

202 1384 274 1426 ille
293 1384 430 1438 petiit.

258 1444 305 1494 R.
330 1442 483 1483 Inveni
504 1441 649 1483 David
672 1454 848 1483 servum
875 1454 1031 1492 meum,

204 1497 304 1539 oleo
350 1503 502 1540 sancto
546 1510 646 1539 meo
691 1498 796 1539 unxi
843 1511 955 1539 eum:
1007 1502 1028 1525 *

203 1554 359 1595 Manus
392 1554 505 1595 enim
540 1567 637 1596 mea
665 1554 945 1596 auxiliabitur
979 1555 1030 1596 ei.

203 1606 251 1657 ΥΤ.
273 1610 392 1651 Nihil
411 1610 614 1663 proficiet
628 1611 826 1652 inimicus
842 1611 885 1651 in
905 1623 970 1660 e0‚
988 1617 1031 1654 et

204 1667 318 1708 filius
363 1667 602 1718 iniquitatis
643 1680 731 1709 non
767 1667 945 1709 nocebit
981 1668 1031 1709 ei.

204 1723 358 1765 Manus
379 1723 502 1765 enim.

510 1779 662 1821 Lectio
683 1795 719 1820 v.

204 1829 329 1936 Sed
344 1850 443 1878 cum
457 1837 654 1878 Eulalius
670 1850 718 1879 se
732 1838 775 1878 in
791 1837 958 1879 Urbem
970 1837 1030 1878 in-

305 1895 518 1943 trusisset,
539 1893 905 1945 occasionemque
920 1906 1031 1946 prae-

203 1949 372 1991 buisset
398 1949 588 2002 publicae
616 1949 856 1998 seditionis,
881 1950 1030 1992 Hono-

204 2006 313 2055 riuS,
349 2018 402 2048 ea
438 2018 484 2047 re
517 2009 783 2056 commotus,
814 2006 1032 2048 Eulalium

203 2062 323 2104 Urbe
346 2062 608 2115 pellendum,
632 2063 908 2104 Bonifacium
926 2076 1032 2105 vero

204 2118 247 2159 in
293 2132 389 2160 eam
439 2118 733 2161 inducendum
786 2120 1031 2172 rescripsit;

206 2173 326 2225 quod
362 2175 579 2227 frequenti
616 2175 929 2228 episcoporum
966 2179 1032 2229 sy-

206 2230 325 2272 nodo
375 2231 681 2273 confirmatum
730 2233 821 2275 fuit.
875 2234 1032 2286 Itaque

205 2286 456 2329 Bonifacius
475 2290 711 2339 regressus,
726 2289 911 2331 sollicita
926 2303 1031 2332 cura

206 2345 391 2384 conatus
411 2349 478 2386 est
498 2350 679 2387 cunctos
694 2346 738 2387 in
756 2350 953 2388 mutuam
968 2359 1031 2389 re-

209 2399 390 2441 stituere
417 2400 708 2452 concordiam,
736 2403 805 2444 cui
833 2409 875 2446 et
899 2404 943 2444 in
970 2404 1030 2445 fu-

206 2459 353 2498 turum
381 2457 611 2507 consuluit,
643 2472 697 2500 ne
729 2465 832 2511 post
864 2459 1031 2501 obitum

206 2525 332 2553 suum
368 2513 559 2563 graviori
593 2515 783 2556 scissura
820 2515 1030 2558 distrahe-

205 2570 325 2610 retur
340 2568 548 2610 Ecclesia.
571 2570 870 2613 Piissimorum
885 2578 1032 2614 autem

206 2625 520 2678 imperatorum
545 2626 779 2669 devotione
799 2627 1031 2679 gaudebat,

207 2686 250 2724 et
269 2687 422 2725 contra
440 2681 638 2725 inimicos
657 2684 811 2735 gratiae
831 2685 924 2737 Dei,
944 2698 1032 2727 non

584 164 655 197 Dic
679 164 731 198 25.
756 163 836 198 Oct.
883 164 917 198 S.
944 163 1138 198 Bonifacii
1161 164 1187 198 I.
1212 164 1331 207 Papae
1357 168 1393 199 ct
1418 165 1525 199 Conf.

1081 256 1224 298 solum
1243 256 1510 309 apostolicis,
1529 255 1609 298 sed
1630 256 1763 298 etiam
1777 257 1909 308 regiis

1082 312 1287 354 utebatur
1313 311 1486 362 edictis3
1514 318 1558 354 et
1584 312 1688 355 licet
1711 313 1807 365 ipse
1833 313 1908 354 do-

1083 369 1304 411 ctissimus
1343 374 1480 420 esset,
1525 369 1737 411 adversus
1771 369 1909 411 libros

1081 431 1228 468 tamen
1252 425 1597 476 Pelagianorum,
1621 425 1740 467 beati
1763 425 1908 478 Augu-

1083 483 1184 525 stini
1211 483 1412 535 episcopi
1439 484 1654 535 responsa
1678 481 1909 535 poscebat3

1083 539 1152 580 cui
1177 544 1221 581 et
1246 540 1518 590 Augustinus
1545 543 1715 580 tantum
1744 537 1911 588 detulit,

1082 599 1131 637 ut
1155 595 1195 637 ei
1219 608 1298 637 sua
1317 595 1482 648 scripta
1499 608 1588 636 non
1605 600 1697 637 tam
1716 593 1910 636 ediscen-

1083 651 1155 702 da,
1194 665 1325 704 quam
1361 650 1652 694 examinanda
1688 656 1732 694 et
1767 663 1909 693 emen-

1084 708 1229 750 danda
1249 707 1468 750 direxerit.

1136 769 1185 819 R'·
1217 765 1353 806 Posui
1381 764 1647 817 adjutorium
1675 777 1806 818 super
1833 777 1910 817 po-

1084 823 1267 871 tentem,
1311 827 1356 863 et
1397 821 1589 863 exaltavi
1629 821 1818 863 electum
1855 821 1910 863 de

1083 877 1214 930 plebe
1252 891 1368 919 mea:
1410 883 1432 905 *¹
1470 878 1626 919 Manus
1663 878 1778 919 enim
1812 890 1911 920 mea

1083 934 1365 976 auxiliabitur
1405 935 1456 976 ei.
1497 933 1548 986 V.
1572 934 1725 976 Inveni
1765 933 1911 975 David

1084 1003 1260 1031 servum
1291 1003 1453 1041 meum,
1488 991 1587 1033 oleo
1623 995 1778 1033 sancto
1809 1002 1910 1032 meo

1084 1046 1188 1087 unxi
1208 1059 1318 1088 eum.
1353 1047 1520 1088 Manus.

1386 1106 1536 1147 Lectio
1557 1106 1608 1146 vi.

1167 1158 1384 1200 atroclum
1410 1158 1716 1201 Arelatensem
1743 1160 1911 1212 episco-

1186 1228 1293 1268 pum
1329 1215 1484 1257 alienae
1524 1214 1784 1268 metropolis
1819 1216 1913 1267 jura

1083 1271 1363 1314 invadentem
1382 1272 1609 1325 repressit3
1629 1271 1832 1324 datisque
1846 1271 1912 1313 lit-

1083 1329 1189 1370 teris
1234 1328 1291 1370 ad
1327 1329 1543 1370 Hilarium
1577 1328 1913 1370 Narbonensem

1084 1387 1343 1438 episcopum
1360 1385 1495 1437 jussit,
1515 1390 1564 1427 ut
1582 1386 1674 1438 jure
1691 1389 1912 1438 metropo-

1083 1441 1207 1483 litani
1237 1446 1281 1484 et
1309 1442 1568 1494 apostolicae
1595 1441 1722 1483 Sedis
1748 1454 1911 1494 praece-

1083 1498 1234 1551 ptione
1262 1498 1319 1539 ad
1347 1500 1583 1551 pervasum
1612 1498 1760 1540 locum
1791 1499 1912 1540 acce-

1084 1554 1219 1605 deret,
1247 1554 1504 1607 agendaque
1530 1554 1711 1604 videret,
1739 1559 1783 1597 et
1808 1567 1911 1608 apo-

1084 1611 1255 1653 stolicae
1274 1610 1377 1653 Sedi
1397 1617 1554 1653 cuncta
1571 1611 1764 1654 referret.
1801 1611 1912 1653 Con-

1084 1668 1227 1711 stituit
1251 1681 1306 1710 ne
1332 1668 1488 1710 mulier
1513 1668 1584 1710 vel
1607 1667 1824 1710 monacha
1847 1680 1912 1709 sa-

1085 1727 1206 1767 crata
1232 1725 1367 1778 pallia
1395 1727 1668 1776 contingeret
1695 1729 1770 1766 aut
1796 1724 1911 1767 lava-

1084 1787 1169 1832 ret;
1188 1794 1299 1824 neve
1315 1782 1413 1834 quis
1428 1782 1652 1823 incensum
1665 1782 1710 1823 in
1729 1781 1913 1823 ecclesia

1084 1840 1281 1890 poneret,
1310 1839 1393 1879 nisi
1420 1838 1619 1880 minister
1647 1843 1774 1891 esset.
1818 1838 1913 1879 Ser-

1084 1908 1198 1944 vum,
1217 1895 1287 1936 vel
1306 1895 1450 1945 curiae,
1469 1895 1540 1937 vel
1558 1895 1622 1937 rei
1640 1894 1819 1937 cuilibet
1837 1894 1912 1937 ob-

1084 1951 1275 2001 noxium,
1291 1951 1498 1993 clericum
1512 1952 1609 1994 fieri
1622 1951 1771 1994 vetuit.
1789 1951 1914 1993 Fecit

1085 2008 1326 2050 oratorium
1361 2009 1405 2049 in
1450 2009 1703 2051 coemeterio
1749 2013 1913 2050 sanctae

1084 2065 1325 2107 Felicitatis
1351 2065 1574 2117 Martyris,
1602 2066 1722 2117 juxta
1749 2077 1912 2118 corpus

1086 2122 1186 2173 ejus,
1213 2121 1333 2172 cujus
1356 2122 1550 2174 itemque
1573 2122 1714 2163 sancti
1735 2121 1913 2174 Sylvani

1085 2177 1368 2231 sepulchrum
1381 2178 1564 2227 ornavit,
1575 2178 1773 2231 pluribus
1785 2176 1913 2219 donis

1085 2234 1257 2276 oblatis.
1302 2234 1505 2286 Denique
1536 2234 1652 2276 fama
1686 2233 1912 2276 celeberri-

1084 2304 1191 2341 mus,
1211 2296 1255 2333 et
1273 2291 1414 2342 gratia
1427 2291 1511 2332 Dei
1530 2290 1697 2343 plenus,
1717 2289 1913 2342 ejusdem

1084 2347 1270 2398 gloriam
1302 2347 1489 2399 adeptus
1518 2352 1602 2397 est,
1635 2346 1835 2389 Honorio
1869 2352 1913 2388 et

1085 2403 1342 2446 Theodosio
1374 2403 1663 2456 principibus,
1696 2402 1911 2455 sepultus-

1086 2473 1170 2512 que
1189 2460 1232 2500 in
1252 2460 1505 2502 coemeterio
1530 2465 1694 2502 sanctae
1713 2459 1911 2501 Felicita-

1085 2517 1141 2558 tis
1174 2516 1244 2558 via
1277 2515 1460 2565 Salaria,
1494 2518 1653 2558 octavo
1687 2514 1912 2557 Kalendas

1085 2572 1360 2614 Novembris.
1398 2572 1543 2614 Semel
1561 2584 1710 2613 mense
1729 2571 1911 2613 Decem-

1085 2628 1151 2670 bri
1181 2629 1346 2670 creavit
1377 2628 1661 2681 presbyteros
1688 2627 1912 2677 tredecim,

1086 2685 1297 2728 diaconos
1329 2689 1437 2736 treS‚
1469 2686 1705 2739 episcopos
1737 2696 1818 2739 per
1849 2683 1910 2727 di-
