2040 2944
631 191 675 224 In
699 190 826 224 chtis
851 200 920 232 per
944 190 1098 223 Annum
1123 191 1173 224 ad
1196 190 1373 225 Primam.
1811 187 1852 221 31

221 282 374 323 Carnis
393 286 508 324 terat
528 281 780 334 superbiam

218 339 356 379 Potus
377 338 549 390 cibique
569 338 776 391 parcitas:

169 407 238 452 Ut,
258 415 358 444 cum
378 402 471 444 dies
491 402 764 452 abscesserit,

218 459 497 511 Noctemque
517 472 613 500 sors
632 458 866 507 reduxerit,

218 514 372 556 Mundi
390 528 470 567 per
490 514 798 556 abstinentiam

216 571 309 623 Ipsi
329 573 536 612 canamus
556 570 751 621 gloriam.

167 640 262 678 Deo
283 636 404 676 Patri
423 636 479 677 sit
496 636 646 686 gloria,

217 693 410 743 Ejusque
426 692 510 733 soli
530 692 652 741 Fflio,

219 748 330 789 Cum
348 748 512 800 Spiritu
530 748 762 796 Paraclito,

216 804 357 853 Nunc,
377 808 421 845 et
439 817 519 856 per
539 817 668 845 omne
688 803 909 844 saeculum.

452 861 607 901 Amen.

195 932 281 965 Ant.
308 935 540 974 competens.

414 996 614 1036 Psalmus
634 997 698 1034 53.

177 1056 351 1121 ffissffgeus
387 1046 431 1086 in
472 1046 648 1086 nemine
686 1050 763 1086 tuo
801 1045 970 1085 salvum

153 1114 154 1129 ³
177 1102 266 1154 {ij->j
290 1115 361 1143 me
393 1102 476 1143 fac:
505 1102 528 1127 *
557 1107 600 1143 et
631 1102 676 1142 in
704 1101 865 1142 virtute
894 1105 969 1142 tua

151 1151 266 1188 ΞΑ
289 1157 433 1210 judica
452 1171 533 1199 me.

190 1215 312 1256 Deus
342 1214 501 1256 exaudi
538 1214 783 1255 orationem
811 1226 969 1254 meam:

138 1271 161 1296 *
181 1270 359 1313 auribus
386 1271 566 1323 percipe
595 1270 731 1312 verba
759 1270 847 1311 oris
873 1270 968 1310 mei.

191 1327 408 1377 Quoniam
420 1327 548 1368 alieni
557 1327 888 1368 insurrexerunt
896 1324 968 1366 ad-

138 1385 314 1424 versum
346 1396 431 1433 me,
465 1388 509 1424 et
538 1383 674 1424 fortes
702 1382 969 1434 quaesierunt

139 1439 329 1480 animam
347 1452 504 1480 meam:
519 1440 542 1464 *
559 1443 602 1480 et
621 1451 710 1480 non
728 1439 968 1491 proposue-

138 1500 240 1536 runt
253 1496 398 1536 Deum
413 1500 514 1536 ante
530 1497 818 1547 conspectum
831 1507 968 1534 suum.

189 1552 306 1593 Ecce
326 1551 441 1592 enim
455 1552 577 1592 Deus
597 1550 774 1603 adjuvat
788 1563 872 1591 me:
887 1550 910 1575 *
926 1554 970 1590 et

137 1608 354 1648 Deminus
363 1610 595 1660 susceptor
605 1612 671 1648 est
680 1608 836 1648 animae
846 1619 968 1647 meae.

189 1665 355 1706 Averte
382 1664 498 1705 mala
525 1664 710 1705 inimicis
738 1663 863 1704 meis:
882 1663 905 1687 *
925 1667 969 1703 et

136 1721 180 1761 in
200 1721 385 1762 veritate
404 1724 480 1761 tua
499 1719 705 1772 disperde
725 1719 834 1760 illos.

189 1776 451 1818 Voluntarie
479 1775 738 1817 sacrificabo
767 1775 863 1824 tibi,
882 1775 906 1800 *
926 1778 970 1815 et

139 1832 385 1874 confitebor
431 1833 597 1873 nomini
641 1837 719 1874 tuo
762 1831 969 1872 Domine:

142 1889 350 1941 queniam
368 1887 534 1930 bonum
555 1893 631 1930 est.

193 1945 412 1995 Queniam
444 1957 499 1986 ex
537 1945 656 1986 omni
688 1944 970 1986 tribulatione

141 2001 339 2054 eripuisti
370 2014 455 2042 me:
479 2002 503 2027 *
529 2006 573 2042 et
606 2014 739 2053 super
771 2000 970 2041 inimicos

140 2070 264 2099 meos
284 2057 486 2110 despexit
505 2057 658 2099 oculus
681 2069 815 2098 meus.

413 2131 608 2171 Psalmus
630 2131 707 2169 118.

144 2190 311 2296 Beati
341 2189 610 2230 immaculati
645 2189 689 2229 in
721 2189 809 2229 via:
840 2189 864 2214 *
899 2188 972 2240 qui

248 2246 473 2287 ambulant
490 2245 534 2285 in
553 2245 649 2295 lege
667 2245 857 2285 Domini.

195 2303 341 2352 Beati,
362 2302 437 2354 qui
455 2303 705 2342 scrutantur
723 2300 973 2341 testimenia

144 2358 250 2409 ejus:
261 2358 285 2383 *
295 2358 340 2398 in
350 2362 446 2399 toto
463 2355 596 2398 corde
612 2358 847 2408 exquirunt
862 2369 972 2397 eum.

195 2414 298 2455 Non
322 2414 438 2455 enim
462 2413 536 2465 qui
562 2414 801 2464 operantur
819 2411 971 2463 iniqui-

144 2472 292 2519 tatem,
312 2470 335 2495 *
355 2470 399 2510 in
418 2469 499 2510 viis
519 2469 609 2520 ejus
629 2467 972 2509 ambulaverunt.

196 2526 265 2567 Tu
288 2525 508 2567 mandasti
527 2525 550 2550 *
571 2523 778 2565 mandata
802 2527 878 2564 tua
902 2535 972 2563 cu-

145 2581 301 2623 stodiri
318 2582 457 2622 nimis.

197 2638 373 2679 Utinam
389 2637 634 2687 dirigantur
649 2637 730 2677 viae
746 2648 868 2684 meae,
879 2636 902 2661 *
917 2634 974 2676 ad

147 2693 458 2735 custodiendas
478 2693 806 2745 justificatiOnes
824 2696 933 2732 tuas.

1077 281 1202 321 Tunc
1221 293 1309 322 non
1330 280 1584 330 confundar,
1599 280 1622 305 *
1638 293 1738 321 cum
1757 294 1852 332 per-

1025 338 1213 389 spexero
1233 337 1276 377 in
1297 336 1499 378 emnibus
1519 335 1737 378 mandatis
1756 337 1852 377 tuis.

1078 397 1332 438 Confitebor
1350 397 1429 438 tibi
1443 398 1487 437 in
1503 396 1744 438 directi6ne
1760 410 1852 438 cor-

1025 453 1106 494 dis:
1125 454 1148 479 *
1167 453 1212 493 in
1241 466 1293 494 eo
1321 453 1441 505 quod
1466 453 1598 495 didici
1616 453 1775 504 judicia
1794 454 1851 504 ju-

1026 510 1157 550 stitiae
1178 514 1277 550 tuae.

1075 570 1099 610 J
1102 570 1418 611 ustificationes
1438 575 1536 611 tuas
1557 569 1816 611 custodiam:
1829 571 1851 595 *

1023 639 1112 666 non
1131 639 1201 667 me
1222 625 1500 678 derelinquas
1524 629 1852 678 usquequaque.

1075 688 1126 727 In
1174 699 1260 738 quo
1307 687 1486 736 corrigit
1530 686 1852 727 adolescentior

1024 744 1139 783 viam
1163 741 1310 783 suam?
1331 743 1354 768 *
1374 743 1417 782 in
1447 742 1735 783 custodiendo
1765 756 1850 784 ser-

1023 801 1177 840 menes
1196 804 1307 840 tuos.

1075 861 1126 900 In
1154 864 1249 901 toto
1279 859 1413 900 corde
1441 872 1540 900 meo
1561 858 1774 910 exquisivi
1792 863 1851 899 te:

1023 916 1046 941 *
1066 929 1120 957 ne
1140 915 1327 968 repellas
1347 928 1416 956 me
1436 928 1461 955 a
1480 914 1698 955 mandatis
1717 914 1812 955 tuis.

1074 977 1126 1016 In
1155 975 1289 1017 corde
1317 988 1416 1016 meo
1446 974 1658 1016 abscondi
1678 974 1851 1026 eloquia

1022 1037 1113 1073 tua:
1132 1033 1155 1057 *
1175 1037 1223 1073 ut
1242 1044 1331 1072 non
1349 1044 1530 1083 peccem
1550 1030 1638 1072 tibi.

1074 1091 1341 1133 Benedictus
1375 1104 1421 1132 es
1453 1092 1660 1132 Demine:
1688 1091 1711 1116 *
1740 1090 1851 1131 doce

1022 1161 1093 1190 me
1112 1148 1442 1200 justificationes
1462 1152 1570 1189 tuas.

1074 1209 1125 1249 In
1153 1208 1279 1250 labiis
1304 1209 1427 1257 meis,
1452 1208 1475 1233 *
1499 1207 1779 1260 pronuntiavi
1807 1209 1850 1247 ό·
1902 1235 1905 1238 -

1022 1266 1138 1306 mnia
1157 1264 1314 1317 judicia
1333 1265 1421 1305 oris
1441 1264 1514 1305 tui.

1073 1327 1124 1366 In
1139 1326 1210 1366 via
1224 1324 1574 1366 testimoniOrum
1588 1326 1763 1364 tuorum
1779 1323 1849 1364 de-

1022 1382 1208 1423 lectatus
1238 1394 1350 1430 sum,
1378 1381 1401 1406 *
1430 1381 1541 1421 sicut
1572 1380 1616 1420 in
1650 1379 1850 1420 emnibus

1023 1437 1194 1479 divitiis.

1074 1499 1124 1539 In
1143 1498 1361 1539 mandatis
1380 1498 1466 1538 tuis
1492 1496 1745 1538 exercebor:
1764 1496 1787 1521 *
1808 1499 1851 1536 et

1023 1553 1313 1596 considerabo
1333 1554 1426 1594 vias
1445 1558 1554 1594 tuas.

1074 1616 1124 1655 In
1152 1613 1530 1666 justificatienibus
1558 1613 1643 1654 tuis
1671 1611 1850 1653 medita-

1022 1671 1125 1712 bor:
1161 1671 1184 1696 *
1220 1683 1308 1711 non
1350 1670 1584 1711 obliviscar
1626 1670 1850 1709 sermenes

1022 1732 1134 1768 tuos.

1112 1833 1280 1876 etribue
1305 1845 1433 1874 servo
1453 1837 1546 1881 tuo,
1571 1831 1742 1871 vivifica
1766 1842 1850 1871 me:

1027 1837 1114 1941 R
1132 1891 1156 1916 *
1176 1895 1219 1932 et
1235 1889 1480 1931 custodiam
1496 1889 1720 1929 sermones
1739 1891 1850 1927 tuos.

1074 1951 1242 1992 Revela
1267 1950 1419 1991 eculos
1443 1961 1581 1990 meos:
1600 1949 1622 1974 *
1644 1952 1686 1989 et
1714 1947 1850 1988 consi-

1024 2007 1190 2049 derabo
1209 2005 1424 2047 mirabilia
1443 2005 1498 2046 de
1517 2005 1613 2054 lege
1632 2008 1717 2044 tua.

1076 2067 1227 2108 Incola
1255 2079 1337 2117 ego
1367 2079 1463 2106 sum
1490 2065 1533 2105 in
1561 2070 1690 2105 terra:
1715 2064 1738 2088 *
1764 2076 1851 2103 non

1025 2122 1272 2165 abscondas
1294 2135 1319 2162 a
1337 2134 1406 2163 me
1425 2119 1632 2161 mandata
1651 2124 1735 2160 tua.

1078 2182 1339 2235 Concupivit
1375 2181 1518 2222 anima
1549 2192 1647 2220 mea
1684 2177 1850 2220 deside·
1900 2217 1903 2219 ,

1025 2241 1123 2280 rare
1145 2238 1473 2290 justificatienes
1493 2241 1606 2284 tuas,
1625 2235 1648 2260 *
1667 2235 1711 2275 in
1735 2234 1851 2275 omni

1024 2298 1237 2347 tempore.

1076 2354 1321 2407 Increpasti
1340 2352 1570 2405 superbos:
1589 2352 1612 2377 *
1631 2350 1850 2392 maledicti

1027 2411 1100 2463 qui
1120 2410 1339 2452 declinant
1358 2422 1383 2449 a
1401 2407 1618 2449 mandatis
1637 2407 1733 2448 tuis.

1077 2466 1214 2507 Aufer
1238 2478 1263 2506 a
1284 2478 1355 2506 me
1380 2462 1667 2516 opprebrium
1690 2467 1733 2503 et
1752 2474 1850 2502 con-

1025 2524 1254 2574 temptum:
1290 2521 1314 2546 *
1352 2521 1452 2572 quia
1491 2518 1740 2560 testimonia
1776 2522 1850 2557 tua

1027 2577 1250 2630 exquisivi.

1077 2633 1249 2675 Etenim
1286 2631 1492 2674 sederunt
1527 2630 1762 2682 principes,
1807 2631 1850 2667 et

1027 2690 1259 2731 adversum
1286 2701 1355 2729 me
1383 2686 1687 2739 loquebantur:
1716 2684 1739 2708 *
1763 2694 1848 2723 ser-
