2040 2944
185 179 284 224 [330]

787 176 1027 219 praeparatio
1053 175 1101 209 ad
1126 175 1295 209 Missam.

237 275 344 310 Deus
374 279 415 310 tu
445 276 656 310 conversus
679 275 900 310 vivificabis
924 284 1013 310 nos:

184 325 205 349 *
229 329 266 360 et
289 325 401 370 plebs
425 328 492 360 tua
514 325 711 360 laetabitur
732 325 773 360 in
795 329 843 360 te.

237 375 405 411 Ostende
440 376 556 411 nobis
588 376 674 411 Dfie
706 375 1015 410 misericordiam

183 430 304 461 tuam:
328 426 350 451 *
373 430 411 462 et
435 427 604 462 salutare
628 431 736 462 tuum
760 426 811 461 da
833 425 960 461 nobis.

234 476 405 512 Audiam
428 477 523 522 quid
546 477 729 522 loquatur
748 477 788 512 in
807 487 868 512 me
884 476 1014 511 Domi-

182 537 254 562 nus
277 526 400 562 Deus:
424 527 446 551 *
468 527 651 572 quoniam
674 528 855 571 loquetur
877 537 1014 571 pacem

182 578 221 612 in
244 578 398 622 plebem
421 588 542 613 suam.

233 627 281 662 Et
304 638 423 672 super
446 632 604 664 sanctos
629 639 738 664 suos:
761 629 783 653 *
809 633 846 664 et
870 628 910 663 in
934 638 1013 671 eos,

183 678 249 723 qui
274 681 551 714 convertuntur
574 679 625 715 ad
647 690 724 715 cor.

231 728 507 764 Verumtamen
543 740 666 774 prope
704 730 883 765 timentes
927 739 1014 764 eum

182 779 349 814 salutare
378 780 517 824 ipsius:
549 780 570 805 *
600 785 642 815 ut
669 780 860 815 inhabitet
889 779 1014 824 gloria

181 828 221 863 in
245 833 347 864 terra
370 834 514 866 nostra.

231 879 514 926 Misericordia,
539 885 577 917 et
592 882 738 918 veritas
755 881 1014 917 obviaverunt

181 930 271 965 sibi:
296 930 317 954 *
341 931 498 974 justitia,
523 936 560 967 et
583 942 663 976 pax
687 932 873 967 osculatae
897 936 995 967 sunt.

232 979 386 1016 Veritas
411 981 459 1017 de
483 986 585 1017 terra
609 986 694 1017 orta
715 986 787 1017 est:
809 982 830 1007 *
853 985 890 1017 et
907 982 1013 1026 justi-

180 1030 235 1064 tia
259 1030 306 1065 de
331 1031 432 1066 eoelo
459 1032 671 1076 prospexit.

234 1081 386 1116 Etenim
420 1082 610 1118 Dominus
649 1083 759 1118 dabit
797 1082 1012 1127 benignita-

180 1135 270 1166 tem:
300 1132 321 1156 *
351 1136 388 1167 et
415 1137 517 1168 terra
546 1137 680 1169 nostra
709 1133 819 1168 dabit
847 1133 1013 1168 fructum

180 1192 300 1217 suum.

231 1232 389 1268 Justitia
423 1238 510 1269 ante
543 1245 630 1269 eum
662 1233 890 1269 ambulabit:
921 1233 942 1258 '¹‘
975 1237 1012 1269 et

180 1287 300 1326 ponet
323 1283 363 1318 in
387 1284 452 1319 via
476 1295 635 1328 gressus
660 1295 763 1320 suos

233 1333 368 1368 Gloria
391 1333 507 1370 Patri.

467 1397 641 1430 Psalmus
666 1396 721 1429 85.

209 1457 337 1492 nelina
366 1457 530 1494 Domine
563 1469 694 1494 aurem
724 1462 845 1501 tuam,
879 1461 917 1493 et
947 1468 1010 1492 ex-

235 1506 327 1541 audi
343 1518 419 1542 me:
436 1508 457 1532 ‘³‘
472 1509 655 1552 quoniam
671 1509 797 1553 inops⁷
813 1512 850 1543 et
862 1518 1012 1552 pauper

180 1567 265 1591 sum
289 1567 372 1601 ego.

232 1606 395 1642 Custodi
434 1609 602 1644 animam
639 1620 781 1653 meam,
827 1610 1010 1654 quoniam

179 1662 335 1693 sanctus
354 1669 453 1694 sum:
477 1660 498 1684 *
523 1661 675 1696 salvum
691 1661 753 1696 fac
775 1671 930 1696 servum
953 1664 1010 1695 tu-

178 1719 253 1753 um,
276 1709 383 1745 Deus
407 1721 526 1754 meus,
552 1714 772 1756 sperantem
795 1712 836 1746 in
859 1716 906 1747 te.

230 1759 412 1796 Miserere
441 1762 517 1796 mei
546 1761 711 1797 Domine
744 1762 927 1806 quoniam
960 1762 1010 1797 ad

178 1813 214 1844 te
232 1810 398 1846 clamavi
422 1814 504 1846 tota
528 1811 606 1847 die:
630 1812 651 1836 *
674 1812 828 1847 laetifica
843 1812 1010 1847 animam

179 1860 283 1895 servi
306 1860 373 1904 tui,
398 1861 582 1905 quoniam
606 1862 657 1897 ad
680 1866 717 1897 te
740 1862 905 1898 Domine
930 1862 1010 1897 ani-

178 1920 280 1944 mam
302 1921 428 1946 meam
451 1911 590 1947 levavi.

232 1961 422 2003 Quoniam
441 1966 482 1997 tu
497 1962 662 1998 Domine
684 1963 817 1998 suavis
835 1967 872 1998 et
887 1963 1008 1998 mitis:

178 2011 198 2035 *
223 2016 260 2046 et
283 2013 414 2048 multae
437 2013 716 2048 misericordiae
745 2014 925 2049 omnibus
954 2014 1009 2048 in-

178 2062 409 2098 vocantibus
432 2067 479 2099 te.

214 2113 402 2149 -Atiribus
426 2115 583 2159 percipe
605 2114 769 2150 Domine
795 2115 1009 2150 orationem

179 2172 317 2198 meam:
341 2164 362 2188 *
386 2168 423 2199 et
444 2164 598 2199 intende
615 2165 705 2199 voci
722 2165 1008 2208 deprecationis

179 2222 285 2247 meae.

231 2262 275 2296 In
297 2262 359 2298 die
381 2263 643 2299 tribulationis
662 2275 759 2300 meae
776 2266 942 2301 clamavi
959 2266 1010 2301 ad

180 2315 234 2346 te:
259 2312 279 2336 *
305 2313 396 2356 quia
420 2314 614 2350 exaudisti
635 2326 706 2350 me.

232 2361 321 2396 Non
345 2367 403 2397 est
427 2364 564 2398 similis
588 2365 645 2399 tui
670 2365 710 2400 in
735 2366 811 2400 diis
828 2366 1007 2402 Domine:

179 2411 201 2435 *
225 2415 262 2445 et
286 2421 363 2445 non
387 2417 445 2447 est
470 2415 681 2449 secundum
705 2417 824 2460 opera
846 2421 922 2452 tua.

235 2460 377 2496 Omnes
409 2468 542 2505 gentes
577 2467 840 2509 quascumque
873 2467 1008 2510 fecisti,

180 2511 349 2554 venient,
383 2516 420 2546 et
453 2513 669 2550 adorabunt
701 2526 832 2551 coram
864 2521 900 2552 te
933 2517 1008 2552 Do-

181 2562 297 2596 mine:
323 2562 343 2586 '³‘
368 2566 405 2597 et
428 2563 698 2606 glorificabunt
723 2576 862 2602 nomen
890 2572 1008 2602 tuum.

233 2612 423 2653 Quoniam
451 2623 613 2656 magnus
643 2625 684 2649 es
708 2619 767 2659 tu,
801 2621 838 2651 et
862 2617 1008 2652 faciens

180 2663 386 2698 mirabilia:
412 2663 433 2686 ‘¹‘
459 2667 500 2697 tu
523 2673 564 2697 es
588 2663 694 2699 Deus
719 2666 836 2701 solus.

234 2713 369 2748 Deduc
398 2723 457 2747 me
490 2713 653 2748 Domine
683 2715 722 2749 in
753 2717 819 2751 via
854 2722 935 2760 tua,
972 2722 1009 2752 et

1067 273 1265 318 ingrediar
1280 273 1321 308 in
1334 272 1498 309 veritate
1514 275 1596 308 tua:
1619 271 1642 296 *
1661 271 1813 306 laetotur
1833 280 1900 305 eor

1066 333 1193 358 meum
1215 327 1258 358 ut
1280 323 1412 358 timeat
1434 332 1576 358 nomen
1597 325 1716 357 tuum.

1120 373 1344 409 Confitebor
1370 373 1443 408 tibi
1466 371 1632 408 Domine
1654 371 1762 407 Deus
1789 380 1899 406 meus

1067 424 1107 458 in
1138 428 1221 459 toto
1258 423 1374 459 corde
1407 433 1513 466 meo,
1546 423 1568 447 *
1601 426 1639 458 et
1671 421 1899 467 glorificabo

1066 484 1207 510 nomen
1231 478 1339 510 tuum
1362 474 1403 509 in
1427 475 1626 509 aetemum:

1120 525 1220 569 Quia
1253 524 1523 560 misericordia
1559 528 1627 559 tua
1666 533 1809 568 magna
1842 527 1901 558 est

1067 585 1186 619 super
1207 586 1285 610 me:
1314 575 1335 600 *
1360 579 1398 610 et
1421 574 1556 610 eruisti
1583 573 1752 609 animam
1774 576 1900 608 meam

1067 635 1116 660 ex
1140 626 1289 662 inferno
1315 625 1499 661 inferiori.

1119 676 1241 721 Deus,
1288 676 1413 721 iniqui
1450 676 1742 711 insurrexerunt
1781 684 1901 719 super

1066 737 1145 770 me,
1184 730 1222 762 et
1256 727 1459 772 synagoga
1489 725 1706 770 potentium
1737 724 1900 769 quaesie·

1066 781 1154 812 runt
1182 777 1351 812 animam
1373 787 1514 812 meam:
1543 776 1564 800 *
1593 779 1630 811 et
1655 785 1736 811 non
1756 785 1900 820 propo·

1067 829 1226 863 suerunt
1247 831 1285 863 te
1309 827 1350 862 in
1374 827 1586 871 conspectu
1610 836 1693 862 suo.

1118 878 1166 913 Et
1202 882 1244 913 tu
1277 877 1443 913 Domine
1479 877 1586 912 Deus
1624 876 1830 911 miseraitor
1862 879 1899 910 et

1066 929 1303 964 misericors:
1326 929 1348 953 ²*
1363 929 1528 973 patiens,
1546 931 1583 963 et
1603 927 1736 963 multae
1751 926 1899 962 miseri-

1067 979 1222 1023 cordiae,
1247 983 1285 1014 et
1307 989 1439 1015 verax.

1118 1029 1284 1074 Respice
1301 1028 1342 1063 in
1357 1039 1429 1072 me,
1447 1031 1484 1063 et
1498 1028 1681 1063 miserere
1697 1027 1785 1071 mei,
1805 1027 1827 1052 *
1849 1027 1899 1062 da

1066 1080 1270 1124 imperium
1293 1083 1402 1115 tuum
1424 1080 1547 1123 puero
1570 1082 1653 1114 tuo:
1686 1081 1723 1113 et
1747 1078 1899 1113 salvum

1065 1129 1127 1164 fac
1152 1129 1276 1164 filium
1300 1129 1452 1164 ancillae
1474 1132 1562 1164 tuae.

1117 1180 1196 1216 Fac
1223 1191 1374 1216 mecum
1405 1180 1560 1224 signum
1589 1180 1630 1214 in
1659 1180 1824 1223 bonum,
1856 1183 1899 1214 ut

1065 1230 1223 1266 videant
1256 1231 1324 1275 qui
1357 1230 1522 1265 oderunt
1555 1239 1635 1273 me,
1670 1233 1708 1265 et
1739 1229 1898 1265 confun-

1065 1281 1221 1316 dantur:
1235 1281 1257 1305 *
1274 1281 1458 1326 quoniam
1474 1284 1516 1315 tu
1531 1279 1697 1316 Domine
1713 1279 1899 1324 adiuvisti

1064 1341 1135 1374 me,
1160 1335 1197 1367 et
1221 1331 1446 1367 consolatus
1471 1341 1512 1366 es
1536 1341 1607 1366 me.

1117 1381 1253 1416 Gloria
1275 1381 1392 1416 Patri.

1344 1455 1522 1488 Psalmus
1549 1454 1620 1488 115.

1068 1525 1247 1603 Credidi,
1264 1530 1426 1570 propter
1445 1526 1552 1571 quod
1574 1526 1728 1562 locutus
1753 1536 1854 1561 sum:
1875 1526 1896 1550 *

1145 1586 1217 1620 ego
1241 1580 1369 1612 autem
1385 1577 1611 1612 humiliams
1634 1587 1720 1612 sum
1738 1576 1866 1612 nimis.

1114 1625 1198 1669 Ego
1224 1625 1308 1660 dixi
1331 1626 1371 1660 in
1396 1627 1560 1662 excessu
1582 1636 1685 1662 meo:
1714 1626 1736 1651 *
1761 1625 1896 1662 Omnis

1062 1675 1180 1711 homo
1205 1676 1383 1711 mendax.

1116 1725 1218 1767 Quid
1234 1727 1444 1762 retribuam
1459 1726 1628 1762 Domino
1649 1726 1670 1751 ²³⁵
1686 1737 1758 1771 pro
1775 1727 1896 1762 omni-

1062 1775 1147 1819 bus,
1173 1786 1261 1820 quae
1285 1777 1463 1812 retribuit
1484 1777 1601 1812 mihi?

1114 1826 1286 1870 Calicem
1302 1828 1484 1863 salutaris
1502 1827 1706 1872 accipiam:
1727 1827 1749 1852 *
1770 1830 1808 1862 et
1828 1836 1895 1862 no-

1062 1887 1150 1912 men
1172 1877 1330 1912 Domini
1354 1877 1560 1913 invocabo.

1114 1927 1217 1963 Vota
1251 1938 1337 1963 mea
1370 1928 1538 1964 Domino
1570 1928 1732 1964 reddam
1765 1937 1896 1962 coram

1063 1978 1167 2012 omni
1192 1979 1340 2023 populo
1365 1979 1465 2023 ejus:
1494 1979 1516 2003 *
1542 1979 1716 2023 pretiosa
1743 1978 1785 2012 in
1806 1987 1895 2013 con-

1062 2029 1198 2072 spectu
1214 2028 1372 2064 Domini
1394 2039 1499 2064 mors
1524 2030 1746 2064 sanctorum
1769 2028 1862 2072 ejus.

1115 2077 1146 2113 Ο
1169 2078 1333 2114 Domine
1358 2079 1451 2124 quia
1480 2089 1553 2123 ego
1578 2089 1715 2114 servus
1739 2082 1844 2114 tuus:
1874 2078 1895 2102 *

1062 2139 1135 2173 ego
1160 2140 1298 2165 servus
1322 2134 1426 2174 tuus,
1452 2134 1489 2166 et
1513 2130 1617 2165 filius
1639 2129 1790 2164 ancillae
1806 2133 1894 2164 tuae.

1113 2178 1305 2224 Dirupisti
1320 2181 1477 2215 vincula
1491 2190 1592 2215 mea:
1617 2180 1638 2204 *
1657 2179 1731 2215 tibi
1752 2179 1895 2214 sacrifi-

1063 2230 1160 2265 cabo
1196 2229 1366 2264 hostiam
1398 2229 1544 2274 laudis,
1584 2234 1621 2264 et
1648 2239 1791 2264 nomen
1818 2228 1895 2263 Do-

1061 2280 1157 2314 mini
1181 2281 1385 2316 invocabo.

1114 2330 1215 2365 Vota
1245 2341 1331 2365 mea
1355 2330 1523 2365 Domino
1551 2330 1713 2365 reddam
1741 2329 1781 2364 in
1805 2339 1894 2364 con-

1062 2382 1196 2425 spectu
1222 2381 1347 2416 omnis
1372 2381 1509 2425 populi
1538 2381 1636 2424 ejus:
1666 2380 1687 2405 *
1715 2379 1755 2414 in
1784 2380 1893 2414 atriis

1063 2431 1201 2467 domus
1225 2432 1398 2475 Domini,
1431 2432 1472 2466 in
1501 2430 1630 2466 medio
1658 2430 1715 2465 tui
1737 2430 1893 2465 Jerosa-

1061 2482 1146 2517 lem.

1115 2532 1250 2568 Gloria
1273 2533 1390 2568 Patri.

1348 2603 1525 2637 l'salmus
1553 2602 1623 2635 125³.

1071 2672 1142 2746 De
1167 2669 1373 2713 profundis
1395 2669 1561 2726 clamavi
1585 2669 1635 2704 ad
1659 2673 1696 2704 te
1711 2668 1891 2704 Domine:

1148 2719 1168 2743 '⁶‘
1192 2719 1356 2754 Domine
1382 2719 1525 2754 exaudi
1548 2729 1685 2754 vocem
1708 2729 1844 2770 meam

1832 2772 1854 2789 α

2036 2606 2040 2618 ..
2035 2591 2040 2596 .
2033 2567 2040 2579 ..
2032 2347 2040 2558 -n-nm———-—
2033 2332 2040 2338 ι
2036 2309 2040 2313 .
2038 2262 2040 2267 .
2037 2229 2040 2239 -
