2040 2944
194 234 246 269 60

196 330 351 370 tatem:
375 328 398 353 *
426 323 696 375 iniquitatem
724 320 863 371 magis
893 332 1023 372 quam

197 384 318 435 loqui
348 381 608 442 aequitatem.

250 437 449 480 Dilexisti
484 434 627 475 omnia
659 432 793 474 verba
825 432 1023 485 praecipi-

197 495 383 542 tationis
403 492 589 541 *lingua
609 489 775 531 dolesa.

250 551 488 602 Propterea
517 547 639 587 Deus
674 545 871 587 destruet
903 550 947 586 te
981 544 1023 584 in

198 608 337 654 finem,
357 607 380 632 *
401 603 559 646 evellet
582 607 637 651 te,
666 607 710 643 et
730 600 960 651 emigrabit
979 606 1023 641 te

199 663 253 704 de
293 658 577 703 tabernaculo
615 663 710 700 tuo:
751 662 794 699 et
832 656 1023 698 radicem
1091 675 1111 698 τ.-

198 724 315 760 tuam
337 717 391 758 de
416 721 533 757 terra
552 714 799 755 viventium.

249 773 475 815 Videbunt
503 771 621 822 justi,
650 775 692 811 et
720 769 952 818 timebunt,
981 773 1024 810 et

198 843 330 883 super
360 842 458 870 eum
487 826 707 876 ridebunt,
737 831 780 867 et
808 801 971 867 dicent:
1000 827 1024 851 *

198 888 313 928 Ecce
335 885 488 933 homo,
510 883 582 935 qui
607 896 694 923 non
713 883 860 934 posuit
880 882 1024 923 Deum

198 942 439 993 adjutorem
461 953 604 981 suum:

251 997 338 1039 Sed
366 996 560 1049 speravit
587 995 630 1036 in
658 994 934 1036 multitudine
964 993 1024 1034 di-

199 1055 401 1095 vitiarum
421 1055 613 1093 suarum:
627 1054 651 1079 *
669 1057 712 1093 et
731 1051 963 1104 praevaluit
981 1051 1024 1090 in

199 1110 390 1152 vanitate
411 1122 499 1149 sua.

250 1166 345 1216 Ego
365 1170 521 1214 autem,
539 1164 650 1205 sicut
671 1163 785 1205 oliva
804 1162 1025 1204 fructifera

199 1223 242 1263 in
269 1222 401 1263 domo
420 1221 520 1270 Dei,
540 1222 563 1247 *
591 1220 766 1272 speravi
795 1220 838 1260 in
862 1219 1024 1260 miseri-

201 1278 351 1319 cordia
367 1278 451 1318 Dei
480 1278 522 1317 in
551 1279 778 1317 aeternum:
809 1281 851 1317 et
879 1276 922 1316 in
948 1277 1025 1316 sae-

201 1334 346 1375 culum
366 1333 525 1374 saeculi.

254 1389 509 1431 Confitebor
527 1388 606 1430 tibi
627 1389 670 1429 in
689 1388 908 1438 saeculum,
926 1388 1027 1440 quia

201 1446 360 1487 fecisti:
395 1448 418 1472 *
463 1451 505 1486 et
552 1444 821 1497 exspectabo
866 1457 1027 1486 nomen

200 1507 333 1551 tuum,
359 1502 563 1554 quoniam
584 1501 749 1542 bonum
775 1506 842 1542 est
863 1502 907 1542 in
927 1513 1027 1542 con-

201 1560 355 1610 spectu
374 1560 624 1599 sanct6rum
642 1559 828 1598 tuerum.

253 1620 350 1659 A.nt
380 1620 501 1660 Deus
526 1617 709 1659 deorum
727 1617 942 1697 Dominus
967 1616 1027 1658 lo-

202 1677 328 1716 cutus
349 1678 425 1716 est.

252 1740 335 1780 Per
355 1740 538 1779 Annum.
568 1734 617 1786 Y.
641 1737 825 1779 Immola
845 1738 942 1780 Deo
964 1751 1028 1780 sa-

203 1794 636 1836 cr1ficiumlaud1sR
652 1795 708 1836 Et
722 1793 859 1854 redde
868 1794 1030 1836 Altissi-

202 1864 275 1892 mo
295 1855 398 1892 vota
416 1855 502 1892 tua.

254 1915 338 1953 Pro
381 1926 465 1952 uno
506 1913 705 1964 Martyre.
751 1908 800 1959 Y
839 1915 1031 1957 Posuisti

203 1971 389 2013 Domine
418 1984 550 2024 super
578 1975 709 2023 caput
738 1971 839 2022 ejus.
866 1971 915 2021 R3.
951 1972 1030 2014 Co-

204 2029 355 2068 r6nam
375 2027 430 2069 de
451 2026 598 2080 lapide
617 2027 824 2079 pretioso.

257 2091 339 2129 Pro
362 2089 556 2141 pluribus
580 2090 850 2141 Martyribus.
878 2087 925 2139 Y
947 2093 1030 2134 Ex-

205 2148 367 2189 sultent
415 2147 515 2199 justi
560 2147 602 2187 in
652 2149 891 2200 conspectu
936 2148 1031 2190 Dei.

207 2204 254 2254 Rg.
274 2205 328 2245 Et
347 2203 619 2246 delectentur
637 2203 680 2244 in
700 2203 862 2245 laetitia.

257 2267 341 2306 I'ro
372 2268 491 2307 mnf.
523 2268 641 2308 l'ont.
682 2264 729 2315 Y.
760 2269 903 2319 Elegit
932 2283 1031 2311 eum

205 2324 418 2364 Dominus
446 2324 721 2366 sacerd6tem
749 2325 842 2366 sibi.
880 2328 929 2378 Rv.
960 2327 1031 2368 Ad

206 2380 539 2421 sacrificandum
559 2381 598 2422 ei
619 2380 807 2422 hestiam
827 2381 979 2423 laudis.

261 2443 342 2481 l‘ro
365 2442 483 2481 (lonf.
507 2456 589 2482 non
615 2444 733 2485 l'ont.
766 2441 812 2492 Y.
845 2446 907 2487 Os
932 2447 1031 2498 justi

205 2498 487 2541 meditabitur
505 2500 771 2552 sapientiam.
800 2504 847 2555 lx'g.
879 2503 934 2544 Et
956 2502 1032 2544 lin-

206 2567 292 2605 gua
311 2556 402 2607 ejus
421 2555 625 2608 loquetur
646 2557 860 2608 judicium.

261 2620 343 2658 I‘ro
383 2631 465 2658 una
503 2620 669 2660 Sancta.
707 2616 756 2666 Y'.
795 2622 1033 2674 Adiuvabit

208 2687 302 2715 eam
331 2675 453 2716 Deus
482 2675 602 2717 vultu
631 2689 722 2718 suo.
763 2679 811 2729 Rg.
840 2679 962 2720 Deus
990 2680 1031 2720 in

207 2730 352 2772 medio
371 2732 472 2782 ejus,
492 2745 579 2773 non
599 2734 956 2776 commovebitur.

797 227 903 261 Fcria
930 226 1041 260 tertia
1068 226 1116 258 ud
1144 223 1305 258 Laudes

1336 318 1415 360 Ad
1439 316 1651 359 Laudes.
1720 321 1733 364 χ

1133 379 1229 417 Ant.
1252 372 1362 415 Dele
1382 371 1571 413 Domine
1590 372 1615 397 *
1633 369 1912 422 iniquitatem

1075 443 1229 472 meam.

1133 491 1198 529 Ps.
1230 485 1432 527 Miserere
1451 483 1539 525 mei
1559 482 1693 524 Deus.
1720 482 1790 523 49.

1132 547 1230 586 Ant.
1258 542 1468 584 salutare.

1348 600 1547 640 Psalmus
1576 602 1641 640 42.

1087 701 1091 704 ,
1152 671 1177 709 ,ε’
1190 654 1319 695 udica
1351 666 1422 694 me
1455 652 1597 702 Deus,
1633 655 1677 693 et
1710 650 1910 692 discerne

1080 708 1118 770 «β’.
1147 705 1173 761 3}
1209 723 1387 752 causam
1415 721 1559 750 meam
1586 707 1642 750 de
1666 711 1798 758 gente
1820 719 1910 748 non

1108 789 1111 790 ν
1142 763 1180 784 ”⁵
1208 771 1369 816 sancta,
1378 768 1401 793 *
1418 765 1472 807 ab
1492 764 1698 806 homine
1687 765 1850 816 miquo,
1866 767 1910 804 et

1077 824 1235 866 doleso
1256 825 1358 864 erue
1377 835 1460 863 me.

1129 880 1240 930 Quia
1257 884 1307 920 tu
1326 892 1373 920 es
1387 879 1510 920 Deus
1529 876 1743 920 fortitudo
1762 888 1877 918 mea:
1887 877 1911 903 *

1077 938 1222 987 Quare
1237 948 1308 977 me
1324 934 1548 988 repulisti?
1564 939 1608 976 et
1622 946 1759 986 quare
1772 933 1911 975 tristis

1076 992 1245 1042 incedo,
1266 991 1372 1033 dum
1391 991 1546 1042 affligit
1562 1003 1634 1032 me
1653 987 1880 1031 inimicus?

1129 1024 1293 1090 Emitte
1313 1048 1458 1089 lucem
1475 1052 1597 1089 tuam
1617 1050 1662 1089 et
1678 1046 1913 1088 veritatem

1076 1110 1213 1147 tuam:
1241 1107 1265 1132 *
1298 1105 1395 1157 ipsa
1427 1116 1498 1146 me
1535 1102 1835 1152 deduxerunt,
1869 1107 1914 1144 et

1077 1161 1355 1203 adduxerunt
1388 1161 1433 1201 in
1479 1164 1677 1202 montem
1713 1163 1914 1201 sanctum

1077 1223 1212 1268 tuum,
1238 1222 1282 1259 et
1305 1218 1350 1258 in
1368 1216 1655 1259 tabernacula
1675 1220 1763 1257 tua.

1130 1275 1187 1316 Et
1214 1273 1406 1328 introibo
1435 1273 1493 1315 ad
1521 1273 1660 1314 altare
1682 1272 1785 1314 Dei:
1803 1273 1828 1299 *
1856 1271 1913 1313 ad

1079 1331 1242 1380 Deum,
1280 1330 1355 1382 qui
1399 1329 1596 1371 laetificat
1642 1329 1914 1381 juventutem

1078 1400 1233 1429 meam.

1134 1442 1390 1485 Confitebor
1415 1441 1497 1484 tibi
1523 1442 1568 1482 in
1597 1441 1765 1483 cIthara
1791 1441 1914 1482 Deus

1079 1500 1202 1542 Deus
1226 1512 1369 1540 meus·
1388 1500 1412 1526 *
1439 1511 1575 1551 quare
1594 1498 1733 1539 tristis
1759 1510 1807 1539 es
1827 1497 1915 1538 3111-

1080 1569 1151 1597 1113
1168 1555 1291 1597 mea?
1310 1560 1354 1597 et
1375 1567 1510 1608 quare
1530 1553 1769 1596 conturbas
1787 1552 1884 1596 me?

1132 1612 1271 1665 Spera
1301 1612 1345 1652 in
1378 1612 1496 1661 Deo,
1533 1611 1741 1663 quoniam
1770 1609 1915 1652 adhuc

1082 1668 1329 1710 confitebor
1362 1667 1439 1709 illi:
1477 1669 1501 1695 *
1537 1667 1731 1708 salutare
1767 1666 1915 1708 vultus

1081 1725 1178 1775 mei,
1199 1730 1242 1767 et
1262 1725 1385 1766 Deus
1408 1736 1545 1766 meus.

1138 1757 1238 1822 Ant.
1277 1781 1480 1823 Salutare
1525 1779 1673 1821 vulfus
1716 1779 1825 1830 mei,
1873 1783 1918 1821 et

1082 1839 1205 1880 Deus
1223 1851 1360 1879 meus.

1136 1896 1234 1935 A.nt
1258 1894 1330 1936 Ad
1346 1899 1391 1936 te
1409 1893 1465 1935 de
1484 1893 1583 1935 luce
1599 1894 1623 1921 *
1636 1892 1770 1944 vigilo
1783 1893 1918 1934 Deus.

1138 1952 1205 1991 Ps.
1226 1952 1349 1992 Deus
1367 1951 1490 1992 Deus
1513 1962 1650 1992 meus,
1677 1950 1737 1990 15.

1094 2034 1097 2039 -
1138 2008 1237 2049 Ant.
1267 2007 1448 2048 Cunctis
1477 2006 1644 2048 diebus.

1137 2065 1367 2105 Canticum
1391 2063 1604 2105 Ezechiae.
1627 2073 1742 2107 Isaiae
1752 2072 1814 2107 38
1829 2072 1865 2107 b.

1163 2132 1221 2170 go
1241 2119 1352 2161 dixi:
1370 2119 1423 2160 In
1442 2118 1624 2161 dimidio
1639 2117 1811 2160 dierum
1827 2131 1916 2160 me-

1179 2178 1304 2217 orum
1319 2178 1342 2203 *
1359 2175 1519 2217 vadam
1537 2174 1595 2216 ad
1611 2179 1764 2227 portas
1778 2174 1916 2216 inferi.

1137 2233 1330 2282 Quaesivi
1354 2232 1579 2274 residuum
1597 2233 1812 2272 annorum
1828 2244 1916 2273 me-

1085 2290 1221 2329 orum.
1240 2290 1264 2314 *
1290 2289 1416 2329 Dixi:
1443 2288 1545 2330 Non
1575 2286 1738 2330 videbo
1767 2287 1917 2328 Demi·

1084 2357 1188 2385 num
1206 2345 1351 2386 Deum
1373 2345 1415 2386 in
1435 2350 1554 2386 terra
1573 2343 1823 2386 viventium.

1136 2401 1239 2442 Non
1267 2402 1478 2454 aspiciam
1505 2401 1728 2442 hominem
1755 2399 1918 2451 ultra‚*

1086 2462 1130 2498 et
1148 2456 1442 2499 habitatOrem
1464 2457 1634 2510 quietis.

1139 2513 1379 2555 Generatio
1414 2527 1514 2555 mea
1560 2513 1709 2555 ablata
1745 2516 1836 2562 est,
1875 2516 1919 2554 et

1086 2570 1324 2611 convoluta
1345 2575 1412 2612 est
1432 2583 1457 2611 a
1474 2583 1562 2620 me,
1582 2571 1606 2597 *
1627 2568 1751 2622 quasi
1773 2567 1918 2610 taber-

1085 2626 1291 2667 naculum
1314 2628 1554 2679 pasterum.

1137 2683 1329 2723 Praecisa
1350 2687 1417 2724 est
1438 2682 1559 2724 velut
1579 2695 1605 2724 3
1625 2684 1814 2732 texente,
1830 2681 1919 2723 vita

1086 2751 1203 2779 mea:
1231 2738 1335 2780 dum
1359 2738 1504 2781 adhuc
1528 2738 1713 2789 ordirer,
1733 2737 1919 2780 succidit
