2040 2944
481 145 550 177 l)ic
580 144 626 176 13.
653 144 755 185 Sept.
803 143 919 175 Sexta
947 142 1008 175 die
1034 142 1132 175 infra
1159 142 1238 175 Oct.
1266 141 1392 175 Nativ.
1418 141 1459 174 B.
1487 141 1532 175 M.
1559 141 1600 174 V.

181 248 318 289 trario
362 259 444 299 per
485 244 713 294 Virginem
759 242 1013 284 obedientia

179 304 332 354 gratiae
367 303 481 342 facta
514 305 597 349 est,
639 299 898 340 annuntiato
939 298 1012 339 ad-

181 362 312 401 ventu
331 359 374 399 in
395 369 524 399 carne
549 355 604 397 de
624 355 756 404 coelo,
784 360 829 396 et
848 355 938 396 vita
957 367 1011 395 ae-

182 418 317 457 terna.

233 475 283 524 R.
304 471 413 511 Cum
432 468 702 521 jucunditate
720 468 1012 509 Nativitatem

179 529 323 571 beatae
365 527 518 567 Mariae
557 525 847 566 celebremus:
887 526 909 549 *
954 524 1012 565 Ut

178 586 274 637 ipsa
303 596 385 637 pro
416 582 544 624 nobis
569 580 816 623 intercedat
842 580 899 621 ad
923 580 1011 620 Do-

178 642 343 682 minum
362 641 387 681 J
390 653 513 681 esum
533 638 765 680 Christum.
798 633 846 683 Y.
866 635 1012 678 Corde

179 703 222 739 et
242 698 387 738 animo
405 696 579 738 Christo
601 697 808 736 canamus
826 693 1013 745 gloriam

177 755 221 795 in
240 755 323 796 hac
342 766 466 796 sacra
486 753 766 794 solemnitate
783 750 1012 804 praecelsae

180 811 414 852 Genitricis
434 810 518 850 Dei
538 809 700 850 Mariae.
730 808 798 850 Ut.

482 866 634 905 Lectio
659 865 710 903 vi.

1289 237 1339 276 In
1361 237 1433 275 111.
1456 235 1680 275 Nocturno.

1069 301 1223 341 Lectio
1246 301 1386 342 sancti
1404 300 1632 352 Evangelii
1655 300 1900 342 secundum

1347 356 1619 398 Matthaeum.

1147 417 1299 458 Lectio
1321 417 1390 458 vii.
1672 416 1776 468 Cap.
1794 418 1823 455 1.

1066 474 1239 580 Liber
1271 478 1567 530 generationis
1600 478 1706 520 Jesu
1739 478 1902 520 Christi

1162 535 1241 576 filii
1260 535 1423 584 David,
1443 535 1522 575 filii
1541 534 1778 576 Abraham.
1813 534 1900 577 Ab·

1066 591 1218 633 raham
1246 592 1397 644 genuit
1421 592 1560 632 Isaac.
1599 592 1727 633 Isaac
1754 596 1902 633 autem

1065 649 1216 699 genuit
1235 648 1386 690 Jacob.
1414 648 1470 690 Et
1489 647 1669 700 reliqua.

1100 728 1288 770 Homilia
1316 728 1356 769 S.
1387 727 1624 779 Augustini
1652 727 1876 780 Episcopi.

1070 790 1152 825 Lib.
1169 791 1199 824 2.
1221 790 1267 823 dc
1291 799 1484 823 consensu
1502 787 1739 831 Evangelist.
1762 787 1855 830 Cap.
1876 787 1902 820 1.

1075 845 1418 907 3«.“÷[‡·¹)1'atthaeus
1437 846 1722 897 Evangelista
1746 845 1809 886 sic
1835 857 1901 887 or-

1075 909 1104 922 ·’
1138 902 1183 942 ³2?
1246 915 1321 944 sus
1344 908 1425 944 est:
1449 902 1582 944 Liber
1606 901 1903 954 generationis

270 938 293 966 e
321 925 459 965 Maria
492 924 706 976 accipitur
734 922 879 973 (liceat
906 921 1013 962 mihi
1072 926 1079 968 ξ
1144 928 1186 963 ’,Α

282 981 367 1023 hoc
387 981 548 1029 dicere)
569 978 689 1032 quod
710 979 923 1031 scriptum
945 983 1013 1020 est

180 1037 234 1079 de
263 1038 476 1079 Ecclesia:
510 1037 747 1087 Relinquet
774 1035 909 1077 homo
938 1048 1011 1087 pa-

180 1100 289 1135 trem
310 1108 436 1135 suum
456 1100 500 1135 et
519 1099 705 1134 matrem
725 1094 859 1141 suam,
879 1098 924 1133 et
939 1091 1012 1133 ad-

179 1151 363 1193 haerebit
391 1150 519 1192 uxori
548 1163 654 1191 suae:
686 1156 730 1191 et
766 1154 893 1190 erunt
922 1148 1011 1190 duo

176 1208 219 1248 in
240 1221 371 1249 carne
391 1220 487 1248 una.
517 1207 703 1248 Sanctus
723 1212 871 1247 autem
890 1206 1010 1258 Apo-

177 1265 317 1306 stolus
352 1264 473 1306 dicit:
514 1263 772 1315 Mysterium
805 1263 890 1304 hoc
922 1275 1010 1303 ma-

177 1334 309 1372 gnum
331 1326 408 1370 est,
432 1333 514 1371 ego
535 1326 682 1360 autem
703 1319 803 1361 dico
824 1319 868 1359 in
888 1318 1009 1359 Chri-

179 1383 248 1419 sto
270 1383 313 1419 et
332 1377 542 1418 Ecclesia.
570 1377 627 1418 Et
646 1376 748 1417 vide
767 1376 1011 1428 Scriptura-

178 1447 272 1474 rum
297 1436 546 1475 accuratam
569 1433 743 1475 dicendi
766 1433 1011 1485 proprieta-

177 1496 282 1539 tem,
308 1490 428 1542 quod
449 1490 504 1531 de
525 1490 670 1531 Adam
692 1489 870 1542 quidem
890 1489 1012 1538 dixit,

178 1548 399 1588 formavit:
433 1547 488 1588 de
517 1548 646 1588 Heva
674 1560 781 1588 vero
810 1560 898 1588 non
927 1547 1011 1588 for-

178 1607 341 1646 matam
365 1617 479 1654 esse,
506 1604 585 1645 sed
609 1604 886 1645 aedificatam.
928 1603 1011 1645 Ac-

179 1661 296 1713 cepit
316 1661 447 1710 enim,
467 1661 624 1712 inquit,
648 1674 779 1701 unam
801 1659 856 1702 de
877 1661 1012 1702 costis

179 1718 284 1766 eius,
314 1722 358 1758 et
384 1717 621 1758 aedificavit
644 1718 730 1770 ipsi
752 1717 797 1758 in
815 1719 1011 1758 uxorem.

180 1775 276 1823 Quo
306 1773 526 1823 ostendat,
558 1774 796 1815 Dominum
829 1773 1011 1826 quidem

180 1830 234 1871 de
254 1831 391 1871 Maria
418 1830 674 1872 efformasse
699 1831 782 1872 sibi
807 1831 894 1884 ipsi
918 1844 1011 1872 cor-

178 1900 272 1939 pus,
293 1886 347 1927 ab
368 1887 466 1938 ipsa
485 1899 591 1928 vero
608 1893 731 1929 costa
747 1887 1012 1930 aedificatam

179 1955 276 1984 esse
305 1944 564 1993 Ecclesiam,
598 1945 640 1984 in
672 1957 724 1985 eo
757 1944 877 1997 quod
905 1959 1011 1997 pun-

180 2005 298 2040 ctum
327 2006 370 2041 et
396 2003 597 2053 apertum
631 2007 698 2042 est
723 2002 861 2053 ipsius
884 2001 1012 2051 latus,

180 2062 223 2097 et
237 2058 445 2108 mysteria
460 2058 683 2108 sanguinis
698 2063 742 2099 et
757 2071 896 2110 aquae,
915 2060 1011 2111 pre-

178 2113 239 2153 tia
258 2112 575 2166 redemptionis
594 2114 711 2156 facta
730 2120 842 2156 sunt.

236 2173 285 2223 R„
320 2170 539 2212 Nativitas
575 2176 651 2212 tua
688 2172 772 2212 Dei
809 2172 1013 2214 Genitrix

179 2225 318 2275 Virgo
359 2225 568 2277 gaudium
610 2228 884 2270 annuntiavit
918 2229 1010 2270 uni-

179 2283 309 2322 verso
333 2282 513 2324 mundo:
540 2283 644 2324 *Ex
670 2289 714 2324 te
744 2285 858 2325 enim
887 2290 1011 2327 ortus

181 2343 248 2378 est
269 2338 336 2379 sol
355 2339 546 2389 justitiae,
575 2339 773 2382 Christus
793 2341 915 2382 Deus
934 2354 1010 2383 no—

180 2399 284 2435 ster:
304 2397 326 2419 *
343 2395 425 2444 Qui
446 2395 621 2436 solvens
642 2396 1012 2439 maledictionem:

182 2449 305 2492 dedit
341 2450 709 2493 benedictionem:
754 2459 798 2495 et
834 2454 1012 2495 confun-

180 2505 290 2548 dens
309 2512 511 2555 mortem,
532 2507 712 2550 donavit
731 2509 858 2551 nobis
878 2510 1013 2551 vitam

181 2563 504 2616 sempiternam.
548 2559 598 2610 ΥΤ.
625 2564 867 2607 Benedicta
893 2571 942 2607 tu
970 2567 1013 2606 in

180 2619 453 2668 mulieribus,
487 2624 530 2660 et
557 2618 817 2662 benedictus
846 2622 1013 2664 fructus

179 2675 343 2717 ventris
362 2675 436 2717 tui.
468 2675 547 2716 Ex.
585 2676 735 2718 Gloria
752 2678 884 2719 Patri.
918 2679 1013 2728 Qui.

1214 951 1222 977 'l
1243 959 1268 1000 J
1270 971 1349 1000 esu
1370 958 1532 1000 Christi
1550 958 1629 1000 filii
1647 957 1803 1009 David,
1823 958 1903 1000 filii

1067 1014 1303 1056 Abraham.
1345 1016 1442 1065 Quo
1472 1015 1657 1057 exordio
1686 1027 1767 1056 suo
1795 1015 1903 1056 satis

1067 1071 1263 1113 ostendit
1289 1072 1621 1122 generationem
1645 1071 1805 1113 Christi
1839 1083 1902 1113 se-

1066 1128 1260 1170 cundum
1280 1141 1457 1170 carnem
1477 1141 1524 1170 se
1544 1129 1793 1181 suscepisse
1809 1141 1903 1169 nar-

1066 1185 1261 1226 randam.
1324 1184 1576 1226 Secundum
1626 1184 1740 1226 hanc
1788 1184 1904 1226 enim

1067 1241 1268 1284 Christus
1295 1241 1411 1282 filius
1440 1241 1631 1283 hominis
1659 1246 1743 1283 est:
1781 1239 1903 1292 quod

1067 1299 1198 1340 etiam
1224 1311 1271 1340 se
1296 1298 1394 1352 ipse
1420 1298 1668 1351 saepissime
1694 1297 1903 1351 appellat,

1067 1355 1383 1397 commendans
1424 1355 1553 1397 nobis
1596 1354 1702 1407 quid
1738 1354 1903 1396 miseri-

1066 1412 1261 1454 corditer
1285 1412 1492 1463 dignatus
1519 1412 1575 1454 sit
1600 1424 1699 1453 esse
1724 1423 1807 1464 pro
1827 1423 1903 1453 no-

1066 1470 1144 1511 bis.
1189 1469 1304 1510 Nam
1337 1469 1412 1510 illa
1443 1471 1635 1522 superna
1666 1473 1710 1510 et
1738 1469 1904 1509 aeterna

1065 1527 1310 1577 generatio,
1338 1526 1581 1568 secundum
1608 1524 1746 1578 quam'
1765 1525 1903 1566 Filius

1066 1583 1150 1624 Dei
1190 1583 1440 1634 unigenitus
1482 1588 1550 1624 est
1587 1587 1688 1624 ante
1727 1594 1903 1623 omnem

1067 1643 1332 1690 creaturam,
1362 1640 1464 1692 quia
1488 1639 1634 1681 omnia
1657 1651 1738 1691 per
1757 1638 1904 1692 ipsum

1066 1696 1182 1737 facta
1202 1702 1314 1746 sunt,
1340 1697 1401 1738 ita
1419 1695 1652 1738 ineffabilis
1673 1700 1756 1745 est,
1779 1700 1830 1736 ut
1848 1693 1904 1737 de

1066 1753 1139 1794 illa
1160 1753 1326 1794 dictum
1343 1766 1368 1794 a
1383 1753 1605 1806 propheta
1619 1751 1904 1803 intelligatur:

1068 1810 1410 1851 Generationem
1430 1811 1523 1862 ejus
1543 1809 1640 1861 quis
1656 1807 1902 1850 enarrabit?

1122 1876 1173 1927 R*-
1192 1875 1380 1917 Beatam
1398 1888 1469 1916 me
1489 1874 1638 1916 dicent
1657 1886 1810 1915 omnes
1829 1885 1900 1925 ge-

1066 1932 1333 1974 nerationes:
1362 1933 1384 1956 *
1410 1931 1522 1982 Quia
1549 1931 1653 1973 fecit
1679 1929 1786 1972 mihi
1813 1930 1902 1971 Do·

1067 1989 1210 2030 minus
1244 2001 1403 2040 magna
1436 1988 1511 2040 qui
1542 1991 1703 2040 potens
1735 1991 1818 2036 est,
1859 1991 1902 2028 et

1067 2050 1267 2086 sanctum
1291 2057 1454 2086 nomen
1478 2045 1581 2095 ejus.
1619 2038 1670 2091 V.
1692 2044 1750 2085 Et
1773 2043 1900 2084 mise-

1066 2101 1258 2143 ricordia
1283 2102 1374 2152 ejus
1399 2114 1424 2142 a
1445 2101 1658 2154 progenie
1681 2101 1726 2141 in
1744 2100 1901 2153 proge-

1066 2158 1161 2199 nies
1179 2157 1436 2199 timentibus
1457 2170 1569 2199 eum.
1597 2156 1720 2207 Quia.

1358 2221 1512 2262 Lectio
1533 2221 1618 2261 viii.

1070 2278 1385 2385 Exsequitur
1400 2296 1506 2334 ergo
1520 2283 1755 2324 humanam
1773 2295 1901 2333 gene-

1166 2339 1382 2381 rationem
1402 2339 1564 2381 Christi
1578 2338 1825 2389 Matthaeus,
1845 2339 1902 2381 ab

1066 2396 1294 2438 Abraham
1322 2398 1606 2448 generatores
1635 2397 1900 2436 commemo-

1067 2466 1186 2502 rans,
1213 2465 1326 2504 quos
1350 2451 1554 2505 perducit
1577 2450 1635 2493 ad
1653 2452 1678 2492 J
1681 2451 1822 2504 oseph
1841 2451 1900 2493 vi-

1066 2523 1163 2551 rum
1188 2509 1357 2558 Mariae,
1387 2508 1443 2550 de
1470 2521 1557 2561 qua
1582 2514 1711 2549 natus
1739 2513 1806 2550 est
1833 2508 1858 2549 J
1860 2520 1900 2550 e-

1067 2580 1166 2619 sus.
1208 2565 1366 2617 Neque
1396 2565 1510 2606 enim
1538 2565 1603 2605 fas
1633 2570 1744 2615 erat,
1771 2570 1820 2607 ut
1843 2564 1900 2606 ob

1067 2623 1153 2664 hoc
1183 2635 1283 2664 eum
1311 2635 1336 2663 a
1365 2622 1568 2672 conjugio
1596 2621 1748 2662 Mariae
1777 2634 1901 2674 sepa-

1066 2679 1253 2720 randum
1272 2679 1466 2731 putaret,
1487 2677 1609 2729 quod
1627 2690 1716 2719 non
1736 2690 1792 2719 ex
1811 2679 1902 2730 ejus
