2040 2944
546 199 720 233 Officium
749 200 920 233 votivum
948 200 993 232 dc
1021 199 1207 232 Passione
1236 199 1276 231 l).
1299 199 1341 231 N.
1364 200 1396 231 J.
1419 200 1456 232 (1.

196 297 246 347 Rg.
257 294 353 344 Ego
367 298 551 345 propter
564 297 609 334 te
624 291 972 333 Chananaeorum

140 363 266 401 reges
297 349 517 403 permissi,
555 353 599 390 et
630 347 734 390 dedi
768 348 849 390 tibi
881 361 970 390 sce-

139 412 287 459 ptrum
306 405 468 456 regale:
489 411 511 434 *
523 405 580 446 Et
596 409 646 446 tu
661 404 823 446 dedisti
838 405 971 456 capiti

139 475 239 504 meo
263 464 461 515 spineam
481 463 701 510 coronam,
726 465 769 502 et
792 473 968 513 percus-

139 519 235 560 sisti
254 517 466 559 arundine
485 521 619 569 caput
634 530 790 559 meum.
819 516 866 565 NV.
888 517 969 557 Ρό-

139 574 242 627 pule
269 587 412 624 meus,
446 572 553 625 quid
579 573 663 615 feci
690 573 790 622 tibi,
824 578 899 614 aut
926 574 970 613 in

139 643 227 683 quo
248 630 504 672 contristavi
522 628 589 670 te?
611 629 834 682 responde
852 629 970 669 mihi.

139 687 196 728 Et
214 692 263 729 tu
282 685 452 728 dedisti.

450 776 601 816 Lectio
625 791 659 815 v.

141 841 382 946 Modum
404 850 564 902 ipsum,
590 849 628 890 si
652 849 885 900 diligenter
910 854 970 890 at-

267 906 434 956 tendas,
453 919 542 947 non
557 905 692 947 modo
709 906 870 954 mitem,
891 905 970 947 sed

138 969 182 1006 et
194 963 402 1004 humilem
415 962 550 1004 corde
566 963 821 1012 cognosces.
839 962 969 1003 Nem-

137 1032 194 1072 pe
213 1020 257 1060 in
270 1019 513 1060 humilitate
532 1017 739 1070 judicium
759 1019 850 1069 ejus
870 1018 968 1059 sub-

137 1076 275 1117 latum
294 1080 371 1125 est,
397 1088 496 1116 eum
515 1087 598 1116 nec
619 1073 675 1115 ad
694 1079 838 1115 tantas
857 1073 969 1115 blas-

137 1131 354 1184 phemiaS,
390 1143 473 1172 nec
501 1129 558 1171 ad
584 1129 837 1178 falsissima,
871 1143 970 1182 quae

137 1187 222 1228 sibi
246 1186 562 1239 objiciebantur
585 1185 765 1227 crimina
789 1198 969 1238 respon-

139 1242 273 1285 deret.
300 1242 514 1291 Vidimus,
533 1242 684 1293 inquit,
704 1254 803 1282 eum
821 1246 866 1282 et
882 1255 969 1283 non

139 1304 233 1340 erat
265 1299 305 1339 ei
341 1300 565 1350 aspectus,
601 1309 683 1338 nec
719 1298 969 1350 speciesum

139 1354 278 1396 forma
298 1366 392 1406 prae
415 1353 515 1394 filiis
534 1352 770 1400 hominum,
793 1352 873 1394 sed
893 1366 969 1405 op-

138 1409 366 1463 pr6brium
402 1409 628 1450 heminum
666 1414 711 1450 et
746 1414 971 1460 tamquam

137 1465 384 1518 leprosum,
434 1465 720 1506 novissimum
765 1465 970 1515 virorum,

138 1521 267 1574 plane
294 1521 436 1562 virum
464 1520 669 1563 dolorum
697 1534 722 1562 a
749 1521 844 1562 Deo
872 1534 968 1573 per-

139 1580 315 1619 cussum
334 1582 378 1619 et
396 1577 682 1627 humiliatum;
706 1577 767 1618 ita
786 1581 833 1618 ut
852 1576 970 1617 nulla

139 1638 256 1674 esset
286 1633 326 1674 ei
353 1633 541 1686 species,
568 1644 711 1683 neque
740 1631 887 1674 decor.
931 1632 969 1672 O

137 1689 423 1730 novissimum
446 1693 490 1730 et
515 1687 790 1730 altissimum!
830 1687 868 1729 O
892 1687 968 1728 hu-

138 1744 285 1785 milem
299 1749 343 1786 et
357 1743 604 1786 sublimem!
627 1744 664 1784 Ο
681 1743 968 1795 opprobrium

137 1799 362 1841 hominurn
393 1805 437 1842 et
469 1800 654 1850 gloriam
681 1798 968 1849 Angelorum!

137 1856 279 1897 Nemo
303 1856 378 1897 illo
403 1855 641 1906 sublimior,
665 1867 808 1907 neque
832 1855 967 1896 humi-

136 1911 230 1953 lior.
262 1912 462 1963 Denique
482 1912 622 1964 sputis
639 1911 775 1952 illitus
795 1915 872 1960 est,
892 1923 968 1963 op-

137 1967 327 2020 probriis
355 1970 576 2008 saturatus
602 1972 686 2016 est,
713 1972 855 2008 morte
881 1972 967 2008 tur-

137 2023 316 2074 pissima
335 2021 651 2064 condemnatus
667 2027 744 2071 est,
764 2035 864 2063 cum
879 2035 968 2063 sce-

136 2077 285 2119 leratis
301 2077 537 2130 deputatus
554 2084 631 2119 est.
659 2077 866 2129 Nihilque
881 2090 967 2118 me-

136 2133 302 2175 rebitur
317 2133 387 2175 vel
401 2133 486 2175 ista
499 2133 732 2183 humilitas,
744 2146 843 2185 quae
854 2133 969 2174 hunc

135 2187 269 2230 habet
299 2188 499 2239 modum3
534 2189 622 2230 imo
652 2202 752 2240 quae
782 2194 874 2230 tam
902 2195 968 2230 est

136 2244 250 2286 ultra
274 2243 478 2285 modum?
520 2245 640 2286 Sicut
665 2250 732 2286 est
756 2245 969 2297 patientia

136 2299 377 2350 singularis,
399 2300 463 2341 sic
483 2305 526 2341 et
544 2299 764 2342 humilitas
784 2299 967 2341 admira-

135 2354 249 2405 bilis;
269 2358 455 2407 utraque
476 2355 568 2396 sine
589 2355 803 2408 exemplo.

188 2425 238 2475 R'·
277 2424 372 2474 Ego
410 2423 515 2464 duxi
549 2429 594 2464 te
629 2436 709 2475 per
746 2423 967 2465 desertum
1022 2417 1136 2465 Λ,
1165 2438 1172 2473 3,

137 2477 425 2530 quadraginta
440 2479 574 2528 annis,
594 2484 638 2520 et
651 2492 809 2520 manna
825 2478 967 2520 cibavi
1119 2484 1125 2490 '¹

134 2538 195 2574 tet
224 2535 245 2557 *
274 2534 331 2575 Et
357 2540 406 2576 tu
432 2547 502 2575 me
531 2534 729 2576 cecidisti
757 2534 897 2586 alapis
923 2539 966 2574 et
1001 2558 1004 2562 -

135 2589 328 2639 flagellis.
355 2586 405 2637 V.
424 2589 594 2642 Popule
608 2603 743 2639 meus,
765 2588 870 2641 quid
884 2589 966 2630 feci

133 2643 228 2694 tibi,
252 2649 326 2686 aut
348 2645 392 2685 in
417 2657 505 2696 quo
531 2646 786 2686 contristavi
808 2643 876 2686 te?
901 2657 965 2691 re,-

134 2699 304 2752 sp6nde
322 2700 438 2741 mihi.
466 2701 523 2742 Et
541 2707 600 2742 tu.

1332 294 1482 333 Lectio
1506 296 1556 333 vi.

1117 355 1317 405 tramque
1340 358 1487 394 tamen
1507 352 1738 403 magnifice
1759 366 1855 395 cau-

1142 422 1190 449 sa
1213 409 1310 461 ipsa
1334 407 1627 458 commendat,
1654 408 1855 449 nimirum

1025 465 1183 506 caritas
1210 470 1286 506 est.
1326 465 1514 516 Propter
1538 465 1715 505 nimiam
1741 466 1854 506 enim

1025 521 1252 562 caritatem
1288 534 1430 570 suam,
1469 533 1554 572 qua
1587 520 1739 562 dilexit
1774 534 1855 562 nos

1023 578 1164 626 Deus,
1200 583 1249 618 ut
1282 589 1456 618 servum
1487 575 1738 626 redimeret,
1775 590 1856 619 nec

1023 634 1154 675 Pater
1168 633 1292 682 Filio,
1310 645 1392 674 nec
1411 632 1494 673 sibi
1513 633 1648 673 Filius
1667 634 1762 685 ipse
1781 646 1854 686 pe-

1024 690 1174 742 percit.
1210 690 1329 731 Vere
1352 689 1543 738 nimiam,
1569 689 1671 740 quia
1695 695 1738 731 et
1760 689 1856 731 haec

1023 749 1274 786 mensuram
1319 744 1511 794 excedit,
1561 744 1742 786 modum
1786 749 1854 786 su-

1024 807 1160 853 perat,
1184 802 1313 854 plane
1338 801 1665 852 supereminens
1687 801 1854 842 univer-

1025 858 1094 898 sis.
1127 858 1347 909 Maj6rem,
1366 857 1517 907 inquit,
1538 857 1765 898 caritatem
1784 870 1854 898 ne-

1023 927 1096 954 mo
1121 913 1267 963 habet,
1295 926 1426 965 quam
1448 917 1496 953 ut
1522 913 1709 953 animam
1733 926 1856 954 suam

1023 975 1160 1022 ponat
1195 970 1292 1021 quis
1327 982 1409 1022 pro
1447 969 1598 1009 amicis
1633 970 1733 1010 suis.
1787 970 1856 1010 Tu

1023 1027 1232 1078 majorem
1252 1025 1444 1066 habuisti
1463 1025 1662 1073 Domine,
1686 1039 1855 1077 ponens

1025 1095 1121 1123 eam
1141 1082 1271 1123 etiam
1288 1093 1369 1133 pro
1389 1081 1584 1121 inimicis.
1615 1081 1723 1121 Cum
1742 1082 1856 1122 enim

1024 1138 1169 1179 adhuc
1196 1137 1357 1177 inimici
1388 1138 1602 1185 essemus,
1635 1150 1715 1189 per
1743 1151 1854 1178 mor-

1023 1199 1113 1235 tem
1127 1199 1247 1234 tuam
1263 1198 1306 1234 et
1324 1192 1404 1233 tibi
1423 1193 1690 1233 reconciliati
1707 1206 1855 1234 sumus

1025 1255 1068 1291 et
1089 1249 1219 1290 Patri.
1261 1249 1474 1298 Quaenam
1499 1261 1604 1298 ergo
1631 1249 1714 1289 alia
1738 1249 1854 1290 vide-

1023 1305 1141 1347 bitur
1163 1317 1271 1353 esse,
1294 1304 1365 1344 vel
1383 1304 1528 1353 fuisse,
1552 1304 1622 1344 vel
1642 1304 1735 1345 fore
1755 1304 1856 1346 huic

1024 1361 1175 1401 similis
1196 1358 1388 1401 caritati?
1418 1360 1505 1400 Vix
1524 1372 1606 1411 pro
1626 1361 1740 1411 justo
1758 1361 1855 1411 quis

1022 1417 1218 1458 moritur.
1246 1416 1315 1456 Tu
1332 1428 1414 1467 pro
1433 1416 1603 1467 injustis
1622 1428 1781 1467 passus
1797 1429 1855 1465 es,

1022 1473 1214 1514 meriens
1229 1477 1413 1524 propter
1428 1471 1588 1512 delicta
1602 1477 1763 1521 nostra,
1782 1473 1855 1523 qui

1023 1529 1181 1570 venisti
1216 1528 1450 1579 justificare
1485 1527 1622 1577 gratis
1653 1530 1854 1579 peccato-

1023 1597 1104 1634 res,
1127 1597 1279 1625 servos
1299 1584 1444 1624 facere
1464 1583 1632 1632 fratres,
1656 1586 1855 1635 captivos

1024 1639 1291 1688 cohaeredes,
1311 1638 1484 1679 exsules
1503 1651 1640 1688 reges.
1823 1667 1841 1680 κ

1077 1700 1126 1749 Ra.
1158 1700 1255 1749 Ego
1289 1698 1479 1739 exaltavi
1509 1703 1553 1738 te
1583 1710 1741 1747 magna
1772 1698 1853 1738 vir-
1925 1735 1927 1737 ,

1021 1759 1131 1797 tute:
1153 1757 1174 1779 *
1198 1755 1255 1796 Et
1273 1759 1321 1795 tu
1338 1765 1408 1794 me
1429 1752 1696 1805 suspendisti
1714 1753 1757 1792 in
1778 1766 1851 1805 pa-

1021 1811 1162 1853 tibulo
1200 1810 1360 1857 crucis,
1398 1810 1420 1832 *
1452 1809 1503 1848 In
1538 1821 1623 1859 qua
1661 1808 1851 1861 expendi

1022 1879 1175 1907 manus
1194 1878 1314 1906 meas
1339 1864 1395 1905 ad
1415 1863 1627 1916 pepulum
1651 1876 1738 1904 non
1763 1877 1851 1905 cre-

1023 1922 1198 1964 dentem
1218 1927 1261 1962 et
1284 1918 1666 1962 contradicentem.
1699 1914 1747 1965 V.
1770 1920 1851 1960 Ρό-

1022 1978 1125 2031 pule
1156 1990 1299 2026 meus,
1333 1974 1440 2027 quid
1466 1975 1550 2015 feci
1576 1975 1674 2024 tibi,
1707 1981 1782 2016 aut
1808 1976 1850 2015 in

1023 2047 1111 2085 quo
1132 2031 1388 2074 contristavi
1405 2029 1472 2072 te?
1496 2029 1716 2082 responde
1735 2030 1850 2070 mihi.

1021 2091 1078 2131 Et
1097 2095 1144 2131 tu
1163 2101 1243 2129 me.
1274 2087 1424 2127 Gloria
1440 2086 1570 2127 Patri.
1598 2087 1648 2126 In
1669 2099 1765 2137 qua.

1243 2174 1291 2212 In
1313 2174 1383 2212 III.
1406 2173 1628 2211 Nocturno.

1076 2244 1174 2283 Ant,
1205 2242 1298 2283 Filii
1318 2242 1552 2283 hominum.

1299 2305 1492 2345 Psalmus
1513 2306 1578 2343 56.

1022 2371 1137 2423 fs‘fi'ssfl.
1165 2367 1338 2413 iserere
1366 2366 1451 2407 mei
1476 2366 1614 2414 Deus,
1642 2366 1848 2406 miserere

1165 2418 1172 2455 ἰ
1195 2423 1294 2463 mei:
1318 2424 1341 2447 *
1362 2422 1568 2473 queniam
1586 2421 1630 2461 in
1648 2426 1692 2462 te
1717 2421 1848 2462 confi-

1164 2475 1168 2487 ²
1196 2477 1259 2518 dit
1278 2478 1420 2518 anima
1437 2489 1545 2518 mea.

1070 2534 1127 2575 Et
1145 2533 1188 2573 in
1207 2533 1361 2574 umbra
1377 2533 1544 2573 alarum
1562 2536 1735 2574 tuarum
1752 2543 1845 2582 spe-

1018 2589 1138 2638 rabo,
1158 2590 1180 2614 *
1202 2588 1343 2629 donec
1362 2590 1556 2629 transeat
1574 2588 1789 2639 iniquitas.

1072 2644 1281 2685 Clamabo
1301 2643 1358 2685 ad
1373 2644 1516 2684 Deum
1535 2644 1805 2685 altissimum:
1823 2642 1846 2667 *

1017 2701 1161 2741 Deum
1182 2699 1256 2750 qui
1274 2699 1490 2741 benefecit
1508 2699 1623 2739 mihi.
