2040 2944
369 1644 452 1685 Die
471 1645 536 1685 27.
555 1645 755 1695 Augusti.

187 1709 358 1751 Sancti
387 1712 598 1762 Josephi
628 1713 933 1754 calasanctii

416 1768 703 1810 Confessoris.

476 1833 643 1877 Duplex.

195 1886 333 1921 Omnia
363 1887 410 1923 de
441 1888 587 1923 Comm.
617 1889 726 1924 Conf.
756 1900 835 1925 non
863 1890 973 1926 Pont.

144 1934 224 1978 [67]‚
244 1939 388 1978 praeter
411 1946 518 1980 sequ.
544 1938 603 1980 (m.
629 1941 652 1973 t.
676 1940 726 1978 v.)

198 2017 201 2021 ·
222 2017 224 2020 ·
245 2018 248 2020 ’
268 2017 272 2021 ·
378 2025 389 2059 3-
496 2001 661 2044 Oratio.

240 2065 278 2105 μ·
354 2059 492 2111 ἦξειιε,
540 2054 614 2105 qui
658 2068 739 2107 per
777 2061 975 2097 sanctum

271 2128 279 2140 ·
300 2137 316 2150 χ
411 2110 436 2149 J
439 2110 656 2162 osephum
667 2111 975 2153 Confessorem

258 2199 295 2210 w]
343 2170 388 2220 ,βζιξ
411 2170 552 2216 tuum,
596 2167 653 2208 ad
690 2167 974 2209 erudiendam

291 2239 300 2240 ff
320 2220 351 2252 ⁴1⁷
411 2223 571 2275 spiritu
597 2223 896 2274 intelligentiae
923 2238 974 2266 ac

138 2278 318 2330 pietatis
337 2279 623 2330 iuventntem‚
642 2292 805 2320 novum
824 2281 972 2322 Eccle-

140 2334 217 2375 siae
251 2339 340 2375 tuae
373 2333 618 2376 subsidium
648 2336 884 2388 providere
912 2337 972 2378 di-

138 2392 297 2440 gnatus
318 2403 380 2432 es:
398 2396 579 2447 praesta,¹
601 2395 867 2444 quaesumus3
891 2406 972 2433 nos

139 2447 230 2497 ejus
255 2447 459 2500 exemplo
485 2453 528 2488 et
551 2448 884 2497 intercessione,
913 2449 972 2489 ita

137 2501 282 2544 facere
310 2508 354 2544 et
380 2504 560 2552 docere,
588 2510 636 2546 ut
661 2506 844 2557 praemia
871 2517 970 2545 con-

138 2561 374 2610 sequemur
401 2562 577 2602 aeterna.
623 2562 707 2602 Per
734 2561 971 2601 Deminum

137 2620 346 2656 nostrum.

190 2671 235 2705 In
264 2672 291 2706 Ι.
323 2672 524 2707 Nocturno
556 2673 761 2708 Lectiones
794 2672 841 2706 de
870 2671 969 2707 Scri·

139 2723 253 2763 ptura
277 2724 511 2755 occurrente.

1256 1337 1325 1444 C

1262 1529 1311 1567 In
1331 1529 1381 1567 II.
1401 1529 1623 1568 Nocturno.

1329 1593 1481 1634 Lectio
1504 1595 1556 1634 iv.

1042 1741 1062 1763 ,Ὗ
1102 1736 1104 1740 ψ
1127 1716 1130 1729 ’
1155 1708 1249 1757 Dei,
1267 1708 1474 1749 Petraltae
1491 1709 1532 1748 in
1550 1709 1770 1759 Aragenia
1785 1712 1859 1750 no-

1038 1774 1041 1775 ’
1090 1782 1099 1783 ff
1156 1763 1233 1804 bili
1266 1766 1425 1814 genere
1457 1769 1600 1814 natus,
1641 1778 1665 1805 a
1697 1765 1857 1806 teneris

1030 1821 1153 1861 annis
1172 1820 1331 1861 futi‘irae
1351 1820 1393 1860 in
1416 1824 1580 1872 pneros
1600 1821 1794 1862 caritatis
1814 1827 1857 1862 et

1031 1879 1183 1917 eorum
1225 1877 1509 1918 institutienis
1550 1877 1709 1918 indicia
1746 1879 1855 1929 prae-

1030 1933 1134 1974 buit.
1168 1933 1282 1973 Nam
1306 1931 1449 1974 adhuc
1470 1933 1681 1985 parvulus
1705 1946 1781 1974 eos
1801 1933 1857 1973 ad

1031 2002 1077 2030 se
1099 1991 1369 2030 convocatos
1387 1989 1430 2029 in
1450 1990 1667 2040 mysteriis
1692 1989 1793 2030 fidei
1813 1994 1856 2029 et

1030 2045 1164 2086 sacris
1190 2045 1395 2097 precibus
1421 2045 1659 2086 erudiebat.
1696 2046 1855 2085 Humil-

1029 2102 1095 2141 nis
1122 2101 1368 2152 divinisque
1396 2101 1552 2142 litteris
1579 2101 1751 2151 egregie
1779 2100 1854 2141 do-

1030 2163 1126 2198 ctus
1159 2170 1258 2198 cum
1292 2157 1446 2198 studiis
1479 2157 1737 2207 theologicis
1770 2157 1854 2197 Va-

1028 2214 1174 2254 lentiae
1204 2215 1383 2265 Operam
1413 2212 1556 2260 daret,
1590 2212 1750 2253 nobilis
1778 2225 1854 2264 po·

1027 2271 1247 2321 tentisque
1279 2269 1452 2309 feminae
1484 2268 1703 2309 illecebris
1735 2269 1852 2309 forti-

1027 2330 1095 2366 ter
1123 2325 1356 2377 superatis,
1383 2324 1691 2374 virginitatem,
1723 2337 1853 2375 quam

1027 2382 1124 2422 Deo
1161 2383 1358 2428 voverat,
1403 2380 1661 2421 inoffensam
1697 2380 1854 2429 insigni

1026 2436 1209 2477 victeria
1226 2436 1427 2477 servavit.
1448 2436 1662 2477 Sacerdos
1677 2448 1732 2476 ex
1747 2441 1852 2476 voto

1026 2492 1177 2541 factus,
1203 2505 1227 2532 a
1248 2491 1548 2543 compli'iribus
1569 2491 1791 2543 episcopis
1809 2491 1851 2531 in

1028 2548 1230 2589 Castellae
1256 2547 1414 2597 Novae,
1443 2547 1677 2598 Aragoniae
1705 2552 1748 2588 et
1774 2547 1850 2587 Ca-

1027 2603 1230 2645 talasiniae
1256 2603 1401 2653 regnis
1425 2604 1469 2643 in
1493 2608 1664 2655 partem
1688 2602 1851 2643 laboris

1026 2661 1203 2707 ascitus,
1247 2659 1623 2710 exspectatienem
1661 2659 1851 2699 omnium

1025 2715 1139 2764 vicit,
1158 2715 1304 2766 pravis
1322 2714 1484 2766 ubique
1499 2715 1694 2756 moribus
1710 2727 1850 2756 emen-
