2040 2944
182 132 258 168 380

631 139 702 173 Die
725 141 785 174 20.
811 140 890 175 Oct.
938 142 971 177 S.
998 143 1163 178 Joannis
1189 143 1317 178 Cantii
1341 144 1450 179 Conf.

182 228 459 271 laudabimus
485 231 607 272 eum?
632 231 736 273 fecit
755 233 870 274 enim
888 234 1013 275 mira-

182 285 286 327 bilia
304 286 348 326 in
367 286 457 327 vita
475 299 563 328 sua.

495 359 703 409 Hymnus.

264 420 377 461 entis
400 420 583 463 Polonae
604 422 755 474 gloria,

285 476 490 530 Clerique
509 478 720 531 splendor
739 481 910 530 nobilis,

232 533 380 575 Decus
399 533 559 587 Lycaei,
579 541 623 578 et
641 538 800 589 patriae

233 590 376 639 Pater,
395 590 419 631 J
422 593 588 634 oannes
606 593 780 646 inclyte,

184 663 346 711 Legem
365 661 544 714 superni
563 662 767 704 Numinis

231 716 379 758 Doces
398 720 618 770 magister,
639 724 683 761 et
703 719 822 761 facis.

231 772 305 814 Nil
325 773 437 815 scire
456 774 656 827 prodest:
676 776 831 818 sedulo

230 829 397 882 Legem
415 831 606 874 nitamur
627 833 819 885 exsequi.

187 899 501 952 Apostolorum
519 901 669 943 limina

231 955 376 998 Pedes
396 957 539 999 viator
559 958 726 1008 visitas;

232 1012 305 1054 Ad
323 1013 529 1065 patriam,
554 1013 612 1056 ad
632 1028 764 1067 quam
782 1015 1015 1067 tendimus,

231 1070 422 1112 Gressus
441 1071 647 1123 viamque
668 1071 819 1123 dirige.

185 1138 346 1181 Urbem
365 1139 480 1192 petis
498 1140 757 1183 Jerusalem:

229 1195 410 1247 Signata
428 1209 556 1239 sacro
577 1198 788 1249 sanguine

232 1252 397 1295 Christi
416 1253 526 1295 colis
545 1254 744 1306 vestigia,

230 1310 457 1363 Rigasque
476 1310 585 1352 fusis
604 1311 791 1354 fletibus.

184 1380 355 1424 Acerba
375 1380 539 1423 Christi
557 1381 752 1432 vulnera,

228 1438 409 1480 Haerete
428 1438 592 1480 nostris
611 1438 831 1490 cordibus,

227 1495 289 1538 Ut
309 1494 554 1546 cogitemus
574 1496 787 1548 consequi

227 1550 569 1604 Redemptionis
588 1552 790 1605 pretium.

182 1623 241 1663 Te
260 1634 402 1675 prona
423 1621 575 1664 mundi
594 1622 808 1672 machina,

229 1678 432 1721 Clemens
452 1677 609 1721 adoret
619 1679 833 1730 Trinitas,

227 1735 285 1778 Et
303 1748 386 1777 nos
405 1735 510 1777 novi
528 1748 608 1788 per
626 1736 815 1788 gratiam

227 1792 405 1835 Novum
425 1795 634 1836 canemus
655 1794 885 1836 canticum.

488 1850 643 1892 Amen.

229 1908 278 1957 Y.
303 1911 483 1953 Amavit
502 1923 603 1953 eum
622 1912 857 1963 Dominus,
877 1918 922 1956 et
941 1926 1008 1955 or-

175 1967 295 2009 navit
323 1980 433 2009 eum.
483 1970 533 2021 Rg.
571 1969 739 2011 Stolam
766 1970 921 2022 gloriae
949 1973 1008 2011 in-

175 2023 271 2066 duit
290 2037 400 2066 eum.

230 2084 298 2124 Ad
323 2085 496 2135 Magnis.
532 2086 631 2128 Ant.
670 2087 883 2131 Similabo
909 2101 1009 2131 eum

175 2141 271 2183 viro
306 2142 509 2195 sapienti,
553 2143 629 2196 qui
661 2142 900 2187 aedificavit
933 2145 1008 2187 do-

175 2211 294 2239 mum
312 2211 437 2243 suam
456 2212 590 2253 supra
608 2205 794 2253 petram.

512 2266 677 2307 Oratio.

175 2319 300 2424 Da,
314 2327 567 2378 quaesumus
579 2329 861 2380 omnipotens
871 2329 1008 2371 Deus:

277 2386 341 2431 ut,
367 2383 507 2425 sancti
525 2383 550 2424 J
554 2384 710 2426 oannis
731 2385 1008 2428 Confessoris

177 2438 381 2490 exemplo
431 2439 476 2480 in
527 2441 711 2483 scientia
755 2444 1008 2484 sanctorum

175 2494 470 2547 proficientes,
498 2502 630 2549 atque
649 2498 745 2540 aliis
763 2499 1008 2541 misericor-

176 2550 295 2594 diam
323 2552 598 2604 exhibentes,
632 2556 724 2607 ejus
750 2556 920 2598 meritis
946 2556 1007 2597 in-

176 2607 445 2661 dulgentiam
467 2609 587 2662 apud
609 2616 653 2653 te
673 2614 1008 2664 consequamur.

174 2665 260 2708 Per
277 2665 527 2708 Dominum.

1125 238 1274 273 Deinde
1298 239 1339 273 fit
1364 249 1560 275 commem.
1585 224 1749 285 praeced.

1122 300 1221 340 Ant.
1264 297 1348 339 Hic
1383 298 1449 340 vir
1491 298 1740 353 despiciens
1776 316 1896 345 mun-

1068 349 1172 392 dum
1199 357 1243 394 et
1268 356 1452 406 terrena,
1479 356 1765 410 triumphans,
1791 359 1896 402 divi-

1066 407 1149 449 tias
1169 409 1283 452 coelo
1302 411 1501 454 condidit
1521 425 1608 463 ore,
1627 427 1769 457 manu.

1121 475 1171 527 ys,
1188 475 1213 515 J
1214 481 1362 518 ustum
1382 477 1566 520 deduxit
1583 479 1798 523 Dominus
1817 495 1898 535 per

1066 529 1159 571 vias
1185 538 1341 574 rectas.
1375 539 1426 590 R.
1447 535 1505 577 Et
1531 537 1724 580 ostendit
1747 537 1809 579 illi
1833 551 1897 580 re-

1066 599 1198 637 gnum
1217 589 1312 631 Dei.

1404 660 1568 702 Oratio.

1155 730 1247 769 euS,
1278 720 1352 772 qui
1378 720 1558 763 beatum
1582 723 1762 765 Petrum
1789 726 1897 768 Con-

1167 776 1382 818 fessorem
1393 782 1516 820 tuum
1529 779 1800 824 admirabilis
1814 796 1899 836 poe-

1064 834 1259 876 nitentiae
1294 838 1338 875 et
1371 834 1597 877 altissimae
1630 839 1897 892 contempla-

1063 891 1196 932 tionis
1229 893 1411 932 munere
1438 891 1659 935 illustrare
1693 894 1898 946 dignatus

1064 960 1127 988 es:
1160 946 1217 989 da
1244 946 1392 998 nobis,
1427 951 1698 1002 quaesumus3
1730 957 1778 994 ut
1806 953 1897 1004 ejus
1963 980 1965 983 -

1064 1003 1406 1056 suffragantibus
1425 1006 1607 1056 meritis,
1634 1020 1764 1050 carne
1783 1022 1896 1051 mor-

1062 1060 1233 1111 tificati,
1252 1060 1423 1102 facilius
1443 1062 1640 1105 coelestia
1660 1065 1897 1117 capiemus.

1063 1118 1148 1159 Per
1167 1117 1416 1159 Dominum.

1227 1221 1315 1262 Ad
1342 1221 1734 1266 matutinum.

1118 1298 1432 1339 invitatorium.
1500 1298 1667 1347 Regem
1717 1296 1895 1340 Confes-

1063 1351 1213 1391 sorum
1254 1349 1509 1401 Dominum,
1555 1356 1577 1381 *
1618 1352 1780 1396 Venite
1823 1354 1896 1396 ad-

1063 1408 1250 1449 oremus.

1117 1474 1184 1514 Ps.
1218 1473 1385 1523 Venite,
1405 1473 1683 1516 exsultemus.
1710 1475 1748 1516 2.

1376 1553 1587 1605 Hymnus.

1118 1616 1331 1725 Corpus
1351 1614 1507 1659 domas
1526 1619 1704 1671 jejuniis,

1210 1671 1356 1715 Caedis
1376 1675 1559 1717 cruento
1579 1676 1775 1727 verbere,

1167 1729 1226 1772 Ut
1245 1734 1390 1772 castra
1408 1731 1719 1783 poenitentium

1165 1785 1292 1828 Miles
1311 1787 1512 1839 sequaris
1530 1790 1753 1832 innocens.

1115 1864 1361 1916 Sequemur
1379 1870 1423 1908 et
1441 1878 1523 1908 nos
1543 1866 1697 1909 sedulo

1166 1921 1359 1964 Gressus
1378 1923 1575 1975 parentis
1594 1923 1764 1976 optimi:

1088 2012 1092 2016 .
1162 1979 1419 2032 Sequemur,
1437 1983 1487 2022 ut
1503 1978 1724 2023 licentiam

1165 2035 1319 2077 Carnis
1338 2036 1544 2079 refraenet
1563 2038 1756 2091 spiritus.

1117 2113 1303 2164 Rigente
1322 2114 1478 2157 bruma
1495 2116 1732 2169 providum

1164 2170 1346 2213 Praebes
1365 2174 1573 2215 amictum
1592 2174 1788 2226 pauperi,

1164 2227 1291 2269 Sitim
1309 2228 1558 2282 famemque
1577 2230 1798 2281 egentium

1164 2283 1280 2327 Esca
1297 2289 1500 2338 potuque
1519 2285 1736 2329 sublevas.

1116 2364 1152 2405 O
1172 2362 1246 2415 qui
1265 2363 1440 2414 negasti
1457 2363 1620 2406 nemini

1166 2418 1309 2472 Opem
1327 2420 1512 2472 roganti,
1531 2420 1722 2473 patrium

1163 2476 1368 2528 Regnum
1385 2479 1520 2527 tuere,
1538 2478 1768 2530 postulant

1165 2533 1294 2575 Cives
1313 2533 1470 2575 Poloni
1490 2539 1534 2576 et
1552 2536 1702 2576 exteri.

1114 2611 1177 2653 Sit
1194 2611 1290 2653 laus
1309 2611 1441 2663 Patri,
1461 2612 1518 2654 sit
1536 2613 1660 2662 Filio,

1165 2666 1353 2720 Tibique
1372 2674 1523 2712 sancte
1541 2670 1744 2724 Spiritus:
