<?xml version="1.0" encoding="UTF-8"?>
<!DOCTYPE html PUBLIC "-//W3C//DTD XHTML 1.0 Transitional//EN"
    "http://www.w3.org/TR/xhtml1/DTD/xhtml1-transitional.dtd">
<html xmlns="http://www.w3.org/1999/xhtml" xml:lang="en" lang="en">
 <head>
  <title>
</title>
<meta http-equiv="Content-Type" content="text/html;charset=utf-8" />
  <meta name='ocr-system' content='tesseract 3.04.00' />
  <meta name='ocr-capabilities' content='ocr_page ocr_carea ocr_par ocr_line ocrx_word'/>
</head>
<body>
  <div class='ocr_page' id='page_1' title='image "./p4breviariumroma00cathuoft_0668.png"; bbox 0 0 2040 2944; ppageno 0'>
   <div class='ocr_carea' id='block_1_1' title="bbox 189 162 283 206">
    <p class='ocr_par' dir='ltr' id='par_1_1' title="bbox 189 162 283 206">
     <span class='ocr_line' id='line_1_1' title="bbox 189 162 283 206; baseline 0 0"><span class='ocrx_word' id='word_1_1' title='bbox 189 162 283 206; x_wconf 85' lang='lat'>[168]</span> 
     </span>
    </p>
   </div>
   <div class='ocr_carea' id='block_1_2' title="bbox 792 165 1273 200">
    <p class='ocr_par' dir='ltr' id='par_1_2' title="bbox 792 165 1273 200">
     <span class='ocr_line' id='line_1_2' title="bbox 792 165 1273 200; baseline 0 -1"><span class='ocrx_word' id='word_1_2' title='bbox 792 165 967 200; x_wconf 80' lang='lat' dir='ltr'><strong>Officium</strong></span> <span class='ocrx_word' id='word_1_3' title='bbox 991 166 1273 199; x_wconf 85' lang='lat' dir='ltr'><strong>Defunctorurn.</strong></span> 
     </span>
    </p>
   </div>
   <div class='ocr_carea' id='block_1_3' title="bbox 186 221 1890 237">
    <p class='ocr_par' dir='ltr' id='par_1_3' title="bbox 186 221 1890 237">
     <span class='ocr_line' id='line_1_3' title="bbox 186 221 1890 237; baseline 0 2707"><span class='ocrx_word' id='word_1_4' title='bbox 186 221 1890 237; x_wconf 95' lang='lat' dir='ltr'><strong> </strong></span> 
     </span>
    </p>
   </div>
   <div class='ocr_carea' id='block_1_4' title="bbox 188 259 1014 2742">
    <p class='ocr_par' dir='ltr' id='par_1_4' title="bbox 188 259 1011 424">
     <span class='ocr_line' id='line_1_4' title="bbox 239 259 1010 311; baseline 0.003 -12"><span class='ocrx_word' id='word_1_5' title='bbox 239 259 506 300; x_wconf 91' lang='lat' dir='ltr'><strong>Annuntiavi</strong></span> <span class='ocrx_word' id='word_1_6' title='bbox 525 259 731 311; x_wconf 87' lang='lat' dir='ltr'><strong>justitiam</strong></span> <span class='ocrx_word' id='word_1_7' title='bbox 747 263 868 300; x_wconf 89' lang='lat' dir='ltr'><strong>tuam</strong></span> <span class='ocrx_word' id='word_1_8' title='bbox 885 259 930 300; x_wconf 92' lang='lat' dir='ltr'><strong>in</strong></span> <span class='ocrx_word' id='word_1_9' title='bbox 944 271 1010 301; x_wconf 88' lang='lat' dir='ltr'><strong>ec-</strong></span> 
     </span>
     <span class='ocr_line' id='line_1_5' title="bbox 189 314 1011 366; baseline 0 -10"><span class='ocrx_word' id='word_1_10' title='bbox 189 314 321 356; x_wconf 87' lang='lat' dir='ltr'><strong>clesia</strong></span> <span class='ocrx_word' id='word_1_11' title='bbox 338 328 504 366; x_wconf 87' lang='lat' dir='ltr'><strong>magna,</strong></span> <span class='ocrx_word' id='word_1_12' title='bbox 519 316 543 341; x_wconf 87' lang='grc'>*</span> <span class='ocrx_word' id='word_1_13' title='bbox 559 328 661 356; x_wconf 91' lang='lat' dir='ltr'><strong>ecce</strong></span> <span class='ocrx_word' id='word_1_14' title='bbox 679 314 795 357; x_wconf 89' lang='lat' dir='ltr'><strong>labia</strong></span> <span class='ocrx_word' id='word_1_15' title='bbox 811 328 909 357; x_wconf 86' lang='lat' dir='ltr'><strong>mea</strong></span> <span class='ocrx_word' id='word_1_16' title='bbox 924 328 1011 357; x_wconf 92' lang='lat' dir='ltr'><strong>non</strong></span> 
     </span>
     <span class='ocr_line' id='line_1_6' title="bbox 188 371 871 424; baseline 0 -12"><span class='ocrx_word' id='word_1_17' title='bbox 188 371 448 424; x_wconf 86' lang='lat' dir='ltr'><strong>prohibebo:</strong></span> <span class='ocrx_word' id='word_1_18' title='bbox 466 372 654 413; x_wconf 77' lang='lat' dir='ltr'><strong>Demine</strong></span> <span class='ocrx_word' id='word_1_19' title='bbox 673 376 722 413; x_wconf 88' lang='lat' dir='ltr'><strong>tu</strong></span> <span class='ocrx_word' id='word_1_20' title='bbox 741 372 871 414; x_wconf 88' lang='lat' dir='ltr'><strong>scisti.</strong></span> 
     </span>
    </p>

    <p class='ocr_par' dir='ltr' id='par_1_5' title="bbox 190 427 1012 583">
     <span class='ocr_line' id='line_1_7' title="bbox 239 427 1011 470; baseline 0.003 -2"><span class='ocrx_word' id='word_1_21' title='bbox 239 427 457 469; x_wconf 87' lang='lat' dir='ltr'><strong>Justitiam</strong></span> <span class='ocrx_word' id='word_1_22' title='bbox 482 433 602 470; x_wconf 87' lang='lat' dir='ltr'><strong>tuam</strong></span> <span class='ocrx_word' id='word_1_23' title='bbox 625 440 714 469; x_wconf 90' lang='lat' dir='ltr'><strong>non</strong></span> <span class='ocrx_word' id='word_1_24' title='bbox 739 427 950 470; x_wconf 82' lang='lat' dir='ltr'><strong>abscondi</strong></span> <span class='ocrx_word' id='word_1_25' title='bbox 968 429 1011 470; x_wconf 90' lang='lat' dir='ltr'><strong>in</strong></span> 
     </span>
     <span class='ocr_line' id='line_1_8' title="bbox 190 483 1012 527; baseline 0.002 -2"><span class='ocrx_word' id='word_1_26' title='bbox 190 483 323 525; x_wconf 90' lang='lat' dir='ltr'><strong>eorde</strong></span> <span class='ocrx_word' id='word_1_27' title='bbox 356 497 470 526; x_wconf 93' lang='lat' dir='ltr'><strong>meo:</strong></span> <span class='ocrx_word' id='word_1_28' title='bbox 501 486 524 510; x_wconf 88' lang='lat'>*</span> <span class='ocrx_word' id='word_1_29' title='bbox 556 484 786 527; x_wconf 87' lang='lat' dir='ltr'><strong>veritatem</strong></span> <span class='ocrx_word' id='word_1_30' title='bbox 817 490 937 527; x_wconf 87' lang='lat' dir='ltr'><strong>tuam</strong></span> <span class='ocrx_word' id='word_1_31' title='bbox 970 490 1012 527; x_wconf 92' lang='lat' dir='ltr'><strong>et</strong></span> 
     </span>
     <span class='ocr_line' id='line_1_9' title="bbox 190 540 640 583; baseline 0.004 -3"><span class='ocrx_word' id='word_1_32' title='bbox 190 540 378 582; x_wconf 87' lang='lat' dir='ltr'><strong>salutare</strong></span> <span class='ocrx_word' id='word_1_33' title='bbox 398 546 520 582; x_wconf 90' lang='lat' dir='ltr'><strong>tuum</strong></span> <span class='ocrx_word' id='word_1_34' title='bbox 540 540 640 583; x_wconf 79' lang='lat' dir='ltr'><strong>dixi.</strong></span> 
     </span>
    </p>

    <p class='ocr_par' dir='ltr' id='par_1_6' title="bbox 189 596 1012 751">
     <span class='ocr_line' id='line_1_10' title="bbox 240 596 1011 641; baseline 0.004 -3"><span class='ocrx_word' id='word_1_35' title='bbox 240 596 340 638; x_wconf 92' lang='lat' dir='ltr'><strong>Non</strong></span> <span class='ocrx_word' id='word_1_36' title='bbox 359 597 572 639; x_wconf 81' lang='lat' dir='ltr'><strong>abscondi</strong></span> <span class='ocrx_word' id='word_1_37' title='bbox 588 598 934 640; x_wconf 82' lang='lat' dir='ltr'><strong>misericordiam</strong></span> <span class='ocrx_word' id='word_1_38' title='bbox 948 604 1011 641; x_wconf 93' lang='lat' dir='ltr'><strong>tu-</strong></span> 
     </span>
     <span class='ocr_line' id='line_1_11' title="bbox 190 654 1012 702; baseline 0.004 -8"><span class='ocrx_word' id='word_1_39' title='bbox 190 666 274 702; x_wconf 90' lang='lat' dir='ltr'><strong>am,</strong></span> <span class='ocrx_word' id='word_1_40' title='bbox 294 658 338 695; x_wconf 84' lang='lat' dir='ltr'><strong>et</strong></span> <span class='ocrx_word' id='word_1_41' title='bbox 356 654 584 696; x_wconf 88' lang='lat' dir='ltr'><strong>veritatem</strong></span> <span class='ocrx_word' id='word_1_42' title='bbox 602 659 723 696; x_wconf 90' lang='lat' dir='ltr'><strong>tuam</strong></span> <span class='ocrx_word' id='word_1_43' title='bbox 741 655 764 681; x_wconf 85' lang='lat'>*</span> <span class='ocrx_word' id='word_1_44' title='bbox 783 668 809 696; x_wconf 86' lang='lat' dir='ltr'><strong>a</strong></span> <span class='ocrx_word' id='word_1_45' title='bbox 828 655 1012 698; x_wconf 89' lang='lat' dir='ltr'><strong>concilio</strong></span> 
     </span>
     <span class='ocr_line' id='line_1_12' title="bbox 189 709 339 751; baseline 0.007 -1"><span class='ocrx_word' id='word_1_46' title='bbox 189 709 339 751; x_wconf 87' lang='lat' dir='ltr'><strong>multo.</strong></span> 
     </span>
    </p>

    <p class='ocr_par' dir='ltr' id='par_1_7' title="bbox 189 767 1012 989">
     <span class='ocr_line' id='line_1_13' title="bbox 240 767 1012 820; baseline 0.004 -12"><span class='ocrx_word' id='word_1_47' title='bbox 240 767 309 808; x_wconf 93' lang='lat' dir='ltr'><strong>Tu</strong></span> <span class='ocrx_word' id='word_1_48' title='bbox 333 772 479 808; x_wconf 89' lang='lat' dir='ltr'><strong>autem</strong></span> <span class='ocrx_word' id='word_1_49' title='bbox 502 768 690 810; x_wconf 77' lang='lat' dir='ltr'><strong>Demine</strong></span> <span class='ocrx_word' id='word_1_50' title='bbox 721 781 775 810; x_wconf 92' lang='lat' dir='ltr'><strong>ne</strong></span> <span class='ocrx_word' id='word_1_51' title='bbox 801 769 930 820; x_wconf 89' lang='lat' dir='ltr'><strong>longe</strong></span> <span class='ocrx_word' id='word_1_52' title='bbox 953 770 1012 811; x_wconf 90' lang='lat' dir='ltr'><strong>fa-</strong></span> 
     </span>
     <span class='ocr_line' id='line_1_14' title="bbox 190 823 1012 867; baseline 0.004 -3"><span class='ocrx_word' id='word_1_53' title='bbox 190 823 280 865; x_wconf 85' lang='lat' dir='ltr'><strong>cias</strong></span> <span class='ocrx_word' id='word_1_54' title='bbox 303 823 606 866; x_wconf 69' lang='lat' dir='ltr'><strong>miserationes</strong></span> <span class='ocrx_word' id='word_1_55' title='bbox 627 829 725 866; x_wconf 88' lang='lat' dir='ltr'><strong>tuas</strong></span> <span class='ocrx_word' id='word_1_56' title='bbox 749 838 774 866; x_wconf 93' lang='lat' dir='ltr'><strong>a</strong></span> <span class='ocrx_word' id='word_1_57' title='bbox 791 839 875 867; x_wconf 92' lang='lat' dir='ltr'><strong>me:</strong></span> <span class='ocrx_word' id='word_1_58' title='bbox 894 828 918 852; x_wconf 81' lang='lat'><strong>¹⁸¹</strong></span> <span class='ocrx_word' id='word_1_59' title='bbox 936 827 1012 867; x_wconf 90' lang='lat' dir='ltr'><strong>mi-</strong></span> 
     </span>
     <span class='ocr_line' id='line_1_15' title="bbox 190 879 1012 925; baseline 0.005 -4"><span class='ocrx_word' id='word_1_60' title='bbox 190 879 430 922; x_wconf 83' lang='lat' dir='ltr'><strong>sericordia</strong></span> <span class='ocrx_word' id='word_1_61' title='bbox 454 885 530 922; x_wconf 84' lang='lat' dir='ltr'><strong>tua</strong></span> <span class='ocrx_word' id='word_1_62' title='bbox 555 885 598 922; x_wconf 92' lang='lat' dir='ltr'><strong>et</strong></span> <span class='ocrx_word' id='word_1_63' title='bbox 622 882 782 923; x_wconf 88' lang='lat' dir='ltr'><strong>veritas</strong></span> <span class='ocrx_word' id='word_1_64' title='bbox 806 887 881 924; x_wconf 89' lang='lat' dir='ltr'><strong>tua</strong></span> <span class='ocrx_word' id='word_1_65' title='bbox 903 896 1012 925; x_wconf 88' lang='lat' dir='ltr'><strong>sem-</strong></span> 
     </span>
     <span class='ocr_line' id='line_1_16' title="bbox 189 938 672 989; baseline 0.004 -12"><span class='ocrx_word' id='word_1_66' title='bbox 189 949 268 989; x_wconf 85' lang='lat' dir='ltr'><strong>per</strong></span> <span class='ocrx_word' id='word_1_67' title='bbox 287 938 574 989; x_wconf 90' lang='lat' dir='ltr'><strong>susceperunt</strong></span> <span class='ocrx_word' id='word_1_68' title='bbox 591 951 672 979; x_wconf 90' lang='lat' dir='ltr'><strong>me.</strong></span> 
     </span>
    </p>

    <p class='ocr_par' dir='ltr' id='par_1_8' title="bbox 189 994 1013 1217">
     <span class='ocr_line' id='line_1_17' title="bbox 243 994 1013 1044; baseline 0.006 -11"><span class='ocrx_word' id='word_1_69' title='bbox 243 994 459 1044; x_wconf 73' lang='lat' dir='ltr'><strong>Queniam</strong></span> <span class='ocrx_word' id='word_1_70' title='bbox 510 995 891 1038; x_wconf 88' lang='lat' dir='ltr'><strong>circumdederunt</strong></span> <span class='ocrx_word' id='word_1_71' title='bbox 943 1010 1013 1039; x_wconf 90' lang='lat' dir='ltr'><strong>me</strong></span> 
     </span>
     <span class='ocr_line' id='line_1_18' title="bbox 189 1050 1013 1103; baseline 0.005 -12"><span class='ocrx_word' id='word_1_72' title='bbox 189 1050 320 1099; x_wconf 89' lang='lat' dir='ltr'><strong>mala,</strong></span> <span class='ocrx_word' id='word_1_73' title='bbox 348 1063 533 1103; x_wconf 87' lang='lat' dir='ltr'><strong>quorum</strong></span> <span class='ocrx_word' id='word_1_74' title='bbox 556 1064 643 1092; x_wconf 92' lang='lat' dir='ltr'><strong>non</strong></span> <span class='ocrx_word' id='word_1_75' title='bbox 667 1057 733 1094; x_wconf 90' lang='lat' dir='ltr'><strong>est</strong></span> <span class='ocrx_word' id='word_1_76' title='bbox 751 1056 971 1095; x_wconf 82' lang='lat' dir='ltr'><strong>numerus:</strong></span> <span class='ocrx_word' id='word_1_77' title='bbox 989 1054 1013 1080; x_wconf 93' lang='lat'>*</span> 
     </span>
     <span class='ocr_line' id='line_1_19' title="bbox 191 1107 1013 1162; baseline 0.005 -14"><span class='ocrx_word' id='word_1_78' title='bbox 191 1107 617 1160; x_wconf 90' lang='lat' dir='ltr'><strong>comprehenderunt</strong></span> <span class='ocrx_word' id='word_1_79' title='bbox 656 1122 727 1151; x_wconf 91' lang='lat' dir='ltr'><strong>me</strong></span> <span class='ocrx_word' id='word_1_80' title='bbox 762 1110 1013 1162; x_wconf 90' lang='lat' dir='ltr'><strong>iniquitates</strong></span> 
     </span>
     <span class='ocr_line' id='line_1_20' title="bbox 189 1165 911 1217; baseline 0.003 -12"><span class='ocrx_word' id='word_1_81' title='bbox 189 1176 310 1213; x_wconf 88' lang='lat' dir='ltr'><strong>meae,</strong></span> <span class='ocrx_word' id='word_1_82' title='bbox 331 1169 374 1205; x_wconf 91' lang='lat' dir='ltr'><strong>et</strong></span> <span class='ocrx_word' id='word_1_83' title='bbox 391 1177 479 1205; x_wconf 93' lang='lat' dir='ltr'><strong>non</strong></span> <span class='ocrx_word' id='word_1_84' title='bbox 497 1165 624 1217; x_wconf 86' lang='lat' dir='ltr'><strong>potui</strong></span> <span class='ocrx_word' id='word_1_85' title='bbox 641 1170 690 1207; x_wconf 90' lang='lat' dir='ltr'><strong>ut</strong></span> <span class='ocrx_word' id='word_1_86' title='bbox 708 1166 911 1208; x_wconf 89' lang='lat' dir='ltr'><strong>viderem.</strong></span> 
     </span>
    </p>

    <p class='ocr_par' dir='ltr' id='par_1_9' title="bbox 191 1220 1013 1386">
     <span class='ocr_line' id='line_1_21' title="bbox 241 1220 1012 1276; baseline 0.005 -15"><span class='ocrx_word' id='word_1_87' title='bbox 241 1220 542 1274; x_wconf 87' lang='lat' dir='ltr'><strong>Multiplicatae</strong></span> <span class='ocrx_word' id='word_1_88' title='bbox 561 1227 661 1263; x_wconf 93' lang='lat' dir='ltr'><strong>sunt</strong></span> <span class='ocrx_word' id='word_1_89' title='bbox 680 1235 812 1276; x_wconf 91' lang='lat' dir='ltr'><strong>super</strong></span> <span class='ocrx_word' id='word_1_90' title='bbox 830 1223 1012 1276; x_wconf 85' lang='lat' dir='ltr'>capillos</span> 
     </span>
     <span class='ocr_line' id='line_1_22' title="bbox 191 1277 1013 1330; baseline 0.005 -12"><span class='ocrx_word' id='word_1_91' title='bbox 191 1277 349 1330; x_wconf 87' lang='lat' dir='ltr'><strong>capitis</strong></span> <span class='ocrx_word' id='word_1_92' title='bbox 367 1278 469 1319; x_wconf 89' lang='lat' dir='ltr'><strong>mei:</strong></span> <span class='ocrx_word' id='word_1_93' title='bbox 487 1278 510 1304; x_wconf 88' lang='lat'>*</span> <span class='ocrx_word' id='word_1_94' title='bbox 531 1283 574 1320; x_wconf 90' lang='lat' dir='ltr'><strong>et</strong></span> <span class='ocrx_word' id='word_1_95' title='bbox 597 1291 673 1320; x_wconf 91' lang='lat' dir='ltr'><strong>cor</strong></span> <span class='ocrx_word' id='word_1_96' title='bbox 696 1293 841 1322; x_wconf 90' lang='lat' dir='ltr'><strong>meum</strong></span> <span class='ocrx_word' id='word_1_97' title='bbox 861 1279 1013 1323; x_wconf 91' lang='lat' dir='ltr'><strong>dereli-</strong></span> 
     </span>
     <span class='ocr_line' id='line_1_23' title="bbox 193 1334 383 1386; baseline 0 -12"><span class='ocrx_word' id='word_1_98' title='bbox 193 1334 285 1386; x_wconf 89' lang='lat' dir='ltr'>quit</span> <span class='ocrx_word' id='word_1_99' title='bbox 302 1346 383 1375; x_wconf 90' lang='lat' dir='ltr'><strong>me.</strong></span> 
     </span>
    </p>

    <p class='ocr_par' dir='ltr' id='par_1_10' title="bbox 191 1390 1013 1556">
     <span class='ocr_line' id='line_1_24' title="bbox 244 1390 1013 1442; baseline 0.005 -11"><span class='ocrx_word' id='word_1_100' title='bbox 244 1390 527 1442; x_wconf 90' lang='lat' dir='ltr'><strong>Complaceat</strong></span> <span class='ocrx_word' id='word_1_101' title='bbox 540 1390 619 1432; x_wconf 87' lang='lat' dir='ltr'><strong>tibi</strong></span> <span class='ocrx_word' id='word_1_102' title='bbox 629 1391 817 1434; x_wconf 83' lang='lat' dir='ltr'><strong>Domine</strong></span> <span class='ocrx_word' id='word_1_103' title='bbox 828 1397 877 1434; x_wconf 92' lang='lat' dir='ltr'><strong>ut</strong></span> <span class='ocrx_word' id='word_1_104' title='bbox 888 1395 1013 1435; x_wconf 87' lang='lat' dir='ltr'><strong>eruas</strong></span> 
     </span>
     <span class='ocr_line' id='line_1_25' title="bbox 191 1446 1013 1500; baseline 0.005 -12"><span class='ocrx_word' id='word_1_105' title='bbox 191 1460 275 1489; x_wconf 89' lang='lat' dir='ltr'><strong>me:</strong></span> <span class='ocrx_word' id='word_1_106' title='bbox 293 1448 317 1473; x_wconf 83' lang='lat'>*</span> <span class='ocrx_word' id='word_1_107' title='bbox 335 1447 523 1489; x_wconf 74' lang='lat' dir='ltr'><strong>Demine</strong></span> <span class='ocrx_word' id='word_1_108' title='bbox 547 1447 603 1489; x_wconf 88' lang='lat' dir='ltr'><strong>ad</strong></span> <span class='ocrx_word' id='word_1_109' title='bbox 628 1446 921 1500; x_wconf 89' lang='lat' dir='ltr'><strong>adjuvandum</strong></span> <span class='ocrx_word' id='word_1_110' title='bbox 943 1463 1013 1492; x_wconf 91' lang='lat' dir='ltr'><strong>me</strong></span> 
     </span>
     <span class='ocr_line' id='line_1_26' title="bbox 191 1504 372 1556; baseline 0.006 -12"><span class='ocrx_word' id='word_1_111' title='bbox 191 1504 372 1556; x_wconf 87' lang='lat' dir='ltr'><strong>respice.</strong></span> 
     </span>
    </p>

    <p class='ocr_par' dir='ltr' id='par_1_11' title="bbox 191 1559 1013 1716">
     <span class='ocr_line' id='line_1_27' title="bbox 244 1559 1012 1605; baseline 0.007 -5"><span class='ocrx_word' id='word_1_112' title='bbox 244 1559 574 1602; x_wconf 87' lang='lat' dir='ltr'><strong>Confundantur</strong></span> <span class='ocrx_word' id='word_1_113' title='bbox 594 1566 637 1603; x_wconf 91' lang='lat' dir='ltr'><strong>et</strong></span> <span class='ocrx_word' id='word_1_114' title='bbox 658 1564 941 1605; x_wconf 88' lang='lat' dir='ltr'><strong>revereantur</strong></span> <span class='ocrx_word' id='word_1_115' title='bbox 960 1564 1012 1605; x_wconf 92' lang='lat' dir='ltr'><strong>si-</strong></span> 
     </span>
     <span class='ocr_line' id='line_1_28' title="bbox 191 1616 1013 1671; baseline 0.006 -14"><span class='ocrx_word' id='word_1_116' title='bbox 191 1616 295 1666; x_wconf 82' lang='lat' dir='ltr'><strong>mul,</strong></span> <span class='ocrx_word' id='word_1_117' title='bbox 324 1618 398 1669; x_wconf 93' lang='lat' dir='ltr'><strong>qui</strong></span> <span class='ocrx_word' id='word_1_118' title='bbox 427 1622 626 1669; x_wconf 89' lang='lat' dir='ltr'><strong>quaerunt</strong></span> <span class='ocrx_word' id='word_1_119' title='bbox 650 1619 837 1660; x_wconf 90' lang='lat' dir='ltr'><strong>animam</strong></span> <span class='ocrx_word' id='word_1_120' title='bbox 860 1633 1013 1671; x_wconf 89' lang='lat' dir='ltr'><strong>meam,</strong></span> 
     </span>
     <span class='ocr_line' id='line_1_29' title="bbox 191 1673 622 1716; baseline 0.002 -2"><span class='ocrx_word' id='word_1_121' title='bbox 191 1673 215 1698; x_wconf 86' lang='lat'>*</span> <span class='ocrx_word' id='word_1_122' title='bbox 234 1677 281 1714; x_wconf 89' lang='lat' dir='ltr'><strong>ut</strong></span> <span class='ocrx_word' id='word_1_123' title='bbox 300 1673 497 1716; x_wconf 84' lang='lat' dir='ltr'><strong>auferant</strong></span> <span class='ocrx_word' id='word_1_124' title='bbox 516 1687 622 1716; x_wconf 88' lang='lat' dir='ltr'><strong>eam.</strong></span> 
     </span>
    </p>

    <p class='ocr_par' dir='ltr' id='par_1_12' title="bbox 191 1729 1013 1839">
     <span class='ocr_line' id='line_1_30' title="bbox 244 1729 1012 1783; baseline 0.007 -12"><span class='ocrx_word' id='word_1_125' title='bbox 244 1729 566 1772; x_wconf 89' lang='lat' dir='ltr'><strong>Convertantur</strong></span> <span class='ocrx_word' id='word_1_126' title='bbox 593 1733 850 1783; x_wconf 64' lang='lat' dir='ltr'><strong>reuersum,</strong></span> <span class='ocrx_word' id='word_1_127' title='bbox 880 1738 924 1776; x_wconf 90' lang='lat' dir='ltr'><strong>et</strong></span> <span class='ocrx_word' id='word_1_128' title='bbox 950 1747 1012 1776; x_wconf 90' lang='lat' dir='ltr'><strong>re-</strong></span> 
     </span>
     <span class='ocr_line' id='line_1_31' title="bbox 191 1788 1013 1839; baseline 0.006 -12"><span class='ocrx_word' id='word_1_129' title='bbox 191 1788 422 1828; x_wconf 83' lang='lat' dir='ltr'><strong>vereantur</strong></span> <span class='ocrx_word' id='word_1_130' title='bbox 441 1789 464 1815; x_wconf 89' lang='lat'>*</span> <span class='ocrx_word' id='word_1_131' title='bbox 485 1788 559 1839; x_wconf 94' lang='lat' dir='ltr'><strong>qui</strong></span> <span class='ocrx_word' id='word_1_132' title='bbox 586 1788 737 1830; x_wconf 90' lang='lat' dir='ltr'><strong>volunt</strong></span> <span class='ocrx_word' id='word_1_133' title='bbox 760 1789 865 1831; x_wconf 91' lang='lat' dir='ltr'><strong>mihi</strong></span> <span class='ocrx_word' id='word_1_134' title='bbox 888 1791 1013 1832; x_wconf 91' lang='lat' dir='ltr'><strong>mala.</strong></span> 
     </span>
    </p>

    <p class='ocr_par' dir='ltr' id='par_1_13' title="bbox 190 1843 1014 2233">
     <span class='ocr_line' id='line_1_32' title="bbox 241 1843 1013 1889; baseline 0.006 -5"><span class='ocrx_word' id='word_1_135' title='bbox 241 1843 402 1885; x_wconf 87' lang='lat' dir='ltr'><strong>Ferant</strong></span> <span class='ocrx_word' id='word_1_136' title='bbox 446 1844 674 1886; x_wconf 88' lang='lat' dir='ltr'><strong>confestim</strong></span> <span class='ocrx_word' id='word_1_137' title='bbox 715 1846 1013 1889; x_wconf 71' lang='lat' dir='ltr'><strong>confusionem</strong></span> 
     </span>
     <span class='ocr_line' id='line_1_33' title="bbox 191 1900 1012 1956; baseline 0.007 -16"><span class='ocrx_word' id='word_1_138' title='bbox 191 1912 331 1950; x_wconf 86' lang='lat' dir='ltr'><strong>suam,</strong></span> <span class='ocrx_word' id='word_1_139' title='bbox 363 1901 387 1927; x_wconf 85' lang='lat'>*</span> <span class='ocrx_word' id='word_1_140' title='bbox 420 1901 494 1953; x_wconf 92' lang='lat' dir='ltr'><strong>qui</strong></span> <span class='ocrx_word' id='word_1_141' title='bbox 532 1900 681 1943; x_wconf 91' lang='lat' dir='ltr'><strong>dicunt</strong></span> <span class='ocrx_word' id='word_1_142' title='bbox 717 1902 837 1943; x_wconf 90' lang='lat' dir='ltr'><strong>mihi:</strong></span> <span class='ocrx_word' id='word_1_143' title='bbox 873 1904 1012 1956; x_wconf 84' lang='lat' dir='ltr'>Euge,</span> 
     </span>
     <span class='ocr_line' id='line_1_34' title="bbox 190 1968 863 2007; baseline 0.007 -10"><span class='ocrx_word' id='word_1_144' title='bbox 190 1968 311 2007; x_wconf 85' lang='lat' dir='ltr'><strong>euge.</strong></span> <span class='ocrx_word' id='word_1_145' title='bbox 856 1992 863 2002; x_wconf 66' lang='grc'><strong>-,</strong></span> 
     </span>
     <span class='ocr_line' id='line_1_35' title="bbox 241 2012 1012 2069; baseline 0.006 -15"><span class='ocrx_word' id='word_1_146' title='bbox 241 2012 490 2064; x_wconf 80' lang='lat' dir='ltr'><strong>Exsultent,</strong></span> <span class='ocrx_word' id='word_1_147' title='bbox 519 2018 563 2056; x_wconf 92' lang='lat' dir='ltr'><strong>et</strong></span> <span class='ocrx_word' id='word_1_148' title='bbox 586 2014 789 2056; x_wconf 77' lang='lat' dir='ltr'><strong>laetentur</strong></span> <span class='ocrx_word' id='word_1_149' title='bbox 814 2029 946 2069; x_wconf 90' lang='lat' dir='ltr'><strong>super</strong></span> <span class='ocrx_word' id='word_1_150' title='bbox 969 2021 1012 2059; x_wconf 91' lang='lat' dir='ltr'><strong>te</strong></span> 
     </span>
     <span class='ocr_line' id='line_1_36' title="bbox 190 2072 1014 2122; baseline 0.006 -12"><span class='ocrx_word' id='word_1_151' title='bbox 190 2081 341 2111; x_wconf 90' lang='lat' dir='ltr'><strong>omnes</strong></span> <span class='ocrx_word' id='word_1_152' title='bbox 374 2072 619 2122; x_wconf 78' lang='lat' dir='ltr'><strong>quaerentes</strong></span> <span class='ocrx_word' id='word_1_153' title='bbox 652 2075 713 2112; x_wconf 90' lang='lat' dir='ltr'><strong>te:</strong></span> <span class='ocrx_word' id='word_1_154' title='bbox 740 2072 763 2098; x_wconf 88' lang='lat'>*</span> <span class='ocrx_word' id='word_1_155' title='bbox 791 2077 835 2114; x_wconf 87' lang='lat' dir='ltr'><strong>et</strong></span> <span class='ocrx_word' id='word_1_156' title='bbox 867 2072 1014 2115; x_wconf 92' lang='lat' dir='ltr'><strong>dicant</strong></span> 
     </span>
     <span class='ocr_line' id='line_1_37' title="bbox 190 2127 1012 2178; baseline 0.006 -12"><span class='ocrx_word' id='word_1_157' title='bbox 190 2138 378 2178; x_wconf 84' lang='lat' dir='ltr'><strong>semper:</strong></span> <span class='ocrx_word' id='word_1_158' title='bbox 431 2127 735 2178; x_wconf 87' lang='lat' dir='ltr'><strong>Magnificetur</strong></span> <span class='ocrx_word' id='word_1_159' title='bbox 783 2129 1012 2171; x_wconf 80' lang='lat' dir='ltr'><strong>Dominus:</strong></span> 
     </span>
     <span class='ocr_line' id='line_1_38' title="bbox 193 2182 827 2233; baseline 0.005 -11"><span class='ocrx_word' id='word_1_160' title='bbox 193 2182 266 2233; x_wconf 95' lang='lat' dir='ltr'><strong>qui</strong></span> <span class='ocrx_word' id='word_1_161' title='bbox 285 2182 469 2233; x_wconf 87' lang='lat' dir='ltr'><strong>diligunt</strong></span> <span class='ocrx_word' id='word_1_162' title='bbox 487 2183 676 2225; x_wconf 79' lang='lat' dir='ltr'><strong>salutare</strong></span> <span class='ocrx_word' id='word_1_163' title='bbox 694 2189 827 2225; x_wconf 90' lang='lat' dir='ltr'><strong>tuum.</strong></span> 
     </span>
    </p>

    <p class='ocr_par' dir='ltr' id='par_1_14' title="bbox 190 2238 1013 2391">
     <span class='ocr_line' id='line_1_39' title="bbox 242 2238 1013 2289; baseline 0.005 -10"><span class='ocrx_word' id='word_1_164' title='bbox 242 2238 337 2289; x_wconf 89' lang='lat' dir='ltr'><strong>Ego</strong></span> <span class='ocrx_word' id='word_1_165' title='bbox 379 2244 525 2281; x_wconf 92' lang='lat' dir='ltr'><strong>autem</strong></span> <span class='ocrx_word' id='word_1_166' title='bbox 566 2240 792 2282; x_wconf 90' lang='lat' dir='ltr'><strong>mendicus</strong></span> <span class='ocrx_word' id='word_1_167' title='bbox 833 2254 929 2282; x_wconf 93' lang='lat' dir='ltr'><strong>sum</strong></span> <span class='ocrx_word' id='word_1_168' title='bbox 970 2246 1013 2283; x_wconf 91' lang='lat' dir='ltr'><strong>et</strong></span> 
     </span>
     <span class='ocr_line' id='line_1_40' title="bbox 191 2297 1013 2359; baseline 0.007 -25"><span class='ocrx_word' id='word_1_169' title='bbox 191 2306 372 2359; x_wconf 80' lang='lat' dir='ltr'><strong>pauper:</strong></span> <span class='ocrx_word' id='word_1_170' title='bbox 403 2297 427 2323; x_wconf 85' lang='lat'>*</span> <span class='ocrx_word' id='word_1_171' title='bbox 455 2297 670 2338; x_wconf 74' lang='lat' dir='ltr'><strong>Deminus</strong></span> <span class='ocrx_word' id='word_1_172' title='bbox 704 2297 915 2339; x_wconf 90' lang='lat' dir='ltr'><strong>sollicitus</strong></span> <span class='ocrx_word' id='word_1_173' title='bbox 947 2303 1013 2340; x_wconf 85' lang='lat' dir='ltr'><strong>est</strong></span> 
     </span>
     <span class='ocr_line' id='line_1_41' title="bbox 190 2363 287 2391; baseline 0 -1"><span class='ocrx_word' id='word_1_174' title='bbox 190 2363 287 2391; x_wconf 79' lang='lat' dir='ltr'><strong>mel.</strong></span> 
     </span>
    </p>

    <p class='ocr_par' dir='ltr' id='par_1_15' title="bbox 191 2406 1011 2510">
     <span class='ocr_line' id='line_1_42' title="bbox 242 2406 1011 2463; baseline 0.008 -16"><span class='ocrx_word' id='word_1_175' title='bbox 242 2406 429 2458; x_wconf 81' lang='lat' dir='ltr'><strong>Adjutor</strong></span> <span class='ocrx_word' id='word_1_176' title='bbox 442 2421 574 2459; x_wconf 87' lang='lat' dir='ltr'><strong>meus,</strong></span> <span class='ocrx_word' id='word_1_177' title='bbox 591 2414 634 2451; x_wconf 92' lang='lat' dir='ltr'><strong>et</strong></span> <span class='ocrx_word' id='word_1_178' title='bbox 649 2412 876 2463; x_wconf 86' lang='lat' dir='ltr'><strong>protector</strong></span> <span class='ocrx_word' id='word_1_179' title='bbox 888 2425 1011 2453; x_wconf 91' lang='lat' dir='ltr'><strong>meus</strong></span> 
     </span>
     <span class='ocr_line' id='line_1_43' title="bbox 191 2464 982 2510; baseline 0.008 -6"><span class='ocrx_word' id='word_1_180' title='bbox 191 2467 239 2504; x_wconf 86' lang='lat' dir='ltr'><strong>tu</strong></span> <span class='ocrx_word' id='word_1_181' title='bbox 259 2475 318 2504; x_wconf 94' lang='lat' dir='ltr'><strong>es:</strong></span> <span class='ocrx_word' id='word_1_182' title='bbox 337 2465 361 2490; x_wconf 90' lang='lat'>*</span> <span class='ocrx_word' id='word_1_183' title='bbox 379 2464 498 2506; x_wconf 91' lang='lat' dir='ltr'><strong>Deus</strong></span> <span class='ocrx_word' id='word_1_184' title='bbox 517 2479 639 2507; x_wconf 91' lang='lat' dir='ltr'><strong>meus</strong></span> <span class='ocrx_word' id='word_1_185' title='bbox 657 2479 712 2508; x_wconf 91' lang='lat' dir='ltr'><strong>ne</strong></span> <span class='ocrx_word' id='word_1_186' title='bbox 730 2467 982 2510; x_wconf 89' lang='lat' dir='ltr'><strong>tardaveris.</strong></span> 
     </span>
    </p>

    <p class='ocr_par' dir='ltr' id='par_1_16' title="bbox 243 2519 694 2571">
     <span class='ocr_line' id='line_1_44' title="bbox 243 2519 694 2571; baseline 0.009 -11"><span class='ocrx_word' id='word_1_187' title='bbox 243 2519 458 2571; x_wconf 88' lang='lat' dir='ltr'><strong>Requiem</strong></span> <span class='ocrx_word' id='word_1_188' title='bbox 478 2523 694 2564; x_wconf 81' lang='lat' dir='ltr'><strong>aeternam.</strong></span> 
     </span>
    </p>

    <p class='ocr_par' dir='ltr' id='par_1_17' title="bbox 192 2578 1011 2742">
     <span class='ocr_line' id='line_1_45' title="bbox 245 2578 1011 2631; baseline 0.007 -15"><span class='ocrx_word' id='word_1_189' title='bbox 245 2578 341 2618; x_wconf 81' lang='lat' dir='ltr'><strong>Ant.</strong></span> <span class='ocrx_word' id='word_1_190' title='bbox 385 2578 667 2629; x_wconf 87' lang='lat' dir='ltr'><strong>Complaceat</strong></span> <span class='ocrx_word' id='word_1_191' title='bbox 698 2579 778 2621; x_wconf 89' lang='lat' dir='ltr'><strong>tibi</strong></span> <span class='ocrx_word' id='word_1_192' title='bbox 813 2580 1011 2631; x_wconf 84' lang='lat' dir='ltr'><strong>Domine,</strong></span> 
     </span>
     <span class='ocr_line' id='line_1_46' title="bbox 192 2634 1010 2689; baseline 0.004 -14"><span class='ocrx_word' id='word_1_193' title='bbox 192 2638 239 2675; x_wconf 93' lang='lat' dir='ltr'><strong>ut</strong></span> <span class='ocrx_word' id='word_1_194' title='bbox 259 2634 416 2686; x_wconf 82' lang='lat' dir='ltr'><strong>eripias</strong></span> <span class='ocrx_word' id='word_1_195' title='bbox 435 2646 518 2675; x_wconf 89' lang='lat' dir='ltr'><strong>me:</strong></span> <span class='ocrx_word' id='word_1_196' title='bbox 537 2634 722 2677; x_wconf 70' lang='lat' dir='ltr'><strong>Domine</strong></span> <span class='ocrx_word' id='word_1_197' title='bbox 738 2635 794 2678; x_wconf 89' lang='lat' dir='ltr'><strong>ad</strong></span> <span class='ocrx_word' id='word_1_198' title='bbox 809 2636 1010 2689; x_wconf 88' lang='lat' dir='ltr'><strong>adjuvan-</strong></span> 
     </span>
     <span class='ocr_line' id='line_1_47' title="bbox 195 2690 584 2742; baseline 0.003 -11"><span class='ocrx_word' id='word_1_199' title='bbox 195 2690 298 2731; x_wconf 91' lang='lat' dir='ltr'><strong>dum</strong></span> <span class='ocrx_word' id='word_1_200' title='bbox 316 2703 386 2732; x_wconf 91' lang='lat' dir='ltr'><strong>me</strong></span> <span class='ocrx_word' id='word_1_201' title='bbox 405 2690 584 2742; x_wconf 78' lang='lat' dir='ltr'><strong>respice.</strong></span> 
     </span>
    </p>
   </div>
   <div class='ocr_carea' id='block_1_5' title="bbox 1062 261 1929 2735">
    <p class='ocr_par' dir='ltr' id='par_1_18' title="bbox 1062 261 1888 586">
     <span class='ocr_line' id='line_1_48' title="bbox 1116 261 1888 304; baseline 0 -2"><span class='ocrx_word' id='word_1_202' title='bbox 1116 263 1215 302; x_wconf 84' lang='lat' dir='ltr'><strong>Ant.</strong></span> <span class='ocrx_word' id='word_1_203' title='bbox 1261 261 1377 302; x_wconf 88' lang='lat' dir='ltr'><strong>Sana</strong></span> <span class='ocrx_word' id='word_1_204' title='bbox 1414 261 1600 304; x_wconf 82' lang='lat' dir='ltr'><strong>Domine</strong></span> <span class='ocrx_word' id='word_1_205' title='bbox 1636 262 1660 288; x_wconf 83' lang='lat'>*</span> <span class='ocrx_word' id='word_1_206' title='bbox 1701 262 1888 303; x_wconf 89' lang='lat' dir='ltr'><strong>animam</strong></span> 
     </span>
     <span class='ocr_line' id='line_1_49' title="bbox 1062 317 1645 370; baseline 0.007 -14"><span class='ocrx_word' id='word_1_207' title='bbox 1062 328 1215 367; x_wconf 89' lang='lat' dir='ltr'><strong>meam,</strong></span> <span class='ocrx_word' id='word_1_208' title='bbox 1236 317 1337 370; x_wconf 90' lang='lat' dir='ltr'><strong>quia</strong></span> <span class='ocrx_word' id='word_1_209' title='bbox 1354 319 1538 370; x_wconf 88' lang='lat' dir='ltr'><strong>peccavi</strong></span> <span class='ocrx_word' id='word_1_210' title='bbox 1554 318 1645 360; x_wconf 89' lang='lat' dir='ltr'><strong>tibi.</strong></span> 
     </span>
     <span class='ocr_line' id='line_1_50' title="bbox 1334 375 1620 417; baseline 0.007 -2"><span class='ocrx_word' id='word_1_211' title='bbox 1334 375 1531 417; x_wconf 79' lang='lat' dir='ltr'><strong>Psalmus</strong></span> <span class='ocrx_word' id='word_1_212' title='bbox 1550 378 1620 417; x_wconf 81' lang='lat'><strong>40.</strong></span> 
     </span>
     <span class='ocr_line' id='line_1_51' title="bbox 1066 427 1887 534; baseline 0 -62"><span class='ocrx_word' id='word_1_213' title='bbox 1066 427 1274 534; x_wconf 85' lang='lat' dir='ltr'><strong>Beatus</strong></span> <span class='ocrx_word' id='word_1_214' title='bbox 1301 431 1375 486; x_wconf 89' lang='lat' dir='ltr'><strong>qui</strong></span> <span class='ocrx_word' id='word_1_215' title='bbox 1407 430 1608 482; x_wconf 88' lang='lat' dir='ltr'><strong>intelligit</strong></span> <span class='ocrx_word' id='word_1_216' title='bbox 1633 443 1764 484; x_wconf 90' lang='lat' dir='ltr'><strong>super</strong></span> <span class='ocrx_word' id='word_1_217' title='bbox 1792 433 1887 483; x_wconf 89' lang='lat' dir='ltr'><strong>ege-</strong></span> 
     </span>
     <span class='ocr_line' id='line_1_52' title="bbox 1157 487 1888 540; baseline 0.004 -13"><span class='ocrx_word' id='word_1_218' title='bbox 1157 501 1276 538; x_wconf 88' lang='lat' dir='ltr'><strong>num,</strong></span> <span class='ocrx_word' id='word_1_219' title='bbox 1315 492 1359 530; x_wconf 90' lang='lat' dir='ltr'><strong>et</strong></span> <span class='ocrx_word' id='word_1_220' title='bbox 1394 491 1650 540; x_wconf 78' lang='lat' dir='ltr'><strong>pauperem:</strong></span> <span class='ocrx_word' id='word_1_221' title='bbox 1681 488 1705 514; x_wconf 80' lang='grc'>*</span> <span class='ocrx_word' id='word_1_222' title='bbox 1738 488 1783 529; x_wconf 93' lang='lat' dir='ltr'><strong>in</strong></span> <span class='ocrx_word' id='word_1_223' title='bbox 1817 487 1888 530; x_wconf 90' lang='lat' dir='ltr'><strong>die</strong></span> 
     </span>
     <span class='ocr_line' id='line_1_53' title="bbox 1063 543 1762 586; baseline 0.001 -2"><span class='ocrx_word' id='word_1_224' title='bbox 1063 543 1177 584; x_wconf 87' lang='lat' dir='ltr'><strong>mala</strong></span> <span class='ocrx_word' id='word_1_225' title='bbox 1195 543 1399 586; x_wconf 78' lang='lat' dir='ltr'><strong>liberabit</strong></span> <span class='ocrx_word' id='word_1_226' title='bbox 1419 557 1518 586; x_wconf 92' lang='lat' dir='ltr'><strong>eum</strong></span> <span class='ocrx_word' id='word_1_227' title='bbox 1536 544 1762 585; x_wconf 76' lang='lat' dir='ltr'><strong>Deminus.</strong></span> 
     </span>
    </p>

    <p class='ocr_par' dir='ltr' id='par_1_19' title="bbox 1064 600 1888 823">
     <span class='ocr_line' id='line_1_54' title="bbox 1115 600 1887 651; baseline 0.001 -10"><span class='ocrx_word' id='word_1_228' title='bbox 1115 600 1328 643; x_wconf 84' lang='lat' dir='ltr'><strong>Dominus</strong></span> <span class='ocrx_word' id='word_1_229' title='bbox 1349 603 1580 643; x_wconf 90' lang='lat' dir='ltr'><strong>conservet</strong></span> <span class='ocrx_word' id='word_1_230' title='bbox 1599 613 1708 651; x_wconf 88' lang='lat' dir='ltr'><strong>eum,</strong></span> <span class='ocrx_word' id='word_1_231' title='bbox 1727 605 1772 642; x_wconf 90' lang='lat' dir='ltr'><strong>et</strong></span> <span class='ocrx_word' id='word_1_232' title='bbox 1785 601 1887 642; x_wconf 88' lang='lat' dir='ltr'><strong>vivi-</strong></span> 
     </span>
     <span class='ocr_line' id='line_1_55' title="bbox 1064 657 1887 708; baseline 0.001 -11"><span class='ocrx_word' id='word_1_233' title='bbox 1064 657 1166 699; x_wconf 91' lang='lat' dir='ltr'><strong>ficet</strong></span> <span class='ocrx_word' id='word_1_234' title='bbox 1185 670 1294 708; x_wconf 91' lang='lat' dir='ltr'><strong>eum,</strong></span> <span class='ocrx_word' id='word_1_235' title='bbox 1319 663 1362 700; x_wconf 91' lang='lat' dir='ltr'><strong>et</strong></span> <span class='ocrx_word' id='word_1_236' title='bbox 1380 657 1559 699; x_wconf 89' lang='lat' dir='ltr'><strong>beatum</strong></span> <span class='ocrx_word' id='word_1_237' title='bbox 1577 657 1708 699; x_wconf 89' lang='lat' dir='ltr'><strong>faciat</strong></span> <span class='ocrx_word' id='word_1_238' title='bbox 1727 670 1826 699; x_wconf 89' lang='lat' dir='ltr'><strong>eum</strong></span> <span class='ocrx_word' id='word_1_239' title='bbox 1843 657 1887 698; x_wconf 92' lang='lat' dir='ltr'><strong>in</strong></span> 
     </span>
     <span class='ocr_line' id='line_1_56' title="bbox 1064 712 1888 756; baseline 0 -1"><span class='ocrx_word' id='word_1_240' title='bbox 1064 718 1196 755; x_wconf 88' lang='lat' dir='ltr'><strong>terra:</strong></span> <span class='ocrx_word' id='word_1_241' title='bbox 1215 714 1238 739; x_wconf 86' lang='lat'>*</span> <span class='ocrx_word' id='word_1_242' title='bbox 1259 719 1302 756; x_wconf 87' lang='lat' dir='ltr'><strong>et</strong></span> <span class='ocrx_word' id='word_1_243' title='bbox 1327 727 1415 756; x_wconf 92' lang='lat' dir='ltr'><strong>non</strong></span> <span class='ocrx_word' id='word_1_244' title='bbox 1440 712 1586 756; x_wconf 87' lang='lat' dir='ltr'><strong>tradat</strong></span> <span class='ocrx_word' id='word_1_245' title='bbox 1611 726 1711 755; x_wconf 88' lang='lat' dir='ltr'><strong>eum</strong></span> <span class='ocrx_word' id='word_1_246' title='bbox 1734 714 1779 754; x_wconf 92' lang='lat' dir='ltr'><strong>in</strong></span> <span class='ocrx_word' id='word_1_247' title='bbox 1803 714 1888 755; x_wconf 91' lang='lat' dir='ltr'><strong>ani-</strong></span> 
     </span>
     <span class='ocr_line' id='line_1_57' title="bbox 1064 771 1592 823; baseline 0 -12"><span class='ocrx_word' id='word_1_248' title='bbox 1064 783 1180 811; x_wconf 91' lang='lat' dir='ltr'><strong>mam</strong></span> <span class='ocrx_word' id='word_1_249' title='bbox 1199 771 1472 812; x_wconf 74' lang='lat' dir='ltr'><strong>inimicOrum</strong></span> <span class='ocrx_word' id='word_1_250' title='bbox 1491 771 1592 823; x_wconf 88' lang='lat' dir='ltr'><strong>ejus.</strong></span> 
     </span>
    </p>

    <p class='ocr_par' dir='ltr' id='par_1_20' title="bbox 1063 826 1929 1048">
     <span class='ocr_line' id='line_1_58' title="bbox 1115 826 1890 880; baseline 0 -12"><span class='ocrx_word' id='word_1_251' title='bbox 1115 827 1330 868; x_wconf 73' lang='lat' dir='ltr'><strong>Deminus</strong></span> <span class='ocrx_word' id='word_1_252' title='bbox 1363 840 1494 880; x_wconf 93' lang='lat' dir='ltr'><strong>opem</strong></span> <span class='ocrx_word' id='word_1_253' title='bbox 1526 827 1638 868; x_wconf 86' lang='lat' dir='ltr'><strong>ferat</strong></span> <span class='ocrx_word' id='word_1_254' title='bbox 1669 826 1731 867; x_wconf 91' lang='lat' dir='ltr'><strong>illi</strong></span> <span class='ocrx_word' id='word_1_255' title='bbox 1759 839 1890 879; x_wconf 90' lang='lat' dir='ltr'><strong>super</strong></span> 
     </span>
     <span class='ocr_line' id='line_1_59' title="bbox 1063 882 1889 935; baseline 0.001 -12"><span class='ocrx_word' id='word_1_256' title='bbox 1063 882 1225 925; x_wconf 89' lang='lat' dir='ltr'><strong>lectum</strong></span> <span class='ocrx_word' id='word_1_257' title='bbox 1257 882 1423 925; x_wconf 85' lang='lat' dir='ltr'><strong>doloris</strong></span> <span class='ocrx_word' id='word_1_258' title='bbox 1456 884 1561 935; x_wconf 87' lang='lat' dir='ltr'><strong>ejus:</strong></span> <span class='ocrx_word' id='word_1_259' title='bbox 1589 884 1612 910; x_wconf 86' lang='lat'>*</span> <span class='ocrx_word' id='word_1_260' title='bbox 1639 883 1889 924; x_wconf 86' lang='lat' dir='ltr'><strong>universum</strong></span> 
     </span>
     <span class='ocr_line' id='line_1_60' title="bbox 1066 939 1929 993; baseline 0.001 -13"><span class='ocrx_word' id='word_1_261' title='bbox 1066 944 1251 982; x_wconf 88' lang='lat' dir='ltr'><strong>stratum</strong></span> <span class='ocrx_word' id='word_1_262' title='bbox 1272 941 1361 993; x_wconf 93' lang='lat' dir='ltr'><strong>ejus</strong></span> <span class='ocrx_word' id='word_1_263' title='bbox 1380 940 1566 982; x_wconf 80' lang='lat' dir='ltr'><strong>versasti</strong></span> <span class='ocrx_word' id='word_1_264' title='bbox 1580 939 1624 980; x_wconf 92' lang='lat' dir='ltr'><strong>in</strong></span> <span class='ocrx_word' id='word_1_265' title='bbox 1637 939 1889 981; x_wconf 86' lang='lat' dir='ltr'><strong>infirmitate</strong></span> <span class='ocrx_word' id='word_1_266' title='bbox 1923 966 1929 971; x_wconf 81' lang='lat'><em>-</em></span> 
     </span>
     <span class='ocr_line' id='line_1_61' title="bbox 1066 1009 1167 1048; baseline -0.01 -10"><span class='ocrx_word' id='word_1_267' title='bbox 1066 1009 1167 1048; x_wconf 74' lang='lat' dir='ltr'><strong>ejus.</strong></span> 
     </span>
    </p>

    <p class='ocr_par' dir='ltr' id='par_1_21' title="bbox 1065 1052 1924 1209">
     <span class='ocr_line' id='line_1_62' title="bbox 1117 1052 1889 1104; baseline -0.001 -10"><span class='ocrx_word' id='word_1_268' title='bbox 1117 1053 1212 1104; x_wconf 90' lang='lat' dir='ltr'><strong>Ego</strong></span> <span class='ocrx_word' id='word_1_269' title='bbox 1233 1052 1337 1095; x_wconf 83' lang='lat' dir='ltr'><strong>dixi:</strong></span> <span class='ocrx_word' id='word_1_270' title='bbox 1355 1053 1544 1095; x_wconf 73' lang='lat' dir='ltr'><strong>Demine</strong></span> <span class='ocrx_word' id='word_1_271' title='bbox 1562 1053 1770 1095; x_wconf 89' lang='lat' dir='ltr'><strong>miserere</strong></span> <span class='ocrx_word' id='word_1_272' title='bbox 1787 1052 1889 1094; x_wconf 91' lang='lat' dir='ltr'><strong>mei:</strong></span> 
     </span>
     <span class='ocr_line' id='line_1_63' title="bbox 1065 1109 1888 1162; baseline 0 -11"><span class='ocrx_word' id='word_1_273' title='bbox 1065 1113 1088 1138; x_wconf 88' lang='lat'>*</span> <span class='ocrx_word' id='word_1_274' title='bbox 1117 1123 1222 1151; x_wconf 89' lang='lat' dir='ltr'><strong>sana</strong></span> <span class='ocrx_word' id='word_1_275' title='bbox 1251 1110 1440 1151; x_wconf 88' lang='lat' dir='ltr'><strong>animam</strong></span> <span class='ocrx_word' id='word_1_276' title='bbox 1466 1122 1624 1159; x_wconf 91' lang='lat' dir='ltr'><strong>meam,</strong></span> <span class='ocrx_word' id='word_1_277' title='bbox 1657 1109 1759 1161; x_wconf 91' lang='lat' dir='ltr'><strong>quia</strong></span> <span class='ocrx_word' id='word_1_278' title='bbox 1789 1121 1888 1162; x_wconf 88' lang='lat' dir='ltr'><strong>pec-</strong></span> 
     </span>
     <span class='ocr_line' id='line_1_64' title="bbox 1066 1166 1924 1209; baseline -0.01 0"><span class='ocrx_word' id='word_1_279' title='bbox 1066 1167 1162 1209; x_wconf 90' lang='lat' dir='ltr'><strong>cavi</strong></span> <span class='ocrx_word' id='word_1_280' title='bbox 1181 1166 1271 1208; x_wconf 87' lang='lat' dir='ltr'><strong>tibi.</strong></span> <span class='ocrx_word' id='word_1_281' title='bbox 1922 1167 1924 1170; x_wconf 74' lang='grc'>’</span> 
     </span>
    </p>

    <p class='ocr_par' dir='ltr' id='par_1_22' title="bbox 1065 1221 1889 1388">
     <span class='ocr_line' id='line_1_65' title="bbox 1116 1221 1888 1265; baseline -0.004 -1"><span class='ocrx_word' id='word_1_282' title='bbox 1116 1223 1285 1265; x_wconf 82' lang='lat' dir='ltr'><strong>Inimici</strong></span> <span class='ocrx_word' id='word_1_283' title='bbox 1308 1223 1395 1265; x_wconf 93' lang='lat' dir='ltr'><strong>mei</strong></span> <span class='ocrx_word' id='word_1_284' title='bbox 1417 1223 1620 1265; x_wconf 86' lang='lat' dir='ltr'><strong>dixerunt</strong></span> <span class='ocrx_word' id='word_1_285' title='bbox 1637 1222 1751 1264; x_wconf 88' lang='lat' dir='ltr'><strong>mala</strong></span> <span class='ocrx_word' id='word_1_286' title='bbox 1768 1221 1888 1263; x_wconf 90' lang='lat' dir='ltr'><strong>mihi:</strong></span> 
     </span>
     <span class='ocr_line' id='line_1_66' title="bbox 1065 1278 1889 1333; baseline -0.001 -12"><span class='ocrx_word' id='word_1_287' title='bbox 1065 1281 1089 1306; x_wconf 90' lang='lat'>*</span> <span class='ocrx_word' id='word_1_288' title='bbox 1111 1279 1284 1333; x_wconf 91' lang='lat' dir='ltr'><strong>quando</strong></span> <span class='ocrx_word' id='word_1_289' title='bbox 1309 1280 1536 1330; x_wconf 86' lang='lat' dir='ltr'><strong>morietur,</strong></span> <span class='ocrx_word' id='word_1_290' title='bbox 1565 1284 1609 1321; x_wconf 89' lang='lat' dir='ltr'><strong>et</strong></span> <span class='ocrx_word' id='word_1_291' title='bbox 1630 1278 1791 1332; x_wconf 87' lang='lat' dir='ltr'><strong>peribit</strong></span> <span class='ocrx_word' id='word_1_292' title='bbox 1813 1290 1889 1320; x_wconf 92' lang='lat' dir='ltr'><strong>no-</strong></span> 
     </span>
     <span class='ocr_line' id='line_1_67' title="bbox 1065 1336 1296 1388; baseline 0.004 -11"><span class='ocrx_word' id='word_1_293' title='bbox 1065 1349 1165 1378; x_wconf 92' lang='lat' dir='ltr'><strong>men</strong></span> <span class='ocrx_word' id='word_1_294' title='bbox 1185 1336 1296 1388; x_wconf 85' lang='lat' dir='ltr'><strong>ejus?</strong></span> 
     </span>
    </p>

    <p class='ocr_par' dir='ltr' id='par_1_23' title="bbox 1065 1390 1890 1558">
     <span class='ocr_line' id='line_1_68' title="bbox 1116 1390 1890 1444; baseline -0.004 -9"><span class='ocrx_word' id='word_1_295' title='bbox 1116 1393 1174 1435; x_wconf 89' lang='lat' dir='ltr'><strong>Et</strong></span> <span class='ocrx_word' id='word_1_296' title='bbox 1206 1393 1243 1434; x_wconf 91' lang='lat' dir='ltr'><strong>si</strong></span> <span class='ocrx_word' id='word_1_297' title='bbox 1273 1392 1600 1444; x_wconf 88' lang='lat' dir='ltr'><strong>ingrediebatur</strong></span> <span class='ocrx_word' id='word_1_298' title='bbox 1630 1397 1679 1434; x_wconf 91' lang='lat' dir='ltr'><strong>ut</strong></span> <span class='ocrx_word' id='word_1_299' title='bbox 1709 1390 1890 1441; x_wconf 85' lang='lat' dir='ltr'><strong>videret,</strong></span> 
     </span>
     <span class='ocr_line' id='line_1_69' title="bbox 1065 1448 1889 1502; baseline -0.004 -11"><span class='ocrx_word' id='word_1_300' title='bbox 1065 1462 1177 1491; x_wconf 89' lang='lat' dir='ltr'><strong>vana</strong></span> <span class='ocrx_word' id='word_1_301' title='bbox 1204 1448 1485 1502; x_wconf 80' lang='lat' dir='ltr'><strong>loquebatur,</strong></span> <span class='ocrx_word' id='word_1_302' title='bbox 1513 1450 1536 1475; x_wconf 87' lang='lat'>*</span> <span class='ocrx_word' id='word_1_303' title='bbox 1564 1461 1641 1491; x_wconf 91' lang='lat' dir='ltr'><strong>cor</strong></span> <span class='ocrx_word' id='word_1_304' title='bbox 1671 1449 1762 1501; x_wconf 92' lang='lat' dir='ltr'><strong>ejus</strong></span> <span class='ocrx_word' id='word_1_305' title='bbox 1788 1460 1889 1489; x_wconf 89' lang='lat' dir='ltr'><strong>con-</strong></span> 
     </span>
     <span class='ocr_line' id='line_1_70' title="bbox 1065 1505 1666 1558; baseline -0.002 -11"><span class='ocrx_word' id='word_1_306' title='bbox 1065 1506 1263 1558; x_wconf 81' lang='lat' dir='ltr'><strong>gregavit</strong></span> <span class='ocrx_word' id='word_1_307' title='bbox 1281 1506 1554 1558; x_wconf 87' lang='lat' dir='ltr'><strong>iniquitatem</strong></span> <span class='ocrx_word' id='word_1_308' title='bbox 1574 1505 1666 1547; x_wconf 89' lang='lat' dir='ltr'><strong>sibi.</strong></span> 
     </span>
    </p>

    <p class='ocr_par' dir='ltr' id='par_1_24' title="bbox 1065 1561 1889 1672">
     <span class='ocr_line' id='line_1_71' title="bbox 1117 1561 1889 1614; baseline -0.003 -10"><span class='ocrx_word' id='word_1_309' title='bbox 1117 1562 1436 1613; x_wconf 86' lang='lat' dir='ltr'><strong>Egrediebatur</strong></span> <span class='ocrx_word' id='word_1_310' title='bbox 1462 1562 1598 1612; x_wconf 85' lang='lat' dir='ltr'><strong>foras,</strong></span> <span class='ocrx_word' id='word_1_311' title='bbox 1620 1564 1644 1589; x_wconf 87' lang='lat'>*</span> <span class='ocrx_word' id='word_1_312' title='bbox 1670 1566 1714 1604; x_wconf 91' lang='lat' dir='ltr'><strong>et</strong></span> <span class='ocrx_word' id='word_1_313' title='bbox 1740 1561 1889 1614; x_wconf 92' lang='lat' dir='ltr'><strong>loque-</strong></span> 
     </span>
     <span class='ocr_line' id='line_1_72' title="bbox 1065 1618 1474 1672; baseline -0.002 -11"><span class='ocrx_word' id='word_1_314' title='bbox 1065 1619 1193 1661; x_wconf 92' lang='lat' dir='ltr'><strong>batur</strong></span> <span class='ocrx_word' id='word_1_315' title='bbox 1210 1619 1254 1660; x_wconf 92' lang='lat' dir='ltr'><strong>in</strong></span> <span class='ocrx_word' id='word_1_316' title='bbox 1272 1618 1474 1672; x_wconf 82' lang='lat' dir='ltr'><strong>idipsum.</strong></span> 
     </span>
    </p>

    <p class='ocr_par' dir='ltr' id='par_1_25' title="bbox 1065 1674 1889 1840">
     <span class='ocr_line' id='line_1_73' title="bbox 1117 1674 1889 1718; baseline -0.001 -1"><span class='ocrx_word' id='word_1_317' title='bbox 1117 1675 1367 1718; x_wconf 77' lang='lat' dir='ltr'><strong>Adversum</strong></span> <span class='ocrx_word' id='word_1_318' title='bbox 1407 1689 1477 1717; x_wconf 92' lang='lat' dir='ltr'><strong>me</strong></span> <span class='ocrx_word' id='word_1_319' title='bbox 1519 1674 1805 1717; x_wconf 87' lang='lat' dir='ltr'><strong>susurrabant</strong></span> <span class='ocrx_word' id='word_1_320' title='bbox 1845 1687 1889 1716; x_wconf 95' lang='lat' dir='ltr'><strong>o-</strong></span> 
     </span>
     <span class='ocr_line' id='line_1_74' title="bbox 1065 1731 1889 1774; baseline -0.002 0"><span class='ocrx_word' id='word_1_321' title='bbox 1065 1745 1188 1774; x_wconf 89' lang='lat' dir='ltr'><strong>mnes</strong></span> <span class='ocrx_word' id='word_1_322' title='bbox 1213 1732 1374 1774; x_wconf 92' lang='lat' dir='ltr'><strong>inimici</strong></span> <span class='ocrx_word' id='word_1_323' title='bbox 1396 1733 1497 1774; x_wconf 90' lang='lat' dir='ltr'><strong>mei:</strong></span> <span class='ocrx_word' id='word_1_324' title='bbox 1515 1733 1539 1759; x_wconf 88' lang='grc'><em>*</em></span> <span class='ocrx_word' id='word_1_325' title='bbox 1563 1731 1797 1774; x_wconf 87' lang='lat' dir='ltr'><strong>adversum</strong></span> <span class='ocrx_word' id='word_1_326' title='bbox 1819 1743 1889 1773; x_wconf 91' lang='lat' dir='ltr'><strong>me</strong></span> 
     </span>
     <span class='ocr_line' id='line_1_75' title="bbox 1067 1788 1589 1840; baseline -0.002 -9"><span class='ocrx_word' id='word_1_327' title='bbox 1067 1788 1321 1840; x_wconf 89' lang='lat' dir='ltr'><strong>cogitabant</strong></span> <span class='ocrx_word' id='word_1_328' title='bbox 1339 1789 1454 1830; x_wconf 91' lang='lat' dir='ltr'><strong>mala</strong></span> <span class='ocrx_word' id='word_1_329' title='bbox 1472 1789 1589 1830; x_wconf 87' lang='lat' dir='ltr'><strong>mihi.</strong></span> 
     </span>
    </p>

    <p class='ocr_par' dir='ltr' id='par_1_26' title="bbox 1065 1845 1891 2011">
     <span class='ocr_line' id='line_1_76' title="bbox 1116 1845 1891 1898; baseline -0.001 -11"><span class='ocrx_word' id='word_1_330' title='bbox 1116 1845 1314 1888; x_wconf 86' lang='lat' dir='ltr'><strong>Verbum</strong></span> <span class='ocrx_word' id='word_1_331' title='bbox 1344 1845 1541 1898; x_wconf 89' lang='lat' dir='ltr'><strong>iniquum</strong></span> <span class='ocrx_word' id='word_1_332' title='bbox 1572 1845 1891 1887; x_wconf 85' lang='lat' dir='ltr'><strong>constituerunt</strong></span> 
     </span>
     <span class='ocr_line' id='line_1_77' title="bbox 1066 1900 1888 1954; baseline -0.002 -10"><span class='ocrx_word' id='word_1_333' title='bbox 1066 1901 1298 1944; x_wconf 88' lang='lat' dir='ltr'><strong>adversum</strong></span> <span class='ocrx_word' id='word_1_334' title='bbox 1316 1915 1400 1944; x_wconf 92' lang='lat' dir='ltr'><strong>me:</strong></span> <span class='ocrx_word' id='word_1_335' title='bbox 1415 1904 1438 1930; x_wconf 86' lang='lat'>*</span> <span class='ocrx_word' id='word_1_336' title='bbox 1452 1901 1679 1954; x_wconf 90' lang='lat' dir='ltr'><strong>Numquid</strong></span> <span class='ocrx_word' id='word_1_337' title='bbox 1698 1901 1774 1953; x_wconf 92' lang='lat' dir='ltr'><strong>qui</strong></span> <span class='ocrx_word' id='word_1_338' title='bbox 1793 1900 1888 1943; x_wconf 91' lang='lat' dir='ltr'><strong>dor-</strong></span> 
     </span>
     <span class='ocr_line' id='line_1_78' title="bbox 1065 1956 1752 2011; baseline -0.003 -11"><span class='ocrx_word' id='word_1_339' title='bbox 1065 1959 1144 2001; x_wconf 91' lang='lat' dir='ltr'><strong>mit</strong></span> <span class='ocrx_word' id='word_1_340' title='bbox 1163 1972 1250 2001; x_wconf 90' lang='lat' dir='ltr'><strong>non</strong></span> <span class='ocrx_word' id='word_1_341' title='bbox 1270 1958 1442 2011; x_wconf 87' lang='lat' dir='ltr'><strong>adjiciet</strong></span> <span class='ocrx_word' id='word_1_342' title='bbox 1462 1964 1510 2001; x_wconf 94' lang='lat' dir='ltr'><strong>ut</strong></span> <span class='ocrx_word' id='word_1_343' title='bbox 1528 1956 1752 2009; x_wconf 80' lang='lat' dir='ltr'><strong>resurgat?</strong></span> 
     </span>
    </p>

    <p class='ocr_par' dir='ltr' id='par_1_27' title="bbox 1064 2014 1888 2227">
     <span class='ocr_line' id='line_1_79' title="bbox 1117 2014 1888 2069; baseline -0.001 -13"><span class='ocrx_word' id='word_1_344' title='bbox 1117 2016 1291 2058; x_wconf 91' lang='lat' dir='ltr'><strong>Etenim</strong></span> <span class='ocrx_word' id='word_1_345' title='bbox 1308 2016 1441 2057; x_wconf 90' lang='lat' dir='ltr'><strong>homo</strong></span> <span class='ocrx_word' id='word_1_346' title='bbox 1460 2016 1581 2069; x_wconf 91' lang='lat' dir='ltr'><strong>pacis</strong></span> <span class='ocrx_word' id='word_1_347' title='bbox 1599 2028 1721 2065; x_wconf 83' lang='lat' dir='ltr'><strong>meae,</strong></span> <span class='ocrx_word' id='word_1_348' title='bbox 1739 2014 1783 2055; x_wconf 91' lang='lat' dir='ltr'><strong>in</strong></span> <span class='ocrx_word' id='word_1_349' title='bbox 1801 2026 1888 2067; x_wconf 91' lang='lat' dir='ltr'><strong>quo</strong></span> 
     </span>
     <span class='ocr_line' id='line_1_80' title="bbox 1066 2071 1888 2125; baseline -0.004 -11"><span class='ocrx_word' id='word_1_350' title='bbox 1066 2073 1254 2125; x_wconf 86' lang='lat' dir='ltr'><strong>speravi:</strong></span> <span class='ocrx_word' id='word_1_351' title='bbox 1272 2073 1296 2099; x_wconf 86' lang='grc'>*</span> <span class='ocrx_word' id='word_1_352' title='bbox 1317 2073 1390 2125; x_wconf 88' lang='lat' dir='ltr'><strong>qui</strong></span> <span class='ocrx_word' id='word_1_353' title='bbox 1413 2071 1572 2115; x_wconf 87' lang='lat' dir='ltr'><strong>edebat</strong></span> <span class='ocrx_word' id='word_1_354' title='bbox 1596 2084 1732 2125; x_wconf 88' lang='lat' dir='ltr'><strong>panes</strong></span> <span class='ocrx_word' id='word_1_355' title='bbox 1754 2083 1888 2119; x_wconf 90' lang='lat' dir='ltr'><strong>meos,</strong></span> 
     </span>
     <span class='ocr_line' id='line_1_81' title="bbox 1064 2127 1888 2182; baseline -0.002 -12"><span class='ocrx_word' id='word_1_356' title='bbox 1064 2129 1360 2181; x_wconf 88' lang='lat' dir='ltr'><strong>magnificavit</strong></span> <span class='ocrx_word' id='word_1_357' title='bbox 1384 2142 1516 2182; x_wconf 89' lang='lat' dir='ltr'><strong>super</strong></span> <span class='ocrx_word' id='word_1_358' title='bbox 1545 2141 1615 2170; x_wconf 90' lang='lat' dir='ltr'><strong>me</strong></span> <span class='ocrx_word' id='word_1_359' title='bbox 1641 2127 1888 2180; x_wconf 90' lang='lat' dir='ltr'><strong>supplanta-</strong></span> 
     </span>
     <span class='ocr_line' id='line_1_82' title="bbox 1066 2186 1242 2227; baseline -0.006 0"><span class='ocrx_word' id='word_1_360' title='bbox 1066 2186 1242 2227; x_wconf 77' lang='lat' dir='ltr'><strong>tienem.</strong></span> 
     </span>
    </p>

    <p class='ocr_par' dir='ltr' id='par_1_28' title="bbox 1067 2240 1888 2341">
     <span class='ocr_line' id='line_1_83' title="bbox 1117 2240 1888 2290; baseline -0.005 -6"><span class='ocrx_word' id='word_1_361' title='bbox 1117 2243 1186 2283; x_wconf 94' lang='lat' dir='ltr'><strong>Tu</strong></span> <span class='ocrx_word' id='word_1_362' title='bbox 1205 2247 1350 2284; x_wconf 89' lang='lat' dir='ltr'><strong>autem</strong></span> <span class='ocrx_word' id='word_1_363' title='bbox 1363 2243 1552 2284; x_wconf 79' lang='lat' dir='ltr'><strong>Demine</strong></span> <span class='ocrx_word' id='word_1_364' title='bbox 1569 2242 1777 2282; x_wconf 89' lang='lat' dir='ltr'><strong>miserere</strong></span> <span class='ocrx_word' id='word_1_365' title='bbox 1791 2240 1888 2290; x_wconf 88' lang='lat' dir='ltr'><strong>mei,</strong></span> 
     </span>
     <span class='ocr_line' id='line_1_84' title="bbox 1067 2297 1888 2341; baseline -0.004 -1"><span class='ocrx_word' id='word_1_366' title='bbox 1067 2303 1110 2340; x_wconf 90' lang='lat' dir='ltr'><strong>et</strong></span> <span class='ocrx_word' id='word_1_367' title='bbox 1129 2299 1342 2340; x_wconf 82' lang='lat' dir='ltr'><strong>resuscita</strong></span> <span class='ocrx_word' id='word_1_368' title='bbox 1360 2312 1445 2341; x_wconf 88' lang='lat' dir='ltr'><strong>me:</strong></span> <span class='ocrx_word' id='word_1_369' title='bbox 1459 2300 1483 2325; x_wconf 74' lang='lat'><strong>*¹</strong></span> <span class='ocrx_word' id='word_1_370' title='bbox 1499 2303 1543 2340; x_wconf 90' lang='lat' dir='ltr'><strong>et</strong></span> <span class='ocrx_word' id='word_1_371' title='bbox 1559 2297 1799 2339; x_wconf 85' lang='lat' dir='ltr'><strong>retribuam</strong></span> <span class='ocrx_word' id='word_1_372' title='bbox 1816 2297 1888 2338; x_wconf 90' lang='lat' dir='ltr'><strong>eis.</strong></span> 
     </span>
    </p>

    <p class='ocr_par' dir='ltr' id='par_1_29' title="bbox 1065 2353 1889 2520">
     <span class='ocr_line' id='line_1_85' title="bbox 1117 2353 1888 2406; baseline -0.001 -11"><span class='ocrx_word' id='word_1_373' title='bbox 1117 2355 1168 2395; x_wconf 92' lang='lat' dir='ltr'><strong>In</strong></span> <span class='ocrx_word' id='word_1_374' title='bbox 1200 2355 1283 2397; x_wconf 88' lang='lat' dir='ltr'><strong>hoe</strong></span> <span class='ocrx_word' id='word_1_375' title='bbox 1317 2355 1504 2406; x_wconf 79' lang='lat' dir='ltr'><strong>cognevi</strong></span> <span class='ocrx_word' id='word_1_376' title='bbox 1537 2353 1741 2406; x_wconf 82' lang='lat' dir='ltr'><strong>quoniam</strong></span> <span class='ocrx_word' id='word_1_377' title='bbox 1768 2353 1888 2394; x_wconf 92' lang='lat' dir='ltr'><strong>volu-</strong></span> 
     </span>
     <span class='ocr_line' id='line_1_86' title="bbox 1066 2409 1889 2464; baseline 0 -12"><span class='ocrx_word' id='word_1_378' title='bbox 1066 2412 1137 2453; x_wconf 84' lang='lat' dir='ltr'><strong>isti</strong></span> <span class='ocrx_word' id='word_1_379' title='bbox 1167 2425 1252 2453; x_wconf 87' lang='lat' dir='ltr'><strong>me:</strong></span> <span class='ocrx_word' id='word_1_380' title='bbox 1276 2413 1299 2438; x_wconf 74' lang='lat'><strong>¹⁸¹</strong></span> <span class='ocrx_word' id='word_1_381' title='bbox 1326 2413 1532 2464; x_wconf 77' lang='lat' dir='ltr'><strong>queniam</strong></span> <span class='ocrx_word' id='word_1_382' title='bbox 1562 2423 1651 2451; x_wconf 92' lang='lat' dir='ltr'><strong>non</strong></span> <span class='ocrx_word' id='word_1_383' title='bbox 1682 2409 1889 2461; x_wconf 87' lang='lat' dir='ltr'><strong>gaudebit</strong></span> 
     </span>
     <span class='ocr_line' id='line_1_87' title="bbox 1065 2468 1652 2520; baseline -0.002 -12"><span class='ocrx_word' id='word_1_384' title='bbox 1065 2468 1263 2510; x_wconf 87' lang='lat' dir='ltr'><strong>inimicus</strong></span> <span class='ocrx_word' id='word_1_385' title='bbox 1281 2482 1403 2510; x_wconf 91' lang='lat' dir='ltr'><strong>meus</strong></span> <span class='ocrx_word' id='word_1_386' title='bbox 1422 2481 1554 2520; x_wconf 92' lang='lat' dir='ltr'><strong>super</strong></span> <span class='ocrx_word' id='word_1_387' title='bbox 1570 2479 1652 2508; x_wconf 87' lang='lat' dir='ltr'><strong>me.</strong></span> 
     </span>
    </p>

    <p class='ocr_par' dir='ltr' id='par_1_30' title="bbox 1066 2523 1889 2690">
     <span class='ocr_line' id='line_1_88' title="bbox 1116 2523 1889 2577; baseline -0.001 -12"><span class='ocrx_word' id='word_1_388' title='bbox 1116 2525 1187 2566; x_wconf 92' lang='lat' dir='ltr'><strong>Me</strong></span> <span class='ocrx_word' id='word_1_389' title='bbox 1213 2530 1358 2569; x_wconf 88' lang='lat' dir='ltr'><strong>autem</strong></span> <span class='ocrx_word' id='word_1_390' title='bbox 1387 2529 1572 2577; x_wconf 89' lang='lat' dir='ltr'><strong>propter</strong></span> <span class='ocrx_word' id='word_1_391' title='bbox 1595 2523 1889 2564; x_wconf 79' lang='lat' dir='ltr'><strong>innocentiam</strong></span> 
     </span>
     <span class='ocr_line' id='line_1_89' title="bbox 1066 2579 1888 2634; baseline -0.002 -12"><span class='ocrx_word' id='word_1_392' title='bbox 1066 2581 1313 2634; x_wconf 87' lang='lat' dir='ltr'><strong>suscepisti:</strong></span> <span class='ocrx_word' id='word_1_393' title='bbox 1331 2582 1355 2607; x_wconf 87' lang='lat'>*</span> <span class='ocrx_word' id='word_1_394' title='bbox 1380 2585 1424 2622; x_wconf 91' lang='lat' dir='ltr'><strong>et</strong></span> <span class='ocrx_word' id='word_1_395' title='bbox 1453 2580 1721 2621; x_wconf 89' lang='lat' dir='ltr'><strong>confirmasti</strong></span> <span class='ocrx_word' id='word_1_396' title='bbox 1746 2592 1817 2621; x_wconf 93' lang='lat' dir='ltr'><strong>me</strong></span> <span class='ocrx_word' id='word_1_397' title='bbox 1843 2579 1888 2620; x_wconf 93' lang='lat' dir='ltr'><strong>in</strong></span> 
     </span>
     <span class='ocr_line' id='line_1_90' title="bbox 1066 2636 1703 2690; baseline -0.003 -12"><span class='ocrx_word' id='word_1_398' title='bbox 1066 2639 1304 2690; x_wconf 89' lang='lat' dir='ltr'><strong>conspectu</strong></span> <span class='ocrx_word' id='word_1_399' title='bbox 1322 2642 1398 2678; x_wconf 93' lang='lat' dir='ltr'><strong>tuo</strong></span> <span class='ocrx_word' id='word_1_400' title='bbox 1418 2636 1462 2677; x_wconf 88' lang='lat' dir='ltr'><strong>in</strong></span> <span class='ocrx_word' id='word_1_401' title='bbox 1481 2638 1703 2678; x_wconf 89' lang='lat' dir='ltr'><strong>aeternum.</strong></span> 
     </span>
    </p>

    <p class='ocr_par' dir='ltr' id='par_1_31' title="bbox 1116 2693 1887 2735">
     <span class='ocr_line' id='line_1_91' title="bbox 1116 2693 1887 2735; baseline -0.003 0"><span class='ocrx_word' id='word_1_402' title='bbox 1116 2693 1380 2735; x_wconf 85' lang='lat' dir='ltr'><strong>Benedictus</strong></span> <span class='ocrx_word' id='word_1_403' title='bbox 1420 2693 1634 2734; x_wconf 85' lang='lat' dir='ltr'><strong>Dominus</strong></span> <span class='ocrx_word' id='word_1_404' title='bbox 1670 2693 1792 2735; x_wconf 90' lang='lat' dir='ltr'><strong>Deus</strong></span> <span class='ocrx_word' id='word_1_405' title='bbox 1827 2693 1887 2734; x_wconf 90' lang='lat' dir='ltr'><strong>Is-</strong></span> 
     </span>
    </p>
   </div>
  </div>
 </body>
</html>
