2040 2944
483 186 660 220 Officium
685 187 859 221 votivum
885 187 932 221 de
958 188 993 221 S.
1018 188 1167 231 Joseph
1194 187 1347 230 Sponso
1373 188 1414 221 B.
1440 188 1486 221 M.
1511 188 1554 221 Y.

210 280 428 331 Quoniam
462 285 510 322 tu
546 282 806 334 percussisti
837 294 989 324 omnes

157 336 444 393 adversantes
463 337 570 378 mihi
586 336 680 380 sine
695 351 841 379 causa:
851 340 875 365 *
888 338 988 380 den-

156 398 225 435 tes
244 395 531 446 peccatorum
550 394 810 435 contrivisti.

208 450 389 491 Domini
409 454 476 491 est
501 450 636 491 salus:
652 452 676 478 *
697 455 741 492 et
760 464 894 503 super
913 453 988 503 po-

156 506 310 559 pulum
327 511 452 548 tuum
469 506 722 553 benedictio
741 512 828 548 tua.

206 568 308 608 Ant.
344 568 463 609 Ecce
487 567 683 618 Angelus
707 568 885 609 Domini
915 581 988 620 ap-

156 624 303 676 paruit
332 624 377 664 in
410 624 575 666 somnis
606 624 791 676 Joseph,
823 624 990 666 dicens:

156 680 311 732 Surge,
344 686 388 722 et
415 681 567 733 accipe
596 684 800 733 puerum,
834 686 878 723 et
901 694 988 722 ma-

155 742 268 779 trem
287 738 390 790 ejus,
410 742 454 779 et
473 737 575 788 fuge
594 738 637 778 in
656 738 911 790 AEgyptum.

204 787 255 840 V.
274 793 530 836 Confitebor
540 794 705 835 nomini
715 800 804 836 tuo.
815 794 867 847 R.
882 795 991 844 Quo-

155 850 273 891 niam
306 850 480 902 adjutor
512 855 556 892 et
586 853 815 903 protector
848 851 987 893 factus

156 919 203 948 es
231 906 349 948 mihi.

203 967 409 1002 Lectiones
442 968 489 1002 de
520 967 719 1011 Scriptura
750 974 985 1004 occurrente.

203 1020 254 1072 R.
267 1020 292 1060 i.
318 1020 534 1062 Clamavit
548 1020 742 1073 populus
758 1021 814 1063 ad
828 1035 989 1072 regem,

155 1076 362 1118 alimenta
385 1081 557 1129 petens:
579 1077 602 1102 *
634 1077 803 1128 Quibus
827 1078 900 1120 ille
925 1091 988 1120 re-

155 1133 349 1185 spondit:
380 1133 448 1174 Ite
476 1133 534 1175 ad
561 1134 740 1187 Joseph.
776 1129 827 1181 V.
862 1136 988 1177 Salus

154 1194 307 1231 nostra
341 1189 385 1230 in
421 1203 553 1231 manu
588 1195 665 1231 tua
698 1196 780 1232 est:
817 1192 987 1245 respice

153 1250 430 1351 &os-{amum
450 1251 494 1288 et
512 1246 603 1288 laeti
622 1248 865 1289 serviemus
884 1249 987 1300 regi.

195 1315 239 1343 ιιι
272 1315 334 1344 us.

201 1357 253 1409 R.
276 1355 318 1396 ii.
360 1359 485 1401 Fecit
511 1372 582 1401 me
607 1360 730 1402 Deus
760 1362 885 1413 quasi
913 1375 986 1414 pa-

151 1419 266 1456 trem
286 1416 420 1467 regis,
447 1421 492 1458 et
515 1416 742 1458 dominum
766 1418 982 1459 universae

152 1470 310 1513 domus
330 1473 435 1524 ejus:
450 1474 474 1500 *
495 1473 720 1516 Exaltavit
738 1487 820 1524 me,
839 1479 888 1516 ut
902 1475 983 1516 sal-

151 1541 232 1570 vos
251 1528 418 1571 faceret
431 1530 594 1572 multos
608 1531 813 1584 populos.
829 1524 881 1578 V.
900 1532 985 1573 Ve-

150 1587 240 1627 nite
267 1585 326 1627 ad
349 1599 438 1636 me,
466 1591 510 1628 et
536 1599 618 1638 ego
645 1587 762 1629 dabo
788 1587 915 1630 vobis
941 1590 984 1629 o-

150 1642 269 1682 mnia
291 1641 410 1684 bona
430 1643 629 1696 AEgypti,
664 1649 712 1685 ut
739 1643 983 1686 comedatis

151 1697 388 1739 medullam
407 1703 548 1740 terrae.
576 1700 808 1742 Exaltavit.

199 1754 251 1805 R.
278 1754 334 1795 iii.
378 1755 476 1796 Jam
507 1755 637 1797 laetus
667 1757 848 1807 moriar,
881 1757 983 1809 quia

150 1809 242 1852 vidi
271 1811 430 1852 faciem
458 1816 595 1862 tuam,
630 1818 674 1854 et
701 1813 984 1866 superstitem

150 1871 195 1908 te
227 1867 440 1919 relinquo.
490 1868 593 1910 Non
625 1882 722 1911 sum
754 1869 984 1912 fraudatus

151 1925 335 1976 aspectu
370 1928 463 1966 tuo:
497 1927 522 1952 *
560 1925 749 1978 Insuper
791 1926 984 1968 ostendit

150 1979 257 2020 mihi
274 1980 491 2022 Dominus
510 1994 660 2023 semen
679 1987 814 2024 tuum.
829 1979 881 2031 V.
900 1984 985 2034 Qui

150 2035 294 2086 pascit
311 2049 382 2078 me
397 2036 452 2078 ab
468 2037 767 2081 adolescentia
782 2052 891 2090 mea,
911 2040 983 2081 be-

150 2091 326 2133 nedicat
353 2093 502 2145 pueris
531 2094 644 2145 istis,
682 2100 726 2137 et
755 2096 984 2138 invocetur

151 2160 285 2200 super
309 2161 385 2190 eos
410 2161 571 2191 nomen
593 2164 750 2193 meum.
787 2153 983 2204 Insuper.

150 2203 307 2246 Gloria
324 2205 455 2246 Patri.
483 2207 680 2260 Insuper.

373 2281 423 2320 In
450 2281 500 2320 ΙΙ.
529 2270 755 2322 Ndoturno.

202 2348 301 2389 Ant.
331 2350 612 2401 Consurgens
631 2351 809 2404 Joseph.

438 2417 639 2457 Psalmus
659 2419 697 2458 4.

155 2484 341 2544 '‘Vi-kaurn
372 2482 625 2524 invocarem
658 2482 882 2524 exaudivit
914 2495 983 2524 me

154 2566 166 2589 ι,
283 2537 405 2579 Deus
436 2539 613 2590 justitiae
642 2552 770 2580 meae:
796 2540 820 2566 *
843 2539 887 2579 in
911 2540 983 2580 tri-

158 2588 186 2607 *“·
202 2598 205 2600 '
284 2593 508 2636 bulatione
528 2594 723 2637 dilatasti
740 2595 856 2636 mihi.

202 2649 411 2692 Miserere
429 2651 526 2702 mei,
541 2652 565 2677 *
585 2655 629 2692 et
649 2651 808 2692 exaudi
823 2650 982 2692 oratio-

152 2717 254 2745 nem
272 2718 426 2747 meam.
822 2726 825 2728 ’

1786 184 1876 228 [211]

1094 283 1193 323 Filii
1224 283 1452 324 hominum
1484 286 1716 335 usquequo
1754 283 1876 334 gravi

1043 338 1200 381 corde?
1228 340 1252 365 *
1280 344 1329 381 ut
1362 339 1468 391 quid
1501 339 1679 390 diligitis
1711 339 1875 380 vanita-

1042 399 1142 445 tem,
1172 401 1216 437 et
1236 396 1432 448 quaeritis
1450 394 1753 437 mendacium?

1094 452 1151 493 Et
1187 452 1344 493 scitote
1382 452 1589 504 quoniam
1627 452 1876 493 mirificavit

1042 508 1259 549 Dominus
1285 514 1486 549 sanctum
1512 521 1654 549 suum:
1677 509 1701 533 *
1724 508 1874 549 Domi-

1042 577 1123 604 nus
1153 565 1360 606 exaudiet
1391 578 1461 605 me
1494 577 1594 605 cum
1625 564 1874 605 clamavero

1043 619 1100 661 ad
1129 634 1240 662 eum.

1096 677 1354 726 Irascimini,
1389 682 1432 719 et
1459 677 1595 718 nolite
1622 679 1823 729 peccare:
1851 678 1875 704 *

1044 747 1142 785 quae
1168 734 1312 775 dicitis
1336 734 1379 774 in
1404 733 1613 775 cordibus
1635 734 1804 782 vestris,
1830 734 1873 774 in

1043 789 1259 831 cubilibus
1277 790 1437 831 vestris
1461 790 1814 841 compungimini.

1094 847 1347 888 Sacrificate
1386 846 1650 887 sacrificium
1686 847 1874 897 justitiae,

1043 907 1087 943 et
1114 905 1290 954 sperate
1319 903 1363 943 in
1390 903 1592 943 Domino.
1612 903 1635 928 *
1659 902 1787 943 Multi
1815 901 1874 944 di-

1043 964 1159 1001 cunt:
1189 960 1296 1010 Quis
1313 958 1509 1010 ostendit
1527 958 1655 1000 nobis
1673 957 1814 1000 bona?

1094 1016 1321 1067 Signatum
1350 1020 1417 1057 est
1449 1028 1582 1067 super
1613 1028 1695 1056 nos
1727 1015 1873 1056 lumen

1042 1072 1188 1114 vultus
1212 1072 1276 1114 tui
1298 1072 1502 1113 Domine:
1530 1073 1554 1098 *
1582 1071 1743 1112 dedisti
1766 1071 1872 1112 laeti-

1041 1129 1149 1170 tiam
1166 1129 1210 1170 in
1230 1129 1365 1170 corde
1385 1141 1495 1169 meo.

1093 1185 1135 1226 A
1158 1186 1303 1226 fructu
1330 1184 1550 1233 frumenti,
1582 1184 1685 1232 vini,
1719 1188 1763 1224 et
1787 1183 1874 1225 olei

1042 1243 1108 1283 sui
1126 1244 1150 1269 *
1168 1241 1447 1294 multiplicati
1467 1245 1577 1281 sunt.

1092 1299 1143 1339 In
1169 1311 1279 1350 pace
1306 1298 1350 1338 in
1377 1297 1569 1349 idipsum
1594 1297 1617 1322 *
1646 1295 1872 1345 dormiam,

1041 1359 1086 1396 et
1105 1354 1395 1406 requiescam3

1093 1411 1311 1461 Quoniam
1325 1414 1373 1451 tu
1387 1409 1576 1450 Domine
1596 1407 1873 1458 singulariter

1039 1468 1083 1508 in
1103 1480 1182 1519 spe
1201 1467 1224 1493 *
1245 1465 1512 1508 constituisti
1530 1477 1611 1506 me.

1092 1527 1192 1567 Ant.
1228 1526 1509 1576 Consurgens
1538 1524 1722 1577 Joseph,
1751 1526 1871 1565 acce-

1039 1583 1103 1636 pit
1119 1587 1314 1635 .puerum
1340 1588 1383 1624 et
1407 1587 1591 1623 matrem
1614 1582 1705 1632 ejus
1730 1586 1872 1627 nocte,

1040 1645 1083 1681 et
1100 1639 1283 1681 secessit
1301 1639 1344 1678 in
1359 1639 1617 1689 AEgyptum:
1637 1642 1680 1678 et
1700 1641 1794 1677 erat
1811 1635 1872 1677 ibi

1038 1708 1178 1747 usque
1198 1695 1254 1736 ad
1274 1694 1443 1736 obitum
1462 1692 1666 1734 Herodis.

1092 1754 1191 1793 Ant.
1217 1751 1438 1792 Defuncto
1458 1748 1650 1790 Herode.

1322 1807 1522 1847 Psalmus
1546 1806 1583 1846 5.

1130 1864 1235 1906 erba
1258 1876 1355 1905 mea
1380 1862 1558 1904 auribus
1582 1860 1762 1914 percipe
1781 1860 1869 1900 Do-

1147 1921 1279 1969 mine,
1325 1921 1349 1947 *
1395 1918 1590 1970 intellige
1633 1917 1870 1959 clamorem

1036 1991 1194 2020 meum.

1089 2032 1276 2075 Intende
1303 2032 1408 2073 'voci
1441 2031 1653 2072 orationis
1686 2042 1814 2078 meae,
1845 2031 1869 2055 ¹⁸¹

1037 2092 1136 2132 Rex
1153 2102 1278 2131 meus
1299 2093 1343 2130 et
1361 2089 1483 2129 Deus
1501 2100 1635 2128 meus.

1090 2145 1308 2197 Quoniam
1327 2144 1384 2185 ad
1403 2149 1448 2185 te
1468 2143 1625 2184 orabo:
1639 2143 1663 2169 *
1679 2141 1869 2182 Domine

1036 2215 1165 2244 mane
1184 2200 1392 2243 exaudies
1412 2212 1566 2240 vocem
1584 2211 1737 2239 meam.

1089 2259 1219 2299 Mane
1252 2256 1408 2298 astabo
1441 2255 1522 2297 tibi
1561 2259 1604 2296 et
1632 2254 1813 2295 videbo:
1845 2254 1869 2279 *

1038 2314 1247 2367 quoniam
1272 2325 1361 2353 non
1386 2313 1508 2352 Deus
1534 2310 1688 2352 volens
1714 2310 1869 2362 iniqui-

1037 2374 1176 2413 tatem
1195 2374 1244 2411 tu
1264 2381 1321 2410 es.

1087 2426 1245 2477 Neque
1276 2423 1497 2465 habitabit
1527 2423 1648 2474 juxta
1675 2427 1720 2463 te
1747 2422 1868 2463 mali-

1037 2495 1163 2534 gnus:
1178 2483 1202 2508 *
1216 2492 1360 2531 neque
1379 2479 1701 2531 permanebunt
1720 2477 1867 2529 injusti

1037 2542 1138 2579 ante
1157 2536 1310 2578 oculos
1330 2541 1443 2576 tuos.

1090 2593 1235 2635 Odisti
1255 2604 1418 2641 omnes,
1438 2591 1514 2643 qui
1533 2593 1772 2643 operantur
1789 2589 1866 2630 ini-

1038 2650 1266 2702 quitatem:
1285 2648 1309 2673 *
1327 2647 1489 2700 perdes
1516 2660 1685 2696 omnes,
1710 2645 1785 2697 qui
1803 2644 1866 2685 lo-

1038 2709 1229 2758 quuntur
1248 2703 1535 2745 mendacium.
