2040 2944
627 178 838 211 Commune
865 175 1112 209 Confessoris
1138 185 1214 209 non
1239 174 1447 209 I'ontificis.

406 270 455 309 In
483 270 533 309 ΙΙ.
559 270 784 308 Nocturno.

183 330 246 369 Ex
266 328 379 369 libro
395 327 630 369 Moralium
650 327 790 369 sancti
805 327 1008 378 Gregorii

523 385 670 436 Papae.

288 449 366 482 Lib.
389 449 443 482 111,
464 449 555 491 Cap.
579 449 625 482 115.
647 449 682 482 in
702 459 730 483 0.
751 449 799 483 12.
818 450 904 484 Job.

482 498 634 539 Lectio
654 499 707 539 iv.

183 556 188 591 ÷'
195 555 279 604 1ᾶρῗῇ
286 559 300 590 st
313 548 507 591 eridetur
520 549 623 601 justi
637 549 907 602 simplicitas.
925 550 1013 591 Hu-

189 607 193 617 ”
216 602 283 661 κ’
298 628 305 657 ,ι
325 606 391 657 jus
410 605 563 647 mundi
586 606 803 658 sapientia
827 611 910 656 est,
938 619 1016 647 cor

192 660 194 670 ἰ
229 655 246 662 ³
325 661 724 704 machinationibus
739 664 900 714 tegere,
921 675 1015 704 sen-

180 732 278 761 sum
296 718 446 761 verbis
466 719 630 770 velare;
653 731 753 771 quae
772 719 884 760 falsa
903 724 1015 770 sunt,

180 788 285 817 vera
322 775 574 826 ostendere,
617 788 717 828 quae
755 789 861 818 vera
898 780 1015 826 sunt,

180 832 290 874 falsa
317 832 634 874 demonstrare.
675 833 787 874 Haec
810 833 1015 874 nimirum

179 888 414 942 prudentia
443 902 525 930 usu
553 902 578 930 a
606 889 837 941 juvenibus
865 890 1014 939 scitur,

179 946 276 988 haec
296 959 321 987 a
339 946 490 998 pueris
508 946 653 998 pretio
679 946 877 987 discitur:
902 946 1015 987 hanc

181 1003 255 1055 qui
275 1003 430 1052 sciunt,
450 1004 622 1044 ceteros
643 1002 930 1055 despiciendo
947 1016 1014 1044 su-

178 1059 400 1112 perbiunt:
426 1059 540 1100 hanc
571 1059 646 1111 qui
671 1059 889 1110 nesciunt,
915 1059 1015 1101 sub-

179 1116 280 1168 jecti
318 1120 362 1157 et
398 1115 543 1157 timidi
578 1116 623 1156 in
659 1116 757 1157 aliis
789 1116 1016 1158 mirantur:

180 1172 283 1224 quia
308 1171 364 1214 ab
392 1172 454 1214 eis
481 1172 578 1214 haec
605 1171 761 1214 eadem
785 1172 1015 1225 duplicita-

179 1230 237 1270 tis
266 1229 475 1281 iniquitas
503 1229 681 1270 nemine
711 1229 895 1282 palliata
923 1229 1016 1271 dili-

178 1286 311 1336 gitur,
338 1285 444 1327 dum
466 1286 627 1327 mentis
654 1286 924 1338 perversitas
947 1299 1015 1327 ur-

178 1342 353 1384 banitas
383 1344 579 1384 vocatur.
628 1343 740 1384 Haec
770 1342 855 1384 sibi
890 1342 1015 1384 obse-

179 1398 415 1451 quentibus
447 1399 652 1452 praecipit
679 1398 898 1440 honorum
927 1399 1015 1441 cul-

179 1456 298 1497 mina
322 1457 537 1508 quaerere,
565 1455 730 1508 adepta
755 1455 1016 1509 temporalis

178 1511 334 1563 gloriae
362 1514 556 1554 vanitate
582 1512 792 1563 gaudere,
821 1513 1015 1564 irrogata

180 1568 235 1610 ab
255 1568 353 1610 aliis
372 1569 487 1610 mala
506 1568 794 1621 multiplicius
813 1568 1015 1611 reddere:

180 1638 279 1666 cum
308 1626 424 1667 vires
454 1629 715 1678 suppetunt,
751 1625 883 1666 nullis
911 1625 1014 1667 resi-

179 1682 398 1723 stentibus
414 1681 587 1724 cedere:
606 1695 706 1724 cum
721 1682 898 1724 virtutis
913 1695 1013 1734 pos-

179 1738 367 1780 sibilitas
401 1739 545 1789 deest,
586 1738 802 1791 quidquid
835 1739 1014 1791 explere

178 1807 259 1847 per
287 1795 500 1837 malitiam
530 1808 620 1837 non
646 1795 815 1845 valent,
852 1795 938 1837 1100
969 1795 1014 1836 111

178 1851 363 1904 pacifica
383 1851 582 1893 bonitate
601 1851 818 1893 simulare.

234 1911 283 1961 R«.
309 1909 559 1950 Honestum
578 1908 683 1950 fecit
702 1908 829 1949 illum·
843 1909 949 1957 Dfis,
969 1912 1013 1950 et

180 1964 421 2006 custodivit
437 1977 537 2006 eum
554 1965 609 2006 ab
629 1965 827 2015 inimicis,
844 1969 888 2006 et
907 1977 933 2005 a
948 1977 1012 2006 se-

180 2020 438 2062 ductoribus
454 2022 616 2063 tutavit
631 2021 767 2062 illum:
783 2022 805 2046 *
816 2021 873 2063 Et
889 2020 1013 2063 dedit

179 2077 241 2118 illi
257 2077 503 2119 claritatem
518 2079 738 2119 aeternam.
769 2074 818 2125 V.
837 2078 862 2118 J
864 2082 1013 2119 ustum

180 2133 365 2175 deduxit
388 2134 606 2176 Dominus
631 2147 712 2187 per
738 2134 832 2175 vias
856 2139 1012 2185 rectas,

181 2195 225 2231 et
245 2190 439 2233 ostendit
458 2191 521 2232 illi
539 2204 722 2243 regnum
741 2191 836 2233 Dei.
875 2191 943 2232 Et.

494 2247 646 2287 Lectio
670 2260 702 2285 x:

258 2307 276 2344 t
319 2308 489 2354 contra,
535 2304 753 2357 sapientia
797 2304 1013 2356 justerum

285 2365 368 2401 est:
402 2360 463 2401 nil
494 2373 574 2413 per
607 2360 908 2402 ostensionem
935 2359 1012 2400 fin-

180 2428 299 2466 gere,
328 2429 505 2457 sensum
524 2417 673 2459 verbis
693 2419 880 2470 aperire,
908 2429 1014 2458 vera

180 2476 230 2513 ut
244 2477 346 2514 sunt
361 2472 554 2524 diligere,
575 2474 684 2515 falsa
705 2473 917 2523 devitare3
935 2472 1012 2514 bo-

180 2541 237 2569 na
260 2529 397 2579 gratis
420 2529 642 2579 exhibere,
669 2530 785 2571 mala
807 2529 1013 2571 libentius

180 2585 388 2635 tolerare,
417 2598 548 2636 quam
575 2586 735 2636 facere3
762 2585 928 2627 nullam
951 2585 1012 2625 in-

180 2642 303 2693 juriae
324 2641 537 2683 ultionem
563 2645 776 2694 quaerere,
801 2655 883 2695 pro
903 2641 1013 2683 veri-

181 2700 271 2740 tate
299 2698 611 2740 contumeliam
645 2699 816 2740 lucrum
843 2699 1013 2751 putare.

1068 265 1156 307 Sed
1180 265 1276 308 haec
1300 267 1518 319 justerum
1542 266 1803 320 simplicitas
1831 267 1902 308 de-

1068 322 1252 370 ridetur:
1288 323 1391 375 quia
1418 322 1473 365 ab
1501 322 1630 375 hujus
1657 323 1810 365 mundi
1838 336 1902 364 sa-

1068 378 1293 431 pientibus
1320 379 1528 432 puritatis
1554 379 1696 421 virtus
1722 379 1902 421 fatuitas

1070 435 1275 477 creditur.
1319 436 1460 478 Omne
1489 436 1606 478 enim
1633 436 1755 488 quod
1781 436 1901 478 inno-

1069 494 1221 534 center
1247 492 1406 544 agitur,
1432 492 1487 534 ab
1514 493 1579 534 eis
1606 492 1902 545 proculdubio

1069 549 1253 590 stultum
1288 551 1487 602 putatur:
1524 553 1568 590 et
1606 548 1823 601 quidquid
1858 549 1902 590 in

1070 607 1205 658 epere
1220 606 1383 647 veritas
1404 605 1635 658 approbat,
1654 605 1818 646 carnali
1837 619 1902 647 sa-

1069 662 1248 715 pientiae
1274 662 1446 703 fatuum
1471 666 1611 703 sonat.
1648 661 1766 712 Quid
1785 674 1903 703 nam-

1071 731 1156 770 que
1176 718 1353 760 stultius
1372 718 1548 761 videtur
1565 717 1744 769 mundo,
1772 731 1904 772 quam

1068 779 1262 816 mentem
1280 775 1429 817 verbis
1455 774 1708 825 ostendere,
1732 774 1794 816 nil
1818 775 1903 816 cal-

1069 831 1160 873 lida
1177 831 1503 873 machinatiene
1523 831 1741 882 simulare,
1760 831 1903 874 nullas

1069 888 1238 940 injuriis
1267 888 1557 930 contumelias
1584 887 1789 938 reddere,
1820 900 1903 941 pro

1069 944 1434 986 maledicentibus
1446 947 1581 996 orare,
1593 946 1903 997 paupertatem

1072 1003 1285 1054 quaerere,
1312 1003 1522 1054 possessa
1545 1000 1809 1053 relinquere,
1837 1014 1902 1042 ra-

1068 1058 1207 1110 pienti
1222 1070 1312 1099 non
1327 1060 1545 1108 resistere,
1564 1057 1830 1110 percutienti
1845 1057 1903 1100 al-

1068 1119 1210 1156 teram
1228 1114 1452 1156 maxillam
1470 1113 1696 1168 praebere?

1120 1173 1170 1225 Κ.
1201 1171 1381 1214 Amavit
1401 1184 1501 1214 eum
1518 1171 1754 1221 Dominus,
1775 1175 1820 1213 et
1837 1183 1904 1212 01-

1069 1228 1191 1270 navit
1225 1241 1343 1270 eum:
1381 1228 1542 1270 stolam
1573 1227 1728 1280 gleriae
1759 1227 1904 1270 induit

1071 1298 1187 1335 eum,
1207 1289 1229 1312 *
1261 1285 1318 1326 Et
1346 1285 1404 1327 ad
1431 1289 1584 1349 portas
1609 1284 1806 1337 paradisi
1833 1296 1904 1326 00-

1070 1341 1243 1384 ronavit
1272 1355 1382 1384 eum.
1418 1342 1467 1389 Y.
1499 1341 1650 1383 Induit
1682 1353 1782 1382 eum
1808 1341 1903 1382 Dfis

1068 1398 1252 1439 loricam
1276 1398 1397 1448 fidei,
1423 1402 1468 1440 et
1492 1397 1666 1440 ornavit
1692 1410 1802 1439 eum.
1835 1397 1903 1439 Et.

1146 1455 1298 1495 Lectio
1321 1455 1372 1494 vi.
1453 1459 1546 1502 Cap.
1568 1459 1615 1494 17.
1636 1464 1725 1503 post
1742 1459 1820 1494 init.

1135 1524 1288 1565 ampas
1313 1512 1569 1564 contempta
1594 1509 1714 1563 apud
1739 1510 1903 1561 cogita-

1163 1568 1308 1610 tiones
1343 1567 1539 1610 divitum.
1576 1566 1705 1619 Saepe
1736 1568 1902 1608 contin-

1067 1624 1147 1675 git,
1172 1629 1222 1666 ut
1245 1625 1413 1666 electus
1440 1624 1643 1676 quisque,
1670 1622 1747 1675 qui
1770 1622 1827 1664 ad
1847 1635 1901 1664 ae-

1068 1683 1239 1722 ternam
1267 1680 1521 1723 felicitatem
1547 1679 1739 1729 ducitur,
1767 1681 1902 1721 conti-

1067 1750 1155 1779 nua
1191 1737 1262 1779 hic
1298 1737 1568 1779 adversitate
1610 1735 1903 1789 deprimatur:

1067 1807 1156 1835 non
1187 1794 1305 1835 hunc
1341 1807 1490 1836 rerum
1523 1791 1794 1835 abundantia
1823 1791 1902 1833 ful-

1068 1851 1172 1900 ciat,
1201 1863 1289 1892 11011
1318 1850 1581 1902 dignitatum
1605 1849 1746 1900 810113
1765 1847 1902 1890 110110-

1067 1907 1252 1949 rabilem
1283 1906 1507 1957 ostendat,
1547 1905 1667 1947 nulla
1702 1905 1743 1946 ei
1776 1904 1902 1947 obse—

1070 1964 1296 2017 quentium
1310 1963 1556 2016 frequentia
1571 1965 1791 2015 suppetat,
1810 1961 1901 2002 nul-

1068 2020 1111 2062 la
1146 2020 1263 2062 hunc
1299 2020 1500 2062 humanis
1541 2018 1680 2060 oculis
1713 2018 1902 2060 vestium

1068 2090 1235 2130 pompa
1259 2079 1513 2130 compenat:
1543 2089 1569 2117 a
1597 2074 1769 2117 cunctis
1793 2087 1900 2116 vero

1067 2133 1352 2186 despicabilis
1408 2133 1620 2178 cernitur,
1679 2136 1724 2173 01
1772 2130 1899 2183 hujus

1065 2190 1218 2232 mundi
1243 2190 1384 2241 gratia
1410 2189 1614 2241 indignus
1641 2187 1899 2229 aestimatur:

1066 2246 1146 2288 sed
1166 2251 1315 2288 tamen
1330 2251 1432 2288 ante
1450 2245 1614 2287 occulti
1628 2243 1783 2296 judicis
1798 2245 1898 2284 όο11-

1065 2303 1132 2344 108
1152 2303 1390 2345 virtutibus
1410 2302 1582 2351 emicat,
1609 2301 1712 2342 vitae
1731 2299 1898 2342 meritis

1067 2363 1286 2401 coruscat:
1310 2358 1520 2400 honorari
1535 2356 1707 2406 metuit,
1729 2355 1899 2409 despici

1067 2429 1154 2457 non
1175 2415 1351 2467 refugit:
1372 2427 1533 2467 corpus
1553 2412 1821 2454 continentia
1840 2413 1898 2453 af-

1066 2472 1173 2522 ficit,
1200 2472 1295 2513 sola
1318 2472 1363 2512 in
1383 2470 1528 2512 animo
1549 2468 1786 2510 (111001101ιο
1805 2468 1897 2521 pin-

1065 2528 1250 2579 guescit:
1265 2531 1458 2569 mentem
1474 2538 1647 2578 semper
1661 2524 1718 2566 ad
1733 2525 1898 2577 patien-

1065 2585 1173 2626 tiam
1215 2585 1457 2636 pra'eparat,
1506 2586 1549 2623 et
1597 2583 1771 2623 erectus
1813 2593 1896 2634 pro

1066 2641 1246 2693 justitia,
1284 2639 1340 2681 de
1368 2638 1592 2691 perceptis
1620 2637 1897 2679 contumeliis

1067 2696 1272 2739 exsultat:
1295 2694 1470 2737 afflictis
1491 2707 1545 2736 ex
1565 2693 1701 2736 corde
1719 2694 1897 2745 compa-
