2040 2944
627 209 731 244 Infra
754 210 1050 244 Hebdomadam
1075 210 1127 244 iii.
1153 210 1340 244 Octobris.

329 307 513 343 Feria
546 306 780 344 Tertia.

179 364 248 404 De
267 359 381 401 libro
400 360 542 412 primo
562 358 928 401 Machabaeorum.

241 423 394 463 Lectio
414 423 438 463 i.
681 422 783 473 Cap.
805 423 860 461 12.

149 491 166 524 ³,
191 481 243 523 φῖ
270 476 381 519 vidit
409 477 434 518 J
437 475 623 518 onathas
663 476 765 528 quia
791 480 967 528 tempus

150 537 211 572 ’τί
242 546 342 575 eum
369 534 502 585 juvat,
534 538 578 574 et
602 531 733 583 elegit
756 532 890 581 viros,
924 536 968 573 et

138 591 256 632 misit
281 602 358 631 eos
383 590 572 631 Romam
600 591 808 638 statuere,
834 592 878 629 et
903 600 967 629 re-

139 649 304 689 novare
329 659 429 688 cum
456 646 519 687 eis
546 645 801 686 amicitiam:
836 648 879 686 et
910 643 968 685 ad

138 703 399 757 Spartiatas,
439 707 482 743 et
515 701 572 743 ad
605 701 690 742 alia
719 701 819 742 loca
850 701 968 742 misit

139 760 350 813 epistolas
379 757 620 800 secundum
647 758 849 799 eamdem
880 757 964 799 for-

138 829 270 858 mam:
302 821 346 858 et
373 815 575 857 abierunt
601 815 807 863 Romam,
836 819 879 856 et
907 814 966 854 in-

137 874 363 915 traverunt
382 872 563 921 curiam,
590 875 634 912 et
654 870 870 912 dixerunt:
895 870 919 911 J
923 873 965 912 ό-

138 929 294 971 nathas
321 940 515 969 summus
543 926 769 977 sacerdos,
799 931 842 968 et
859 940 967 978 gens

137 985 392 1027 Judaeorum
415 984 627 1026 miserunt
650 996 748 1034 nos,
776 989 824 1025 ut
843 996 966 1025 reno-

137 1044 340 1085 varemus
365 1041 615 1091 amicitiam,
642 1046 685 1082 et
710 1041 967 1082 societatem

138 1098 382 1141 secandum
400 1098 642 1150 pristinum.
676 1097 732 1139 Et
752 1096 967 1139 dederunt
1032 1095 1094 1137 *²5ss

137 1155 223 1196 illis
244 1154 456 1207 epistolas
476 1153 533 1195 ad
549 1154 672 1206 ipsos
691 1166 771 1206 per
790 1153 899 1202 loca,
920 1158 968 1194 ut

139 1211 411 1254 deducerent
451 1223 529 1252 eos
570 1211 614 1251 in
654 1214 818 1251 terram
853 1209 967 1251 Juda

139 1281 238 1310 cum
256 1280 378 1321 pace.

190 1327 241 1378 Rz.
267 1325 353 1366 Hic
372 1328 440 1366 est
458 1323 651 1365 fratrum.
671 1323 759 1364 165.

447 1381 600 1421 Lectio
620 1381 660 1421 ii.

218 1442 238 1479 t
269 1437 355 1479 hoc
387 1441 454 1478 est
485 1436 734 1489 exemplum
762 1437 967 1489 epistola-

238 1507 352 1544 rum,
396 1506 506 1546 quas
543 1493 720 1546 scripsit
754 1493 966 1535 Jonathas

136 1550 387 1603 Spartiatis:
430 1551 455 1592 J
458 1550 642 1592 enathas
675 1563 869 1591 summus
902 1564 965 1592 sa-

138 1605 313 1657 cerdos,
348 1612 392 1649 et
417 1607 613 1649 seniores
638 1607 799 1658 gentis,
832 1612 876 1648 et
902 1620 966 1648 sa-

138 1662 359 1714 cerdoteS,
388 1669 432 1706 et
457 1663 651 1716 reliquus
677 1663 869 1716 populus
893 1664 964 1705 Ju-

138 1718 336 1761 daeorum
360 1720 596 1774 Spartiatis
619 1719 827 1761 fratribus
854 1720 964 1762 salu-

135 1780 237 1818 tem.
263 1777 288 1817 J
290 1789 360 1818 am
378 1776 551 1830 pridem
568 1776 715 1817 missae
736 1781 859 1818 erant
878 1778 965 1829 epi-

137 1832 264 1874 stolae
284 1833 342 1875 ad
357 1833 513 1875 Oniam
533 1846 750 1874 summum
764 1832 965 1874 sacerdo-

136 1894 228 1931 tem
254 1889 310 1931 ab
338 1890 463 1940 Ario,
503 1890 577 1942 qui
608 1889 820 1941 regnabat
847 1888 966 1942 apud

137 1958 233 1996 vos,
262 1947 470 1999 queniam
495 1946 600 1988 estis
626 1946 782 1987 fratres
808 1946 965 1994 nostri,

137 2003 251 2045 sicut
286 2006 550 2056 rescriptum
587 2002 799 2052 eontinet,
845 2002 966 2054 quod

137 2058 381 2111 subjectum
410 2064 486 2101 est.
523 2060 580 2101 Et
607 2059 801 2111 suscepit
830 2058 965 2100 Onias

136 2115 290 2166 virum,
317 2117 392 2168 qui
410 2116 569 2157 missus
587 2116 742 2166 fuerat,
769 2128 868 2156 cum
887 2115 963 2157 ho-

135 2174 258 2214 nore:
286 2177 330 2214 et
356 2172 528 2225 accepit
551 2171 781 2224 epistolas,
809 2171 853 2212 in
873 2171 964 2224 qui-

137 2228 219 2270 bus
240 2228 569 2280 significabatur
588 2227 644 2269 de
664 2227 893 2278 societate,
921 2233 964 2269 et

137 2285 340 2328 amicitia.

188 2343 240 2394 Rz.
265 2342 334 2383 Tu
352 2341 551 2383 Domine.
571 2341 659 2381 165.

438 2395 590 2436 Lectio
610 2394 664 2435 iii.
704 2411 706 2415 ’

231 2467 282 2496 os
307 2468 406 2496 cum
429 2454 549 2495 nullo
575 2454 732 2495 horum
750 2452 962 2503 indigere-

239 2525 352 2562 mus,
375 2511 589 2553 habentes
609 2509 768 2551 solatio
787 2513 963 2549 sanctos

136 2567 286 2618 libros,
305 2568 380 2621 qui
399 2573 501 2609 sunt
518 2568 562 2608 in
576 2565 776 2607 manibus
789 2565 963 2613 nostris,

136 2624 368 2665 maluimus
386 2627 559 2666 mittere
579 2621 637 2664 ad
652 2635 732 2663 vos
751 2623 963 2662 renovare

137 2681 464 2730 fraternitatem,
485 2686 528 2722 et
544 2679 787 2727 amicitiam,
806 2689 860 2718 ne
880 2677 962 2718 for-

134 2742 179 2778 te
197 2737 326 2778 alieni
345 2737 586 2779 efficiamur
611 2749 637 2777 a
655 2734 796 2777 vobis:
824 2732 960 2775 multa

1783 211 1846 247 177

1020 307 1135 348 enim
1153 307 1354 358 tempora
1372 308 1656 360 transierunt,
1683 324 1737 352 ex
1758 326 1845 365 quo

1018 362 1198 404 misistis
1218 362 1274 404 ad
1293 375 1385 404 nos.
1418 363 1514 405 Nos
1539 377 1644 417 ergo
1664 368 1708 408 in
1728 370 1846 410 omni

1018 421 1218 471 tempore
1237 420 1330 460 sine
1353 419 1676 464 intermissi6ne
1695 424 1739 465 in
1759 424 1845 466 die-

1018 475 1101 516 bus
1122 474 1401 524 solemnibus
1427 481 1471 517 et
1490 478 1658 528 ceteriS,
1687 481 1845 532 quibus

1020 534 1212 584 opertet,
1238 533 1454 573 memores
1479 546 1627 576 sumus
1647 538 1782 579 vestri
1801 538 1844 578 in

1019 588 1256 636 sacrificiis,
1277 600 1375 639 quae
1391 587 1624 640 offerimus,
1644 598 1688 634 et
1706 593 1749 633 in
1770 594 1844 636 ob-

1019 643 1358 693 servati6nibus,
1385 644 1497 686 sicut
1516 645 1581 687 fas
1601 653 1685 698 est,
1710 654 1754 690 et
1774 649 1844 691 de-

1021 706 1090 743 cet
1108 701 1356 742 meminisse
1377 700 1568 742 fratrum.

1071 759 1121 810 Ra
1148 756 1284 809 Aperi
1303 756 1453 797 Oculos
1472 762 1583 798 tuos.
1603 760 1688 800 165.

1240 865 1399 901 Feria
1424 865 1624 912 Quarta.

1060 920 1126 959 De
1146 917 1258 959 libro
1278 917 1419 969 primo
1439 918 1805 964 Machabaeorum.

1096 979 1247 1019 Lectio
1268 979 1291 1017 i.
1542 977 1644 1027 Cap.
1666 977 1720 1015 12.
1742 977 1764 1016 f.

1048 1042 1052 1043 ⁷
1150 1052 1249 1080 cum
1279 1041 1519 1090 cogitasset
1543 1042 1755 1094 Tryphon
1781 1057 1843 1085 re-

1121 1098 1255 1147 gnare
1281 1096 1417 1147 Asiae,
1446 1102 1488 1139 et
1512 1101 1734 1140 assumere
1757 1099 1843 1141 dia·
1892 1112 1893 1117 ¹

1019 1152 1163 1202 dema,
1183 1157 1227 1194 et
1246 1153 1483 1195 extendere
1501 1167 1676 1196 manum
1696 1156 1739 1196 in
1759 1157 1844 1197 An·
1892 1196 1894 1198 ,

1018 1208 1215 1250 tiochum
1247 1221 1411 1259 regem:
1454 1210 1612 1251 timens
1647 1224 1701 1252 ne
1733 1212 1846 1254 forte

1018 1277 1106 1306 non
1121 1267 1396 1317 permitteret
1413 1278 1512 1307 eum
1526 1266 1549 1306 J
1553 1267 1746 1318 enathaS,
1767 1269 1846 1310 sed

1018 1324 1236 1374 pugnaret
1254 1321 1466 1363 adversus
1486 1335 1599 1372 eum,
1621 1325 1846 1375 quaerebat

1020 1377 1395 1430 comprehendere
1421 1391 1536 1429 eum,
1564 1384 1608 1421 et
1634 1381 1846 1423 occidere.

1018 1435 1075 1476 Et
1095 1438 1336 1485 exsurgens
1360 1435 1467 1477 abiit
1490 1436 1534 1476 in
1553 1436 1758 1478 Bethsan.
1790 1438 1847 1479 Et

1020 1492 1153 1532 exivit
1187 1492 1211 1532 J
1215 1491 1400 1533 onathas
1438 1491 1614 1533 obviam
1649 1493 1711 1534 illi
1747 1507 1845 1535 cum

1021 1549 1311 1601 quadraginta
1333 1548 1524 1590 millibus
1545 1549 1736 1591 virerum
1763 1551 1845 1592 ele-

1019 1608 1189 1647 ctorum
1207 1606 1251 1646 in
1269 1605 1485 1658 praelium,
1513 1610 1557 1647 et
1576 1606 1694 1648 venit
1713 1607 1842 1648 Beth-

1018 1675 1107 1703 san.
1144 1663 1200 1703 Et
1224 1662 1333 1703 vidit
1357 1662 1570 1714 Tryphon
1600 1663 1700 1714 quia
1726 1665 1844 1705 venit

1017 1717 1229 1759 Jonathas
1262 1731 1361 1759 cum
1396 1719 1589 1759 exercitu
1625 1719 1762 1760 multo
1795 1725 1844 1761 ut

1019 1774 1275 1816 extenderet
1299 1775 1342 1815 in
1367 1787 1466 1816 eum
1489 1787 1660 1824 manus,
1688 1776 1842 1817 timuit.

1017 1832 1075 1872 Et
1108 1831 1281 1883 excepit
1313 1844 1412 1872 eum
1445 1844 1544 1872 eum
1576 1831 1760 1881 honore,
1799 1837 1842 1873 et

1018 1886 1342 1929 commendavit
1362 1900 1461 1928 eum
1477 1887 1676 1929 omnibus
1691 1888 1842 1928 amicis

1018 1944 1119 1994 suis,
1139 1948 1183 1985 et
1202 1942 1324 1985 dedit
1343 1944 1383 1984 ei
1402 1947 1598 1984 munera:
1618 1949 1661 1984 et
1680 1945 1841 1996 praece-

1016 2001 1082 2053 pit
1115 1999 1379 2042 exercitibus
1412 2000 1500 2041 suis
1532 2005 1580 2041 ut
1612 1999 1842 2041 obedirent

1018 2058 1067 2107 ei,
1087 2057 1199 2098 sicut
1218 2056 1312 2098 sibi.

1070 2114 1121 2165 Κ.
1142 2112 1331 2154 Refulsit
1350 2112 1428 2154 sol.
1448 2113 1534 2153 163.

1327 2168 1476 2208 Lectio
1497 2168 1535 2207 ii.

1099 2231 1118 2268 t
1138 2225 1247 2267 dixit
1266 2226 1290 2266 J
1294 2225 1482 2266 onathae:
1507 2224 1567 2266 Ut
1591 2223 1696 2276 quid
1715 2226 1842 2265 vexa-

1120 2282 1175 2323 sti
1202 2282 1452 2323 universum
1480 2280 1710 2334 populum,
1743 2293 1842 2321 cum

1015 2339 1178 2381 bellum
1197 2337 1325 2379 nobis
1348 2350 1435 2378 non
1455 2336 1532 2378 sit?
1559 2336 1617 2377 Et
1640 2349 1755 2377 nunc
1779 2348 1841 2377 re-

1015 2397 1140 2436 mitte
1160 2406 1237 2435 eos
1255 2393 1300 2433 in
1320 2393 1476 2434 domos
1498 2405 1614 2433 suas:
1640 2392 1751 2442 elige
1769 2404 1839 2432 au-

1014 2455 1104 2492 tem
1127 2449 1207 2492 tibi
1232 2449 1350 2490 viros
1375 2461 1560 2501 paucos,
1595 2449 1669 2500 qui
1695 2453 1841 2489 tecum

1017 2507 1117 2556 sint,
1143 2511 1186 2547 et
1205 2505 1304 2546 veni
1321 2517 1493 2546 mecum
1510 2503 1840 2552 Ptolemaidam‚

1017 2568 1061 2604 et
1079 2561 1250 2603 tradam
1270 2573 1366 2602 eam
1383 2561 1472 2610 tibi,
1492 2565 1536 2602 et
1550 2560 1716 2611 reliqua
1730 2571 1838 2611 prae-

1018 2619 1142 2668 sidia,
1176 2623 1219 2659 et
1251 2617 1504 2666 exercitum,
1537 2621 1581 2658 et
1612 2616 1838 2657 universos

1015 2674 1282 2728 praepositos
1314 2673 1494 2724 negetii,
1528 2677 1571 2713 et
1603 2672 1837 2713 conversus

1015 2731 1161 2774 abibo:
1200 2731 1438 2783 propterea
1470 2728 1584 2770 enim
1614 2726 1722 2768 veni.
1778 2725 1835 2766 Et
