2040 2944
172 241 223 276 70

726 237 838 271 Feria
864 236 996 279 quintu
1024 234 1073 268 ad
1098 230 1338 267 Matutinum.

174 286 1886 309 ——-———-—-————-———-——————--——-

175 341 199 366 *
236 344 279 381 et
316 350 413 390 quae
449 335 609 377 multos
647 332 838 374 habebat
874 331 999 380 filios,

175 395 391 436 infirmata
419 397 496 435 est.

228 451 440 492 Duminus
486 446 722 488 mortificat
769 450 812 486 et
865 443 1000 485 vivifi-

177 513 262 556 cat,
298 509 321 533 *
353 504 530 547 deducit
565 502 622 544 ad
658 502 820 543 inferos
858 506 902 542 et
939 512 1001 541 re—

177 563 306 605 ducit.

229 618 440 659 Dominus
468 619 709 668 pauperem
742 615 844 656 facit
871 618 915 655 et
942 612 1002 654 di-

177 681 250 723 tat,
278 677 301 702 *
329 673 525 715 humiliat
554 677 598 714 et
626 671 837 712 sublevat.

227 730 418 772 Suscitat
450 729 505 770 de
532 728 713 781 pulvere
747 729 948 777 egenum,
980 727 1004 751 *¹

178 793 220 829 et
248 786 304 828 de
332 788 525 828 stercore
554 785 695 826 elevat
722 786 978 836 pauperem:

229 844 288 885 Ut
315 842 467 884 sedeat
494 854 593 883 cum
614 839 894 893 principibus,
917 840 940 865 *
961 842 1005 879 et

178 900 335 941 sulium
362 899 513 949 gloriae
539 899 697 939 teneat.

229 955 406 996 Domini
435 955 548 996 enim
577 958 677 995 sunt
699 951 899 994 cardines
922 956 1005 992 ter-

179 1025 251 1061 rae,
279 1014 303 1039 *
332 1017 375 1053 et
401 1011 549 1064 p6suit
577 1022 710 1062 super
737 1021 815 1050 eos
844 1007 1006 1049 orbem.

230 1067 372 1110 Pedes
391 1069 642 1108 sanctorum
663 1067 841 1106 sucrum
863 1065 1006 1105 serva-

179 1125 259 1175 bit,
292 1130 336 1166 et
367 1124 489 1176 impii
519 1123 563 1164 in
593 1121 786 1164 tenebris
821 1121 1006 1162 contice-

180 1186 316 1223 scent:
352 1182 375 1207 *
413 1180 515 1232 quia
550 1192 638 1220 non
673 1179 717 1219 in
754 1177 1007 1220 fortitudine

180 1251 258 1279 sua
286 1235 564 1278 roborabitur
591 1235 667 1276 vir.

232 1293 468 1334 Duminum
488 1291 783 1333 formidabunt
806 1290 1007 1332 adversa-

181 1350 231 1391 rii
258 1350 363 1401 ejus:
391 1351 415 1375 *
444 1354 486 1390 et
512 1361 645 1401 super
670 1348 791 1400 ipsos
817 1347 860 1388 in
884 1347 1008 1388 coelis

181 1406 365 1448 tonabit:

233 1462 447 1502 D6minus
484 1460 691 1513 judicabit
726 1460 836 1502 fines
867 1465 1009 1508 terrae,

183 1524 226 1561 et
254 1518 375 1560 dabit
402 1517 631 1570 imperium
659 1517 751 1568 regi
783 1529 878 1566 suo,
910 1518 934 1543 *
967 1521 1010 1557 et

184 1573 436 1616 sublimabit
464 1586 599 1615 cornu
629 1573 789 1615 Christi
817 1573 893 1614 sui.

183 1697 201 1733 t
239 1639 337 1678 Ant.
384 1635 595 1676 Duminus
644 1634 852 1686 judicabit
901 1634 1011 1675 fines

204 1704 338 1794 exixit.
377 1751 490 1792 Coeli
528 1750 739 1792 coelurum
775 1752 799 1778 *
835 1749 1011 1791 laudate

186 1808 338 1849 Deum.

244 1864 309 1902 l's.
338 1863 534 1905 Laudate
563 1864 678 1903 Dfim
706 1862 761 1904 de
789 1863 924 1904 coelis.
939 1864 999 1903 16.

294 1924 550 1976 Capitulum.
659 1923 782 1962 Rom.
800 1923 856 1961 13.
872 1921 910 1962 d.

186 1987 340 2094 Nox
368 1993 608 2045 praecessit,
641 1992 735 2034 dies
768 1997 915 2034 autem
943 2005 1014 2044 ap-

300 2049 620 2101 propinquavit.
631 2049 898 2100 Abjiciamus
910 2061 1015 2099 ergo

189 2107 324 2158 (Spera
340 2105 630 2155 tenebrarum,
649 2111 693 2147 et
706 2105 937 2147 induamur
952 2118 1016 2146 ar-

188 2174 259 2202 ma
299 2161 419 2202 lucis.
481 2161 601 2204 Sicut
641 2162 684 2203 in
726 2161 796 2204 die
832 2161 1016 2204 honeste

189 2217 470 2259 ambulemus.

505 2278 713 2327 Hymnus.

337 2360 405 2397 ox,
433 2353 477 2390 et
503 2347 709 2398 tenebrae,
738 2353 782 2390 et
809 2347 968 2397 nubila,

362 2404 552 2445 Confusa
579 2404 729 2446 mundi
758 2410 801 2446 et
828 2404 1019 2446 turbida:

295 2459 390 2501 Lux
418 2461 559 2510 intrat,
587 2460 771 2503 albescit
798 2461 941 2513 polus:

298 2516 494 2558 Christus
523 2517 656 2559 venit:
685 2517 908 2560 discedite.

250 2581 403 2632 Caligo
429 2586 559 2623 terrae
588 2581 798 2623 scinditur

302 2638 515 2678 Permissa
543 2637 648 2678 solis
677 2639 858 2690 spiculo,

297 2693 538 2745 Rebusque
566 2694 649 2744 jam
678 2694 800 2735 color
827 2694 950 2742 redit,

299 2749 435 2791 Vultu
463 2750 638 2792 nitentis
666 2750 832 2792 sideris.

1108 331 1169 370 Te
1199 326 1371 368 Christe
1400 324 1543 366 solum
1570 323 1787 365 nuvimus:

1156 384 1221 425 Te
1248 387 1395 424 mente
1422 393 1533 434 pura
1560 385 1604 422 et
1631 379 1830 432 simplici,

1157 439 1325 481 Flendo
1344 444 1388 480 et
1405 436 1603 479 canendo
1625 437 1887 489 quaesumuS,

1158 495 1344 538 Intende
1371 494 1534 536 nostris
1562 492 1775 535 sensibus.

1108 560 1216 600 Sunt
1242 556 1379 598 multa
1406 555 1516 597 fucis
1543 554 1663 604 illita,

1161 614 1270 663 Quae
1299 613 1396 654 luce
1424 613 1666 665 purgentur
1692 614 1784 651 tua:

1160 670 1230 710 Tu
1257 682 1362 711 vera
1389 669 1464 710 lux
1493 667 1737 709 coelestium

1159 726 1298 767 Vultu
1326 727 1483 767 sereno
1510 724 1716 765 illumina.

1112 791 1206 830 Deo
1235 786 1355 827 Patri
1383 786 1439 827 sit
1465 785 1615 836 gloria,

1161 843 1354 895 Ejusque
1383 842 1465 884 soli
1493 841 1617 890 Filio,

1164 899 1273 940 Cum
1301 898 1466 951 Spiritu
1491 897 1725 946 Paraclito‚

1162 955 1291 997 Nunc
1319 960 1363 998 et
1389 968 1470 1008 per
1497 967 1627 996 omne
1655 952 1877 995 saeculum.

1373 1012 1528 1053 Amen.

1114 1066 1164 1117 V.
1190 1069 1369 1122 Repleti
1397 1081 1547 1110 sumus
1574 1079 1703 1109 mane
1727 1065 1894 1107 miseri-

1061 1126 1212 1168 curdia
1227 1131 1313 1168 tua.
1340 1127 1390 1178 Ru
1409 1123 1748 1172 Exsultavimus,
1764 1126 1808 1164 et
1821 1121 1894 1164 de-

1060 1183 1210 1225 lectati
1237 1195 1398 1231 sumus.

1117 1242 1188 1283 Ad
1224 1240 1387 1282 Bened.
1424 1241 1524 1282 Ant.
1569 1239 1636 1279 De
1677 1248 1810 1277 manu
1851 1235 1895 1275 ό-

1061 1296 1225 1337 mnium
1253 1298 1277 1323 *
1307 1295 1381 1348 qui
1410 1294 1598 1336 oderunt
1624 1305 1726 1341 nOS,
1757 1290 1898 1333 libera

1062 1365 1143 1393 nos
1170 1352 1370 1395 Dumine.

1119 1410 1259 1444 Preces
1294 1409 1450 1452 quando
1483 1408 1677 1449 dicuntur,
1708 1407 1901 1442 habentur

1067 1468 1185 1501 supra
1210 1458 1249 1491 in
1274 1457 1388 1491 Feria
1412 1456 1458 1491 Π.
1484 1455 1537 1490 51.

1326 1519 1568 1547 ——o-ae-o—
1579 1531 1621 1533 v„
1630 1530 1641 1532 ,

1078 1581 1230 1623 Fer-ia
1257 1580 1439 1631 quinta
1466 1579 1532 1621 ad
1557 1577 1880 1620 Matutinum.

1119 1648 1259 1689 lnvit.-
1273 1646 1511 1688 Duminum
1540 1645 1614 1698 qui
1638 1644 1741 1686 fecit
1763 1654 1857 1692 n08,
1879 1647 1903 1673 *

1064 1705 1224 1747 Venite
1253 1702 1499 1745 adoremus.

1122 1762 1189 1801 Ps.
1218 1761 1386 1810 Venite,
1414 1758 1694 1801 exsultemus.
1721 1757 1758 1801 2.

1382 1821 1593 1872 Hymnus.

1216 1891 1275 1920 ox
1303 1882 1396 1919 atra
1424 1889 1571 1919 rerum
1598 1873 1793 1924 contegit

1248 1934 1400 1975 Terrae
1430 1933 1604 1975 colores
1632 1929 1864 1972 emniumz·

1171 1992 1267 2033 Nos
1295 1990 1556 2033 confitentes
1583 1987 1809 2042 puscimus

1171 2048 1249 2098 Te,
1276 2048 1387 2100 juste
1414 2046 1546 2099 judex
1574 2043 1790 2087 curdium:

1129 2116 1180 2156 Ut
1208 2113 1381 2154 auferas
1409 2110 1594 2164 piacula,

1173 2169 1425 2221 Sordesque
1453 2167 1612 2209 mentis
1621 2177 1630 2185 ·
1641 2165 1812 2208 abluas:

1173 2227 1414 2278 Donesque
1444 2224 1616 2266 Christe
1643 2222 1840 2274 gratiam,

1176 2283 1237 2325 Ut
1264 2284 1497 2324 arceantur
1525 2280 1716 2322 crimina.

1132 2351 1248 2390 Mens
1276 2360 1380 2389 ecce
1407 2350 1556 2399 torpet
1582 2344 1728 2398 impia,

1175 2405 1317 2455 Quam
1345 2403 1475 2456 culpa
1502 2401 1678 2444 mordet
1703 2399 1851 2441 nuxia:

1177 2460 1378 2502 Obscura
1405 2459 1539 2510 gestit
1565 2457 1732 2506 t6llere‚

1176 2518 1233 2559 Et
1259 2523 1304 2559 te
1333 2516 1609 2568 Redemptor
1638 2515 1847 2567 quaerere.

1135 2581 1310 2634 Repelle
1337 2586 1386 2623 tu
1414 2579 1645 2630 caliginem

1176 2639 1446 2680 Intrinsecus
1476 2648 1607 2689 quam
1634 2633 1835 2682 maxime,

1177 2695 1237 2736 Ut
1264 2694 1307 2734 in
1336 2693 1470 2735 beato
1498 2691 1689 2743 gaudeat

1177 2751 1234 2792 Se
1262 2749 1473 2791 collocari
1500 2748 1673 2790 lumine.
