2040 2944
526 169 598 203 Die
622 169 674 203 23.
698 169 797 203 Nov.
844 169 879 204 S.
906 169 1116 203 Clementis
1141 168 1262 211 Papae
1287 172 1323 202 et
1347 167 1455 202 Mart.

130 264 390 311 veneramur
410 262 574 312 officio,
603 262 733 304 etiam
753 262 840 314 piae
861 275 961 303 con-

1780 163 1847 199 453

1018 265 1068 317 R.
1085 263 1331 315 Propterea
1350 265 1576 308 benedixit
1594 271 1639 308 te
1658 266 1780 308 Deus
1801 266 1844 306 in

130 318 391 361 versationis
450 321 687 370 sequamur
735 318 961 371 exemplo.
1013 321 1237 361 aeternum.

129 377 215 418 Per
233 375 482 417 Dominum.

400 444 468 481 Ad
491 444 695 481 Tertiam.

187 498 286 538 Ant.
320 495 585 538 Valerianus.

187 557 446 609 Capitulum.
474 559 664 600 Fratres:
685 557 781 607 Qui.
800 557 896 598 452.

184 619 235 670 R.
260 618 323 659 br.
358 617 515 670 Specie
541 622 618 659 tua
642 621 665 645 *
687 617 744 658 Et
770 617 960 670 pulchri-

128 675 280 716 tudine
311 679 398 716 tua.
447 674 615 727 Specie.
666 670 717 722 V.
756 673 960 723 Intende,

127 733 344 784 prospere
376 730 587 783 procede,
620 734 664 772 et
695 742 842 781 regna.
892 730 960 772 Et.

135 787 284 830 Gloria
301 786 434 829 Patri.
462 787 630 840 Specie.

184 845 234 896 V.
269 847 510 899 Adiuvabit
544 859 642 889 eam
674 847 797 889 Deus
836 847 961 889 vultu

128 916 221 946 suo.
264 907 314 958 R.
339 904 461 945 Deus
489 903 534 944 in
562 903 709 945 medio
737 905 844 956 ejus,
871 916 960 945 non

130 959 490 1003 commovebitur.

403 1034 471 1070 Ad
497 1033 684 1071 Sextam.

183 1090 283 1130 Ant.
315 1086 490 1130 Caecssia
508 1087 670 1129 famula
688 1092 775 1129 tua.

181 1150 442 1203 Capitulum.
692 1153 728 1192 2.
745 1152 842 1194 Cor.
858 1154 908 1193 11.

256 1209 399 1251 mulor
430 1209 544 1251 enim
570 1221 651 1250 vos
676 1209 760 1250 Dei
786 1209 960 1251 aemula-

281 1266 413 1308 tione.
467 1265 699 1318 Despondi
732 1266 848 1307 enim
880 1279 961 1308 vos

128 1323 204 1364 uni
222 1323 319 1364 viro
333 1323 548 1375 virg-inem
568 1327 735 1364 castam
753 1322 961 1365 exhibere

97 1389 102 1393 ”
131 1378 317 1421 Christo.

183 1437 234 1488 R.
263 1436 324 1477 br.
367 1434 607 1487 Adjuvabit
644 1448 740 1478 eam
779 1442 801 1465 *
838 1437 960 1478 Deus

128 1491 252 1533 vultu
276 1504 368 1534 suo.
403 1491 657 1544 Adiuvabit.
693 1490 743 1542 ys.
772 1493 894 1534 Deus
918 1493 961 1533 in

126 1547 274 1590 medio
317 1549 424 1599 eius,
465 1561 554 1590 non
599 1549 960 1591 commovebitur.

126 1605 260 1647 Deus.
293 1605 443 1647 Gloria
462 1606 593 1648 Patri.
620 1605 875 1658 Adiuvabit.

185 1656 235 1708 V.
258 1662 404 1713 Elegit
428 1675 526 1704 eam
544 1662 682 1712 Deus,
711 1667 755 1704 et
779 1663 960 1715 praeele-

127 1718 190 1769 git
222 1731 329 1760 eam.
395 1722 446 1773 Rz.
473 1719 526 1759 In
557 1719 846 1761 tabernaculo
880 1733 959 1761 suo

128 1774 329 1818 habitare
349 1776 454 1818 facit
473 1788 581 1817 eam.

411 1845 479 1881 Ad
501 1846 686 1882 Nonam.

186 1900 286 1940 Ant.
314 1897 560 1940 Triduanas
579 1911 605 1939 a
622 1898 828 1947 Domino.

185 1960 446 2012 Capitulum.
647 1962 780 2003 Eccli.
795 1963 854 2003 51.
868 1963 909 2003 b.

221 2013 365 2056 omine
407 2014 529 2056 Deus
572 2027 710 2065 meus,
758 2015 962 2057 exaltasti

241 2083 375 2123 super
427 2076 591 2113 terram
644 2071 962 2114 habitationem

129 2139 289 2177 meam,
316 2132 359 2169 et
382 2141 465 2180 pro
484 2133 628 2170 morte
647 2127 868 2171 defluente
889 2128 961 2171 de—

128 2186 310 2236 precata
338 2198 447 2226 sum.
483 2185 696 2227 Invocavi
723 2185 961 2228 Dominum

127 2241 306 2282 Patrem
323 2241 504 2282 Domini
526 2241 628 2291 mei,
658 2247 706 2283 ut
729 2254 818 2283 non
838 2241 959 2284 dere-

128 2297 299 2349 linquat
342 2311 413 2340 me
458 2298 503 2339 in
548 2297 620 2340 die
664 2299 961 2341 tribulationis

128 2365 255 2403 meae,
294 2359 338 2396 et
364 2354 409 2395 in
437 2356 639 2407 tempore
667 2355 961 2408 superborum

130 2409 222 2451 sine
242 2409 471 2462 adjutorio.

183 2468 234 2519 R2.
266 2467 329 2508 br.
368 2467 513 2518 Elegit
545 2480 643 2510 eam
674 2468 813 2519 Deus,
847 2471 870 2495 *
904 2469 961 2510 Et

128 2522 356 2574 praeelegit
385 2536 491 2565 eam.
538 2524 694 2575 Elegit.
742 2521 791 2573 W.
821 2525 872 2565 111
899 2530 959 2567 ta-

129 2578 368 2620 bernaculo
392 2593 472 2622 suo
498 2580 699 2623 habitare
722 2582 827 2624 facit
852 2594 960 2623 eam.

129 2634 196 2676 Et.
230 2635 379 2676 Gloria
396 2637 527 2678 Patri.
555 2638 710 2689 Elegit.

184 2687 234 2738 V.
249 2691 421 2734 Diffusa
434 2698 502 2735 est
514 2695 655 2745 gratia
669 2695 714 2736 in
722 2694 851 2737 labiis
862 2695 960 2736 tuis.

1218 389 1279 430 In
1297 390 1358 431 11.
1377 376 1627 441 vesperis.

1072 452 1160 485 Ant.
1181 451 1228 485 dc
1245 451 1364 485 Laud.
1378 452 1459 495 452;
1487 452 1547 486 Ps.
1570 457 1611 486 ut
1631 452 1669 485 in
1686 452 1712 486 Ι.
1733 452 1847 495 Vesp.

1018 499 1065 533 de
1084 499 1228 534 Comm.
1246 499 1351 542 Virg.
1366 499 1439 543 [83]

1071 548 1106 581 A
1127 548 1250 590 Capit.
1275 548 1316 581 fit
1341 547 1388 581 de
1414 557 1519 590 sequ.
1543 558 1629 582 cum
1651 558 1847 583 commem.

1017 606 1131 639 praec.
1163 600 1199 630 et
1228 595 1263 630 S.
1288 595 1503 629 Felicitatis
1527 595 1636 635 Mart.
1668 602 1709 630 ut
1738 597 1847 631 infra.

1200 669 1284 710 Die
1303 671 1368 710 23.
1388 670 1664 712 Novembris.

1077 731 1120 772 S.
1142 732 1414 774 Clementis
1440 735 1575 787 Papae
1595 739 1638 776 et
1658 735 1782 776 Mart.

1348 795 1512 839 Duplex.

1229 850 1291 890 In
1316 851 1352 892 Ι.
1372 851 1627 902 vesperis.

1070 912 1111 947 Si
1142 912 1168 946 Ι.
1201 911 1318 955 Vesp.
1354 912 1531 947 dicendae
1565 912 1642 946 sint
1677 913 1848 955 integrae,

1017 962 1105 994 Ant.
1145 964 1254 994 erunt
1291 960 1337 994 de
1369 960 1488 995 Laud.
1517 958 1597 1002 4573
1645 960 1706 995 Ps.
1738 966 1780 995 ut
1810 962 1847 995 in

1016 1009 1043 1043 Ι.
1066 1008 1183 1051 Vcsp.
1210 1008 1256 1042 de
1282 1008 1426 1043 Comm.
1452 1010 1589 1052 Apost.
1615 1007 1662 1051 [2]

1071 1060 1330 1112 Capitulum.
1608 1062 1630 1101 J
1635 1074 1696 1102 ac.
1713 1063 1741 1101 1.
1758 1061 1796 1102 b.

1018 1113 1224 1219 Beatus
1250 1113 1331 1163 vir,
1362 1114 1434 1166 qui
1461 1114 1614 1156 suffert
1641 1117 1845 1157 tentatio-

1114 1181 1230 1210 nem:
1266 1171 1473 1222 quoniam
1503 1184 1601 1212 cum
1629 1173 1845 1225 probatus

1015 1225 1154 1274 fuerit,
1167 1227 1355 1279 accipiet
1366 1230 1577 1269 coronam
1587 1229 1700 1278 vitae,
1718 1243 1847 1281 quam

1014 1284 1267 1333 repromisit
1285 1283 1407 1325 Deus
1428 1283 1709 1335 diligentibus
1730 1298 1787 1327 se.

1324 1348 1535 1398 Hymnus.

1130 1416 1207 1446 eus
1227 1407 1405 1447 tuorum
1423 1407 1608 1449 militum

1142 1461 1259 1512 Sors,
1280 1468 1323 1504 et
1343 1466 1518 1514 corona,
1537 1465 1779 1517 praemium,

1093 1517 1269 1560 Laudes
1291 1522 1497 1562 canentes
1516 1521 1724 1573 Martyris

1093 1574 1291 1617 Absolve
1310 1589 1426 1618 nexu
1447 1578 1650 1618 criminis.

1043 1640 1127 1681 Hic
1146 1653 1306 1694 nempe
1325 1642 1477 1683 mundi
1495 1643 1667 1694 gaudia,

1094 1697 1151 1739 Et
1169 1697 1332 1739 blanda
1351 1698 1553 1746 fraudum
1572 1699 1735 1751 pabula

1093 1753 1269 1796 Imbuta
1288 1755 1389 1796 felle
1410 1755 1640 1808 deputans,

1090 1810 1298 1854 Pervenit
1316 1811 1374 1853 ad
1393 1812 1602 1854 coelestia.

1048 1877 1204 1917 Poenas
1225 1877 1417 1918 cucurrit
1436 1877 1622 1927 fortiter,

1092 1933 1149 1974 Et
1170 1933 1346 1976 sustulit
1364 1934 1559 1984 viriliter,

1093 1988 1389 2042 Fundensque
1411 2003 1495 2043 pro
1519 1996 1564 2032 te
1582 1990 1847 2041 sanguinem,

1092 2046 1277 2105 AEterna
1297 2046 1414 2088 dona
1433 2047 1644 2100 possidet.

1044 2112 1109 2154 Ob
1128 2112 1214 2154 hoc
1233 2114 1418 2165 precatu
1437 2112 1627 2165 supplici

1091 2169 1156 2211 Te
1175 2169 1411 2221 poscimus,
1430 2169 1639 2222 piissime;

1093 2226 1145 2266 In
1164 2225 1250 2267 hoc
1268 2225 1491 2278 triumpho
1510 2225 1717 2278 Martyris

1091 2282 1276 2324 Dimitte
1296 2295 1458 2324 noxam
1477 2282 1675 2324 servulis.

1042 2347 1160 2388 Laus
1181 2351 1224 2388 et
1242 2346 1447 2399 perennis
1466 2346 1608 2397 gloria

1091 2403 1213 2444 Patri
1231 2403 1299 2452 sit,
1319 2407 1454 2455 atque
1473 2403 1598 2453 Filio,

1091 2460 1253 2501 Sancto
1274 2459 1405 2501 simul
1422 2460 1656 2510 Paraclito,

1092 2518 1143 2558 In
1163 2517 1430 2569 sempiterna
1450 2517 1623 2558 saecula.
1651 2516 1804 2558 Amen.

1070 2577 1121 2626 V.
1156 2581 1309 2622 Gloria
1341 2586 1385 2623 et
1416 2581 1586 2624 honore
1620 2582 1845 2623 coronasti

1015 2651 1115 2680 eum
1146 2637 1344 2679 Domine.
1404 2638 1455 2689 152.
1492 2639 1549 2680 Et
1581 2637 1845 2680 constituisti

1015 2707 1114 2736 eum
1133 2707 1266 2746 super
1286 2696 1422 2747 opera
1440 2697 1647 2736 manuum
1662 2695 1846 2736 tuarum.
