2040 2944
588 210 691 244 Infra
716 210 901 244 Octavam
924 210 1190 245 Dedicationis
1214 212 1407 246 Eeclesiae.

435 304 587 346 Lectio
609 306 691 345 viii.

235 367 386 409 usfflus
426 370 574 420 itaque
605 368 816 409 Zachaeus
853 371 974 421 syco-

243 436 414 466 morum
433 424 581 475 subiit,
601 429 644 466 et
661 425 898 466 Dominum
916 426 974 467 vi-

153 480 231 522 dit:
260 481 359 533 quia
385 481 458 534 qui
479 481 630 523 mundi
652 481 878 523 stultitiam
900 481 974 523 hu-

152 537 310 579 militer
330 537 501 589 eligunt,
520 538 604 591 ipsi
617 538 701 579 Dei
720 538 975 590 sapientiam

153 593 370 636 subtiliter
403 594 764 647 contemplantur.
808 594 974 635 Pusilli·
1036 630 1118 632 ἶ

151 652 286 692 tatem
308 663 496 703 namque
523 656 718 693 nostram
749 650 805 692 ad
829 650 973 692 viden·
1032 667 1126 695 ai
1172 667 1176 686 τ

1254 310 1302 347 In
1328 309 1379 347 II.
1407 309 1628 348 Nocturno.

1079 379 1145 419 De
1173 378 1382 420 Sermone
1411 379 1550 420 sancti
1575 379 1809 431 Augustini

1330 435 1552 488 Episcopi.

1144 501 1201 535 Ex
1226 501 1341 536 Serm.
1364 502 1437 537 256.
1464 501 1510 535 de
1535 500 1734 545 Tempore.

1326 562 1476 603 Lectio
1497 562 1549 601 iv.

1173 624 1292 675 odo,
1321 625 1496 677 quando
1523 626 1756 679 implentur
1783 640 1849 669 ec-

1101 676 1180 754 21‘2'52‘11
1203 681 1363 732 clesiae,
1395 685 1598 735 putamus
1626 683 1851 734 jucundari

153 706 257 748 dum
296 707 532 749 Dominum
572 707 701 749 turba
741 707 973 760 praepedit:
1108 720 1133 749 :5²³2
1172 728 1176 745 ι

154 763 255 816 quia
271 763 564 805 infirmitatem
586 763 788 805 humanae
806 764 973 813 mentis,

151 832 206 861 ne
228 819 370 862 lucem
392 820 588 862 veritatis
611 820 823 870 intendat,
852 822 972 861 cura-

151 889 247 918 rum
271 877 543 919 saecularium
570 877 780 918 tumultus
804 877 972 930 premit.

150 933 238 975 Sed
262 933 501 986 prudenter
525 935 802 986 sycomorum
826 935 971 974 ascen-

151 989 308 1041 dimus,
328 990 364 1031 si
382 989 565 1043 provide
586 1003 682 1031 eam
702 1003 800 1043 quae
821 990 970 1032 divini-

149 1050 220 1087 tus
253 1047 522 1099 praecipitur,
568 1046 793 1088 stultitiam
826 1051 971 1088 mente

149 1104 357 1144 tenemus.
386 1102 502 1153 Quid
521 1103 635 1144 enim
651 1103 695 1143 in
709 1103 794 1145 hoc
808 1102 970 1144 mundo

150 1158 322 1200 stultius
343 1172 472 1212 quam
487 1161 646 1200 amissa
660 1172 748 1201 non
765 1162 971 1212 quaerere,

147 1217 354 1268 possessa
372 1215 639 1268 rapientibus
653 1216 861 1266 relaxare,
879 1215 970 1257 nul-

147 1271 234 1313 lam
258 1285 340 1325 pro
367 1273 557 1325 acceptis
581 1273 745 1324 injuriis
772 1273 969 1325 injuriam

147 1327 343 1379 reddere,
361 1329 448 1370 imo
468 1328 681 1380 adjunctis
695 1329 790 1370 aliis
805 1329 968 1382 patien-

146 1385 252 1426 tiam
274 1384 495 1438 praebere?
540 1385 592 1437 Rz.
609 1385 812 1438 Lapides.
832 1385 927 1438 [121]

449 1448 600 1491 Lectio
619 1449 673 1490 ix.

151 1488 326 1613 Quasi
358 1512 472 1554 enim
504 1514 783 1565 sycomorum
815 1525 897 1554 nos
929 1525 969 1553 a·

250 1568 460 1610 scendere
502 1569 718 1610 Dominus
759 1569 970 1622 praecipit,

146 1637 245 1667 cum
263 1624 381 1667 dicit:
401 1625 485 1675 Qui
503 1625 643 1666 aufert
658 1638 756 1678 quae
770 1630 846 1666 tua
859 1629 968 1674 sunt,

145 1694 200 1723 ne
225 1683 409 1734 repetas.
444 1682 501 1722 Et
522 1694 708 1722 rursum:
735 1681 779 1723 Si
804 1681 901 1734 quis
924 1685 968 1722 te

145 1738 411 1791 percusserit
429 1738 472 1778 in
492 1737 716 1779 dexteram
737 1736 969 1787 maxillam,

144 1794 295 1847 praebe
312 1794 374 1835 illi
390 1798 433 1836 et
452 1794 643 1836 alteram.
668 1794 754 1835 Per
773 1795 967 1846 sycomo-

144 1863 242 1892 rum
270 1851 484 1892 Dominus
515 1851 729 1892 transiens
764 1849 967 1891 cernitur:

147 1907 247 1959 quja
259 1920 339 1960 per
352 1907 464 1948 hanc
479 1907 720 1960 sapientem
731 1906 967 1955 stultitiam,

146 1964 228 2005 etsi
245 1963 442 2014 necdum,
456 1968 515 2005 ut
534 1968 610 2013 est,
637 1962 786 2013 solide,
805 1963 890 2016 jam
907 1966 968 2003 ta-

144 2033 245 2062 men
284 2033 364 2073 per
405 2019 784 2073 contemplationis
824 2018 969 2060 lumen

144 2075 229 2118 Dei
252 2077 464 2130 sapientia
488 2077 613 2128 quasi
635 2076 679 2117 in
701 2076 886 2117 transitu
908 2074 967 2116 vi·

146 2132 289 2184 detur,
318 2147 449 2186 quam
473 2133 621 2175 videre
647 2134 869 2185 nequeunt
895 2131 969 2184 qui

146 2189 228 2231 sibi
253 2190 472 2243 sapientes
498 2203 593 2232 esse
618 2189 833 2231 videntur:
867 2189 968 2241 quia

145 2245 203 2288 ad
238 2246 595 2300 conspiciendum
629 2246 880 2294 Dominum,
924 2244 968 2285 in

145 2301 259 2345 elata
292 2303 603 2354 cogitationum
635 2304 812 2343 suarum
839 2300 968 2342 turba

146 2355 416 2412 deprehensi,
441 2358 584 2401 adhuc
603 2358 823 2410 sycomori
842 2357 966 2398 arbo-

145 2425 237 2456 rem
253 2428 342 2457 non
359 2416 626 2457 invenerunt.
656 2416 716 2456 Te
734 2415 886 2455 Deum.
904 2414 964 2454 14.

401 2495 709 2525 ...mmm

334 2569 377 2613 Q
393 2579 428 2610 u
446 2569 464 2610 i
482 2581 518 2610 n
536 2569 558 2610 t
575 2580 606 2610 a
650 2569 691 2609 D
710 2567 728 2608 i
748 2577 774 2608 e

382 2622 491 2663 infra
511 2623 731 2664 Octavam.

196 2687 240 2721 In
271 2687 297 2722 Ι.
326 2688 523 2725 Nocturno
557 2691 758 2725 Lectiones
791 2691 836 2724 de
868 2691 965 2725 Seri-

147 2739 258 2778 ptura
283 2743 513 2773 occurrente.
889 2750 893 2753 '

1168 747 1176 761 ³
1202 736 1405 780 Judaeos?
1461 739 1670 780 Ecclesiae
1717 739 1848 782 aedifi-

1027 796 1189 844 cantur,
1205 794 1472 844 dedicantur,
1487 795 1735 848 implentur:
1753 799 1850 849 quo-

1024 850 1157 892 modo
1176 850 1238 891 illi
1254 850 1563 903 jucundantur?
1588 852 1688 893 Non
1708 853 1849 894 solum

1024 919 1112 948 non
1138 907 1442 959 jucundantur,
1476 907 1555 950 sed
1586 909 1716 949 etiam
1748 922 1848 950 con-

1023 963 1278 1013 funduntur,
1307 969 1351 1006 et
1374 963 1579 1017 impletur
1599 977 1687 1006 vox
1710 966 1848 1007 exsul-

1024 1020 1169 1061 tantis:
1196 1020 1412 1062 Exaltabo
1440 1026 1484 1062 te
1511 1021 1714 1071 Domine,
1744 1024 1847 1074 quo-

1023 1076 1140 1117 niam
1160 1077 1391 1129 suscepisti
1410 1089 1494 1118 me:
1523 1082 1566 1118 et
1590 1090 1678 1119 non
1702 1078 1846 1130 jucun-

1025 1132 1138 1173 dasti
1155 1133 1354 1174 inimicos
1368 1146 1491 1175 meos
1508 1146 1639 1186 super
1648 1147 1728 1176 me.
1747 1134 1846 1176 Non

1022 1188 1266 1240 jucundasti
1293 1202 1424 1242 super
1450 1202 1534 1231 me:
1567 1190 1603 1231 si
1630 1190 1735 1231 mihi
1758 1203 1846 1232 cre-

1025 1244 1144 1295 dant,
1167 1245 1425 1297 jucundabis
1448 1246 1492 1286 in
1509 1259 1589 1288 me.
1624 1246 1692 1288 Ne
1711 1247 1847 1288 multa

1024 1301 1236 1351 dicamus,
1260 1301 1316 1343 ad
1334 1302 1421 1352 illa,
1448 1315 1546 1355 quae
1566 1303 1845 1354 cantavimus,

1023 1357 1258 1410 aliquando
1274 1358 1508 1400 veniamus.
1536 1359 1768 1409 Quomodo
1787 1359 1846 1401 di-

1023 1414 1082 1455 cit
1114 1413 1326 1456 Christus:
1372 1414 1635 1457 Conscidisti
1671 1429 1846 1457 saccum

1021 1483 1183 1521 meum,
1225 1475 1268 1512 et
1304 1471 1531 1513 accinxisti
1566 1485 1636 1514 me
1671 1471 1845 1514 laetitia?

1022 1528 1183 1570 Saccus
1210 1528 1300 1580 ejus
1325 1532 1417 1569 erat
1442 1528 1679 1570 similitudo
1704 1530 1846 1571 carnis

1021 1584 1203 1636 peccati.

1073 1640 1125 1690 Ην.
1153 1639 1387 1682 Orantibus
1405 1641 1449 1682 in
1467 1641 1578 1682 loco.
1609 1641 1706 1694 [118]

1329 1708 1479 1752 Lectio
1499 1723 1535 1749 ν.

1021 1762 1174 1868 Non
1191 1771 1270 1814 tibi
1288 1771 1483 1820 vilescat,
1508 1770 1628 1822 quod
1647 1771 1721 1821 ait,
1746 1772 1843 1814 Sac-

1125 1841 1223 1869 cum
1241 1841 1402 1869 meum:
1429 1826 1491 1868 ibi
1514 1832 1608 1868 erat
1630 1827 1845 1869 inclusum

1021 1885 1210 1937 pretium
1226 1889 1360 1926 tuum.
1389 1883 1651 1926 Conscidisti
1670 1897 1845 1926 saccum

1020 1953 1175 1982 meum.
1196 1941 1427 1982 Evasimus
1443 1939 1499 1982 ad
1513 1953 1689 1981 saccum
1703 1941 1844 1982 istum.

1021 1996 1282 2038 Conscidisti
1302 2009 1478 2038 saccum
1496 2009 1651 2038 meum.
1678 1997 1729 2037 In
1747 2010 1843 2050 pas-

1021 2053 1142 2094 sione
1162 2055 1409 2094 conscissus
1428 2057 1505 2094 est.
1533 2052 1765 2103 Quomodo
1781 2066 1843 2095 er-

1021 2122 1076 2160 go
1104 2110 1201 2151 Deo
1229 2109 1349 2151 Patri
1377 2109 1548 2150 dicitur:
1581 2109 1843 2151 Conscidisti

1021 2178 1196 2207 saccum
1210 2163 1376 2207 meum?
1397 2165 1630 2216 Quomodo
1645 2166 1765 2207 Patri
1780 2165 1840 2207 di-

1021 2224 1160 2271 catur,
1185 2222 1250 2264 vis
1275 2222 1440 2264 audire:
1465 2220 1727 2263 Conscidisti
1751 2234 1841 2263 sac-

1020 2291 1118 2319 cum
1152 2276 1318 2320 meum?
1368 2278 1480 2328 Quia
1515 2278 1696 2330 proprio
1731 2277 1841 2320 Filio

1019 2347 1107 2376 non
1126 2334 1338 2387 pepercit,
1363 2333 1443 2376 sed
1460 2346 1543 2387 pro
1562 2333 1688 2375 nobis
1709 2335 1842 2375 omni·

1018 2391 1100 2432 bus
1119 2391 1299 2432 tradidit
1316 2390 1447 2432 illum.
1483 2390 1606 2431 Fecit
1630 2390 1743 2431 enim
1761 2403 1842 2444 per

1017 2446 1196 2488 ‚Iudaeos
1228 2447 1488 2496 nescientes,
1519 2447 1636 2488 unde
1659 2446 1841 2489 redime-

1018 2505 1166 2545 rentur
1185 2503 1385 2553 scientes,
1411 2508 1454 2545 et
1473 2503 1841 2545 confunderentur

1018 2562 1238 2611 negantes.
1262 2559 1473 2601 Nesciunt
1487 2560 1602 2601 enim
1618 2559 1723 2612 quid
1736 2558 1840 2601 boni

1017 2616 1143 2658 nobis
1163 2616 1332 2668 operati
1351 2620 1452 2657 sunt
1470 2616 1585 2657 malo
1611 2628 1702 2657 suo.
1740 2616 1838 2656 Sus-

1017 2674 1179 2724 pensus
1204 2676 1270 2714 est
1297 2685 1467 2722 saccus,
1496 2677 1539 2713 et
1569 2671 1692 2724 quasi
1720 2670 1836 2711 laeta-

982 2780 984 2783 Ι
1017 2733 1088 2770 tus
1115 2733 1180 2770 est
1207 2729 1377 2781 impius.
1415 2728 1638 2770 Conscidit
1665 2738 1838 2768 saccum
