2040 2944
574 177 645 211 Die
674 178 730 211 10.
756 177 853 210 Nov.
897 176 932 210 S.
957 175 1127 209 Andreae
1152 176 1324 210 Avellini
1350 176 1459 210 (Ionf.

1807 177 1875 211 419

382 270 432 309 In
459 271 509 310 II.
538 271 761 310 Nocturno.

459 326 612 367 Lectio
632 328 686 366 iv.

166 390 222 430 ‘352'
240 393 241 396 ’
258 395 294 443 ζ
311 385 469 427 ndreas
488 384 729 434 Avellinus,
756 383 900 426 dictus
920 387 991 426 an-

326 447 398 483 tea
421 441 738 490 Lancellottus,
767 440 887 493 apud
914 441 992 482 Ca-

234 498 241 504 ”
326 503 467 540 strum
485 497 662 538 Novum
685 497 893 539 Lucaniae
918 511 992 550 pa-

159 568 263 606 gum
307 559 451 604 natus,
497 554 612 595 inter
655 554 754 606 ipsa
798 554 993 595 infantiae

158 610 419 664 primordia,
447 611 606 652 futurae
632 610 877 652 sanctitatis
903 623 993 651 non

160 668 350 710 obscura
381 667 573 721 praebuit
604 666 775 709 indicia.
831 665 992 708 Adole-

160 737 288 766 scens
317 723 374 766 ad
399 724 568 766 litteras
596 722 891 765 addiscendas
919 737 992 776 pa-

159 784 283 822 terna
311 794 335 822 e
363 779 497 822 domo
526 782 746 831 egressuS‚
778 779 994 821 lubricam

158 837 274 879 illius
307 837 451 879 aetatis
484 837 685 878 semitam
717 837 830 878 inter
857 836 991 878 bona-

158 907 255 935 rum
282 894 442 935 artium
470 892 618 935 studia
642 893 703 935 ita
730 893 917 946 peregit,
945 898 993 934 ut

159 951 388 1003 sapientiae
413 950 601 1000 initium,
631 950 751 1002 quod
772 955 839 991 est
858 950 992 991 timor

158 1007 347 1057 Domini,
369 1006 426 1048 ob
449 1006 602 1048 oculos
621 1007 901 1058 potissimum
919 1005 992 1047 ha-

158 1063 263 1105 bere
273 1077 513 1116 numquam
522 1063 866 1115 praetermiserit.
883 1063 992 1104 Cum

159 1121 336 1171 egregia
376 1119 564 1173 proinde
606 1120 750 1161 forma
786 1120 993 1161 eximium

159 1177 375 1218 castitatis
405 1176 599 1219 studium
628 1177 870 1228 conjunxit,
904 1189 991 1228 quo

158 1232 406 1286 impudicas
426 1246 545 1285 saepe
564 1233 795 1274 mulierum
810 1231 991 1274 insidias

160 1288 304 1339 elusit,
348 1289 570 1331 interdum
615 1290 747 1330 etiam
793 1290 993 1341 apertam

159 1345 247 1386 vim
273 1345 563 1399 propulsavit.
598 1345 800 1387 Clericali
824 1345 992 1386 militiae

158 1402 243 1453 jam
267 1402 440 1455 pridem
463 1401 729 1455 adscriptus,
754 1401 992 1455 Neapolim

159 1471 206 1500 se
227 1459 426 1508 contulit,
445 1464 494 1501 ut
513 1459 729 1510 legalibus
750 1458 992 1511 disciplinis

158 1517 348 1566 vacaret,
366 1515 517 1568 ibique
531 1515 886 1568 jurisprudentiae
902 1515 991 1557 lau-

158 1584 279 1613 ream
294 1571 494 1625 adeptus,
512 1578 644 1624 atque
664 1573 832 1614 interea
852 1572 909 1614 ad
927 1585 991 1613 sa-

158 1629 432 1671 cerdotalem
483 1628 742 1679 dignitatem
795 1631 992 1678 evectus,

159 1687 391 1727 causarum
417 1685 663 1738 patrocinia
688 1685 733 1726 in
753 1686 850 1727 foro
871 1685 991 1727 dum-

157 1743 281 1783 taxat
304 1741 627 1791 ecclesiastico,
651 1754 824 1794 proque
850 1742 992 1794 priva-

157 1797 214 1838 tis
242 1797 507 1850 quibusdam
531 1798 751 1850 personis,
779 1798 899 1849 juxta
926 1811 991 1839 sa-

159 1856 334 1895 crorum
355 1857 572 1896 canonum
591 1855 842 1896 sanctiones
861 1857 992 1905 agere

159 1910 307 1963 coepit.
342 1911 510 1952 Verum
539 1924 638 1952 cum
665 1910 904 1963 aliquando
931 1912 991 1952 in-

158 1971 227 2008 ter
250 1980 430 2009 causam
455 1966 672 2018 agendam
694 1967 792 2009 leve
817 1968 856 2009 ei
874 1980 991 2009 men-

160 2022 335 2065 dacium
361 2023 614 2074 excidisset,
647 2037 752 2066 mox
776 2037 881 2066 vero
908 2024 990 2066 for-

159 2081 271 2122 tuita
308 2083 533 2123 sacrarum
568 2081 896 2134 Scripturarum
931 2082 988 2123 le-

160 2136 305 2179 ctione
328 2137 373 2178 in
397 2137 471 2179 illa
490 2137 626 2179 verba
643 2137 888 2179 incidisset:
918 2139 990 2187 Os,

162 2193 283 2246 quod
318 2196 542 2244 mentitur,
586 2194 749 2236 occidit
786 2195 991 2245 animam,

159 2254 283 2291 tanto
310 2252 401 2302 ejus
429 2250 571 2303 culpae
598 2249 754 2291 dolore
779 2263 831 2292 ac
853 2251 990 2303 poeni-

160 2306 296 2347 tentia
320 2308 551 2358 correptus
578 2311 662 2356 est,
690 2311 739 2347 ut
764 2307 913 2348 statim
934 2306 990 2349 ab

162 2361 376 2412 ejusmodi
405 2363 509 2403 vitae
535 2363 737 2404 instituto
763 2362 847 2403 sibi
873 2375 990 2404 rece-

163 2416 356 2459 dendum
376 2431 473 2460 esse
499 2418 684 2460 duxerit.
720 2418 893 2470 Itaque,
918 2418 991 2459 ab·

163 2472 320 2515 dicatis
345 2474 595 2516 forensibus
620 2474 754 2524 curis,
783 2487 830 2516 se
849 2479 993 2516 totum

163 2529 311 2570 divino
336 2530 472 2571 cultui
495 2533 720 2583 sacrisque
739 2530 991 2572 ministeriis

162 2585 441 2638 mancipavit.
463 2587 661 2639 Cumque
675 2586 992 2632 ‚ecclesiasticae

162 2641 338 2682 virtutis
359 2643 571 2695 exemplis
592 2643 816 2691 emineret,
836 2642 992 2683 sancti-

163 2697 419 2739 monialium
454 2699 653 2749 regimini
689 2711 715 2739 a
746 2703 852 2740 tunc
884 2699 993 2739 exsi-

1043 275 1186 316 stente
1214 274 1550 327 archiepiscopo
1576 273 1875 326 Neapolitano

1042 331 1281 382 praefectus
1323 331 1414 372 fuit.
1479 331 1576 380 Quo
1614 330 1657 370 in
1694 332 1876 370 munere

1043 399 1142 427 cum
1163 389 1402 439 pravorum
1418 386 1645 428 hominum
1661 385 1763 427 odia
1778 385 1875 427 sub-

1042 442 1175 493 iisset,
1192 443 1337 495 primo
1357 443 1535 495 quidem
1550 443 1777 484 intentatae
1794 442 1878 483 sibi

1042 499 1164 540 necis
1200 499 1445 551 periculum
1477 498 1731 549 declinavit;
1771 512 1877 541 mox

1042 568 1149 596 vero
1178 568 1258 608 per
1287 556 1491 596 sicarium
1525 555 1666 597 tribus
1694 556 1738 596 in
1765 556 1877 597 facie

1043 612 1239 664 acceptis
1267 611 1538 661 vulneribus,
1565 612 1733 663 injuriae
1761 617 1875 653 atro-

1044 669 1221 710 citatem
1238 681 1367 721 aequo
1384 668 1529 710 animo
1541 668 1731 721 pertulit.
1751 669 1876 710 Tunc

1042 726 1319 777 perfectioris
1331 726 1434 767 vitae
1446 725 1668 767 desiderio
1676 726 1877 777 flagrans,

1042 787 1091 822 ut
1110 782 1222 823 inter
1239 782 1434 824 Clericos
1449 782 1694 833 Regulares
1715 782 1876 823 adscri-

1043 838 1231 888 beretur,
1252 839 1510 891 suppliciter
1529 838 1782 890 postulavit,
1803 851 1876 880 vo-

1043 897 1167 947 tique
1187 908 1371 947 compos
1391 895 1544 944 faetus,
1568 894 1625 936 ob
1646 895 1877 945 ingentem,

1046 964 1134 1002 quo
1162 951 1395 1000 aestuabat,
1425 952 1565 992 crucis
1591 954 1801 1001 amorem,
1830 957 1878 993 ut

1045 1008 1130 1048 sibi
1154 1007 1348 1049 Andreae
1375 1020 1536 1048 nomen
1562 1009 1876 1060 imponeretur,

1043 1063 1249 1116 precibus
1268 1064 1531 1116 impetravit.

1096 1125 1145 1175 R.
1173 1121 1425 1162 Honestum
1452 1120 1557 1162 fecit
1584 1119 1706 1161 illum
1725 1121 1875 1161 Domi-

1043 1190 1136 1227 nus,
1163 1182 1206 1219 et
1226 1178 1465 1220 custodivit
1485 1190 1585 1218 eum
1605 1177 1661 1218 ab
1681 1177 1876 1227 inimicis,

1046 1238 1088 1275 et
1117 1247 1142 1275 a
1169 1234 1478 1276 seductoribus
1505 1234 1666 1275 tutavit
1692 1233 1831 1275 illum:
1854 1233 1876 1257 *

1044 1291 1101 1332 Et
1130 1290 1254 1332 dedit
1284 1291 1346 1332 illi
1376 1291 1625 1332 claritatem
1657 1292 1879 1331 aeternam.

1044 1342 1095 1393 V.
1126 1348 1300 1389 Justum
1334 1347 1518 1389 deduxit
1549 1347 1765 1388 Dominus
1799 1360 1879 1399 per

1044 1404 1138 1445 vias
1159 1409 1319 1454 rectas,
1339 1409 1383 1446 et
1403 1404 1597 1446 ostendit
1615 1403 1678 1444 illi
1697 1416 1880 1454 regnum

1044 1460 1138 1502 Dei.
1167 1461 1224 1502 Et
1243 1460 1378 1502 dedit.

1356 1516 1509 1557 Lectio
1531 1530 1568 1557 v.

1047 1567 1298 1672 Arctioris
1322 1576 1471 1626 itaque
1491 1575 1594 1616 vitae
1615 1574 1880 1615 curriculum

1150 1631 1285 1672 alacri
1305 1629 1452 1672 stadio
1473 1630 1714 1681 ingressus,
1740 1630 1784 1670 in
1804 1643 1878 1671 eas

1044 1687 1234 1728 maxime
1260 1687 1435 1728 virtutis
1458 1687 1795 1728 exercitationes
1819 1687 1877 1726 in-
1927 1706 1930 1707 ⁷

1046 1743 1212 1792 cubuit,
1241 1742 1298 1784 ad
1323 1756 1432 1795 quas
1458 1755 1557 1784 sese
1577 1743 1726 1784 arduis
1748 1743 1879 1784 etiam

1046 1799 1217 1839 emissis
1236 1799 1353 1840 votis
1373 1799 1619 1848 obstrinxit,
1638 1798 1778 1840 altero
1799 1800 1877 1840 sci-

1043 1854 1147 1896 licet
1179 1868 1271 1896 suae
1304 1855 1443 1908 ipsius
1475 1854 1692 1896 voluntati
1721 1855 1879 1906 jugiter

1045 1910 1301 1962 obsistendi,
1322 1912 1461 1953 altero
1482 1924 1589 1953 vero
1609 1911 1652 1951 in
1672 1911 1744 1951 via
1766 1911 1877 1952 chri-

1045 1969 1198 2010 stianae
1238 1969 1524 2021 perfectionis
1563 1980 1740 2020 semper
1771 1967 1877 2008 ulte-

1044 2025 1133 2066 rius
1153 2025 1476 2077 progrediendi.
1498 2024 1732 2075 Regularis
1749 2024 1875 2065 disci-

1043 2081 1176 2133 plinae
1194 2081 1336 2123 cultor
1351 2080 1566 2129 assiduus,
1587 2085 1631 2121 et
1649 2081 1692 2121 in
1709 2093 1760 2121 ea
1774 2093 1874 2133 pro-

1043 2137 1277 2187 movenda,
1298 2151 1398 2179 cum
1418 2138 1513 2179 aliis
1533 2139 1762 2191 praeesset,
1787 2143 1874 2179 stu-

1045 2193 1322 2235 diosissimus
1351 2194 1441 2235 fuit.
1479 2193 1703 2245 Quidquid
1731 2193 1787 2235 ab
1815 2194 1874 2234 in-

1045 2250 1186 2291 stituti
1205 2250 1272 2291 sui
1291 2249 1425 2291 officii
1440 2255 1484 2291 et
1498 2250 1661 2300 regulae
1678 2253 1875 2302 praescri-

1044 2310 1123 2358 pto
1157 2308 1386 2358 supererat
1417 2306 1649 2358 temporis,
1689 2306 1876 2348 orationi

1046 2367 1090 2403 et
1121 2362 1363 2403 animarum
1395 2362 1525 2403 saluti
1552 2361 1783 2404 tribuebat.
1824 2363 1875 2402 In

1046 2417 1396 2459 confessionibus
1420 2467 1422 2470 .
1447 2416 1717 2470 excipiendis
1766 2419 1876 2459 mira

1046 2475 1137 2526 ejus
1175 2476 1318 2526 pietas
1356 2478 1400 2515 et
1435 2474 1670 2526 prudentia
1707 2475 1875 2516 enituit:

1045 2531 1169 2571 vicos
1204 2535 1247 2571 et
1280 2529 1447 2583 oppida
1474 2530 1666 2582 Neapoli
1692 2530 1875 2572 finitima

1047 2586 1309 2637 evangelicis
1328 2586 1578 2628 ministeriis
1596 2599 1755 2637 magno
1776 2599 1875 2627 cum

1046 2643 1289 2683 animarum
1322 2642 1447 2684 lucro
1481 2643 1687 2694 frequens
1718 2642 1874 2682 lustra-

1045 2698 1132 2740 bat.
1175 2699 1316 2748 Quam
1344 2698 1571 2740 ardentem
1600 2711 1703 2749 erga
1729 2697 1873 2749 proxi-
