2040 2944
704 204 811 238 Fcria
838 205 947 238 tertia
974 205 1020 238 ad
1047 206 1246 248 vespm-215.

1764 206 1828 241 113

186 299 296 340 Cum
307 302 591 350 exsurgerent
601 299 799 341 hemines
810 300 854 340 in
864 312 956 350 nos,

135 355 158 381 *
175 355 289 396 forte
307 355 433 396 vivos
452 355 742 407 deglutissent
760 368 857 397 nos:

186 411 294 452 Cum
313 411 574 453 irasceretur
600 411 720 453 furor
741 414 892 453 eorum
911 413 955 454 in

133 480 231 518 nos,
255 468 278 493 *
299 468 483 509 forsitan
511 480 625 520 aqua
653 467 956 510 absorbuisset

133 536 224 565 nos.

184 580 446 621 Torrentem
491 580 772 633 pertransivit
813 580 956 622 anima

133 641 303 678 nostra:
322 637 346 662 *
365 637 548 678 forsitan
576 639 887 689 pertransisset
914 639 955 678 a·

133 693 250 734 nima
268 698 420 734 nostra
445 706 603 744 aquam
626 693 955 734 intolerabilem.

186 748 452 791 Benedictus
470 749 685 790 Dominus
713 750 737 774 *
766 749 841 800 qui
867 762 956 790 non

135 805 258 847 dedit
284 818 376 855 nos,
403 806 448 846 in
476 805 725 858 captionem
753 805 955 847 dentibus

135 864 297 904 eorum.

185 918 343 959 Anima
370 923 522 959 nostra
548 919 662 959 sicut
688 931 841 970 passer
867 920 955 959 ere-

133 979 210 1028 pta
238 979 305 1016 est
323 975 346 1000 *
366 974 421 1016 de
447 974 605 1026 laqueo
634 975 899 1015 venantium:

184 1031 389 1083 Laqueus
418 1033 631 1072 contritus
661 1036 743 1080 est,
763 1032 786 1056 *
805 1036 847 1072 et
874 1043 955 1072 nos

132 1086 307 1128 liberati
328 1100 487 1128 sumus.

1268 302 1460 342 psalmus
1490 304 1568 342 125.

1010 351 1113 457 In
1120 358 1414 400 convertendo
1443 358 1656 399 Deminus
1691 358 1824 410 capti-

1072 413 1253 454 vitatem
1271 414 1390 455 Sion:
1407 415 1430 440 *
1450 415 1552 456 facti
1576 428 1724 455 sumus
1747 414 1824 455 sic-

1008 474 1055 510 ut
1076 469 1306 511 consolati:

1059 525 1183 566 Tunc
1224 525 1438 578 repletum
1475 531 1540 567 est
1575 526 1736 577 gaudio
1776 539 1825 567 os

1008 586 1220 622 nostrum:
1240 582 1262 607 *
1288 586 1331 623 et
1351 581 1496 632 lingua
1518 587 1667 623 nostra
1687 582 1825 623 exsul-

1008 638 1184 678 tatione.

1059 694 1182 735 Tunc
1204 693 1350 735 dicent
1367 694 1479 734 inter
1495 695 1673 736 Gentes:
1693 695 1716 720 *
1737 695 1824 735 Ma-

1008 750 1230 801 gnificavit
1276 749 1489 790 Deminus
1540 750 1681 791 facere
1727 764 1825 791 cum

1009 807 1082 847 eis.

1059 862 1354 914 Magnificavit
1368 862 1582 903 Dominus
1597 862 1737 903 facere
1752 876 1824 903 no-

1007 918 1191 960 biscum:
1210 919 1234 944 *
1253 919 1356 960 facti
1376 932 1523 959 sumus
1543 918 1753 959 laetantes.

1060 975 1278 1016 Converte
1305 975 1492 1016 Demine
1528 975 1826 1039 captivitatem

1007 1036 1213 1081 nostram,
1231 1032 1255 1057 *
1276 1031 1387 1072 sicut
1406 1036 1576 1072 torrens
1593 1031 1636 1071 in
1651 1031 1826 1072 Austro.

1060 1088 1144 1138 Qui
1178 1087 1391 1128 seminant
1424 1087 1467 1127 in
1499 1087 1706 1136 lacrimis,
1734 1088 1757 1112 *
1784 1087 1827 1126 in

184 1143 463 1196 Adjutorium
491 1148 690 1185 nostrum
713 1144 757 1184 in
780 1143 955 1185 nomine
979 1133 983 1190 l
1009 1144 1301 1186 exsultatione
1319 1148 1495 1185 metent.

132 1200 364 1250 Domini,*
385 1200 460 1252 qui
487 1200 591 1241 fecit
619 1200 779 1241 coelum
808 1205 851 1242 et
872 1205 955 1241 ter·
979 1191 983 1261 Ι

133 1269 236 1297 ram.

186 1325 285 1364 Ant.
306 1325 583 1377 Adiutorium
600 1330 799 1367 nostrum
818 1326 862 1366 in
881 1327 955 1366 no-

133 1381 249 1441 mine
267 1381 455 1422 Demini.

184 1453 283 1493 Ant.
314 1451 513 1493 Benefac.

390 1541 587 1581 psalmus
613 1542 697 1581 124.

219 1606 264 1647 ui
292 1606 554 1647 confidunt
543 1619 587 1646 1n
606 1606 818 1654 Domino,
845 1606 983 1646 sicut

235 1675 363 1704 mons
396 1662 516 1703 Sion:
540 1662 563 1688 *
590 1674 678 1703 non
713 1637 956 1703 commove-

133 1719 250 1760 bitur
279 1719 323 1759 in
351 1721 577 1769 aeternum,
615 1718 689 1770 qui
717 1717 886 1759 habitat
913 1718 957 1758 in

133 1774 385 1817 Jerusalem.

185 1835 359 1876 Montes
378 1835 422 1876 in
441 1835 625 1876 circuitu
644 1836 749 1887 ejus:
768 1835 791 1860 *
810 1840 853 1875 et
869 1834 956 1874 Do-

134 1891 276 1932 minus
308 1892 352 1932 in
386 1891 570 1933 circuitu
601 1891 756 1943 pepuli
784 1891 866 1940 sui,
904 1903 957 1931 ex

134 1947 218 1989 hoc
237 1960 352 1989 nunc
372 1952 416 1989 et
436 1960 577 2000 usque
596 1947 640 1988 in
660 1947 878 1988 saeculum.

187 2008 298 2059 Quia
312 2021 400 2049 non
418 2008 634 2060 relinquet
643 2007 858 2048 Deminus
874 2008 955 2048 vir-

135 2077 234 2116 gam
251 2066 535 2116 peccatorum
560 2076 692 2117 super
715 2069 879 2105 sortem
897 2065 955 2116 ju-

135 2122 319 2162 storum:
347 2121 370 2146 *
398 2125 446 2162 ut
474 2133 562 2161 non
589 2119 826 2162 extendant
854 2120 956 2172 justi

135 2176 191 2218 ad
209 2177 485 2229 iniquitatem
504 2189 656 2217 manus
678 2189 789 2217 suas.

186 2237 376 2279 Benefac
400 2236 587 2278 Demine
615 2236 757 2286 bonis,
777 2237 800 2262 *
821 2241 864 2278 et
892 2250 955 2278 re-

135 2293 218 2334 ctis
239 2293 382 2335 corde.

186 2353 468 2395 Declinantes
493 2358 638 2394 autem
660 2353 705 2393 in
729 2353 955 2405 obligatio-

135 2422 213 2451 nes
250 2409 440 2451 adducet
474 2409 687 2450 Dominus
722 2421 821 2449 cum
854 2422 955 2461 ope-

134 2465 331 2507 rentibus
359 2466 649 2517 iniquitatem:
668 2465 691 2490 *
710 2477 797 2517 pax
825 2477 956 2517 super

135 2521 282 2563 Israel.

188 2591 286 2631 Ant.
316 2591 504 2632 Benefac
528 2590 715 2632 Domine
740 2589 884 2639 bonis,
913 2593 956 2630 et

135 2646 267 2687 rectis
287 2647 433 2688 corde.

186 2715 284 2754 Ant.
317 2715 439 2757 Facti
458 2727 617 2756 sumuS.

1059 1201 1225 1242 Euntes
1253 1199 1373 1241 ibant
1402 1205 1444 1241 et
1473 1199 1650 1249 flebant,
1682 1200 1705 1225 *
1733 1199 1827 1240 mit-

1008 1259 1150 1298 tentes
1170 1256 1335 1297 semina
1358 1269 1445 1296 sua.

1059 1313 1298 1354 Venientes
1339 1316 1484 1353 autem
1520 1312 1694 1353 venient
1730 1324 1828 1351 cum

1010 1369 1316 1418 exsultatiOne,
1340 1369 1363 1394 *
1385 1371 1610 1437 portantes
1637 1370 1828 1419 manipu-

980 1425 1076 1467 los
1101 1437 1216 1466 suos.

1064 1496 1162 1535 Ant.
1200 1494 1321 1535 raeti
1355 1507 1502 1534 sumus
1536 1492 1647 1533 sicut
1677 1505 1828 1534 conso-

979 1541 983 1624 ff
1009 1551 1097 1592 lati.

1062 1624 1093 1662 (
1098 1624 1317 1674 apitulum.
1559 1624 1608 1662 11.
1631 1625 1723 1662 Cor.
1747 1624 1773 1661 1,

1092 1689 1316 1730 enedictus
1344 1689 1480 1736 Deus,
1514 1691 1557 1728 et
1583 1687 1714 1727 Pater
1741 1686 1827 1725 Do-

1107 1745 1211 1785 mini
1229 1744 1366 1785 nostri
1385 1744 1408 1784 J
1411 1756 1487 1784 esu
1507 1743 1678 1791 Christi,
1698 1742 1828 1782 Pater

1008 1800 1423 1848 misericordiarum,
1460 1804 1502 1840 et
1536 1799 1656 1839 Deus
1691 1800 1827 1838 totius

1009 1856 1337 1903 consolatiunis‚
1367 1855 1439 1907 qui
1468 1855 1720 1896 consolatur
1747 1866 1827 1893 nos

1008 1913 1053 1954 in
1072 1913 1190 1954 omni
1207 1912 1487 1954 tribulatiOne
1506 1916 1665 1952 nostra.

1318 1986 1525 2037 Hymnus.

1112 2054 1260 2095 elluris
1282 2054 1393 2095 alme
1413 2052 1635 2101 Conditor,

1127 2110 1278 2155 Mundi
1300 2110 1442 2150 solum
1464 2109 1536 2160 qui
1557 2110 1775 2160 separans,

1084 2166 1228 2207 Pulsis
1248 2178 1373 2218 aquae
1392 2164 1614 2213 molestiis,

1085 2222 1267 2263 Terram
1287 2221 1447 2263 dedisti
1469 2219 1749 2260 imm6bilem:

1040 2302 1094 2343 Ut
1114 2312 1289 2351 germen
1309 2304 1459 2351 aptum
1477 2298 1715 2350 preferens,

1084 2355 1232 2396 Fulvis
1253 2354 1413 2396 decora
1432 2353 1624 2403 fleribus,

1083 2410 1307 2452 Foecunda
1327 2410 1469 2451 fructu
1489 2412 1674 2457 sisteret,

1084 2467 1350 2517 Pastumque
1369 2470 1540 2517 gratum
1559 2464 1771 2506 redderet.

1034 2544 1190 2585 Mentis
1213 2546 1405 2595 perustae
1426 2541 1605 2583 vulnera

1084 2598 1246 2640 Munda
1264 2599 1409 2640 virore
1427 2598 1596 2649 gratiae:

1085 2656 1143 2697 Ut
1162 2655 1276 2695 facta
1295 2654 1400 2695 fletu
1419 2653 1571 2702 diluat,

1085 2712 1319 2764 Motusque
1337 2722 1498 2764 pravos
1517 2711 1686 2750 atterat.
