2040 2944
600 193 710 228 Dom.
734 195 779 229 Π.
807 196 886 231 Oet.

137 286 460 340 comparabile?
487 287 594 340 quid
616 300 706 329 non
725 288 969 340 singulare?

933 197 1190 233 Maternitatis
1216 200 1256 234 B.
1284 201 1329 235 M.
1354 201 1398 235 V.

1759 201 1855 247 [285]

1079 295 1117 334 5.
1146 293 1358 336 Viderunt
1383 307 1478 336 eam
1498 295 1521 321 *
1541 295 1644 337 filiae
1662 296 1783 346 Sion,
1810 302 1855 338 et

136 343 296 385 Mirum
314 356 434 394 vero,
457 344 495 385 si
513 356 602 385 non
620 344 810 395 haesitaS,
829 346 873 387 in
892 347 968 388 ho·
1021 348 1199 390 beatam
1218 349 1437 400 dixerunt,
1463 357 1507 393 et
1525 354 1688 403 reginae
1706 352 1853 394 lauda—

65 450 67 452 ·
135 412 232 441 rum
258 399 597 453 ponderatione,
632 400 738 452 quid
761 406 837 443 tua
861 403 968 454 jndi-

136 468 210 498 ces
256 456 430 508 dignius
468 455 776 507 admiratione,
821 464 969 500 utrum

135 511 343 555 videlicet
374 513 524 565 potius
557 513 776 566 stupenda
806 514 863 556 sit
892 515 967 556 foe-

136 569 339 610 conditas
365 569 410 610 in
437 569 639 621 Virgine,
672 582 728 610 an
755 570 800 610 in
829 570 969 613 Matre

134 625 376 676 integritas:
404 624 650 667 sublimitas
676 625 721 666 in
746 627 887 678 prole,
915 640 969 668 an

135 693 235 723 cum
270 686 393 723 tanta
429 681 698 724 sublimitate
730 682 969 728 humilitas:

133 738 218 778 nisi
241 736 363 790 quod
385 737 685 780 indubitanter
709 738 867 780 horum
887 742 968 780 sin-

136 794 250 845 gulis
277 793 554 846 praeferenda
582 799 683 836 sunt
710 795 839 837 simul
869 809 968 837 cun-

134 855 222 901 cta,
251 855 295 892 et
322 850 729 903 incomparabiliter
756 852 968 894 excellen-

133 906 221 949 tius
250 911 318 948 est
345 911 479 958 atque
505 906 675 949 felicius
701 908 847 950 omnia
873 921 968 961 per-

136 965 307 1016 cepisse
333 975 465 1015 quam
490 963 647 1016 aliqua.
682 964 741 1006 Et
766 964 872 1017 quid
893 965 968 1006 mi·

134 1032 242 1069 rum,
262 1019 300 1060 si
313 1019 447 1066 Deus,
464 1020 538 1072 qui
552 1020 764 1062 mirabilis
779 1022 970 1063 cernitur

136 1080 180 1117 et
206 1075 366 1127 legitur
393 1076 438 1116 in
461 1076 634 1118 Sanctis
663 1078 769 1127 suis,
796 1077 968 1119 mirabi-

134 1131 290 1173 liorem
318 1144 366 1173 se
395 1131 594 1174 exhibuit
620 1133 665 1173 in
692 1133 835 1175 Matre
863 1133 968 1175 sua?

133 1188 419 1230 Veneramini
443 1200 549 1239 ergo
577 1190 786 1241 conjuges
808 1190 852 1230 in
878 1203 968 1231 car-

134 1257 189 1286 ne
209 1244 485 1297 corruptibili
500 1245 643 1286 carnis
657 1246 969 1296 integritatem:

134 1313 215 1342 vos
241 1313 381 1342 sacrae
403 1301 595 1352 virgines
614 1302 658 1342 in
683 1302 866 1353 Virgine
892 1303 968 1343 foe-

134 1355 416 1399 cunditatem.
453 1358 691 1400 Imitamini
715 1371 870 1400 omnes
893 1358 968 1400 ho-

133 1413 272 1455 mines
290 1414 375 1455 Dei
394 1414 547 1456 Matris
566 1413 866 1457 humilitatem.

191 1483 241 1534 R.
273 1479 650 1531 Congratulamini
680 1480 786 1522 mihi
815 1494 969 1523 omnes

135 1536 211 1588 qui
239 1535 418 1588 diligitis
446 1537 699 1579 Dominum:
738 1538 840 1590 quia
869 1550 968 1579 cum

133 1605 278 1691 {Stsgm
294 1592 495 1658 parvula,
509 1593 661 1692 {al-{cui
679 1593 925 1691 {Itis-sibim:
946 1603 967 1626 *

134 1710 178 1747 et
196 1661 509 1754 ὴὲωῗὲἐὲῨῙῗιῗ
524 1663 711 1748 ἓθὲῖἒὲη
729 1663 806 1747 ἓῖἐ
820 1662 968 1747 αῑὲἓῖἷῗ

133 1773 287 1803 omnes
304 1763 624 1813 generationes,
645 1762 748 1815 quia
765 1762 968 1804 ancillam

76 1817 80 1820 ’
133 1816 345 1859 humilem
369 1819 565 1872 respexit
586 1819 721 1861 Deus.
758 1818 826 1860 Et.
866 1818 966 1859 Glo-

133 1873 198 1914 ria
216 1873 347 1916 Patri.
373 1874 443 1917 Et.

189 1938 323 1974 Lectio
361 1941 412 1976 ix.
454 1942 502 1976 de
545 1943 718 1978 Homilia
752 1944 968 1978 Dominicae

138 1988 386 2023 occurrentis.

400 2071 480 2112 Ad.
501 2043 700 2114 Laudes

346 2134 395 2165 et
441 2142 534 2175 per
565 2132 751 2167 Horas.

190 2184 290 2224 Ant.
316 2186 345 2225 1.
375 2186 515 2227 Beata
538 2199 585 2228 es
608 2188 632 2213 *
656 2187 794 2238 Virgo
818 2187 966 2236 Maria,

135 2252 234 2292 quae
260 2241 456 2282 omnium
480 2243 672 2295 portasti
698 2243 966 2285 Creatorem.

189 2299 256 2339 Ps.
278 2300 491 2344 Dominus
510 2304 720 2354 regnavit.
739 2305 798 2345 15.

186 2363 222 2403 2.
258 2363 458 2405 Genuisti
480 2365 504 2391 *
530 2365 605 2416 qui
630 2370 675 2406 te
698 2365 819 2415 fecit,
853 2371 897 2406 et
923 2366 966 2406 in

133 2420 347 2461 aeternum
362 2422 598 2473 permanes
616 2421 768 2472 Virgo.

186 2481 223 2520 3.
259 2480 443 2523 Beatam
474 2495 545 2523 me
577 2481 724 2524 dicent
755 2483 778 2507 *
812 2495 965 2523 omnes

132 2537 456 2587 generationes,
483 2539 586 2590 quia
605 2538 809 2579 ancillam
828 2538 964 2579 humi-

131 2591 219 2633 lem
236 2594 432 2646 respexit
450 2595 678 2636 Dominus.

1022 406 1179 446 verunt
1198 419 1306 447 eam.

1080 467 1339 518 Capitulum.
1593 471 1722 511 Eccli.
1739 473 1803 511 24.

1109 526 1153 566 ui
1178 528 1344 570 creavit
1370 541 1454 578 me,
1485 529 1702 581 requievit
1727 530 1769 570 in
1794 536 1854 572 ta-

1126 582 1364 626 bernaculo
1388 597 1504 634 meo,
1535 590 1579 626 et
1603 585 1713 626 dixit
1736 586 1854 626 mihi:

1022 638 1073 678 In
1110 639 1249 681 Jacob
1287 641 1501 691 inhabita,
1543 647 1586 683 et
1622 642 1665 682 in
1702 642 1854 684 electis

1022 695 1133 736 meis
1151 695 1277 738 mitte
1296 697 1479 739 radices.

1339 758 1548 808 Hymnus.

1153 830 1188 867 e,
1207 818 1350 859 Mater
1369 819 1483 861 alma
1502 820 1716 870 Numinis,

1171 874 1361 915 Oramus
1381 888 1534 917 omnes
1554 876 1788 928 supplices,

1126 931 1165 971 A
1186 930 1340 972 fraude
1360 944 1442 973 nos
1462 937 1510 973 ut
1529 932 1741 974 daemonis

1127 987 1224 1027 Tua
1244 986 1325 1028 sub
1345 987 1500 1029 umbra
1520 991 1740 1040 protegas.

1079 1050 1146 1093 Ob
1165 1051 1387 1103 perditum
1406 1059 1605 1094 nostrum
1625 1066 1762 1103 genus

1126 1108 1260 1148 Primi
1279 1109 1473 1159 parentis
1493 1109 1684 1158 crimine,

1126 1162 1199 1205 Ad
1218 1163 1430 1216 inclytum
1451 1165 1604 1206 Matris
1624 1165 1759 1207 decus

1126 1220 1192 1261 Te
1212 1219 1310 1261 Rex
1331 1223 1561 1273 supremus
1582 1221 1746 1262 extulit.

1078 1284 1325 1327 Clementer
1345 1298 1450 1336 ergo
1469 1286 1675 1338 prospice

1125 1341 1285 1393 Lapsis
1305 1341 1466 1382 Adami
1486 1342 1693 1394 posteris:

1125 1398 1165 1437 A
1184 1402 1228 1439 te
1248 1400 1430 1448 rogatus
1449 1398 1586 1439 Filius

1125 1453 1333 1506 Deponat
1354 1455 1464 1495 iram
1484 1454 1713 1496 vindicem.

1077 1521 1189 1567 JeSU‚
1209 1519 1288 1560 tibi
1308 1519 1364 1560 sit
1382 1519 1532 1569 gloria,

1126 1575 1210 1624 Qui
1230 1580 1359 1616 natus
1380 1588 1427 1617 es
1447 1575 1503 1617 de
1522 1577 1716 1627 Virgine,

1125 1631 1236 1672 Cum
1255 1631 1385 1672 Patre
1406 1637 1450 1673 et
1469 1631 1585 1673 almo
1605 1632 1780 1684 Spiritu,

1123 1687 1175 1727 In
1195 1687 1463 1739 sempiterna
1483 1687 1656 1728 saecula.

1331 1741 1485 1785 Amefh

1078 1799 1125 1850 V.
1151 1803 1426 1845 Germinavit
1444 1803 1569 1844 radix
1588 1803 1614 1844 J
1616 1816 1728 1845 esse:
1752 1808 1849 1844 orta

1021 1863 1088 1900 est
1116 1858 1243 1900 stella
1270 1871 1324 1900 ex
1350 1859 1499 1901 Jacob.
1542 1862 1590 1911 Ru
1613 1859 1752 1909 Virgo
1776 1861 1848 1912 pe-

1019 1915 1136 1967 perit
1185 1914 1475 1957 Salvatorem:
1524 1919 1569 1957 te
1618 1915 1849 1956 laudamus

1019 1971 1141 2012 Deus
1164 1975 1326 2013 noster.

1076 2031 1147 2072 Ad
1176 2030 1338 2072 Bened.
1381 2032 1478 2072 Ant.
1524 2034 1683 2074 Sancta
1711 2031 1850 2072 Maria

1021 2091 1229 2130 succarre
1265 2089 1453 2138 miseris,
1494 2089 1593 2140 juva
1627 2087 1849 2140 pusillani-

1019 2157 1130 2193 mes,
1162 2145 1313 2186 refove
1342 2144 1524 2194 flebiles,
1557 2156 1634 2185 ora
1662 2156 1744 2195 pro
1771 2145 1849 2196 po-

1019 2200 1144 2252 pulo,
1167 2201 1381 2242 interveni
1405 2213 1487 2253 pro
1512 2200 1645 2250 clero,
1668 2200 1849 2241 interce-

1020 2256 1075 2297 de
1097 2269 1180 2309 pro
1206 2256 1370 2298 devoto
1397 2257 1585 2298 femineo
1605 2268 1728 2297 sexu:
1757 2257 1849 2296 sen-

1018 2313 1129 2353 tiant
1162 2325 1315 2354 omnes
1347 2317 1470 2353 tuum
1502 2313 1719 2364 juvamen,
1760 2312 1849 2363 qui-

1019 2372 1208 2420 cumque
1234 2368 1458 2410 celebrant
1477 2373 1598 2409 tuam
1617 2367 1848 2409 admirabi-

1018 2424 1104 2465 lem
1123 2424 1460 2466 Maternitatem.
1679 2433 1683 2436 ’

1354 2482 1516 2523 Oratio.

1003 2533 1210 2638 ·Deus,
1240 2541 1314 2593 qui
1338 2541 1393 2582 de
1416 2540 1562 2582 beatae
1585 2541 1736 2582 Mariae
1755 2541 1849 2581 Vir-

1112 2598 1224 2648 ginis
1244 2601 1373 2638 utero
1392 2597 1591 2639 Verbum
1609 2602 1740 2646 tuum,
1760 2596 1846 2635 An-

187 2652 225 2691 4.
262 2653 382 2695 Fecit
400 2654 515 2696 mihi
543 2668 702 2705 magna
729 2655 753 2680 *
785 2654 859 2706 qui
887 2667 964 2706 po·
1017 2654 1116 2705 gelo
1146 2653 1392 2702 nuntiante,
1421 2666 1596 2694 carnem
1625 2653 1846 2703 suscipere

131 2713 230 2750 tens
250 2714 328 2759 est,
348 2715 392 2752 et
411 2716 610 2752 sanctum
629 2723 789 2751 nomen
810 2711 911 2762 ejus.

1017 2710 1209 2751 voluisti:
1242 2714 1405 2761 praesta
1438 2708 1711 2761 supplicibus
1742 2706 1846 2755 tuis;
