2040 2944
568 190 640 224 Dic
663 193 695 224 S.
722 191 824 233 Sept.
871 190 914 223 In
938 190 1152 224 Nativitatc
1178 190 1218 223 B.
1245 191 1379 224 Mariae
1407 192 1447 224 Υ.

411 296 490 336 Ad
515 296 712 336 Laudes

354 360 373 383 e
392 354 405 384 t
443 361 468 394 p
487 360 506 384 e
523 361 542 384 r
580 349 615 383 H
634 359 656 383 o
674 359 692 382 r
709 359 729 382 a
748 359 775 383 s.

199 406 300 446 Ant.
320 407 349 446 1.
373 405 594 447 Nativitas
616 404 820 456 gloriesae
835 404 978 454 Virgi-

147 463 213 504 nis
245 462 398 504 Mariae
430 462 454 487 *
488 474 543 503 ex
575 462 742 503 semine
774 460 979 510 Abrahae,

148 524 258 561 ortae
281 518 336 560 de
354 518 473 560 tribu
486 519 512 559 J
514 517 611 569 uda,
631 518 749 560 clara
768 531 823 560 ex
842 517 979 570 stirpe

146 575 303 617 David.

199 640 267 679 Ps.
297 637 510 680 Dominus
530 637 740 688 regnavit.
760 637 819 677 15.

198 702 235 741 2.
274 698 488 741 Nativitas
516 703 582 740 est
605 697 739 739 hedie
765 699 789 724 *
815 702 979 738 sanctae

148 755 300 796 Mariae
318 754 529 805 Virginis,
558 755 679 806 cujus
703 754 793 795 vita
816 753 980 806 inclyta

149 812 330 853 cunctas
348 811 538 852 illustrat
557 811 779 852 ecclesias.

199 876 235 915 3.
279 871 433 922 Regali
465 884 519 912 ex
550 872 762 924 progenie
789 874 813 899 *
842 873 980 913 Maria

150 931 304 970 exerta
318 928 520 979 refulget:
541 930 662 979 cujus
677 929 883 981 precibus
898 942 980 970 nos

149 985 345 1037 adjuvari
368 991 516 1027 mente
542 991 586 1027 et
609 986 765 1038 spiritu
789 985 979 1027 devotis-

150 1044 258 1084 sime
277 1043 512 1094 pescimus.

200 1107 237 1146 4.
268 1103 416 1147 Corde
441 1109 484 1145 et
508 1103 653 1145 animo
673 1105 696 1130 *
717 1103 891 1145 Christo
913 1116 980 1144 ca—

149 1161 304 1201 namus
330 1159 515 1210 gleriam
540 1160 585 1200 in
609 1159 693 1201 hac
719 1172 844 1202 sacra
870 1160 979 1201 sole-

149 1217 333 1258 mnitate
369 1216 596 1269 praecelsae
630 1216 864 1258 Genitricis
897 1217 981 1258 Dei

150 1274 312 1315 Mariae.

198 1338 236 1378 5.
276 1337 386 1378 Cum
415 1333 685 1386 jucunditate
715 1335 739 1361 *
766 1334 980 1376 Nativita-

150 1397 240 1434 tem
264 1391 410 1433 beatae
433 1391 586 1432 Mariae
612 1391 901 1442 celebremus,
934 1396 983 1433 ut

150 1449 247 1501 ipsa
274 1460 357 1501 pro
383 1447 511 1489 nobis
538 1447 784 1491 intercedat
810 1448 867 1491 ad
892 1449 980 1489 De-

150 1505 315 1546 minum
333 1504 357 1545 J
360 1517 483 1546 esum
506 1503 739 1546 Christum.

202 1579 461 1632 Capitulum.
659 1578 791 1619 Eccli.
806 1579 871 1618 24.
888 1578 926 1618 b.

225 1634 255 1676 b
281 1635 422 1686 initio,
447 1641 491 1678 et
516 1641 617 1677 ante
644 1635 807 1677 saecula
835 1637 983 1677 creata

265 1704 371 1740 sum,
391 1696 436 1732 et
453 1704 594 1744 usque
614 1691 672 1734 ad
691 1692 886 1733 futurum
905 1694 982 1732 sa'e-

153 1747 299 1789 culum
321 1761 410 1790 non
438 1747 651 1798 desinam,
680 1753 723 1790 et
749 1748 793 1788 in
817 1747 982 1789 habita-

151 1804 272 1846 tiene
287 1810 437 1847 sancta
453 1817 603 1846 coram
615 1805 714 1858 ipso
729 1805 983 1846 ministravi.

333 1999 540 2042 Sublimis
560 1999 672 2041 inter
693 1999 849 2052 sidera,

257 2057 341 2107 Qui
360 2061 404 2098 te
425 2056 602 2106 creavit,
620 2056 855 2109 parvulum

200 2115 203 2118 ’
256 2113 468 2155 Lactente
487 2113 626 2154 nutris
647 2112 795 2155 ubere.

202 2182 335 2237 Quod
356 2183 483 2224 Heva
501 2182 639 2224 tristis
659 2183 851 2233 abstulit,

255 2240 325 2281 Tu
343 2238 494 2281 reddis
515 2238 631 2281 almo
651 2240 861 2290 germine:

254 2297 424 2338 Intrent
442 2300 490 2337 ut
509 2300 629 2336 astra
648 2295 828 2346 flebiles,

255 2352 367 2395 Coeli
385 2352 577 2394 rechidis
597 2352 811 2394 cardines.

209 2423 277 2464 Tu
294 2422 410 2474 regis
431 2422 508 2463 alti
526 2422 664 2473 janua,

257 2479 315 2521 Et
333 2479 433 2520 aula
451 2479 561 2520 lucis
580 2478 763 2530 fulgida:

257 2535 407 2577 Vitam
426 2535 575 2578 datam
592 2548 673 2588 per
691 2535 919 2587 Virginem

259 2591 423 2634 Gentes
442 2591 687 2645 redemptae
706 2592 914 2645 plaudite.

208 2659 233 2699 J
236 2673 323 2710 esu,
341 2661 422 2703 tibi
440 2662 496 2704 sit
514 2662 666 2712 gloria,

259 2717 344 2768 Qui
360 2722 489 2760 natus
508 2731 556 2760 es
576 2718 632 2760 de
653 2718 847 2769 Virgine,

1136 291 1246 332 Cum
1264 292 1406 341 Patre,
1427 296 1470 333 et
1490 291 1605 332 almo
1625 290 1791 342 Spiritu

1135 349 1187 388 In
1211 348 1478 400 sempiterna
1502 346 1676 388 saecula.
1711 346 1864 387 Amen.

1086 411 1137 463 V.
1172 413 1392 454 Nativitas
1431 417 1498 454 est
1533 411 1666 454 hodie
1700 416 1865 453 sanctae

1031 470 1185 510 Mariae
1210 469 1418 520 Virginis.
1456 473 1507 525 R.
1532 469 1664 520 Cujus
1691 469 1781 510 vita
1805 470 1866 508 in-

1033 526 1149 578 clyta
1169 531 1349 567 cunctas
1368 525 1561 567 illustrat
1579 525 1801 567 ecclesias.

1086 594 1156 635 Ad
1172 594 1335 635 Bened.
1361 594 1461 633 Ant.
1486 590 1772 633 Nativitatem
1790 588 1866 630 ho·

1033 646 1232 689 diernam
1254 649 1278 674 *
1302 649 1533 700 perpetuae
1558 647 1754 698 Virginis
1781 647 1866 688 Ge-

1031 704 1198 745 nitricis
1226 704 1310 745 Dei
1336 703 1487 744 Mariae
1517 704 1771 745 solemniter
1800 716 1866 744 ce-

1031 760 1270 810 lebremus,
1324 773 1411 812 qua
1457 760 1672 801 celsitudo
1719 760 1867 801 throni

1031 817 1260 869 processit,
1280 816 1463 868 alleluja.

1374 895 1537 935 Oratio.

1035 956 1110 1061 F
1121 956 1277 998 amulis
1290 957 1388 1007 tuis,
1405 958 1656 1008 quaesumus
1668 955 1867 1005 Demine,

1126 1013 1319 1055 coelestis
1347 1013 1501 1064 gratiae
1526 1025 1683 1053 munus
1708 1012 1866 1064 imper-

1031 1073 1129 1112 tire:
1148 1075 1196 1112 ut
1218 1070 1375 1122 quibus
1394 1070 1540 1112 beatae
1556 1069 1752 1120 Virginis
1768 1082 1866 1122 par-

1031 1131 1103 1168 tus
1125 1127 1465 1169 exstititsah'itis
1485 1126 1726 1175 exordium,
1747 1125 1867 1166 Nati-

1032 1183 1181 1225 vitatis
1212 1184 1303 1235 ejus
1329 1186 1481 1224 votiva
1508 1183 1764 1224 solemnitas
1790 1195 1864 1234 pa-

1033 1240 1095 1281 cis
1119 1239 1284 1285 tribuat
1308 1241 1636 1281 incrementum.
1669 1239 1755 1281 Per
1778 1239 1866 1280 De-

1031 1297 1197 1337 minum
1215 1302 1426 1339 nostrum.

1088 1365 1238 1399 Deinde
1285 1364 1325 1398 fit
1368 1374 1564 1397 commem.
1610 1363 1644 1397 S,
1686 1363 1868 1399 Adriani.

1034 1414 1153 1453 Mart..
1178 1414 1253 1447 hoc
1277 1414 1364 1447 1000
1390 1418 1548 1447 tantum.

1087 1471 1187 1510 Ant.
1226 1467 1309 1519 Qui
1336 1465 1431 1508 odit
1459 1466 1650 1506 animam
1676 1478 1801 1506 suam
1823 1466 1868 1506 in

1032 1522 1119 1564 hoc
1137 1522 1320 1573 mundo,
1346 1523 1390 1564 in
1407 1523 1543 1564 vitam
1566 1525 1777 1564 aeternam
1797 1535 1865 1564 cu-

1034 1578 1172 1621 stodit
1193 1592 1302 1620 eam.

1088 1638 1139 1689 V.
1187 1641 1339 1682 Justus
1386 1645 1435 1682 ut
1485 1640 1634 1693 palma
1679 1640 1868 1683 florebit.

1038 1699 1086 1749 Rg.
1123 1697 1244 1738 Sicut
1276 1696 1435 1739 cedrus
1468 1697 1625 1739 Libani
1659 1696 1866 1749 multipli-

1035 1753 1217 1796 cabitur.

1371 1819 1535 1859 Oratio.

1118 1885 1270 1930 raesta,
1306 1882 1558 1933 quaesumus
1588 1882 1869 1932 omnipotens

1146 1937 1286 1978 Deus:
1331 1941 1380 1978 ut
1417 1937 1492 1989 qui
1526 1936 1646 1978 beati
1683 1935 1870 1978 Adriani

1034 1993 1241 2045 Martyris
1266 1994 1331 2035 tui
1355 1993 1553 2035 natalitia
1578 1993 1781 2042 celimus,
1808 1993 1868 2033 in-

1033 2050 1304 2091 tercessione
1352 2051 1443 2102 ejus
1487 2050 1531 2090 in
1575 2050 1640 2091 tui
1680 2049 1868 2090 nominis

1035 2108 1186 2148 amere
1206 2106 1480 2148 roboremur.
1513 2107 1598 2147 Per
1617 2105 1869 2146 Deminum.

1308 2185 1377 2221 Ad
1399 2185 1602 2221 Primam.

1091 2244 1142 2282 In
1162 2242 1212 2294 Rz.
1229 2241 1292 2282 br.
1313 2239 1472 2281 dicitur
1492 2234 1543 2285 V.
1566 2240 1651 2291 Qui
1668 2244 1798 2282 natus
1820 2252 1867 2281 es

1035 2298 1091 2340 de
1109 2299 1249 2340 Maria
1266 2298 1462 2349 Virgine.

1091 2363 1139 2396 Et
1167 2361 1223 2395 sic
1252 2359 1394 2393 dicitur
1422 2368 1492 2402 per
1523 2363 1644 2393 totam
1674 2360 1870 2401 Octavam,

1040 2410 1155 2444 etiam
1180 2409 1220 2442 in
1244 2406 1382 2442 chtis.

1302 2478 1371 2515 Ad
1394 2477 1599 2515 Tertiam.

1094 2539 1192 2577 Ant.
1220 2535 1434 2578 Nativitas
1454 2540 1521 2577 est
1539 2534 1684 2577 hedie.

1093 2597 1354 2649 Capitulum.
1382 2595 1446 2639 Ab
1465 2596 1601 2638 initio.
1626 2603 1673 2638 ut
1693 2608 1835 2647 supra.

1094 2657 1144 2707 Rg.
1160 2656 1222 2696 br.
1239 2657 1395 2710 Specie
1413 2661 1490 2699 tua
1514 2656 1538 2680 *
1550 2657 1608 2698 Et
1626 2653 1864 2709 pulchritu-

1035 2715 1135 2758 dine
1153 2720 1240 2758 tua.
1267 2713 1435 2767 Specie.
1474 2705 1739 2761 VIntende,
1763 2710 1863 2763 pro-
