2040 2944
175 147 242 182 366

176 243 301 293 gistri
328 254 485 282 munus
512 241 556 281 in
583 241 771 292 utraque
798 239 1006 281 facultate

176 298 233 339 sit
270 298 471 350 adeptus:
507 309 589 338 1100
621 295 761 338 multo
793 300 910 348 post,
947 295 1005 337 ob

176 355 372 406 egregias
404 354 544 406 ipsius
571 353 773 403 virtutes,
806 352 1005 394 ecclesiae

175 410 436 452 Rhemensis
456 410 719 451 canonicatu
737 411 919 467 potitus.

229 474 278 524 Rg.
307 467 556 508 Honestum
579 466 683 508 fecit
708 466 830 508 illum
855 466 1005 507 Domi-

174 537 269 573 nuS,
295 529 338 565 et
358 522 595 565 custodivit
615 536 715 564 eum
735 522 790 564 ab
809 523 1005 573 inimicis,

174 585 218 622 et
245 593 271 621 a
299 579 604 622 seductoribus
633 580 794 622 tutavit
820 579 957 621 illum:
983 586 1003 607 *

173 637 230 678 Et
261 636 384 679 dedit
416 637 478 678 illi
510 636 755 678 claritatem
785 638 1006 678 aeternam.

177 693 226 745 Y.
257 693 430 736 Justum
463 693 646 735 deduxit
676 693 894 734 Dominus
925 705 1006 746 per

173 750 268 791 vias
287 758 446 800 rectaS‚
469 756 512 792 et
529 749 722 792 ostendit
741 749 803 791 illi
822 762 1006 801 regnum

174 806 268 848 Dei.
295 807 352 848 Et
372 806 504 849 dedit.

487 868 639 908 Lectio
662 882 697 907 v,

263 919 400 972 lapsis
433 920 602 972 aliquot
621 919 763 969 annis,
795 932 896 961 cum
928 932 1007 961 sex

282 977 379 1018 aliis
415 976 701 1018 familiaribus
739 975 905 1018 mundo
941 989 1005 1018 re-

173 1033 394 1083 nuntians,
427 1038 627 1075 sanctum
654 1033 890 1085 Hugonem
919 1033 1006 1085 epi·

173 1103 358 1142 scopum
392 1090 852 1143 Gratianopolitanum
886 1089 1006 1131 adiit.

173 1147 258 1197 Qui
281 1159 415 1188 causa
439 1149 592 1188 eorum
616 1146 833 1189 adventus
860 1147 1005 1198 cogni-

172 1209 238 1253 ta,
285 1203 558 1257 eosdemque
602 1203 852 1254 intelligens
897 1216 1006 1254 esse,

175 1273 286 1312 quos
320 1261 475 1302 eadem
507 1266 638 1302 nocte
671 1260 807 1302 veluti
834 1266 1007 1313 septem

174 1317 325 1359 stellas
358 1317 415 1359 ad
443 1330 548 1359 suos
580 1316 719 1370 pedes
752 1319 1006 1360 corruentes

172 1373 215 1414 in
231 1374 395 1415 somnis
409 1373 594 1425 viderat,
608 1379 782 1416 montes
795 1387 888 1416 suae
899 1373 1005 1416 dioe-

175 1430 286 1471 cesis
313 1431 589 1484 asperrimos,
619 1444 731 1485 quos
758 1431 1007 1473 Carthusia-

174 1499 256 1528 nos
276 1487 511 1541 appellant,
530 1488 616 1530 illis
633 1489 863 1531 concessit.
895 1488 1007 1530 Illuc

173 1544 323 1586 Bruno
358 1558 457 1586 cum
494 1546 645 1596 sociis,
682 1546 781 1599 ipso
817 1546 1007 1598 Hugone

174 1600 423 1652 comitante,
450 1601 674 1653 secedenS,
700 1615 800 1644 cum
826 1615 907 1656 per
932 1602 1006 1644 ali-

174 1662 283 1709 quot
303 1670 440 1700 annos
460 1660 729 1701 eremiticam
744 1659 881 1701 vitam
898 1661 1007 1710 egis-

174 1719 252 1763 set,
277 1713 333 1756 ab
352 1715 534 1763 Urbano
559 1716 769 1765 secando,
796 1716 871 1768 qui
898 1717 1006 1768 ejas-

174 1770 274 1812 dem
310 1771 531 1814 Brunonis
573 1773 818 1826 discipulus
854 1773 1007 1824 fuerat,

173 1827 363 1869 Romam
395 1831 645 1871 accersitur.
687 1830 792 1882 Ejus
821 1829 1007 1871 consilio

173 1896 226 1924 ac
261 1883 461 1927 doctrina
492 1886 714 1936 Pontifex,
747 1886 790 1926 in
823 1891 892 1928 tot
922 1886 1008 1927 illis

173 1939 386 1982 Ecclesiae
430 1941 770 1993 calamitatibus,
815 1955 896 1995 per
934 1942 1007 1984 ali-

175 2001 284 2048 quot
303 2009 440 2039 annos
460 2012 566 2040 usus
586 2004 664 2049 est,
685 1999 827 2041 donec
845 1999 1008 2050 Bruno,

174 2055 376 2095 recusato
430 2055 670 2107 Rhegiensi
716 2056 1007 2109 archiepisco-

173 2111 301 2161 patu,
343 2110 599 2153 discedendi
641 2112 896 2154 facultatem
932 2112 1007 2155 ob-

174 2166 315 2207 tinuit.

234 2227 475 2282 RuAmavit
499 2242 598 2271 eum
617 2230 845 2280 Dominus,
871 2234 915 2272 et
940 2243 1007 2272 or·

175 2283 296 2324 navit
329 2296 444 2325 eum:
484 2286 645 2328 stolam
681 2286 835 2337 gloriae
867 2286 1009 2329 induit

177 2351 288 2388 eum,
313 2349 334 2372 *
349 2340 405 2383 Et
425 2341 482 2383 ad
497 2347 651 2395 portas
668 2342 863 2395 paradisi
883 2356 1006 2385 coro-

176 2395 296 2437 navit
312 2409 421 2438 eum.
456 2397 502 2448 δ”.
515 2399 663 2441 Induit
678 2412 778 2441 eum
792 2400 1008 2442 Dominus

176 2451 359 2494 loricam
378 2453 494 2505 fidei,
515 2461 559 2497 et
578 2456 752 2498 ornavit
771 2469 882 2498 eum.
909 2457 976 2499 Et.

483 2517 634 2558 Lectio
657 2519 707 2558 vi.

224 2566 342 2617 gitur
367 2566 613 2610 solitudinis
638 2572 788 2611 amore
814 2570 1009 2610 eremum

248 2623 484 2675 quamdam
517 2624 636 2677 apud
663 2625 933 2678 Squillacum
964 2624 1009 2664 in

179 2678 395 2721 Calabriae
440 2680 602 2722 finibus
635 2682 773 2734 petiit.
827 2682 925 2732 Quo
963 2681 1008 2721 in

589 147 659 180 Die
686 146 715 179 7.
743 146 932 179 Octobris.
976 148 1010 179 S.
1038 146 1156 179 Marci
1180 146 1272 188 Pap.
1299 151 1335 179 et
1360 146 1468 180 Conf.

1058 238 1175 289 loco,
1208 252 1307 281 cum
1337 239 1483 292 ipsum
1515 242 1714 282 orantem
1747 241 1891 292 Roge-

1059 295 1149 336 rius
1175 308 1325 337 comes
1352 295 1568 338 Calabriae
1593 296 1707 339 inter
1732 299 1891 339 venan-

1060 350 1175 403 dum,
1203 352 1465 395 latrantibus
1494 353 1551 395 ad
1576 353 1692 395 illius
1717 354 1891 407 speli'm-

1060 421 1157 450 cam
1177 409 1370 460 canibus,
1389 411 1639 462 reperisset,
1658 410 1892 453 sanctitate

1058 466 1141 507 viri
1168 468 1408 519 permotus,
1431 466 1554 508 illum
1579 479 1630 509 ac
1655 467 1803 509 socios
1828 467 1890 509 fo-

1058 524 1162 565 vere
1182 528 1226 565 et
1246 524 1393 566 colere
1408 523 1606 577 impense
1622 524 1770 577 coepit.
1795 524 1891 566 Nec

1059 579 1302 622 liberalitas
1328 580 1422 622 sine
1444 581 1631 633 praemio
1659 580 1747 623 fuit.
1782 580 1893 623 Cum

1060 636 1175 678 enim
1202 636 1321 678 idem
1347 637 1566 688 Rogerius
1592 637 1790 690 Capuam
1818 636 1892 679 ob-

1060 693 1237 744 sideret,
1275 697 1465 746 eumque
1499 694 1676 746 Sergius
1714 693 1894 746 quidam

1059 749 1344 792 excubiarum
1363 753 1573 802 magister
1596 750 1788 804 prodere
1807 756 1893 792 sta-

1058 809 1227 856 tuisset,
1246 807 1397 849 Bruno
1423 806 1567 849 adhuc
1592 808 1636 848 in
1661 807 1779 849 dicta
1803 809 1893 849 ere-

1058 875 1131 904 mo
1163 864 1337 914 vivens,
1371 865 1416 905 in
1454 864 1619 906 somnis
1651 864 1715 905 illi
1749 864 1896 906 omnia

1060 920 1279 972 aperiens,
1322 920 1378 962 ab
1415 921 1659 963 imminenti
1694 921 1893 974 periculo

1060 976 1267 1018 comitem
1291 976 1505 1019 liberavit.
1538 977 1739 1019 Tandem
1763 977 1894 1019 virtu-

1059 1032 1176 1075 tibus
1196 1046 1248 1075 ac
1266 1033 1434 1075 meritis
1453 1033 1621 1086 plenus,
1640 1046 1722 1075 nec
1738 1034 1894 1076 sancti-

1058 1091 1151 1131 tate
1187 1090 1330 1132 minus
1368 1102 1499 1142 quam
1531 1089 1747 1132 doctrinae
1778 1090 1895 1132 fama

1060 1145 1215 1196 clarus,
1241 1146 1512 1189 obdormivit
1534 1146 1579 1187 in
1597 1146 1803 1197 Domino,
1829 1159 1893 1189 se-

1059 1203 1298 1257 pultiisque
1319 1210 1386 1246 est
1404 1204 1449 1244 in
1467 1203 1735 1245 monasterio
1755 1204 1895 1246 sancti

1059 1259 1281 1313 Stephani,
1298 1261 1354 1303 ab
1369 1261 1468 1314 ipso
1485 1260 1680 1312 Rogerio
1696 1263 1892 1302 constru-

1061 1321 1145 1367 cto,
1156 1317 1232 1359 ubi
1243 1318 1456 1360 hactenus
1467 1316 1711 1359 honorifice
1723 1317 1893 1359 colitur.

1117 1378 1166 1430 Rg.
1181 1375 1273 1417 Iste
1292 1375 1438 1416 homo.
1457 1373 1538 1427 [72]

1116 1439 1158 1472 In
1184 1439 1246 1473 ΙΙΙ.
1272 1439 1472 1474 Nocturno
1498 1439 1669 1473 Homilia
1692 1438 1730 1472 in
1748 1438 1894 1480 Evang.

1064 1485 1148 1521 Sint
1166 1484 1289 1520 lumbi
1311 1484 1443 1520 vestri.
1468 1487 1514 1522 de
1536 1487 1674 1522 codem
1691 1486 1895 1521 Communi

1066 1535 1092 1569 1.
1117 1535 1215 1569 loco.
1238 1531 1308 1576 [74]

1107 1583 1149 1616 In
1174 1583 1220 1617 II.
1246 1583 1432 1627 Vesperis
1458 1593 1702 1618 commemor.
1728 1592 1834 1626 sequ.
1860 1585 1896 1616 et

1064 1631 1119 1665 Ss.
1146 1631 1253 1665 Mart.
1278 1637 1319 1666 ut
1344 1632 1453 1666 infra.

1290 1711 1375 1753 Die
1393 1711 1429 1753 7.
1449 1709 1670 1753 Octobris.

1101 1777 1144 1818 S.
1162 1775 1324 1818 Marci
1347 1778 1480 1829 Papae
1501 1783 1544 1818 et
1567 1777 1854 1819 Confessoris.

1116 1835 1187 1876 Ad
1213 1835 1347 1887 Vesp.
1380 1836 1480 1877 Ant.
1508 1834 1726 1877 Sacerdos
1745 1834 1893 1876 Ponti-

1060 1895 1143 1943 fex,
1169 1899 1213 1936 et
1230 1893 1442 1935 virtutum
1464 1892 1624 1945 opifex,
1647 1896 1801 1944 pastor
1817 1890 1894 1932 bo-

1060 1963 1114 1993 ne
1133 1951 1178 1992 in
1203 1949 1384 2003 populo,
1411 1962 1488 1991 ora
1511 1961 1594 2001 pro
1618 1947 1747 1990 nobis
1767 1947 1895 1988 Dfim.

1118 2001 1169 2054 V.
1181 2006 1362 2048 Amavit
1385 2019 1486 2048 eum
1503 2005 1733 2054 Dominus,
1757 2008 1802 2045 et
1827 2015 1895 2045 or-

1060 2064 1181 2106 navit
1217 2077 1328 2106 eum.
1374 2065 1425 2116 Rz.
1453 2061 1622 2104 Stolam
1649 2060 1802 2112 gloriae
1834 2061 1894 2100 in-

1061 2119 1157 2163 duit
1184 2134 1295 2163 eum.

1399 2172 1564 2214 Oratio.

1065 2223 1286 2329 Exaiidi
1314 2228 1504 2270 Domine
1522 2239 1678 2280 preces
1703 2229 1895 2267 nostras:

1166 2291 1220 2336 et,
1243 2285 1561 2327 interveniente
1579 2282 1712 2326 beato
1730 2282 1893 2331 Marco,

1062 2343 1327 2385 Confessore
1346 2347 1423 2383 tuo
1441 2346 1574 2393 atque
1588 2338 1814 2387 Pontifice‚
1834 2338 1894 2378 in-

1062 2399 1332 2451 dulgentiam
1360 2397 1489 2440 nobis
1515 2395 1662 2438 tribue
1690 2395 1894 2448 placatus

1062 2463 1105 2500 et
1124 2469 1292 2510 pacem.
1315 2455 1404 2498 *Per
1422 2452 1672 2496 Dominum.

1115 2521 1265 2556 Deinde
1286 2522 1327 2556 fit
1343 2533 1540 2557 commem.
1558 2522 1614 2556 Ss.
1632 2522 1739 2556 Mart.
1759 2522 1894 2566 Sergii,

1065 2570 1219 2613 Bacchi,
1244 2571 1416 2605 Marcelli
1441 2576 1477 2605 et
1501 2572 1668 2614 Apuleji.

1117 2623 1217 2663 Ant.
1249 2622 1442 2662 Istorum
1469 2622 1537 2659 est
1565 2617 1680 2659 enim
1712 2629 1895 2667 regnum

1061 2679 1285 2727 coelorum,
1302 2676 1376 2729 qm·
1387 2675 1748 2727 contempserunt
1758 2672 1894 2714 vitam
