2040 2944
145 287 245 315 cum
269 280 416 316 essent
435 274 625 326 humata,
649 288 675 316 a
698 280 851 317 sancto
871 275 973 316 Am-

144 330 295 372 bresio
335 331 528 381 inventa,
572 331 617 372 in
653 344 827 373 sacrum
863 331 972 373 cele-

143 385 355 439 bremque
382 387 530 429 locum
555 387 769 429 translata
797 393 909 429 sunt.

209 449 269 489 Te
288 448 433 490 Deum
451 448 691 490 laudamus.
707 450 766 489 14.

194 514 238 548 In
261 515 380 550 Laud.
404 516 445 550 fit
468 526 663 551 commem.
689 518 856 553 Octavae.

194 576 294 617 Ant.
322 576 385 617 Te
409 574 627 627 gloriesus
651 574 974 628 Apostolorum

143 631 314 682 chorus,
335 636 381 673 te
399 631 721 685 Prophetarum
739 630 972 673 laudabilis

141 691 360 738 numerus,
384 693 430 730 te
448 688 692 741 Martyrum
712 686 972 729 candidatus

141 743 293 786 laudat
317 744 552 795 exercituS,
576 749 620 786 te
647 757 799 786 omnes
824 743 973 785 Sancti

143 805 187 842 et
224 800 352 843 electi
382 814 493 843 voce
531 801 793 843 confitentur
823 800 972 842 unani-

141 870 246 908 meS‚
274 857 405 899 beata
431 858 636 908 Trinitas,
665 871 777 899 unus
804 858 938 899 Deus.

193 923 244 974 V.
268 926 564 969 Exsultabunt
588 927 728 969 sancti
754 927 798 967 in
821 926 972 978 gleria.

141 983 192 1035 Rz.
209 982 498 1026 Laetabuntur
518 984 562 1025 in
581 983 798 1026 cubilibus
818 983 920 1025 suis.

193 1044 357 1087 Oratio.
388 1047 691 1098 Omnipotens.
714 1046 815 1086 405.

192 1118 334 1153 Postea
355 1119 411 1153 Ss.
437 1120 658 1165 Martyrum.

192 1170 292 1210 Ant.
330 1170 471 1212 Vestri
486 1171 632 1224 capilli
646 1171 803 1224 capitis
819 1183 970 1213 omnes

139 1226 357 1268 numerati
376 1231 490 1268 sunt:
514 1227 649 1269 nolite
667 1228 836 1269 timere:
863 1228 969 1269 mul-

139 1282 195 1323 tis
220 1283 475 1335 passeribus
501 1284 706 1326 melieres
740 1285 845 1326 estis
878 1298 970 1326 vos.

193 1338 243 1390 V.
269 1343 503 1387 Exsultent
528 1346 631 1397 justi
657 1346 702 1387 in
727 1348 970 1399 conspectu

139 1398 233 1441 Dei.
264 1403 316 1453 R.
333 1401 391 1444 Et
409 1401 682 1444 delectentur
702 1403 746 1444 in
763 1403 929 1445 laetitia.

141 1514 144 1518 ,
195 1467 359 1508 Oratio.
387 1469 565 1519 Praesta,
586 1470 848 1520 quaesumus.
867 1470 969 1510 405.

193 1536 237 1570 In
251 1536 297 1571 II.
312 1536 499 1581 Vesperis
524 1540 565 1573 fit
585 1549 780 1574 commem.
800 1540 966 1574 Octavus.

140 1620 144 1622 >
192 1589 291 1629 Ant.
334 1589 371 1630 O
401 1602 543 1641 quam.
583 1589 632 1638 V.
663 1590 969 1632 Exsultabunt.

138 1644 241 1684 404.
272 1646 435 1687 Oratio.
465 1648 766 1699 Omnipotens.
790 1647 892 1688 405.

333 1750 417 1794 Die
436 1753 475 1793 5.
493 1753 769 1796 Novembris.

236 1824 395 1873 Quinta
424 1823 494 1865 die
522 1825 632 1867 infra
661 1827 871 1868 Octavam

266 1880 500 1922 Omnium
527 1882 838 1925 Sanctorum.

191 1943 235 1978 In
265 1944 291 1978 1.
324 1945 524 1982 Nocturno
555 1947 758 1983 Lectiones
793 1950 839 1984 de
871 1950 967 1985 Scri-

140 1994 252 2034 ptura
277 1999 510 2030 occurrente.

367 2063 416 2103 In
443 2064 494 2104 ΙΙ.
522 2066 744 2106 Nocturno.

179 2126 246 2166 De
263 2125 474 2167 Sermone
493 2126 769 2169 Venerabilis
788 2127 925 2170 Bedae

418 2183 682 2236 Presbyteri.

248 2251 307 2284 Ex
330 2251 514 2287 Sermone
539 2254 592 2287 18.
618 2254 665 2287 de
690 2253 851 2289 Sanctis.

443 2309 596 2351 Lectio
616 2310 668 2350 iv.

222 2369 279 2407 “²21
297 2358 326 2400 d
350 2359 464 2401 hanc
490 2360 621 2411 igitur
647 2363 831 2413 eperum
857 2362 968 2404 salu-

187 2464 195 2470 !
312 2474 405 2514 nire
435 2473 637 2525 palmam.
681 2473 890 2515 Libenter
917 2488 969 2517 ac

139 2532 345 2580 prompte
371 2531 601 2579 certemus,
626 2542 778 2571 omnes
800 2531 844 2571 in
868 2534 967 2582 ago-

139 2595 194 2624 ne
204 2584 380 2635 justitiae
390 2585 487 2627 Deo
500 2590 543 2628 et
554 2585 727 2628 Christo
740 2589 968 2639 spectante

140 2641 381 2690 curramus3
401 2645 444 2682 et
463 2641 538 2693 qui
557 2642 720 2683 sa'eeulo
741 2648 784 2684 et
802 2642 967 2684 mundo

139 2696 326 2747 majores
341 2707 439 2738 esse
452 2697 538 2748 jam
551 2699 777 2750 coepimus,
793 2698 968 2740 cursum

386 173 457 207 Die
477 174 507 207 5.
531 174 630 208 Nov.
677 174 816 213 Quinta
844 174 906 208 die
932 174 1030 208 infra
1055 174 1134 208 Oct.
1161 174 1336 208 Omnium
1363 176 1599 208 Sanctorum.

157 2410 159 2415 ’
274 2440 277 2441 ⁷
313 2416 472 2457 tarium
497 2416 688 2459 delectet
710 2430 792 2458 nos
816 2431 967 2470 perve-
1007 2455 1009 2458 ⁴

1784 180 1858 217 407

1025 280 1225 316 nostrum
1264 275 1382 317 nulla
1424 276 1574 318 saeculi
1615 277 1857 329 cupiditate

1025 331 1262 372 tardemus.
1295 332 1340 373 Si
1365 332 1608 385 expeditos,
1633 333 1670 374 si
1690 333 1857 375 celeres

1024 387 1069 427 in
1089 388 1235 440 eperis
1255 390 1395 438 agene
1416 391 1640 430 currentes
1661 389 1755 431 dies
1775 403 1857 432 nos

1025 443 1203 485 ultimus
1221 444 1447 495 invenerit,
1471 458 1688 498 nusquam
1707 447 1856 488 Demi-

1024 513 1106 541 nus
1131 501 1300 542 meritis
1318 502 1481 543 nostris
1502 502 1642 544 deerit
1660 516 1856 546 remune-

1025 558 1156 598 rator.

1078 618 1129 669 Ru
1152 614 1408 656 Praecursor
1433 615 1611 656 Domini
1639 617 1772 667 venit,
1801 618 1857 660 de

1027 683 1114 722 quo
1139 671 1235 723 ipse
1257 673 1459 712 testatur:
1485 677 1507 700 *
1535 672 1694 714 Nullus
1717 676 1857 726 major

1025 726 1137 768 inter
1166 732 1294 768 natos
1320 727 1552 769 mulierum
1578 729 1603 769 J
1606 732 1748 772 oanne
1775 731 1849 772 Ba·

1024 785 1170 835 ptista.
1197 783 1247 834 V.
1265 783 1350 825 Hic
1365 789 1432 825 est
1446 785 1675 838 propheta,
1697 792 1741 828 et
1756 788 1856 840 plus

1026 852 1158 891 quam
1184 840 1419 893 propheta,
1453 841 1508 883 de
1538 854 1625 893 quo
1654 843 1857 885 Salvator

1025 896 1095 937 ait.
1122 896 1293 938 Nullus.

1337 952 1487 991 Lectio
1508 967 1544 991 v.

1113 1008 1158 1050 ui
1169 1012 1378 1051 coronam
1388 1010 1431 1051 in
1442 1013 1751 1063 persecutiene
1763 1027 1857 1067 pur-

1138 1069 1323 1118 puream
1341 1080 1423 1120 pro
1438 1068 1646 1120 passiene
1661 1069 1854 1121 donabit,
1902 1090 1905 1092 ·

1022 1121 1119 1174 ipse
1142 1122 1186 1162 in
1206 1136 1317 1175 pace
1340 1124 1615 1166 vincentibus
1635 1139 1717 1178 pro
1738 1128 1854 1179 justi-

1022 1179 1095 1219 tiae
1110 1180 1276 1221 meritis
1292 1179 1415 1222 dabit
1426 1185 1469 1222 et
1480 1181 1722 1223 candidam.
1741 1184 1856 1225 Nam

1023 1248 1104 1277 nec
1132 1235 1374 1286 Abraham,
1403 1250 1485 1279 nec
1510 1238 1652 1288 Isaac,
1680 1252 1761 1281 nec
1788 1241 1855 1282 Ja-

1024 1292 1107 1333 cob
1135 1293 1271 1333 occisi
1296 1298 1412 1344 sunt;
1439 1299 1482 1336 et
1508 1299 1655 1336 tamen
1682 1295 1788 1338 fidei
1812 1302 1856 1339 et

1022 1349 1198 1400 justitiae
1223 1349 1391 1391 meritis
1415 1349 1621 1392 honorati
1644 1352 1756 1394 inter
1782 1366 1855 1406 pa-

1022 1405 1236 1446 triarchas
1257 1406 1387 1459 primi
1402 1419 1498 1448 esse
1513 1410 1780 1451 meruerunt:
1799 1409 1857 1451 ad

1024 1474 1210 1514 quorum
1258 1466 1550 1515 congregatur
1605 1467 1855 1508 convivium

1023 1518 1220 1570 quisquis
1239 1518 1395 1570 fidelis,
1417 1525 1460 1562 et
1478 1522 1628 1572 justuS,
1649 1527 1692 1564 et
1706 1522 1854 1564 lauda-

1021 1574 1121 1616 bilis
1145 1575 1375 1617 invenitur.
1411 1577 1631 1619 Memores
1658 1591 1756 1621 esse
1783 1580 1854 1622 de-

1020 1630 1193 1682 bemus,
1226 1632 1499 1675 voluntatem
1530 1647 1619 1675 non
1646 1641 1854 1686 nostram,

1022 1688 1102 1729 sed
1133 1688 1218 1729 Dei
1250 1689 1397 1731 facere
1430 1690 1607 1732 debere:
1646 1693 1747 1743 quia
1781 1693 1855 1745 qui

1021 1743 1174 1786 fecerit
1200 1745 1290 1796 ejus
1316 1745 1607 1797 voluntatem,
1636 1754 1783 1790 manet
1810 1750 1854 1790 in

1022 1802 1245 1851 aeternum,
1273 1814 1361 1853 quo
1386 1802 1520 1845 modo
1545 1809 1589 1845 et
1612 1804 1685 1846 ille
1704 1810 1853 1847 manet

1020 1857 1064 1897 in
1092 1859 1316 1898 aeternum.

1076 1916 1126 1967 R.
1136 1913 1216 1955 Isti
1231 1919 1332 1955 sunt
1348 1915 1422 1967 qui
1437 1915 1635 1958 viventes
1650 1917 1694 1958 in
1709 1930 1851 1968 carne,

1021 1969 1331 2021 plantaverunt
1362 1971 1607 2014 Ecclesiam
1642 1974 1852 2025 sanguine

1021 2038 1117 2067 suo:
1139 2034 1161 2056 *
1173 2026 1366 2068 Calicem
1380 2028 1559 2070 Demi‘ni
1573 2029 1789 2080 biberunt,
1809 2036 1853 2072 et

1023 2083 1151 2123 amici
1170 2083 1254 2124 Dei
1271 2083 1375 2126 facti
1393 2090 1504 2126 sunt.
1539 2082 1586 2132 V.
1605 2086 1656 2126 In
1677 2099 1853 2128 omnem

1022 2142 1185 2179 terram
1212 2140 1348 2181 exivit
1375 2153 1509 2182 sonus
1538 2144 1706 2192 eerum,
1739 2148 1783 2184 et
1809 2143 1853 2183 in

1022 2194 1132 2235 fines
1177 2194 1296 2237 orbis
1336 2201 1467 2238 terrae
1509 2197 1645 2239 verba
1691 2201 1852 2240 eorum.

1024 2250 1225 2292 Calicem.

1327 2308 1479 2349 Lectio
1500 2309 1552 2348 vi.

1107 2366 1360 2417 uaprepter,
1380 2366 1604 2418 carissimi,
1627 2373 1773 2410 mente
1791 2371 1851 2410 in-

1130 2425 1265 2471 tegra,
1284 2420 1373 2462 fide
1388 2422 1524 2472 firma,
1543 2424 1706 2466 virtute
1721 2425 1850 2466 robu-

1021 2480 1098 2527 sta,
1124 2477 1307 2518 caritate
1331 2478 1538 2530 perfecta,
1562 2481 1706 2532 parati
1730 2481 1787 2522 ad
1807 2494 1850 2522 ο-

1021 2545 1167 2574 mnem
1186 2533 1458 2575 voluntatem
1475 2535 1559 2576 Dei
1580 2537 1726 2585 simus,
1750 2550 1850 2578 con-

1021 2591 1247 2630 servantes
1279 2589 1451 2632 fortiter
1477 2592 1708 2634 Dominica
1734 2606 1849 2634 man-

1021 2644 1137 2695 data,
1165 2646 1208 2685 in
1237 2645 1518 2698 simplicitate
1546 2648 1850 2698 innocentiam,

1020 2701 1065 2741 in
1079 2701 1262 2743 caritate
1278 2703 1572 2754 concerdiam‚
1586 2704 1850 2746 modestiam
