2040 2944
188 172 259 208 284

191 270 475 312 adversantes
493 264 600 306 mihi
616 263 709 304 sine
724 274 870 303 causa:
880 261 904 288 *
916 260 1017 302 den-

191 332 259 369 tes
278 325 562 378 peccatorum
581 318 840 361 contrivisti.

244 380 422 432 Domini
442 383 508 420 est
533 377 667 418 salus:
683 377 707 403 *
727 379 771 417 et
791 379 924 427 super
942 374 1018 426 po-

191 439 341 493 pulum
360 442 483 478 tuum
501 432 752 475 benedictio
772 436 858 472 tua.

247 498 343 536 Ant.
380 494 416 534 0
454 492 572 533 Crux
603 487 884 535 venerabilis,
920 499 1020 538 quae

192 551 377 593 salutem
396 547 581 590 attulisti
599 545 782 594 miseris,
803 543 961 597 quibus
977 547 1020 584 te

193 607 370 650 efferam
388 603 639 658 praeconiis,
660 602 867 655 quoniam
886 600 1021 642 vitam

192 664 318 706 nobis
339 662 532 704 coe1item
550 656 838 713 praeparasti?

246 721 295 772 V.
335 725 434 765 Hoc
474 722 646 772 signum
681 719 832 761 Crucis
866 717 947 758 erit
978 717 1022 757 in

193 780 319 825 eoelo.
367 782 412 833 Ru
445 779 554 820 Cum
582 777 795 818 Dominus
828 773 885 816 ad
916 772 1022 826 judi-

193 837 382 879 candum
402 835 581 878 venerit.

220 1088 305 1154 vl
327 1091 464 1142 Arad,
486 1092 559 1144 qui
577 1089 804 1132 habitabat
824 1087 880 1130 ad
899 1090 1024 1130 meri-

199 1144 303 1175 §sxa
329 1149 460 1199 diem,
489 1150 662 1190 venisse
691 1146 859 1188 scilicet
887 1144 1026 1186 Israel

196 1220 275 1260 per
300 1206 630 1259 exploratorum
654 1203 785 1252 viam,
813 1202 1026 1255 pugnavit

197 1267 350 1305 contra
380 1262 517 1312 illum,
550 1266 593 1303 et
626 1260 766 1301 victor
798 1262 1026 1309 exsistens,

197 1319 322 1361 duxit
358 1332 411 1360 ex
446 1332 499 1360 eo
531 1317 740 1371 praedam.
794 1316 854 1359 At
887 1316 1028 1358 Israel

197 1382 303 1418 voto
333 1389 379 1417 se
406 1375 597 1417 Domino
628 1374 843 1424 obligans,
877 1373 950 1415 ait:
982 1373 1027 1414 Si

197 1431 431 1474 tradideris
451 1431 663 1485 populum
683 1431 814 1471 istum
834 1430 877 1470 in
895 1443 1027 1471 manu

197 1502 312 1538 mea,
346 1488 503 1530 delebo
535 1487 666 1530 urbes
695 1488 796 1539 ejus.
838 1486 1026 1529 Exaudi-

198 1548 348 1598 vitque
374 1545 588 1587 Dominus
615 1557 772 1598 preces
797 1544 955 1595 Israel,
983 1549 1028 1586 et

198 1601 379 1643 tradidit
400 1602 703 1650 Chanana'eum,
728 1613 858 1653 quem
877 1601 949 1643 ille
967 1601 1027 1642 in-

197 1659 368 1701 terfecit
394 1659 616 1701 subversis
642 1658 825 1700 urbibus
854 1659 958 1709 ejus:
986 1663 1029 1700 et

198 1716 375 1758 vocavit
402 1729 561 1758 nomen
591 1716 679 1757 loci
705 1716 820 1757 illius
849 1716 1028 1765 Horma,

198 1771 244 1814 id
264 1778 342 1822 est,
362 1772 604 1815 anathema.

253 1836 303 1886 R.
332 1834 587 1875 Gloriosum
611 1833 727 1876 diem
752 1846 878 1875 sacra
901 1846 1028 1875 vene-

199 1892 320 1932 ratur
355 1891 573 1940 Ecclesia,
619 1889 724 1932 dum
763 1889 1029 1943 triumphale

201 1947 417 1989 exaltatur
435 1948 611 1999 lignum,
628 1947 650 1970 *
665 1949 715 1988 In
735 1960 822 1999 quo
842 1947 1029 1988 Redem-

200 2009 303 2056 ptor
339 2010 490 2046 noster
525 2005 676 2046 mortis
712 2003 885 2045 vincula
916 2017 1029 2045 rum--

201 2073 327 2113 penS,
348 2060 554 2103 callidum
575 2059 775 2114 aspidem
795 2061 1031 2113 superavit.

204 2114 253 2162 V.
278 2118 329 2157 In
355 2117 473 2168 ligno
502 2117 700 2171 pendens
725 2123 890 2159 nostrae
917 2117 1030 2158 salu-

201 2174 258 2215 tis
286 2175 485 2216 semitam
513 2175 710 2216 Verbum
738 2174 882 2215 Patris
916 2174 1031 2216 inve-

204 2230 277 2271 nit.
303 2231 353 2270 In
374 2244 461 2283 quo
481 2231 768 2284 Redemptor.

513 2289 662 2329 Lectio
684 2288 722 2328 ii.

287 2356 442 2398 rofecti
462 2362 561 2398 sunt
580 2362 726 2398 autem
746 2362 790 2398 et
809 2356 864 2398 de
883 2362 1032 2398 monte

304 2413 415 2462 Hor,
443 2427 523 2466 per
547 2414 677 2463 viam,
705 2427 804 2466 quae
830 2413 951 2456 ducit
976 2414 1033 2456 ad

204 2470 325 2511 Mare
348 2469 543 2519 rubrum,
572 2476 619 2512 ut
646 2471 924 2512 circumirent
948 2476 1032 2512 ter-

204 2539 298 2567 ram
322 2525 477 2567 Edom.
519 2527 574 2568 Et
601 2527 767 2568 taedere
794 2527 931 2580 coepit
956 2530 1032 2580 po-

204 2582 358 2635 pulum
379 2582 544 2623 itineris
569 2595 620 2624 ac
638 2583 819 2625 laboris:
843 2583 1033 2625 locutus·

207 2651 291 2691 que
318 2643 471 2680 contra
494 2639 635 2679 Deum
662 2645 705 2681 et
732 2640 934 2692 Moysen,
959 2640 1034 2681 ait:
1090 2633 1198 2679 ἶ

207 2695 295 2737 Cur
322 2693 511 2737 eduxisti
539 2707 620 2736 nos
653 2694 707 2737 de
735 2697 950 2748 AEgypto,
985 2702 1034 2738 ut
1095 2690 1190 2720 ³³⁶5

144 100 1952 124 Μ

612 163 681 197 Dic
709 164 757 196 14.
782 162 882 204 Sept.
932 161 973 193 ln
1000 158 1245 193 Exultatione
1271 157 1305 191 S.
1332 157 1478 191 Crucis.

1070 258 1342 299 moreremur
1377 256 1421 297 in
1462 253 1719 297 solitudine?
1764 254 1904 295 Deest

1071 314 1213 368 paniS,
1243 326 1333 355 non
1356 318 1458 354 sunt
1483 324 1626 364 aquae:
1659 311 1802 352 anima
1827 322 1902 352 no-

1073 376 1164 412 stra
1195 371 1279 422 jam
1310 372 1494 411 nauseat
1529 380 1662 421 super
1689 367 1789 409 cibo
1816 366 1902 408 isto

1072 427 1308 469 levissimo.
1345 424 1644 477 Quamobrem
1670 424 1788 466 misit
1815 424 1903 465 Do-

1072 485 1216 525 minus
1260 483 1305 524 in
1348 481 1565 536 populum
1608 481 1772 532 ignitos
1817 493 1904 522 ser-

1072 542 1240 594 pentes.

1131 606 1182 657 K.
1204 603 1321 643 Crux
1344 600 1501 650 fidelis,
1526 600 1639 642 inter
1664 610 1816 641 omnes
1841 610 1905 639 ar-

1073 658 1157 701 bor
1180 672 1267 700 una
1291 657 1465 700 nobilis:
1494 656 1613 698 nulla
1637 655 1748 698 silva
1771 654 1906 697 talem

1075 716 1259 768 profert,
1288 715 1461 764 fronde,
1490 714 1620 764 flore,
1649 712 1856 764 germine:
1886 715 1909 740 *

1074 773 1215 815 Dulce
1234 773 1410 824 lignum,
1430 771 1581 813 dulces
1599 770 1759 819 clavos
1779 768 1908 811 dulce

1074 828 1250 882 pondus
1269 829 1486 871 sustinuit.
1524 824 1575 877 V.
1594 827 1737 880 Super
1762 825 1908 867 omnia

1074 885 1194 985 {guiza
1221 885 1456 928 cedrorum
1481 889 1530 927 tu
1557 884 1653 926 sola
1681 881 1909 925 excelsior.

1166 955 1228 984 ce.

1384 994 1537 1035 Lectio
1557 994 1611 1033 iii.

1155 1055 1185 1098 d
1206 1068 1393 1108 quorum
1408 1054 1563 1108 plagas
1579 1059 1622 1096 et
1635 1058 1802 1096 mortes
1816 1053 1910 1106 plu·

1181 1113 1402 1162 rimorum,
1417 1113 1632 1153 venerunt
1646 1111 1705 1153 ad
1713 1111 1909 1163 Moysen,

1078 1175 1211 1222 atque
1231 1169 1449 1211 dixerunt:
1476 1168 1780 1218 Peccavimus,
1809 1167 1910 1220 quia

1077 1227 1215 1269 locuti
1244 1239 1394 1267 sumus
1423 1230 1576 1267 contra
1600 1225 1840 1266 Dominum
1867 1229 1912 1267 et

1078 1290 1136 1326 te:
1161 1297 1240 1326 ora
1262 1289 1311 1325 ut
1328 1283 1456 1325 tollat
1479 1296 1504 1324 a
1522 1282 1651 1324 nobis
1671 1283 1910 1335 serpentes.

1080 1342 1323 1392 Oravitque
1344 1340 1522 1392 Moyses
1547 1351 1630 1392 pro
1653 1338 1839 1392 populo,
1868 1343 1912 1380 et

1078 1398 1255 1440 locutus
1279 1401 1347 1438 est
1365 1396 1581 1438 Dominus
1604 1395 1662 1437 ad
1685 1407 1799 1437 eum:
1821 1395 1912 1437 Fac

1081 1456 1332 1507 serpentem
1363 1455 1550 1502 aeneum,
1587 1457 1631 1494 et
1661 1464 1778 1506 pone
1811 1465 1912 1494 eum

1080 1524 1163 1565 pro
1183 1511 1324 1562 signo:
1344 1510 1419 1563 qui
1435 1512 1673 1563 percussus
1690 1509 1913 1562 aspexerit

1081 1582 1192 1618 eum,
1211 1568 1341 1610 vivet.
1368 1567 1492 1608 Fecit
1509 1579 1615 1618 ergo
1630 1566 1809 1619 Moyses
1825 1578 1912 1608 ser-

1079 1628 1258 1679 pentem
1277 1627 1459 1674 aeneum‚
1479 1628 1524 1666 et
1542 1623 1692 1677 posuit
1711 1635 1811 1664 eum
1828 1635 1912 1676 pro

1082 1683 1222 1734 signo:
1250 1694 1381 1734 quem
1406 1694 1506 1723 cum
1528 1680 1727 1734 percussi
1747 1682 1912 1733 aspice-

1081 1744 1190 1790 rent,
1210 1738 1489 1780 sanabantur.

1138 1804 1188 1855 R.
1211 1800 1324 1841 Haec
1343 1804 1411 1841 est
1431 1799 1562 1841 arbor
1581 1797 1852 1850 dignissima,
1869 1797 1915 1838 in

1082 1856 1277 1910 paradisi
1310 1855 1457 1898 medio
1492 1856 1669 1905 situata,
1700 1855 1724 1879 *
1747 1855 1799 1895 In
1828 1867 1915 1907 qua

1083 1914 1236 1956 salutis
1260 1918 1414 1955 auctor
1437 1912 1620 1966 propria
1638 1916 1780 1953 morte
1799 1923 1914 1953 mor-

1083 1977 1173 2014 tem
1205 1971 1399 2012 omnium
1431 1969 1669 2022 superavit.
1712 1961 1764 2013 V.
1797 1967 1915 2009 Crux

1083 2027 1357 2081 praecellenti
1385 2026 1547 2068 decore
1572 2025 1754 2077 fulgida,
1783 2037 1916 2077 quam

1083 2083 1315 2126 Heraclius
1330 2083 1571 2136 imperator
1586 2081 1917 2135 concupiscenti

1084 2141 1229 2182 animo
1249 2140 1541 2193 recuperavit.
1568 2140 1619 2181 In
1641 2152 1738 2191 qua.
1763 2138 1917 2180 Gloria

1083 2197 1213 2239 Patri.
1239 2198 1291 2238 In
1312 2210 1408 2250 qua.

1313 2278 1363 2317 In
1390 2277 1440 2316 11.
1469 2276 1694 2315 Nocturno.

1142 2344 1242 2384 Ant.
1272 2342 1309 2384 O
1327 2341 1480 2383 Crucis
1498 2340 1700 2390 victoria,
1719 2345 1764 2382 et
1782 2339 1916 2382 admi-

1084 2399 1222 2441 rabile
1244 2399 1430 2450 signum,
1453 2398 1498 2439 in
1519 2397 1690 2439 coelesti
1709 2397 1830 2439 curia
1850 2397 1917 2438 fac

1085 2469 1166 2498 nos
1187 2458 1365 2509 captare
1385 2454 1666 2508 triumphum.

1380 2518 1579 2559 Psalmus
1599 2518 1637 2555 4.

1159 2588 1276 2631 {gum
1308 2584 1561 2625 invocarem
1593 2580 1817 2623 exaudivit
1849 2593 1918 2622 me

1219 2641 1341 2681 Deus
1373 2639 1549 2692 justitiae
1577 2651 1706 2680 meae:
1731 2639 1755 2665 *
1778 2638 1823 2679 in
1846 2637 1918 2679 tri·
1938 2676 1949 2684 ,

1221 2697 1444 2739 bulatione
1465 2694 1658 2737 dilatasti
1676 2694 1792 2736 mihi.
