2040 2944
694 214 804 249 Feria
831 217 998 250 secunda
1024 218 1072 251 ad
1099 218 1299 261 Vcspcrus.

195 307 420 345 Auxilium
438 318 584 346 meum
600 305 836 358 aDomino,
853 307 876 332 *
893 307 967 358 qui

144 360 247 402 fecit
267 360 427 401 coelum
447 366 490 403 et
508 366 680 402 terram.

194 416 297 458 Non
334 416 409 458 det
444 417 488 458 in
522 418 861 459 commotionem
894 431 966 471 pe-

145 471 245 514 dem
267 477 406 514 tuum:
434 474 458 499 ¹⁸¹
485 486 628 526 neque
656 473 864 516 dormitet
893 475 966 527 qui

144 528 338 570 custodit
364 534 419 571 te.

194 585 310 627 Ecce
327 598 416 627 non
435 585 691 627 dormitabit
709 599 851 638 neque
870 585 966 627 dor-

142 641 259 691 miet,
278 642 302 668 *
324 642 398 694 qui
417 641 610 683 custodit
628 642 776 683 Israel.

194 698 409 739 Dominus
438 698 632 740 custodit
659 703 719 748 te,
749 699 964 740 Dominus

141 754 358 806 protectio
381 759 466 804 tua,
481 755 505 780 *
520 767 651 807 super
669 768 845 796 manum
864 755 964 797 dex-

142 814 282 851 teram
301 815 432 852 tuam.

192 866 278 908 Per
306 866 422 909 diem
450 867 518 908 sol
544 880 633 909 non
657 873 754 910 uret
772 873 831 910 te:
850 869 874 894 *
894 882 964 910 ne-

143 935 227 975 que
254 923 356 964 luna
383 936 462 976 per
489 929 674 966 noctem.

191 979 408 1021 Dominus
445 980 638 1022 custodit
675 986 719 1022 te
757 980 812 1022 ab
847 981 964 1021 omni

140 1035 273 1077 malo:
307 1036 331 1062 *
364 1036 585 1078 custodiat
622 1037 809 1078 animam
845 1042 964 1079 tuam

141 1092 367 1134 Dominus.

191 1148 407 1190 Dominus
424 1149 644 1191 custodiat
658 1150 885 1191 introitum
900 1155 964 1191 tu-

140 1217 233 1254 um,
275 1210 318 1247 et
355 1206 520 1247 exitum
555 1211 693 1247 tuum:
729 1207 752 1232 *
790 1219 843 1248 ex
879 1206 964 1248 hoc

140 1274 265 1312 nunc,
294 1266 337 1303 et
364 1274 504 1314 usque
531 1262 575 1302 in
604 1262 822 1303 saeculum.

192 1325 289 1366 Ant.
317 1326 438 1369 Unde
456 1327 601 1369 veniet
622 1327 829 1369 auxilium
846 1327 962 1368 mihi.

190 1398 447 1450 Capitulum.
692 1404 744 1442 Π.
766 1406 859 1444 Cor.
881 1407 907 1444 1.

222 1466 448 1509 enedictus
475 1468 612 1518 Deus,
647 1473 690 1510 et
717 1468 848 1510 Pater
875 1469 962 1510 Do-

245 1524 349 1565 mini
367 1525 505 1565 nostri
523 1525 548 1565 J
550 1537 627 1566 esu
645 1524 816 1575 Christi,
831 1526 962 1567 Pater

138 1579 556 1630 misericordiarum,
595 1586 638 1622 et
671 1581 791 1623 Deus
826 1585 961 1623 totius

139 1636 470 1686 consolationis,
499 1638 574 1689 qui
604 1637 855 1679 consolatur
879 1651 960 1680 nos

138 1691 182 1732 in
203 1693 319 1734 omni
338 1693 620 1735 tribulatione
639 1699 800 1735 nostra.

446 1764 655 1816 Hymnus.

216 1829 410 1869 mmense
431 1827 531 1868 coeli
551 1827 775 1879 Conditor,

243 1882 326 1933 Qui
344 1884 480 1925 mixta
499 1897 554 1925 ne
573 1882 900 1936 confunderent,

215 1940 357 1992 Aquae
376 1941 539 1982 fluenta
559 1941 770 1992 dividens,

215 1996 386 2038 Coelum
406 1996 567 2039 dedisti
587 1998 779 2040 limitem.

166 2069 363 2111 Firmans
380 2070 526 2112 locum
544 2071 810 2122 coelestibus,

215 2125 439 2178 Simalque
458 2132 588 2169 terrae
606 2129 773 2180 rivulis;

214 2182 273 2224 Ut
292 2182 408 2224 unda
427 2183 624 2225 flammas
646 2186 871 2238 temperet,

210 2238 361 2280 Terrae
379 2239 520 2280 solum
539 2253 593 2281 ne
614 2241 838 2294 dissipent.

164 2311 348 2353 Infunde
365 2325 489 2361 nunc,
508 2312 713 2364 piissime,

213 2367 388 2409 Donum
408 2369 612 2420 perennis
631 2370 799 2420 gratiae:

212 2423 397 2465 Fraudis
416 2437 544 2465 novae
563 2437 618 2466 ne
638 2424 811 2466 casibus

211 2480 306 2521 Nos
327 2493 449 2522 error
469 2482 629 2522 atterat
650 2487 786 2522 vetus.

162 2552 322 2595 Lucem
340 2554 450 2596 fides
468 2554 699 2606 ada1'1geat:

211 2609 282 2650 Sic
301 2610 475 2652 luminis
494 2610 616 2663 jubar
635 2611 761 2652 ferat:

210 2665 321 2707 Haec
337 2679 448 2708 vana
467 2673 623 2708 cuncta
642 2669 852 2719 proterat:

210 2721 336 2763 Hanc
355 2722 464 2764 falsa
481 2723 600 2764 nulla
619 2723 920 2776 comprimant.

1049 312 1220 358 Ptaesta,
1239 309 1369 351 Pater
1389 311 1594 363 piissime,

1094 366 1301 417 Patrique
1321 379 1500 420 compar
1518 369 1665 419 Unice,

1097 422 1205 462 Cum
1226 422 1389 474 Spiritu
1408 424 1626 466 Paraclito

1095 478 1300 529 Regnans
1317 492 1395 531 per
1415 492 1542 522 omne
1563 483 1782 524 saeculum.

1326 535 1478 577 Amen.

1073 595 1122 646 V.
1136 599 1360 651 Dirigatur
1374 600 1560 643 Domine
1575 604 1714 645 oratio
1729 618 1836 646 mea.

1021 657 1070 708 R.
1081 654 1202 697 Sicut
1212 656 1435 697 incensum
1446 657 1489 697 in
1501 661 1736 711 conspectu
1747 666 1836 702 tuo.

1073 725 1142 765 Ad
1156 725 1326 773 Magnis.
1347 726 1381 765 A
1390 731 1445 766 nt.
1463 726 1705 778 Magnificat
1716 730 1738 755 *
1750 730 1836 770 ani-

973 804 977 811 ·
1016 793 1087 821 ma
1114 793 1210 821 mea
1233 781 1486 831 Dominum,
1517 783 1617 834 quia
1643 786 1836 837 respexit

1016 836 1137 877 Deus
1156 836 1444 878 humilitatem
1462 851 1614 879 meam.

1061 926 1101 957 In
1116 924 1238 958 Feriis
1253 925 1423 964 Quatuor
1440 926 1669 970 'l'cmporum
1688 935 1722 962 ct
1737 929 1836 970 Vigi-

1018 973 1169 1009 liarum,
1200 983 1285 1015 qua:
1312 974 1540 1013 jejunantur.
1567 983 1653 1018 post
1680 977 1763 1010 Ant.
1790 979 1837 1011 ud

1018 1020 1252 1061 Magnificat,
1283 1021 1458 1055 dicuntur
1481 1031 1682 1066 sequentes
1701 1024 1836 1059 l'rcccs

1019 1068 1127 1101 flexis
1153 1069 1324 1111 genibus
1351 1070 1381 1103 si
1408 1070 1581 1104 dicenda:
1607 1072 1689 1105 sint.

1114 1137 1206 1189 yrie
1236 1137 1409 1178 eleison.
1459 1139 1632 1180 Christe
1661 1140 1833 1180 eleison.

1136 1194 1269 1245 Ry'rie
1298 1194 1472 1235 eleison.

1070 1254 1196 1295 Pater
1211 1259 1372 1295 noster.
1390 1266 1508 1295 totum
1526 1262 1596 1296 dic.
1615 1263 1715 1296 clara
1732 1273 1834 1297 voce.

1069 1312 1116 1361 V.
1142 1315 1199 1356 Et
1227 1327 1280 1356 ne
1311 1328 1392 1356 nos
1420 1315 1600 1356 inducas
1629 1316 1672 1356 in
1697 1321 1832 1357 tenta-

1015 1372 1189 1413 tionem.
1228 1372 1275 1422 Ru
1302 1371 1390 1412 Sed
1409 1371 1546 1413 libera
1565 1385 1645 1413 nos
1665 1385 1689 1413 a
1708 1372 1832 1413 malo.

1068 1424 1115 1473 Y
1147 1428 1241 1479 Ego
1271 1427 1376 1478 dixi,
1410 1428 1597 1469 Domine
1628 1429 1833 1470 miserere

1014 1484 1110 1525 mei.
1149 1487 1198 1537 R.
1220 1484 1332 1525 Sana
1352 1484 1539 1525 animam
1557 1497 1712 1534 meam,
1734 1485 1834 1536 quia

1014 1541 1194 1592 peccavi
1213 1540 1304 1582 tibi.

1066 1594 1114 1645 ΣΤ.
1153 1597 1417 1638 Convertere
1454 1597 1640 1638 Domine
1676 1600 1830 1648 usque-

1015 1666 1112 1705 quo.
1160 1656 1208 1706 Rg.
1238 1654 1294 1694 Et
1323 1653 1613 1706 deprecabilis
1643 1659 1736 1694 esto
1766 1667 1831 1693 su-

1014 1723 1092 1762 per
1120 1722 1272 1750 servos
1300 1715 1409 1751 tuos.

1066 1762 1115 1813 V.
1130 1766 1226 1807 Fiat
1240 1765 1541 1807 misericordia
1555 1770 1630 1806 tua
1646 1765 1831 1806 Domine

1014 1835 1144 1874 super
1163 1835 1254 1863 nos.
1278 1824 1327 1875 R.
1347 1821 1723 1872 Quemadmodum
1738 1834 1831 1874 spe-

1014 1879 1204 1920 ravimus
1224 1879 1266 1919 in
1286 1884 1339 1920 te.

1064 1934 1115 1981 V.
1142 1935 1402 1977 Sacerdotes
1430 1935 1493 1976 tui
1522 1934 1754 1975 induantur
1773 1936 1830 1986 ju-

1013 1992 1187 2033 stitiam.
1220 1994 1269 2044 Ru
1286 1992 1342 2033 Et
1362 1991 1500 2032 sancti
1519 1991 1582 2032 tui
1604 1990 1830 2032 exsultent.

1064 2044 1114 2095 V.
1150 2048 1337 2089 Domine
1371 2048 1539 2088 salvum
1572 2048 1639 2088 fac
1671 2059 1829 2097 regem.

1014 2106 1063 2157 R.
1089 2105 1146 2145 Et
1174 2104 1331 2146 exaudi
1359 2116 1438 2144 nos
1466 2104 1509 2144 in
1538 2103 1623 2152 die,
1657 2115 1741 2154 qua
1770 2103 1829 2143 in-

1012 2161 1313 2202 vocaverimus
1341 2165 1396 2201 te.

1063 2218 1113 2266 V.
1147 2218 1322 2259 Salvum
1359 2218 1426 2259 fac
1461 2216 1672 2269 populum
1706 2221 1828 2258 tuum

1011 2275 1217 2323 Domine,
1269 2279 1311 2316 et
1354 2273 1538 2315 benedic
1583 2272 1828 2314 haereditati

1011 2336 1109 2372 tuae.
1153 2331 1203 2382 R.
1236 2330 1292 2372 Et
1324 2342 1425 2381 rege
1459 2342 1554 2378 eos,
1592 2334 1635 2370 et
1668 2329 1827 2370 extolle

1010 2387 1107 2428 illos
1135 2399 1274 2437 usque
1301 2386 1345 2426 in
1369 2387 1589 2426 aeternum.

1062 2435 1112 2486 V.
1126 2442 1345 2483 Memento
1364 2441 1712 2492 congregationis
1727 2446 1825 2482 tuae.

1012 2499 1060 2549 Rg.
1079 2499 1218 2548 Quam
1236 2497 1475 2550 possedisti
1495 2497 1549 2538 ab
1569 2497 1704 2538 initio.

1060 2551 1110 2600 V.
1128 2554 1224 2595 Fiat
1243 2566 1330 2606 pax
1348 2554 1392 2594 in
1408 2554 1569 2594 virtate
1589 2558 1673 2594 tua.
1701 2554 1751 2605 R.
1768 2552 1823 2592 Et

1009 2610 1273 2652 abundantia
1290 2610 1333 2650 in
1353 2609 1546 2650 turribus
1565 2609 1662 2650 tuis.

1061 2663 1110 2713 V.
1139 2667 1322 2708 Oremus
1345 2678 1425 2718 pro
1450 2665 1650 2706 fidelibus
1677 2663 1821 2704 defun-

1009 2724 1101 2764 ctis.
1155 2723 1203 2774 Rg.
1230 2722 1444 2774 Requiem
1472 2722 1677 2762 aeternam
1706 2717 1819 2759 dona
