2040 2944
762 213 971 245 (Iommune
1002 211 1207 253 Yirginum.

141 309 260 362 quod
277 309 522 351 imitaretur
541 309 585 349 in
603 308 741 350 terris.
773 307 868 348 Nee
887 307 962 347 im-

138 366 294 407 merito
314 365 490 407 vivendi
510 365 595 406 sibi
614 378 742 406 usum
761 363 963 417 quaesivit

139 422 312 520 ecoelf,
340 435 438 474 quae
461 434 672 474 sponsum
697 420 780 462 sibi
797 420 963 462 invenit

137 493 181 520 m
201 492 269 520 coe
288 492 326 520 ο.

190 548 239 599 R.
276 545 463 596 Propter
490 543 738 592 veritatem,
775 546 818 583 et
844 554 962 582 man-

138 600 429 650 suetudinem,
458 605 502 642 et
525 599 748 652 justitiam:
766 604 787 626 *
809 598 866 639 Et
890 597 961 639 de-

138 656 270 699 ducet
304 662 349 699 te
381 656 638 698 mirabiliter
668 655 849 697 dextera
876 658 962 695 tua.

138 712 188 763 ΥΤ.
211 714 366 766 Specie
385 718 460 755 tua
483 718 527 755 et
542 711 868 766 pulchritudine
886 716 962 752 tua

136 770 331 820 intende,
357 773 571 823 prospere
594 768 805 822 procede,
834 773 878 809 et
897 781 960 809 re-

136 840 231 878 gna.
266 827 333 868 Et.

189 890 348 931 Bened.
378 888 576 929 Christus
595 888 833 940 perpetuae.

446 961 597 1001 Lectio
620 974 655 998 v.

232 1032 297 1060 aec
317 1019 471 1070 nubes,
492 1022 607 1069 aera,
628 1019 831 1071 Angelos,
851 1018 961 1060 side-

243 1089 380 1128 raque
399 1076 742 1127 transgrediens,
764 1076 963 1117 Verbum

136 1133 220 1174 Dei
244 1133 288 1173 in
310 1133 408 1185 ipso
433 1133 531 1174 sinu
549 1133 690 1174 Patris
709 1133 890 1182 invenit,
919 1138 962 1174 et

137 1193 234 1230 toto
250 1188 395 1231 hausit
410 1191 602 1243 pectore.
626 1189 741 1231 Nam
756 1189 853 1241 quis
869 1193 961 1230 tan-

137 1249 241 1296 tum,
257 1258 356 1287 cum
366 1246 591 1297 invenerit,
607 1246 826 1298 relinquat
835 1245 961 1287 boni?

137 1301 417 1354 Unguentum
451 1303 565 1344 enim
599 1303 866 1344 exinanitum
895 1307 962 1344 est

138 1371 299 1400 nomen
313 1363 449 1400 tuum:
462 1361 700 1412 propterea
712 1358 962 1400 adolescen-
1019 1380 1022 1390 v

137 1414 242 1456 tulae
262 1414 508 1457 dilexerunt
533 1420 595 1466 te,
621 1421 664 1457 et
689 1417 962 1457 attraxerunt
1022 1442 1115 1466 ι

137 1475 191 1512 te.
224 1471 470 1522 Postremo,
485 1485 574 1514 non
591 1485 738 1514 meum
758 1477 825 1514 est
843 1472 962 1523 illud,

140 1528 347 1579 quoniam
371 1542 469 1581 quae
494 1541 583 1570 non
606 1528 792 1579 nubunt,
820 1542 962 1581 neque
986 1559 990 1578 .

138 1583 375 1635 nubentur,
404 1590 531 1627 erunt
559 1586 672 1627 sicut
696 1586 855 1638 Angeli
879 1586 963 1627 Dei
1017 1618 1026 1626 .

139 1640 183 1680 in
214 1641 339 1682 coelo.
386 1641 528 1683 Nemo
561 1654 666 1694 ergo
695 1642 894 1693 miretur,
926 1643 964 1683 si

139 1696 320 1748 Angelis
345 1699 670 1751 comparentur,
700 1711 798 1751 quae
821 1699 962 1750 Ange-

139 1752 281 1795 lorum
299 1754 491 1796 Domino
511 1755 781 1808 copulantur.

193 1822 243 1872 R.
269 1819 475 1862 Dilexisti
500 1822 727 1874 justitiam,
759 1827 804 1864 et
829 1822 964 1864 odisti

139 1875 429 1929 iniquitatem:
452 1877 473 1900 *
497 1878 739 1932 Propterea
767 1880 891 1921 unxit
919 1884 963 1920 te

140 1933 278 1983 Deus,
328 1934 450 1976 Deus
495 1939 595 1976 tuus
641 1936 739 1978 oleo
783 1936 962 1978 laetitiae.

139 1984 189 2036 V.
223 1990 412 2043 Propter
430 1991 676 2043 veritatem,
705 1998 748 2035 et
766 2005 963 2034 mansue-

139 2046 347 2097 tudinem,
366 2052 410 2089 et
427 2048 646 2100 justitiam.
672 2050 924 2102 Propterea.

192 2108 351 2149 Bened.
380 2109 532 2160 Ignem
550 2110 618 2151 sui
636 2111 809 2152 amoris.

440 2172 591 2213 Lectio
613 2173 665 2212 vi.

143 2216 294 2339 Quis
314 2234 447 2286 igitur
466 2240 595 2287 neget
610 2235 722 2278 hanc
737 2237 873 2278 vitam
887 2238 963 2279 flu-

144 2346 153 2355 ·
235 2293 351 2333 xisse
372 2291 427 2333 de
446 2292 572 2343 coelo,
594 2305 724 2345 quam
738 2307 825 2335 non
839 2294 964 2336 facile

141 2350 383 2389 invenimus
402 2349 446 2389 in
465 2350 604 2400 terris,
626 2350 709 2391 nisi
727 2355 965 2403 postquam

141 2403 262 2445 Deus
274 2404 319 2445 in
333 2404 428 2446 haec
442 2406 603 2447 terreni
620 2408 820 2460 corporis
833 2420 964 2448 mem-

142 2458 223 2500 bra
234 2459 482 2503 descendit?
498 2463 623 2504 Tunc
634 2463 678 2504 in
688 2467 814 2505 utero
825 2464 964 2514 Virgo

143 2517 359 2569 concepit,
386 2523 429 2559 et
452 2519 650 2561 Verbum
674 2533 778 2562 caro
803 2521 966 2561 factum

145 2576 225 2622 est,
244 2578 292 2614 ut
313 2586 414 2616 caro
436 2575 563 2618 fieret
581 2577 712 2618 Deus.
743 2577 874 2618 Dicet
892 2576 965 2617 ali-

146 2629 257 2680 quis:
283 2629 370 2671 Sed
395 2632 526 2673 etiam
545 2633 664 2674 Elias
689 2633 848 2674 nullius
874 2644 965 2673 cor-

143 2685 268 2737 porei
297 2686 439 2728 coitus
466 2688 598 2730 fuisse
625 2692 869 2742 permixtus
897 2701 966 2729 cu-

143 2741 401 2793 piditAtibus
437 2744 664 2786 invenitur.
716 2745 824 2786 Ideo
862 2757 986 2796 ergo*

1771 209 1842 253 [91]

1016 318 1148 347 curru
1166 310 1319 358 raptus
1339 305 1395 347 ad
1420 306 1594 347 coelum:
1619 305 1720 347 ideo
1743 319 1843 347 cum
1889 354 1891 357 v

1014 362 1204 403 Domino
1242 365 1426 415 apparet
1467 363 1511 403 in
1544 362 1703 414 gloria,
1740 362 1840 403 ideo

1014 419 1236 459 Dominici
1263 422 1473 460 venturus
1500 424 1567 460 est
1592 422 1841 471 praecursor

1014 474 1240 516 adventus.

1068 543 1117 592 Ra
1134 540 1385 582 Afferentur
1400 541 1512 592 Regi
1531 541 1720 591 virgines
1737 545 1841 592 post

1015 610 1130 647 eam,
1164 598 1378 650 proximae
1410 599 1500 649 ejus
1536 600 1557 621 *
1589 596 1840 638 Afferentur

1013 654 1095 695 tibi
1145 654 1189 694 in
1238 653 1392 695 laetitia
1443 658 1486 694 et
1538 653 1840 694 exsultatione.

1017 707 1066 757 Y
1085 710 1240 763 Specie
1260 715 1336 751 tua
1355 715 1399 751 et
1418 709 1745 762 pulchritudine
1764 715 1840 750 tua

1013 767 1207 817 intende,
1232 769 1446 819 prospere
1474 766 1685 819 procede,
1714 771 1758 807 et
1776 779 1839 807 re-

1013 836 1108 874 gna.
1136 823 1398 865 Afferentur.
1436 823 1585 864 Gloria
1605 823 1734 863 Patri.
1766 822 1839 862 Af-

1013 881 1217 922 ferentur.

1236 962 1284 1000 In
1307 962 1377 999 III.
1400 962 1620 999 Nocturno.

1068 1026 1168 1065 Ant.
1196 1023 1331 1074 'Nigra
1356 1037 1470 1072 sum,
1489 1025 1512 1050 *
1532 1023 1611 1064 sed
1635 1023 1839 1073 formosa,

1013 1081 1116 1122 filiae
1150 1079 1406 1122 Jerusalem:
1444 1079 1545 1121 ideo
1586 1079 1739 1121 dilexit
1770 1093 1840 1121 me

1014 1139 1128 1188 Rex,
1156 1142 1199 1179 et
1227 1136 1472 1178 introduxit
1499 1150 1568 1178 me
1596 1137 1641 1177 in
1668 1136 1839 1178 cubicu-

1014 1194 1104 1236 lum
1123 1208 1260 1236 suum.

1285 1264 1478 1303 l‘sulnius
1508 1265 1572 1301 05).

1305 1333 1495 1375 Domino
1524 1333 1741 1374 canticum
1768 1345 1840 1374 no-

1051 1394 1073 1433 <
1089 1393 1126 1427 -225'1
1144 1405 1259 1432 vum:
1269 1391 1293 1416 *
1305 1392 1479 1432 cantate
1494 1389 1684 1430 Domino
1701 1389 1841 1430 omnis

1120 1453 1271 1489 terra.

1068 1504 1251 1546 Cantate
1282 1503 1488 1552 Domino,
1522 1507 1565 1543 et
1595 1502 1842 1543 benedicite

1015 1561 1180 1602 nomini
1209 1562 1316 1613 ejus:
1344 1562 1367 1587 *
1395 1559 1649 1600 annuntiate
1682 1558 1737 1599 de
1771 1558 1841 1599 die

1015 1632 1059 1658 m
1087 1617 1204 1659 diem
1231 1617 1422 1658 salutare
1450 1617 1551 1667 ejus.

1068 1674 1336 1715 Annuntiate
1350 1673 1463 1714 inter
1478 1672 1642 1712 Gentes
1657 1671 1842 1722 gloriam

1017 1731 1123 1783 ejus,
1154 1732 1178 1757 *
1210 1730 1254 1770 in
1282 1729 1484 1770 omnibus
1512 1727 1687 1780 populis
1716 1728 1841 1768 mira-

1015 1786 1119 1828 bilia
1148 1787 1249 1839 ejus.

1068 1843 1285 1894 Quoniam
1316 1854 1499 1892 magnus
1530 1840 1762 1890 Dominus,
1798 1845 1842 1881 et

1015 1899 1247 1941 laudabilis
1283 1898 1428 1939 nimis:
1466 1899 1490 1924 *
1527 1896 1735 1938 terribilis
1775 1901 1841 1938 est

1016 1969 1148 2009 super
1176 1968 1327 1997 omnes
1355 1954 1474 1996 deos.

1069 2012 1286 2063 Quoniam
1300 2023 1451 2053 omnes
1466 2009 1525 2051 dii
1536 2009 1744 2051 Gentium
1755 2009 1839 2051 dae-

1016 2069 1178 2111 monia:
1211 2070 1235 2095 *
1271 2067 1486 2109 Dominus
1523 2070 1669 2107 autem
1703 2065 1840 2107 coelos

1016 2126 1130 2168 fecit.

1071 2181 1307 2231 Confessio,
1323 2185 1366 2222 et
1385 2178 1666 2233 pulchritudo
1681 2178 1726 2219 in
1741 2191 1839 2220 con-

1018 2241 1171 2291 spectu
1197 2239 1303 2291 ejus:
1329 2238 1352 2264 *
1378 2235 1663 2277 sanctimonia
1688 2239 1731 2276 et
1753 2247 1839 2275 ma-

1017 2295 1266 2346 gnificentia
1292 2295 1337 2334 in
1369 2292 1711 2334 sanctificatione
1739 2292 1841 2343 ejus.

1064 2351 1232 2393 Afferte
1246 2350 1438 2391 Domino
1453 2349 1608 2402 patriae
1625 2347 1841 2398 Gentium,

1018 2407 1170 2449 afferte
1197 2406 1388 2447 Domino
1415 2405 1602 2456 gloriam
1634 2408 1678 2445 et
1706 2403 1840 2445 hono-

1018 2477 1124 2505 rem:
1143 2465 1167 2490 *
1186 2462 1336 2504 afferte
1355 2461 1546 2503 Domino
1565 2460 1750 2512 gloriam
1766 2463 1840 2501 no-

1018 2520 1123 2560 mini
1152 2520 1252 2571 ejus.

1071 2575 1232 2617 Tollite
1273 2575 1458 2625 hostias,
1495 2579 1539 2616 et
1581 2575 1758 2616 introite
1797 2574 1839 2613 in

1019 2633 1129 2674 atria
1154 2633 1258 2684 ejus:
1281 2633 1304 2658 *
1330 2631 1512 2673 adorate
1534 2631 1770 2672 Dominum
1796 2629 1840 2669 in

1019 2689 1131 2730 atrio
1159 2692 1309 2729 sancto
1339 2689 1439 2740 ejus.

1072 2745 1410 2795 Commoveatur
1440 2757 1466 2785 a
1497 2744 1607 2785 facie
1636 2744 1725 2794 ejus
1751 2741 1839 2782 uni-
