2040 2944
179 229 242 265 132

658 224 756 258 Infra
784 222 1076 255 llcbdmmdam
1106 220 1127 253 1.
1154 219 1401 262 septembris.

180 325 298 366 tione
319 328 483 371 auctus,
503 319 581 362 sed
600 318 745 360 David
762 318 1004 360 tentatione

179 382 443 434 prostratus:
477 383 523 418 ut
557 381 600 418 et
627 376 838 427 majorum
867 374 1004 415 virtus

180 450 303 490 spem
324 440 515 476 nostram
535 433 697 481 foveat,
726 437 769 473 et
792 433 1005 483 majorum

181 506 306 535 casus
333 491 390 533 ad
417 489 631 532 cautelam
650 502 731 530 nos
748 487 1005 529 humilitatis

181 552 390 600 accingat:
425 548 639 598 quatenus
673 545 776 587 dum
803 545 877 585 illa
905 557 1005 595 gau—

181 606 333 648 dentes
363 603 609 651 sublevant,
646 602 729 643 ista
761 603 1006 643 metuentes

180 666 392 715 premant:
414 665 456 702 et
473 659 688 700 audientis
704 658 872 699 animus
888 657 1006 698 illinc

181 719 274 771 spei
298 717 473 765 fiducia,
501 716 602 757 hinc
621 715 863 756 humilitate
882 714 1006 756 timo-

180 775 238 815 ris
259 773 465 822 eruditus,
493 785 574 814 nec
593 771 839 814 temeritate
859 771 1006 823 super—

179 831 281 881 biat,
302 830 403 883 quia
422 828 652 871 formidine
671 827 899 881 premitur;
927 838 1008 867 nec

180 900 358 940 pressus
386 886 543 928 timore
564 884 792 937 desperet,
823 883 923 936 quia
951 882 1007 924 ad

182 944 276 997 spei
300 942 507 984 fiduciam
526 942 698 983 virtutis
719 939 920 993 exemplo
942 952 1007 981 ro-

180 1000 373 1042 boratur.

235 1062 282 1112 Rg.
310 1055 514 1097 Paucitas
543 1054 712 1096 dierum
739 1055 937 1095 meorum
963 1052 1007 1093 fi-

182 1114 323 1155 nietur
350 1112 487 1154 brevi:
515 1111 686 1153 dimitte
714 1124 784 1152 me
810 1109 1009 1158 Domine,

182 1176 230 1212 ut
247 1170 453 1223 plangam
470 1167 695 1222 paululum
710 1167 909 1209 dolorem
923 1178 1009 1207 me-

182 1241 265 1277 um,
286 1233 306 1253 *
328 1226 578 1278 Antequam
596 1224 753 1266 vadam
774 1224 830 1265 ad
847 1229 1010 1266 terram

181 1283 472 1332 tenebrosam,
493 1287 536 1324 et
557 1283 756 1334 opertam
774 1281 928 1322 mortis
944 1293 1010 1321 ca-

182 1341 324 1392 ligine.
354 1338 399 1388 X'.
422 1339 576 1380 Manus
592 1343 679 1379 tuae
696 1338 884 1391 Domine
901 1337 1010 1379 fece-

184 1402 283 1438 runt
309 1409 396 1446 me,
424 1401 467 1437 et
494 1394 822 1448 plasmaverunt
850 1407 920 1435 me
947 1399 1010 1435 to-

182 1459 275 1496 tum
294 1454 337 1494 in
357 1452 551 1501 circuitu,
571 1457 614 1493 et
630 1451 692 1492 sic
706 1453 885 1504 repente
902 1463 1011 1503 prae-

184 1511 339 1563 cipitas
360 1507 451 1551 me?
481 1509 741 1560 Antequam.

487 1571 636 1611 Lectio
659 1570 709 1609 vi.

371 1628 448 1661 Lib.
478 1628 502 1661 1.
531 1628 659 1661 Moral.
686 1637 767 1669 cup.
796 1627 821 1659 1.

279 1676 315 1716 ir
348 1679 441 1717 erat
472 1674 516 1715 in
544 1679 661 1716 terra
688 1674 801 1723 Hus,
839 1673 1012 1714 nomine

289 1732 313 1773 J
317 1731 386 1773 ob.
430 1730 602 1772 Idcirco
637 1735 812 1771 sanctus
840 1730 905 1771 vir
939 1729 1014 1771 ubi

186 1788 466 1837 habitaverit,
495 1786 667 1837 dicitur,
695 1792 743 1828 ut
772 1787 862 1839 ejus
890 1786 1014 1828 meri-

187 1851 281 1888 tum
299 1845 471 1886 virtutis
488 1844 767 1897 exprimatur.
787 1844 883 1885 Hus
897 1856 1014 1884 nam-

190 1915 275 1955 que
297 1902 392 1954 quis
411 1901 595 1949 nesciat,
625 1900 743 1953 quod
762 1900 818 1941 sit
836 1900 879 1941 in
898 1905 1016 1941 terra

191 1956 450 2000 Gentilium?
498 1957 731 1998 Gentilitas
773 1962 918 1998 autem
962 1969 1015 1998 eo

191 2014 385 2064 obligata
410 2014 525 2055 vitiis
554 2014 733 2063 exstitit,
763 2026 849 2066 quo
872 2014 1016 2064 cogni·
1074 2031 1119 2057 ὰ

190 2072 354 2113 tionem
402 2071 468 2111 sui
509 2070 748 2112 conditoris
789 2069 1017 2122 ignoravit.

191 2128 373 2169 Dicatur
399 2130 546 2179 itaque
574 2127 647 2169 ubi
666 2126 943 2168 habitaverit:
971 2132 1018 2168 ut

191 2184 276 2226 hoc
304 2185 394 2236 ejus
422 2183 625 2225 laudibus
645 2183 869 2236 proficiat,
899 2183 1018 2236 quod

192 2241 334 2283 bonus
376 2241 488 2282 inter
533 2240 672 2282 malos
716 2240 807 2282 fuit.
861 2240 1018 2292 Neque

193 2298 307 2339 enim
335 2297 463 2339 valde
490 2296 711 2339 laudabile
740 2302 820 2346 est,
855 2296 1019 2338 bonum

194 2367 290 2395 esse
319 2367 417 2395 cum
444 2353 588 2403 bonis,
622 2354 701 2395 sed
727 2353 893 2395 bonum
921 2366 1019 2395 esse

164 2443 170 2450 ,
194 2423 294 2451 cum
321 2409 458 2450 malis.
511 2411 631 2452 Sicut
663 2411 778 2452 enim
805 2410 1019 2461 gravioris

194 2466 336 2519 culpae
356 2471 437 2516 est,
459 2467 569 2508 inter
588 2467 729 2509 bonos
747 2467 913 2508 bonum
931 2479 1019 2508 non

195 2535 306 2564 esse:
325 2523 385 2564 ita
404 2523 602 2564 immensi
622 2529 688 2565 est
704 2524 925 2576 praeconii,
944 2523 1019 2565 bo-

194 2592 297 2620 num
327 2579 457 2620 etiam
483 2580 595 2621 inter
622 2580 761 2621 malos
790 2581 1020 2622 exstitisse.

243 2637 290 2688 Rg.
329 2635 430 2676 Non
458 2635 703 2677 abscondas
735 2650 804 2678 me
832 2637 1020 2678 Domine

195 2705 220 2733 a
255 2692 364 2733 facie
398 2697 488 2733 tua:
526 2705 700 2733 manum
736 2699 855 2734 tuam
891 2693 1021 2744 longe

195 2749 262 2790 fac
295 2762 320 2789 a
354 2752 475 2790 met*
519 2749 575 2790 Et
607 2749 794 2791 formido
825 2755 902 2791 tua
934 2762 1021 2791 non

1057 329 1126 357 me
1145 317 1319 357 terreat.
1351 313 1397 364 δ”.
1416 314 1598 366 Corripe
1611 326 1682 355 me
1696 312 1886 354 Domine

1057 373 1101 414 in
1120 371 1434 420 misericordia,
1462 384 1550 412 non
1569 370 1613 411 in
1630 370 1779 411 furore
1798 374 1887 419 tuo,

1058 442 1112 471 ne
1147 429 1259 471 forte
1292 428 1348 470 ad
1381 427 1563 469 nihilum
1600 426 1773 478 redigas
1806 438 1887 467 me.

1058 486 1125 528 Et.
1154 485 1307 527 Gloria
1325 485 1455 526 Patri.
1483 485 1549 525 Et.

1114 558 1160 608 Ιᾷ.
1187 557 1254 596 vii.
1293 555 1399 605 Quis
1428 553 1534 594 mihi
1560 552 1740 607 tribuat,
1769 556 1818 593 ut
1844 551 1888 591 in

1059 612 1226 653 inferno
1246 613 1455 665 protegas
1473 623 1559 660 me,
1579 614 1623 651 et
1642 606 1889 650 abscondas

1058 682 1144 716 me,
1173 668 1316 710 donec
1342 669 1619 721 pertranseat
1643 665 1764 706 furor
1788 668 1890 706 tuus

1059 726 1258 775 Domine,
1278 725 1361 766 nisi
1378 730 1437 774 tu,
1459 724 1531 776 qui
1548 722 1670 764 solus
1686 734 1733 764 es
1744 718 1889 763 Deus?

1061 784 1081 805 *
1111 783 1167 824 Et
1200 783 1441 824 constituas
1477 779 1583 821 mihi
1616 785 1811 831 tempus,
1847 777 1891 818 in

1062 851 1149 892 quo
1174 837 1419 880 recorderis
1441 835 1548 879 mei?
1590 832 1638 884 V.
1663 833 1891 887 Numquid

1062 896 1173 937 sicut
1188 895 1282 937 dies
1297 894 1495 944 hominis,
1513 893 1606 935 dies
1621 893 1695 941 tui,
1710 897 1758 933 ut
1775 903 1890 944 quae-

1062 965 1132 994 ras
1146 952 1425 1004 iniquitatem
1442 963 1600 1000 meam,
1627 962 1727 991 cum
1745 948 1890 989 sit-ne-

1061 1022 1150 1059 mo,
1183 1009 1257 1061 qui
1287 1007 1342 1049 de
1369 1020 1500 1048 manu
1527 1012 1603 1049 tua
1627 1005 1769 1059 possit
1797 1006 1890 1046 eru-

1063 1064 1157 1107 ere?
1185 1066 1252 1107 Et.

1117 1140 1164 1190 Rg.
1184 1138 1265 1177 viii.
1284 1135 1386 1176 Duo
1401 1132 1631 1187 Seraphim
1645 1131 1893 1174 clamabant

1063 1192 1172 1234 alter
1201 1191 1258 1233 ad
1285 1191 1484 1233 alterum:
1512 1196 1533 1218 *
1563 1190 1763 1239 Sanctus,
1798 1201 1892 1230 san-

1064 1255 1174 1299 ctus,
1218 1254 1395 1290 sanctus
1423 1247 1640 1289 Dominus
1668 1246 1791 1288 Deus
1819 1245 1892 1287 Sa-

1063 1306 1216 1356 baoth3
1235 1312 1255 1333 *
1269 1305 1404 1347 Plena
1421 1309 1488 1346 est
1507 1304 1647 1346 omnis
1666 1307 1784 1345 terra
1803 1301 1893 1353 glo·
1932 1328 1935 1333 s

1064 1364 1127 1404 ria
1147 1363 1248 1415 ejus.
1282 1360 1328 1411 Y.
1356 1362 1467 1403 Tres
1488 1365 1587 1402 sunt
1608 1360 1681 1412 qui
1699 1359 1893 1401 testimo-

1064 1420 1183 1461 nium
1198 1419 1303 1461 dant
1317 1419 1360 1460 in
1376 1417 1502 1467 coelo,
1522 1418 1662 1466 Pater,
1683 1415 1894 1465 Verbum,

1066 1482 1109 1519 et
1123 1476 1308 1529 Spiritus
1324 1480 1514 1516 sanctus:
1535 1479 1578 1516 et
1596 1473 1641 1514 hi
1655 1478 1745 1515 tres
1760 1485 1894 1514 unum

1066 1539 1176 1575 sunt.
1203 1533 1400 1574 Sanctus.
1428 1530 1579 1573 Gloria
1594 1530 1723 1571 Patri.
1750 1528 1895 1571 Plena.

1109 1595 1209 1628 Infra
1236 1594 1371 1631 Hebd..
1394 1593 1507 1628 Fcria
1525 1593 1587 1627 IV.
1606 1598 1694 1637 post
1710 1593 1755 1627 ΙΙ.
1775 1598 1811 1628 et
1829 1592 1892 1627 ΠΙ.

1064 1644 1284 1677 Lectionem
1308 1643 1448 1676 dicitur
1464 1642 1509 1676 II.
1529 1648 1563 1676 ct
1583 1641 1646 1676 111.
1672 1642 1892 1686 Responso-

1065 1692 1160 1725 rium
1186 1691 1309 1725 Feria:
1335 1690 1378 1724 ΙΙ.
1405 1690 1612 1733 sequentis.

1249 1825 1412 1862 Feria
1446 1823 1706 1861 Secunda.

1258 1926 1269 1940 ,
1322 1890 1391 1930 De
1411 1886 1523 1929 libro
1542 1885 1638 1928 Job.

1170 1954 1319 1995 Lectio
1341 1955 1363 1994 i.
1584 1953 1686 2003 Cap.
1707 1953 1735 1991 1.
1756 1963 1790 1991 c.

1074 2082 1076 2085 ·
1086 2047 1141 2115 fif
1157 2018 1404 2122 ufi'lliagletjizibn
1413 2010 1899 2111 οἳῑιῑῗὲἓέῗεέἒθεῖιξιέὒῗ

1071 2133 1167 2169 rent
1186 2127 1333 2168 vinum
1350 2127 1394 2167 in
1414 2125 1546 2167 domo
1566 2125 1712 2166 fratris
1733 2124 1799 2166 sui
1813 2123 1898 2177 pri-

1071 2184 1289 2236 mogeniti,
1308 2182 1485 2224 nuntius
1499 2182 1618 2223 venit
1637 2180 1694 2223 ad
1706 2181 1731 2222 J
1733 2180 1803 2231 ob,
1823 2180 1898 2233 qui

1071 2241 1253 2282 diceret:
1289 2240 1436 2281 Boves
1464 2238 1662 2288 arabant,
1691 2242 1735 2279 et
1763 2237 1898 2279 asinae

1071 2296 1366 2350 pascebantur
1384 2296 1502 2348 juxta
1517 2308 1605 2345 eos,
1624 2299 1668 2336 et
1681 2294 1900 2335 irruerunt

1071 2353 1229 2403 Sabaei,
1248 2353 1530 2405 tuleruntque
1550 2351 1710 2401 omnia,
1733 2355 1777 2392 et
1794 2353 1898 2403 pue-

1072 2423 1145 2452 ros
1173 2411 1485 2463 percusserunt
1511 2407 1677 2460 gladio,
1707 2411 1751 2449 et
1780 2407 1900 2449 evasi

1073 2481 1155 2519 ego
1176 2467 1296 2508 solus
1318 2472 1366 2508 ut
1376 2466 1631 2515 ‚nuntiarem
1649 2463 1739 2505 tibi.
1773 2464 1898 2505 Cum-

1075 2538 1158 2577 que
1192 2523 1334 2565 adhuc
1367 2523 1439 2564 ille
1472 2522 1744 2574 loqueretur,
1780 2521 1900 2562 venit

1073 2581 1198 2630 alter,
1227 2586 1271 2622 et
1294 2579 1417 2621 dixit:
1444 2578 1563 2630 Ignis
1582 2577 1665 2619 Dei
1693 2576 1850 2619 cecidit
1876 2589 1900 2618 e

1074 2637 1207 2686 coelo,
1252 2641 1295 2678 et
1329 2639 1470 2677 tactas
1507 2646 1612 2675 oves
1649 2635 1900 2686 puerosque

1074 2692 1364 2745 consumpsit,
1392 2696 1436 2732 et
1460 2690 1591 2742 effugi
1611 2703 1693 2741 ego
1714 2690 1834 2731 solus
1852 2694 1900 2731 ut

1074 2749 1318 2791 nuntiarem
1337 2747 1426 2789 tibi.
