2040 2944
179 199 248 242 [42]

454 297 654 336 psalmus
674 298 737 337 33.

268 351 494 394 enedicam
530 350 769 392 Dominum
810 351 854 391 in
893 351 1011 392 omni

272 410 488 460 tempore:
503 408 526 432 *
546 420 720 459 semper
739 407 834 448 laus
858 408 948 459 ejus
967 409 1010 449 in

179 478 254 507 ore
273 477 384 506 meo.

229 523 280 562 In
306 522 406 562 Dfio
438 520 689 562 laudabitur
718 521 863 562 anima
895 533 1010 562 mea:

178 580 200 603 *
221 577 400 619 audiant
417 577 633 618 mansueti
652 581 695 618 et
719 577 934 618 laetentur.

229 634 509 685 Magnificate
525 634 765 676 Dominum
784 647 972 675 mecum:
987 635 1010 660 *

179 697 222 733 et
233 691 475 732 exaltemus
485 703 646 732 nomen
654 692 745 743 ejus
754 691 797 731 in
808 690 1010 743 idipsum.

230 747 459 799 Exquisivi
483 747 738 796 Dominum,
768 752 811 788 et
836 747 1010 788 exaudi-

178 805 241 846 vit
259 817 344 845 me:
363 804 386 829 *
407 808 452 845 et
472 816 527 844 ex
547 803 749 845 omnibus
767 803 1010 845 tribulatio-

178 860 306 902 nibus
324 860 433 901 meis
454 860 614 912 eripuit
631 873 714 902 me.

230 916 443 958 Accedite
475 916 532 957 ad
565 929 683 966 eum,
722 921 766 958 et
799 916 1010 957 illumina-

178 974 295 1014 mini:
321 974 344 998 *
370 978 414 1014 et
440 972 575 1014 facies
603 977 763 1014 vestrae
792 985 879 1014 non
909 985 1009 1014 con-

178 1029 424 1071 fundentur.

230 1087 319 1127 Iste
344 1098 513 1138 pauper
538 1085 760 1136 clamavit,
798 1091 842 1127 et
860 1086 1010 1126 Domi-

178 1156 258 1183 nus
284 1141 508 1184 exaudivit
529 1154 644 1183 eum:
672 1142 695 1167 *
725 1147 768 1183 et
795 1141 850 1184 de
876 1143 1010 1183 omni-

178 1199 261 1240 bus
302 1197 656 1240 tribulationibus
694 1199 785 1250 ejus
825 1198 1011 1240 salvavit

179 1268 290 1297 eum.

230 1312 445 1352 Immittet
459 1311 655 1361 Angelus
672 1311 849 1352 Domini
868 1311 913 1352 in
933 1311 1010 1352 cir-

179 1368 298 1409 cuitu
322 1367 567 1409 timentium
587 1380 702 1408 eum:
730 1368 754 1393 *
783 1372 827 1409 et
855 1368 1012 1420 eripiet

179 1437 268 1465 eos.

232 1480 430 1529 Gustata
458 1484 502 1521 et
521 1479 668 1522 videte
689 1480 896 1532 quoniam
916 1482 1011 1521 sua-

179 1537 245 1578 vis
265 1541 332 1578 est
350 1536 580 1577 Dominus:
604 1537 627 1562 *
655 1536 813 1578 beatus
833 1537 908 1586 vir,
939 1537 1012 1588 qui

180 1598 329 1645 sperat
348 1593 391 1633 in
409 1605 474 1634 eo.

231 1649 403 1690 Timete
428 1649 666 1690 Dominum
693 1663 845 1691 omnes
873 1650 1012 1691 sancti

180 1706 286 1757 ejus:
309 1706 332 1730 *
359 1706 569 1757 quoniam
588 1719 676 1747 non
704 1711 771 1748 est
795 1706 943 1759 inopia
962 1707 1011 1747 ti-

178 1761 396 1803 mentibus
416 1774 526 1803 eum.

230 1818 400 1860 Divites
417 1820 630 1868 eguerunt
650 1824 693 1860 et
713 1819 975 1860 esurierunt:
989 1820 1012 1845 *

178 1875 447 1926 inquirentes
479 1880 626 1916 autem
659 1875 895 1917 Dominum
923 1888 1013 1917 non

179 1931 427 1972 minuentur
448 1931 567 1972 omni
587 1930 718 1972 bono.

231 1987 391 2029 Venite
415 1987 509 2037 filii,
546 1986 694 2029 audite
723 2002 809 2030 me:
836 1990 860 2014 ¹⁸¹
887 1989 1012 2030 timo-

180 2056 273 2084 rem
293 2043 471 2084 Domini
491 2043 662 2085 docebo
682 2058 773 2086 vos.

233 2100 340 2149 Quis
364 2104 432 2141 est
455 2099 589 2142 homo
611 2101 685 2152 qui
708 2101 802 2142 vult
820 2101 970 2142 vitam:
989 2101 1013 2127 *

181 2155 321 2206 diligit
340 2155 434 2198 dies
454 2156 605 2198 videre
623 2155 789 2199 bonos?

231 2211 423 2254 Prohibe
443 2212 636 2263 linguam
655 2218 775 2255 tuam
795 2227 820 2255 a
838 2214 971 2255 malo:
990 2215 1013 2240 *

181 2273 226 2309 et
243 2267 359 2309 labia
377 2274 453 2310 tua
471 2282 526 2310 ne
546 2269 783 2322 loquantur
803 2270 964 2312 dolum.

232 2324 414 2366 Diverte
434 2338 459 2366 a
479 2325 611 2374 malo,
641 2331 685 2368 et
704 2326 772 2367 fac
791 2326 972 2368 bonum:
990 2327 1014 2352 ¹⁸¹

181 2380 351 2431 inquire
371 2394 538 2432 pacem,
559 2387 602 2423 et
621 2385 890 2435 persequere
906 2396 1014 2424 eam.

234 2436 361 2476 Oculi
379 2437 557 2501 Domini
583 2451 716 2491 super
740 2439 893 2490 justos:
919 2440 942 2466 *
968 2444 1012 2481 et

183 2504 309 2533 aures
331 2505 421 2543 ejus
439 2507 482 2533 111
502 2507 657 2546 preces
678 2498 841 2536 eorum.

233 2548 395 2590 Vultus
421 2554 567 2590 autem
590 2551 768 2592 Domini
794 2564 926 2604 super
956 2551 1014 2592 fa·

185 2604 504 2669 cientesmala:
529 2606 552 2631 *
576 2611 623 2647 ut
647 2607 805 2659 perdat
825 2607 880 2648 de
897 2612 1014 2648 terra

181 2673 440 2702 memoriam
461 2673 624 2702 eorum.

235 2717 542 2758 Clamaverunt
574 2718 689 2769 justi,
727 2724 770 2760 et
797 2719 1013 2760 Dominus

671 202 882 235 Commune
908 201 1162 244 plurimorum
1188 200 1409 244 Martyrum.

1065 293 1288 336 exaudivit
1307 307 1400 335 eos:
1419 294 1443 320 *
1468 299 1512 337 et
1526 307 1581 336 ex
1601 295 1804 338 omnibus
1823 295 1895 338 tri-

1064 349 1360 392 bulationibus
1381 353 1534 392 eorum
1551 350 1755 393 liberavit
1775 365 1863 394 eos.

1118 407 1249 448 Juxta
1270 411 1337 448 est
1350 407 1567 448 Dominus
1586 408 1648 458 iis,
1671 409 1746 460 qui
1763 408 1897 450 tribu-

1065 463 1155 506 lato
1178 468 1278 505 sunt
1297 463 1448 505 corde:
1476 464 1499 489 *
1529 469 1573 505 et
1599 463 1786 506 humiles
1813 467 1897 518 spi-

1065 521 1150 562 ritu
1169 519 1367 562 salvabit.

1117 577 1267 619 Multae
1295 576 1600 618 tribulationes
1628 577 1856 628 justorum:
1874 577 1898 603 *

1066 638 1110 675 et
1148 633 1204 675 de
1242 633 1445 675 omnibus
1478 633 1546 674 his
1579 632 1784 675 liberabit
1820 645 1898 675 eos

1064 690 1291 731 Dominus.

1119 746 1322 788 Custodit
1357 746 1575 787 Dominus
1613 746 1758 787 omnia
1798 758 1899 787 ossa

1066 805 1235 844 eorum:
1260 803 1284 828 *
1309 816 1442 843 unum
1468 816 1523 844 ex
1546 802 1614 843 his
1638 815 1727 844 non
1752 807 1898 844 conte-

1065 861 1196 901 retur.

1116 916 1238 957 Mors
1268 918 1554 969 peccatorum
1582 916 1788 968 pessima:
1811 916 1835 941 *
1857 919 1900 956 et

1067 973 1141 1024 qui
1161 972 1348 1014 oderunt
1367 973 1528 1024 justum
1548 971 1815 1024 delinquent.
1851 1015 1854 1018 ,

1117 1029 1323 1071 Redimet
1337 1029 1554 1070 Dominus
1570 1029 1738 1070 animas
1753 1030 1899 1070 servo-

1065 1099 1162 1127 rum
1181 1088 1378 1127 suorum:
1403 1086 1426 1111 *
1455 1090 1499 1127 et
1526 1098 1616 1127 non
1644 1084 1901 1137 delinquent

1065 1155 1218 1184 omnes
1242 1143 1315 1195 qui
1335 1147 1514 1196 sperant
1535 1142 1580 1182 in
1599 1154 1664 1183 eo.

1120 1200 1219 1241 Ant.
1257 1198 1556 1240 Tradiderunt
1594 1200 1783 1250 corpora
1820 1210 1899 1238 sua

1065 1255 1108 1295 in
1123 1260 1322 1305 mortem,
1337 1268 1392 1297 ne
1408 1257 1623 1297 servirent
1636 1254 1783 1296 idolis:
1796 1253 1898 1295 ideo

1066 1312 1265 1353 coronati
1284 1311 1515 1364 possident
1534 1311 1738 1363 palmam.

1119 1372 1218 1411 Ant.
1248 1370 1365 1410 Ecce
1394 1381 1565 1409 merces
1593 1369 1616 1393 *
1646 1369 1900 1409 sanctorum

1066 1425 1248 1477 copiosa
1268 1430 1335 1466 est
1355 1424 1474 1477 apud
1494 1424 1655 1465 Deum:
1682 1424 1767 1476 ipsi
1792 1435 1898 1465 vero

1066 1482 1228 1523 mortui
1249 1486 1350 1523 sunt
1368 1494 1451 1534 pro
1473 1480 1659 1530 Christo,
1689 1485 1733 1522 et
1751 1480 1900 1521 vivent

1065 1537 1108 1578 in
1129 1539 1352 1579 aeternum.

1336 1598 1535 1638 Psalmus
1564 1599 1630 1638 45.

1068 1650 1234 1756 Deus
1260 1655 1411 1692 noster
1432 1649 1660 1700 refugium,
1683 1653 1728 1691 et
1746 1648 1901 1690 virtus:

1188 1707 1212 1732 *
1250 1706 1423 1758 adjutor
1459 1706 1503 1747 in
1534 1704 1901 1754 tribulationibus,

1067 1776 1166 1816 quae
1193 1763 1454 1805 invenerunt
1480 1775 1562 1804 nos
1589 1762 1728 1803 nimis.

1117 1820 1361 1873 Propterea
1394 1832 1482 1861 non
1515 1817 1766 1861 timebimus
1795 1816 1900 1859 dum

1065 1875 1314 1918 turbabitur
1330 1880 1464 1917 terra:
1481 1876 1504 1901 *
1521 1880 1566 1917 et
1583 1874 1899 1917 transferentur

1065 1938 1238 1974 montes
1266 1932 1310 1973 in
1339 1944 1416 1974 cor
1443 1932 1587 1974 maris.

1118 1990 1378 2038 Sonuerunt,
1395 1993 1439 2030 et
1453 1987 1643 2030 turbatae
1661 1991 1761 2028 sunt
1771 1998 1899 2038 aquae

1067 2048 1235 2087 eorum:
1262 2046 1286 2071 *
1315 2044 1567 2087 conturbati
1598 2048 1700 2085 sunt
1725 2047 1899 2084 montes

1065 2102 1110 2142 in
1138 2101 1394 2143 fortit1'1dine
1424 2101 1526 2152 ejus.

1119 2157 1330 2198 Fluminis
1358 2159 1548 2210 impetus
1575 2155 1771 2198 laetificat
1799 2154 1898 2196 civi-

1066 2215 1203 2256 tatem
1236 2213 1335 2255 Dei:
1370 2214 1393 2239 *
1431 2211 1722 2255 sanctificavit
1756 2210 1898 2253 taber-

1066 2270 1270 2311 naculum
1299 2283 1426 2311 suum
1453 2269 1714 2311 Altissimus.

1118 2326 1240 2368 Deus
1272 2326 1316 2367 in
1343 2325 1491 2368 medio
1520 2326 1626 2377 ejus,
1660 2337 1749 2365 non
1783 2336 1899 2364 com-

1066 2382 1330 2424 movebitur:
1354 2383 1377 2407 *
1402 2380 1626 2434 adjuvabit
1653 2393 1750 2422 eam
1777 2380 1899 2421 Deus

1066 2451 1194 2480 mane
1223 2438 1427 2480 diluculo.

1121 2494 1406 2537 Conturbatae
1437 2497 1538 2534 sunt
1561 2492 1738 2541 Gentes,
1770 2496 1814 2533 et
1838 2491 1898 2532 in-

1067 2551 1228 2592 clinata
1256 2555 1357 2592 sunt
1384 2562 1533 2600 regna:
1551 2549 1574 2574 *
1594 2547 1716 2590 dedit
1744 2560 1899 2589 vocem

1067 2620 1202 2656 suam,
1229 2611 1351 2648 mota
1379 2611 1446 2647 est
1472 2610 1601 2647 terra.

1118 2663 1334 2704 Dominus
1364 2662 1575 2703 virtutum
1603 2661 1848 2703 nobiscum:
1875 2660 1898 2685 *

1067 2721 1298 2771 susceptor
1325 2723 1476 2759 noster
1503 2717 1625 2759 Deus
1653 2716 1802 2759 Jacob.
