2040 2944
821 771 906 812 Die
934 771 999 811 28.
1029 770 1249 813 Octobris.

576 853 645 894 SS.
674 852 893 894 Simonis
922 862 964 896 et
990 852 1136 895 Judae
1164 855 1495 907 Apostolorum.

842 926 990 969 Duplex
1016 928 1045 960 2.
1073 927 1221 960 classis.

228 991 363 1023 Omnia
388 990 433 1024 de
458 991 621 1024 Comum
640 991 920 1033 Apostolorum
951 989 1009 1033 [2],

175 1044 315 1082 praeter
333 1039 545 1081 sequentia.

187 1123 204 1144 ,,,
513 1093 676 1134 Oratio.

193 1143 283 1179 ἐ’“·
354 1161 468 1208 eus,
507 1148 581 1200 qui
618 1160 699 1189 nos
736 1160 816 1200 per
851 1147 1009 1190 beatos

187 1156 210 1209 tl..
255 1168 310 1212 :2

277 1206 290 1216 ι·
303 1204 330 1217 ⁴⁴·

187 1210 214 1262 ,ἐξ
254 1212 311 1261 ξς
340 1210 364 1254 ,ξιε
392 1204 637 1257 Apostolos
661 1209 763 1246 tuos
787 1204 1010 1246 Simonem

184 1250 367 1303 {fias-³²53?
392 1267 435 1303 et
463 1261 622 1303 Judam
655 1260 711 1303 ad
741 1261 1010 1311 agnitionem

175 1319 239 1360 tui
258 1319 447 1360 nominis
467 1320 615 1360 venire
634 1318 839 1360 tribuisti:
860 1317 916 1359 da
934 1331 1009 1359 no-

176 1375 244 1417 bis
265 1378 419 1417 eorum
438 1375 623 1426 gloriam
640 1376 951 1428 sempiternam
967 1379 1010 1416 et

176 1432 450 1485 proficiendo
471 1432 708 1482 celebrare,
728 1436 772 1474 et
787 1431 1008 1473 celebran-

178 1487 235 1530 do
255 1489 485 1541 proficere.
512 1490 597 1531 Per
616 1489 866 1530 Dominum.

414 1562 462 1600 In
490 1562 519 1600 I.
548 1561 771 1600 Nocturno.

217 1621 376 1673 Incipit
394 1620 595 1673 Epistola
614 1620 832 1662 catholica
851 1620 971 1663 beati

412 1678 435 1719 J
439 1675 540 1719 udae
559 1677 780 1731 Apostoli.

498 1739 650 1780 Lectio
672 1739 694 1778 i.

180 1802 222 1857 ζῇς
243 1796 399 1846 udas
410 1797 434 1837 J
436 1809 514 1839 esu
525 1796 686 1838 Christi
699 1808 864 1846 servus,
876 1796 1010 1838 frater

220 1847 222 1862 ’
306 1859 452 1896 autem
470 1854 495 1895 J
497 1853 641 1902 acobi,
665 1853 732 1894 his
754 1853 827 1906 qui
846 1859 947 1895 sunt
965 1853 1009 1894 in

248 1926 265 1928 ff*
306 1912 403 1952 Deo
420 1911 550 1953 Patre
571 1910 752 1960 dilectis,
773 1915 817 1952 et
833 1910 1008 1952 Christo

176 1968 200 2008 J
203 1980 282 2009 esu
293 1968 576 2018 conservatis,
587 1972 632 2010 et
642 1967 824 2009 vocatis.
842 1967 1008 2008 Miseri-

178 2024 329 2066 cordia
349 2024 487 2075 vobis‚
508 2030 552 2066 et
570 2037 672 2077 pax,
693 2029 737 2066 et
755 2024 916 2066 caritas
936 2023 1010 2065 ad-

176 2081 420 2134 impleatur.
449 2081 683 2132 Carissimi‚
703 2093 877 2122 omnem
893 2080 1010 2122 solli-

178 2137 415 2180 citudinem
448 2139 614 2181 faciens
639 2137 860 2181 scribendi
883 2137 1010 2180 vobis

178 2195 233 2237 de
253 2197 473 2238 communi
490 2202 638 2239 vestra
657 2196 809 2246 salute,
829 2197 1011 2237 necesse

177 2253 311 2296 habui
347 2254 540 2296 seribere
577 2254 722 2296 vobis:
766 2253 1011 2307 deprecans

180 2311 475 2363 supercertari
495 2311 632 2352 semel
650 2310 828 2353 traditae
848 2310 1011 2352 sanctis

178 2367 295 2409 fidei.
323 2367 677 2410 Subintroierunt
696 2368 811 2410 enim
832 2366 1012 2420 quidam

178 2423 378 2466 homines
402 2425 492 2477 (qui
517 2425 621 2466 olim
640 2424 892 2478 praescripti
911 2429 1012 2466 sunt

179 2481 222 2521 in
248 2481 334 2522 hoc
358 2479 579 2533 judicium)
605 2482 743 2535 impii,
768 2481 853 2523 Dei
871 2481 1010 2523 nostri

178 2538 366 2589 gratiam
386 2539 699 2580 transferentes
719 2539 763 2580 in
782 2538 1010 2588 luxuriam,

180 2599 223 2637 et
251 2594 394 2636 solum
421 2596 755 2638 Dominatorem
790 2601 834 2638 et
861 2596 1009 2637 Domi-

179 2665 283 2693 num
306 2657 506 2694 nostrum
525 2653 549 2693 J
553 2666 675 2694 esum
695 2653 916 2695 Christum
939 2665 1010 2694 ne—

179 2711 345 2761 gantes.

1115 994 1165 1045 R.
1190 989 1307 1031 Ecce
1323 1002 1406 1041 ego
1421 989 1550 1031 mitto
1565 1002 1645 1031 vos
1661 989 1774 1031 sieut
1789 1001 1896 1031 oves

1064 1045 1107 1085 in
1127 1045 1273 1088 medio
1297 1046 1514 1099 luporum,
1539 1046 1646 1088 dicit
1665 1046 1896 1088 Dominus:

1062 1109 1083 1132 *
1106 1102 1262 1145 Estote
1287 1116 1392 1154 ergo
1412 1103 1653 1156 prudentes
1675 1103 1788 1145 sicut
1807 1115 1894 1144 ser-

1063 1162 1231 1213 pentes,
1244 1166 1288 1202 et
1303 1160 1525 1212 simplices
1538 1161 1651 1202 sicut
1666 1160 1894 1202 columbae.

1064 1217 1112 1269 V.
1141 1216 1259 1258 Dum
1283 1217 1427 1259 lucem
1451 1217 1633 1267 habetis,
1658 1215 1826 1258 credite
1850 1217 1895 1258 in

1063 1273 1216 1324 lucem,
1236 1278 1285 1316 ut
1303 1274 1381 1315 filii
1399 1274 1510 1316 lucis
1530 1274 1635 1317 sitis.
1663 1275 1831 1316 Estote.

1370 1342 1524 1383 Lectio
1545 1343 1583 1382 ii.

1065 1395 1395 1503 Commonere
1446 1401 1594 1438 autem
1643 1409 1724 1438 vos
1775 1395 1893 1446 volo,

1159 1454 1348 1496 scientes
1394 1452 1530 1495 semel
1576 1453 1741 1502 omnia,
1789 1454 1893 1506 quo-

1062 1510 1179 1552 niam
1228 1511 1253 1551 J
1257 1523 1357 1552 esus
1406 1510 1621 1563 populum
1672 1509 1727 1552 de
1776 1515 1895 1552 terra

1063 1568 1247 1620 AEgypti
1268 1567 1458 1618 salvanS,
1484 1566 1681 1609 secundo
1701 1579 1794 1617 eos,
1822 1566 1896 1619 qui

1062 1636 1151 1665 non
1171 1623 1463 1674 crediderunt,
1481 1623 1692 1677 perdidit:
1714 1622 1895 1674 angelos

1063 1693 1186 1732 vero,
1222 1681 1296 1734 qui
1327 1694 1415 1723 non
1449 1682 1736 1723 servaverunt
1768 1693 1895 1722 suum

1062 1738 1378 1791 principatum,
1433 1737 1513 1780 sed
1567 1736 1896 1790 dereliquerunt

1063 1808 1190 1836 suum
1210 1794 1496 1846 domicilium,
1519 1795 1563 1836 in
1581 1794 1790 1847 judicium
1807 1807 1895 1836 ma-

1063 1852 1136 1903 gni
1157 1851 1260 1903 diei,
1288 1852 1472 1894 vinculis
1497 1852 1673 1894 aeternis
1693 1851 1775 1893 sub
1795 1851 1894 1893 cali-

1063 1909 1163 1960 gine
1188 1910 1442 1951 reservavit.
1477 1909 1598 1951 Sicut
1617 1908 1826 1958 sodoma,
1852 1913 1896 1950 et

1065 1965 1327 2017 Gomorrha,
1347 1970 1391 2008 et
1410 1965 1606 2007 finitimae
1625 1965 1827 2008 civitates
1841 1967 1894 2006 si-

1063 2023 1154 2064 mili
1178 2022 1314 2065 modo
1340 2022 1643 2073 exfornicatae,
1673 2026 1716 2064 et
1735 2021 1895 2064 abeun-

1063 2085 1131 2122 tes
1167 2084 1272 2132 post
1309 2077 1485 2123 carnem
1522 2079 1721 2130 alteram,
1766 2078 1895 2121 factae

1065 2141 1165 2179 sunt
1189 2137 1455 2190 exemplum,
1483 2137 1596 2189 ignis
1624 2135 1777 2178 aeterni
1802 2148 1895 2188 poe-

1064 2208 1165 2236 nam
1197 2194 1475 2236 sustinentes.
1529 2193 1736 2236 Similiter
1772 2197 1816 2234 et
1849 2193 1896 2234 hi

1066 2264 1242 2294 carnem
1276 2250 1454 2302 quidem
1485 2250 1722 2300 maculant,
1757 2248 1894 2291 domi-

1064 2309 1289 2351 nationem
1322 2313 1469 2350 autem
1501 2311 1729 2361 spernunt,
1766 2307 1894 2359 maje-

1065 2368 1226 2409 statem
1245 2372 1391 2409 autem
1411 2364 1726 2418 blasphemant.

1117 2428 1167 2479 R.
1207 2423 1371 2465 Tollite
1406 2423 1553 2474 jugum
1584 2433 1730 2461 meum
1763 2432 1895 2473 super

1065 2493 1155 2531 vos,
1176 2479 1283 2523 dicit
1297 2479 1523 2527 Dominus,
1539 2482 1583 2519 et
1598 2476 1753 2519 discite
1769 2490 1794 2518 a
1812 2489 1894 2526 me,

1066 2538 1169 2589 quia
1187 2537 1303 2579 mitis
1323 2549 1429 2587 sum,
1450 2540 1493 2577 et
1511 2534 1687 2576 humilis
1707 2533 1856 2575 corde:
1870 2536 1891 2561 *

1064 2594 1224 2645 Jugum
1252 2593 1367 2635 enim
1394 2605 1541 2633 meum
1569 2594 1704 2633 suave
1733 2596 1817 2641 est,
1851 2595 1895 2632 et

1065 2664 1176 2694 onus
1199 2663 1345 2692 meum
1368 2649 1476 2691 leve.
1505 2645 1554 2697 Y.
1585 2649 1642 2690 Et
1665 2648 1894 2690 invenietis

1063 2709 1260 2761 requiem
1278 2705 1507 2749 animabus
1526 2706 1695 2749 vestris.
1723 2705 1747 2746 J
1750 2717 1894 2757 ugum.
