2040 2944
470 183 542 218 Die
566 184 626 219 30.
651 184 750 227 Aug.
796 183 831 219 S.
857 184 974 218 Rosae
999 193 1020 217 a
1045 182 1080 218 S.
1106 183 1227 218 Maria
1251 183 1356 227 Virg.
1379 184 1561 219 Limanae.

494 279 656 327 Oratio.

160 329 495 436 Maiestatem
522 339 644 377 tuam
671 335 860 377 Domine
889 337 988 387 sup-

282 391 421 444 plices
442 393 690 433 exoramus:
709 397 757 433 ut
776 392 890 434 sicut
907 404 990 433 nos

160 447 317 499 jugiter
336 450 590 490 sanctorum
607 450 784 490 tuorum
799 461 989 499 ,comme-

159 504 404 546 moratione
448 505 666 555 laetificas;
709 505 771 547 ita
816 518 990 558 semper

147 561 483 613 'supplicatione
508 561 730 604 defendas.
761 562 846 604 Per
864 562 989 602 Dfim.

211 624 255 661 In
284 627 311 661 I.
341 627 540 661 Nocturno
574 626 778 661 Lectiones
813 626 860 661 de
890 627 987 662 Seri-

159 678 274 718 ptura
299 678 531 710 occurrente.

383 745 433 784 In
460 744 511 783 ΙΙ.
538 743 761 784 Nocturno.

455 810 613 852 Lectio
634 809 687 851 iv.

165 887 173 899 ᾖ
198 883 237 919 42„
266 868 408 909 rimus
442 868 659 910 Americae
687 869 989 911 Meridionalis

169 920 171 922 ’
240 917 268 982 ᾖξ’
290 924 373 966 flos
405 925 665 975 sanctitatis,
698 926 823 977 virgo
857 927 989 973 Rosa,

209 981 231 1003 ἕ
254 989 259 992 ·
290 980 538 1022 christianis
565 982 823 1034 parentibus
850 983 988 1025 Limae

158 1038 401 1092 progenita,
420 1051 525 1080 mox
544 1038 599 1080 ab
614 1039 888 1082 incunabulis
904 1041 988 1082 cla-

158 1095 244 1137 ruit
279 1095 438 1136 futurae
470 1095 772 1137 sanctimoniae
807 1097 990 1139 indiciis.

159 1151 275 1194 Nam
298 1151 445 1193 vultus
468 1151 646 1193 infantis
670 1152 928 1195 mirabiliter
946 1154 990 1195 in

159 1221 275 1250 rosae
301 1207 489 1261 effigiem
513 1209 863 1260 transfiguratus,
889 1210 990 1253 huic

159 1265 324 1307 nomini
338 1266 620 1307 occasionem
635 1265 771 1308 dedit:
786 1267 856 1308 cui
869 1270 988 1320 post-

159 1334 211 1364 ea
229 1322 368 1374 Virgo
388 1323 583 1375 Deipara
607 1326 852 1375 cognomen
875 1324 987 1378 adje-

158 1379 228 1429 cit,
251 1379 404 1432 jubens
424 1380 574 1422 vocari
594 1380 802 1434 deinceps
821 1382 988 1424 Rosam

158 1449 184 1477 a
201 1440 354 1478 sancta
367 1437 517 1478 Maria.
546 1437 816 1490 Quinquefiis
835 1444 988 1481 votum

95 1544 99 1547 ᾖ
155 1495 385 1546 perpetuae
399 1492 660 1545 virginitatis
678 1495 831 1537 emisit.
851 1495 987 1538 Adul-

157 1549 260 1600 tior,
291 1563 347 1592 ne
379 1563 404 1592 a
434 1551 690 1603 parentibus
722 1551 779 1594 ad
810 1554 987 1606 nuptias

157 1609 404 1658 cogeretur,
432 1607 546 1649 clam
572 1607 748 1650 sibimet
775 1612 985 1651 venustis-

157 1663 311 1704 simam
330 1664 486 1716 capitis
505 1665 731 1706 caesariem
750 1666 986 1718 praescidit.

156 1719 181 1760 J
184 1720 336 1775 ejuniis
368 1733 502 1773 supra
533 1720 772 1762 humanum
804 1721 986 1764 modum

155 1774 347 1826 addicta,
386 1778 580 1827 integras
617 1777 984 1829 Quadragesimas

154 1833 377 1883 transegit,
391 1845 506 1886 pane
519 1833 753 1884 abstinens,
768 1832 819 1876 ac
835 1835 985 1878 dietim

155 1888 262 1932 solis
287 1889 479 1942 quinque
503 1891 696 1941 granulis
718 1891 822 1932 mali
843 1893 984 1934 citrini

153 1945 366 1988 victitans.

208 2015 259 2068 R.
291 2012 480 2065 Propter
510 2012 759 2064 veritatem,
791 2019 835 2056 et
866 2027 983 2056 man-

154 2068 444 2121 suetudinem,
470 2074 514 2111 et
537 2070 759 2122 justitiam:
787 2075 810 2100 *
830 2071 887 2113 Et
911 2071 982 2114 de-

154 2123 286 2167 ducet
317 2130 361 2167 te
392 2126 647 2168 mirabiliter
683 2127 865 2169 dextera
896 2133 982 2171 tua.

155 2182 206 2232 V.
220 2182 377 2235 Specie
395 2187 472 2224 tua
491 2188 535 2225 et
553 2183 877 2236 pulchritudine
896 2190 982 2236 tua,

77 2249 81 2252 ⁴
152 2237 343 2289 intende,
371 2242 586 2292 prospere
610 2240 819 2293 procede,
847 2246 891 2283 et
918 2255 981 2284 re·

153 2307 248 2346 gna.
275 2295 332 2338 Et
352 2295 553 2342 deducet.

462 2370 614 2412 Lectio
636 2384 671 2410 v.

248 2425 369 2468 abitu
392 2428 510 2469 tertii
538 2427 703 2470 ordinis
732 2429 871 2470 sancti
892 2430 979 2471 Do-

272 2483 418 2524 minici
437 2487 676 2537 assumpto,
694 2485 903 2538 pristinas
922 2486 981 2527 vi-

154 2541 212 2578 tae
226 2539 504 2583 austeritates
519 2540 774 2593 duplicavit:
789 2541 980 2593 oblongo

155 2595 483 2648 asperrimoque
515 2597 658 2639 cilicio
687 2598 874 2650 sparsim
906 2599 981 2639 mi-

155 2650 359 2693 nusculas
389 2665 494 2695 acus
525 2655 737 2696 innexuit:
770 2655 852 2696 sub
881 2655 980 2697 velo

126 2756 128 2758 Ι
156 2708 362 2749 coronam
393 2708 541 2755 densis
573 2711 738 2753 aculeis
766 2711 981 2753 introrsus

1807 176 1874 213 255

1041 273 1318 315 obarmatam
1340 273 1531 315 interdiu
1555 275 1779 324 noctuque
1803 285 1873 323 ge-

1041 330 1186 372 stavit.
1214 330 1386 372 Sanctae
1406 330 1653 371 Catharinae
1669 329 1873 371 Senensis

1041 386 1179 428 ardua
1193 399 1399 440 premens
1411 387 1606 437 vestigia,
1622 388 1778 428 catena
1793 387 1873 427 fer-

1040 456 1126 493 rea,
1140 444 1305 496 triplici
1319 456 1435 485 nexu
1450 441 1761 494 circumducta,
1775 443 1875 484 lum·
1924 463 1926 465 >

1040 499 1122 542 bos
1138 501 1284 541 cinxit.
1311 500 1544 542 Lectulum
1564 500 1647 542 sibi
1667 513 1691 541 e
1707 500 1874 542 truncis

1041 556 1222 598 nodosis
1246 557 1507 609 composuit,
1532 556 1779 609 horumque
1802 559 1873 598 va-

1041 626 1146 655 cuas
1171 613 1483 655 commissuras
1506 613 1790 663 fragminibus
1813 618 1873 655 te-

1041 672 1208 712 starum
1226 669 1435 722 implevit.
1467 669 1680 711 Cellulam
1700 669 1783 711 sibi
1802 683 1872 711 an-

1040 726 1338 777 gustissimam
1383 725 1543 768 struxit
1587 726 1631 766 in
1674 727 1873 768 extremo

1040 783 1158 825 horti
1185 783 1364 834 angulo,
1394 782 1471 824 ubi
1499 782 1745 824 coelestium
1773 795 1873 824 con-

1040 840 1317 892 templationi
1349 839 1513 891 dedita,
1547 839 1714 881 crebris
1748 839 1873 881 disci·
1937 849 1940 851 ’

1040 896 1183 949 plinis,
1202 895 1358 947 inedia,
1381 896 1540 947 vigiliis
1562 896 1874 948 corpusculum

1042 955 1294 1003 extenuans,
1319 958 1364 995 at
1382 953 1539 1006 spiritu
1557 954 1773 1003 vegetata,
1792 952 1872 994 lar-

1041 1022 1118 1051 vas
1145 1009 1407 1059 daemonum,
1432 1009 1649 1061 frequenti
1674 1010 1873 1051 certami—

1040 1079 1096 1108 ne
1127 1066 1302 1116 victrix,
1332 1065 1556 1119 impavide
1588 1066 1796 1118 protrivit
1823 1078 1875 1107 ac

1042 1123 1278 1176 superavit.

1093 1197 1145 1248 Rz.
1180 1193 1385 1235 Dilexisti
1413 1192 1638 1245 justitiam,
1666 1196 1710 1234 et
1740 1191 1873 1234 odisti

1042 1250 1336 1302 iniquitatem:
1385 1255 1407 1279 *
1453 1250 1695 1302 Propterea
1748 1249 1874 1290 unxit

1041 1312 1084 1349 te
1112 1308 1248 1357 Deus,
1277 1308 1398 1349 Deus
1426 1312 1538 1357 tuus,
1567 1306 1666 1348 oleo
1695 1306 1872 1348 laetitiae.
1929 1358 1931 1360 ᾖ

1041 1362 1090 1414 V.
1118 1365 1307 1417 Propter
1326 1364 1573 1413 veritatem,
1602 1368 1646 1405 et
1672 1376 1871 1405 mansue-

1040 1421 1248 1471 tudinem,
1269 1426 1312 1463 et
1330 1421 1548 1473 justitiam.
1576 1421 1831 1473 Propterea.

1342 1506 1496 1547 Lectio
1519 1507 1571 1547 vi.

1166 1579 1435 1631 gritudinum
1454 1579 1697 1629 tormentis,
1723 1579 1870 1621 dome-

1196 1636 1407 1677 sticorum
1433 1635 1679 1686 insultibus,
1707 1636 1870 1687 lingua-

1038 1706 1135 1734 rum
1165 1692 1385 1734 morsibus
1421 1692 1515 1734 dire
1549 1692 1731 1743 agitata,
1767 1705 1870 1733 non-

1039 1749 1144 1791 dum
1179 1749 1286 1791 satis
1322 1761 1404 1801 pro
1450 1749 1624 1790 merito*
1649 1761 1696 1791 se
1734 1749 1870 1800 affligi

1039 1806 1316 1858 querebatur.
1347 1807 1432 1848 Per
1456 1806 1706 1858 quindecim
1731 1818 1868 1846 annos

1037 1862 1095 1904 ad
1109 1863 1333 1915 plusculas
1347 1863 1480 1904 horas
1495 1862 1768 1905 desolatione
1784 1864 1868 1915 spi-

1037 1919 1145 1961 ritus
1160 1925 1211 1962 et
1234 1919 1437 1962 ariditate
1456 1920 1698 1961 miserrime
1722 1924 1869 1961 conta-

1036 1975 1237 2026 bescens,
1269 1976 1548 2021 fortianimo
1576 1976 1677 2018 tulit
1705 1978 1869 2027 agones

1037 2033 1156 2075 omni
1200 2038 1342 2076 morte
1387 2033 1637 2075 amariores.
1664 2062 1668 2065 -
1697 2032 1868 2074 Exinde

1036 2089 1173 2142 coepit
1205 2090 1405 2142 supernis
1434 2089 1659 2131 abundare
1688 2088 1868 2139 deliciis,

1035 2146 1242 2188 illustrari
1267 2146 1521 2196 visionibus,
1550 2146 1867 2198 colliquescere

1035 2203 1276 2256 seraphicis
1296 2203 1539 2245 ardoribus.
1567 2202 1740 2254 Angelo
1755 2207 1866 2244 tute-

1036 2259 1134 2310 lari,
1179 2265 1342 2302 sanctae
1389 2259 1638 2302 Catharinae
1674 2259 1867 2310 Senensi,

1034 2316 1206 2367 Virgini
1218 2317 1427 2369 Deiparae
1445 2316 1558 2358 inter
1577 2316 1778 2358 assiduas
1793 2330 1866 2370 ap-

1033 2372 1274 2424 paritiones
1299 2373 1408 2415 mire
1433 2373 1669 2424 familiaris,
1696 2386 1722 2415 a
1747 2373 1865 2415 Chri-

1034 2433 1104 2471 sto
1122 2428 1202 2470 has
1221 2441 1356 2471 voces
1376 2429 1530 2472 audire
1548 2430 1721 2472 meruit:
1743 2430 1865 2472 Rosa

1034 2484 1181 2527 cordis
1208 2485 1311 2536 mei,
1343 2491 1394 2528 tu
1423 2486 1530 2527 mihi
1561 2499 1725 2540 sponsa
1743 2491 1864 2541 vesto.

1033 2542 1234 2594 Denique
1253 2542 1414 2595 Sponsi
1431 2542 1558 2596 hujus
1579 2542 1786 2596 paradiso
1806 2542 1863 2584 fe-

1033 2598 1173 2640 liciter
1196 2599 1423 2649 invectam,
1451 2599 1738 2652 plurimisque
1764 2603 1863 2640 ante

1034 2660 1078 2697 et
1092 2660 1197 2707 post
1208 2655 1378 2698 obitum
1391 2656 1611 2698 miraculis
1622 2659 1862 2704 coruscam,

1034 2711 1235 2767 Clemens
1269 2711 1465 2754 decimus
1496 2712 1698 2754 Pontifex
1728 2710 1862 2752 Maxi·
