2040 2944
794 212 995 247 Dominicu
1021 210 1068 243 ud
1094 206 1331 249 Matutinum.

270 317 414 365 Reges
443 327 518 355 eos
546 313 587 352 in
612 311 731 360 virga
757 308 916 355 ferrea,
943 306 966 330 *
995 310 1037 346 et

220 379 441 423 tamquam
457 382 532 409 vas
551 366 669 417 figuli
689 364 936 413 confringes
952 374 1038 403 eos.

271 433 326 473 Et
351 443 462 471 nunc
483 440 604 478 reges
625 425 866 474 intelligite:
893 424 916 447 *
946 435 1038 463 eru-

221 488 370 529 dimini
392 486 463 537 qui
485 483 682 535 judicatis
703 487 875 522 terram.

270 548 435 588 Servite
462 543 651 585 Domino
677 542 720 582 in
746 541 918 582 timore:
945 539 968 564 *
998 542 1040 578 et

222 603 432 645 exsultate
453 601 492 642 ei
512 612 610 640 cum
630 599 830 639 tremore.

275 659 604 714 Apprehendite
650 656 935 709 disciplinam,
970 666 1040 694 ne-

223 717 396 771 quando
434 717 645 757 irascatur
677 713 909 760 Dominus,
941 711 964 736 *
998 715 1041 751 et

222 774 408 827 pereatis
429 772 482 813 de
503 772 572 812 via
592 772 711 822 justa.

273 834 381 874 Cum
406 831 617 874 exarserit
642 831 685 870 in
709 829 831 870 brevi
857 828 919 868 ira
940 828 1041 878 ejus,

221 892 243 916 *
267 889 385 931 beati
405 901 556 930 omnes
576 887 649 938 qui
669 884 896 927 confidunt
914 884 957 923 in
978 895 1041 923 eo.

500 966 696 1006 Psalmus
724 964 759 1002 3.

315 1033 457 1073 omine
493 1029 597 1081 quid
633 1026 909 1079 multiplicati
943 1030 1043 1066 sunt

327 1088 399 1139 qui
428 1086 635 1128 tribulant
661 1083 752 1125 me?
780 1084 803 1109 *
830 1082 955 1123 multi
983 1082 1043 1121 in-

224 1147 405 1193 surgunt
425 1142 656 1183 adversum
675 1153 755 1181 me.

275 1203 399 1244 Multi
415 1202 565 1244 dicunt
586 1202 741 1242 timimae
757 1212 882 1241 meae:
900 1200 923 1223 *
942 1198 1044 1239 Non

225 1265 290 1301 est
309 1259 424 1299 salus
443 1259 527 1310 ipsi
547 1258 591 1297 in
611 1258 706 1297 Deo
727 1258 827 1308 ejus.

275 1320 342 1360 Tu
387 1324 532 1359 autem
577 1317 765 1358 Domine
816 1316 1045 1367 susceptor

225 1389 347 1417 meus
368 1388 425 1423 es,
445 1375 467 1399 *
487 1374 626 1424 gloria
650 1386 756 1422 mea,
781 1378 823 1414 et
849 1371 1045 1425 exeita-ns

227 1437 357 1483 caput
376 1443 530 1471 meum.

278 1491 401 1532 Voce
416 1504 512 1532 mea
528 1490 583 1531 ad
598 1491 834 1531 Dominum
850 1488 1046 1530 clamavi:

227 1547 250 1572 *
279 1552 322 1588 et
350 1546 570 1588 exaudivit
596 1559 666 1587 me
695 1546 748 1587 de
776 1550 924 1586 monte
953 1557 1046 1585 san-

228 1607 300 1644 cto
329 1615 419 1643 suo.

280 1663 373 1713 Ego
394 1662 596 1712 dormivi,
622 1668 665 1704 et
684 1664 917 1715 soporatus
937 1674 1047 1702 sum:

228 1719 250 1743 *
275 1724 317 1760 et
341 1719 579 1768 exsurrexi,
604 1719 705 1770 quia
724 1718 938 1759 Dominus
958 1730 1047 1758 sus-

229 1774 345 1826 cepit
365 1787 444 1815 me.

280 1834 381 1875 Non
417 1833 580 1875 timebo
617 1834 750 1875 millia
786 1834 938 1887 populi
971 1834 1048 1875 cir-

230 1889 474 1931 cumdantis
497 1903 581 1931 me:
604 1891 626 1915 *
653 1894 837 1940 exsurge
861 1890 1050 1931 Domine

232 1945 398 1987 salvum
417 1959 486 1986 me
506 1946 584 1995 fac,
605 1946 724 1987 Deus
743 1960 877 1988 meus.

284 2006 498 2055 Quoniam
534 2011 581 2047 tu
612 2007 866 2058 percussisti
899 2019 1051 2048 omnes

232 2060 514 2103 adversantes
528 2062 633 2103 mihi
649 2063 741 2104 sine
756 2076 901 2104 causa:
911 2064 934 2088 *
950 2062 1051 2104 den-

232 2122 298 2158 tes
317 2120 598 2169 peccatorum
617 2119 871 2160 contrivisti.

286 2177 462 2218 Domini
482 2183 547 2219 est
567 2178 698 2219 salus:
716 2180 739 2205 *
765 2185 807 2220 et
827 2193 957 2232 super
976 2181 1052 2232 po-

233 2232 383 2284 pulum
403 2239 525 2274 tuum
544 2233 793 2276 benedictio
813 2241 898 2277 tua.

506 2307 702 2347 Psalmus
732 2309 767 2347 6.

327 2370 482 2418 omine,
501 2383 554 2411 ne
574 2371 616 2410 in
636 2371 782 2413 furore
801 2377 878 2413 tuo
898 2374 1054 2423 arguas

271 2481 279 2490 ⁸
351 2438 439 2475 me,
473 2426 495 2451 *
528 2439 668 2477 neque
689 2428 731 2467 in
750 2428 812 2468 ira
832 2434 906 2469 tua
924 2431 1054 2469 corri-

235 2494 332 2533 plas
351 2494 431 2522 me.

288 2541 495 2582 Miserere
523 2542 607 2583 mei
632 2543 819 2584 Domine
849 2545 1056 2595 quoniam

236 2597 435 2638 infirmus
461 2611 570 2638 sum:
595 2599 617 2623 *
647 2611 751 2639 sana
774 2613 843 2641 me
869 2601 1056 2641 Domine

237 2653 444 2704 quoniam
495 2653 753 2695 conturbata
807 2661 907 2697 sunt
957 2669 1058 2697 ossa

236 2721 343 2750 mea.

1143 303 1199 344 Et
1219 302 1364 343 anima
1382 313 1482 342 mea
1500 299 1677 341 turbata
1693 302 1760 339 est
1778 297 1921 339 valde:

1091 361 1114 385 *
1135 358 1212 400 sed
1232 364 1279 399 tu
1299 357 1489 398 Domine
1508 353 1766 407 usquequo?

1143 420 1410 461 Convertere
1453 416 1664 464 Domine,
1711 419 1755 456 et
1799 414 1922 466 eripe

1092 476 1282 517 enimam
1309 487 1471 516 meam:
1498 474 1522 498 *
1557 471 1726 513 salvum
1753 483 1824 512 me
1853 470 1922 511 fac

1091 538 1273 585 propter
1292 528 1642 572 misericordiam
1660 532 1792 568 tuam.

1145 593 1363 643 Quoniam
1394 603 1483 632 non
1512 594 1579 631 est
1606 589 1651 629 in
1679 593 1822 629 morte
1848 587 1923 639 qui

1092 662 1260 690 memor
1281 649 1337 689 sit
1357 648 1435 689 tui:
1459 647 1482 672 *
1509 647 1554 687 in
1578 645 1749 686 inferno
1776 648 1923 685 autern

1093 706 1190 757 quis
1211 703 1492 746 confitebitur
1510 701 1614 744 tibi?

1144 765 1364 807 Laboravi
1384 765 1428 805 in
1447 763 1614 815 gemitu
1633 774 1746 811 meo,
1764 760 1923 802 lavabo

1093 835 1171 875 per
1192 821 1384 872 singulas
1404 825 1558 861 noctes
1582 819 1745 860 lectum
1763 830 1924 858 meum:

1093 880 1116 903 *
1145 878 1335 919 lacrimis
1359 877 1470 918 meis
1495 880 1682 917 stratum
1700 886 1848 915 meum
1871 873 1924 913 ri-

1093 935 1219 985 gabo.

1145 995 1368 1036 Turbatus
1406 998 1472 1035 est
1517 1006 1542 1033 a
1585 992 1733 1033 furore
1771 989 1925 1032 oculus

1094 1066 1235 1093 meus:
1275 1052 1298 1077 *
1340 1049 1583 1092 inveteravi
1620 1049 1734 1089 inter
1771 1059 1926 1089 omnes

1095 1109 1295 1149 inimicos
1314 1120 1449 1148 meos.

1147 1168 1373 1210 Discedite
1393 1181 1418 1209 a
1437 1180 1507 1208 me
1528 1177 1698 1215 omneS‚
1723 1164 1799 1217 qui
1824 1176 1926 1217 ope-

1095 1226 1251 1266 remini
1302 1225 1600 1276 iniquitatem:
1645 1222 1669 1247 *
1717 1221 1926 1273 quoniam

1096 1281 1321 1323 exaudivit
1354 1281 1571 1322 Dominus
1604 1291 1762 1320 vocem
1797 1277 1927 1319 fietus

1095 1339 1192 1379 mei.

1147 1398 1384 1440 Exaudivit
1408 1397 1627 1438 Dominus
1655 1394 1928 1448 deprecatio-

1097 1469 1197 1496 nem
1217 1468 1376 1503 meam,
1399 1454 1423 1479 *
1446 1453 1664 1494 Dominus
1684 1451 1929 1493 orationem

1097 1525 1240 1553 meam
1261 1510 1464 1563 suscepit.

1148 1572 1437 1621 Erubescant,
1457 1575 1501 1612 et
1521 1569 1840 1612 conturbentur
1858 1580 1930 1609 ve-

1098 1629 1324 1670 hementer
1341 1641 1494 1669 omnes
1508 1627 1674 1667 inimici
1683 1625 1784 1667 mei:
1794 1625 1818 1650 *
1829 1637 1931 1666 con-

1098 1687 1325 1726 vertantur
1350 1689 1394 1726 et
1419 1683 1682 1726 erubescant
1706 1680 1836 1723 valde
1859 1693 1931 1723 ve-

1098 1741 1263 1782 lociter.

1148 1811 1231 1851 Per
1256 1810 1443 1850 Annum.
1468 1810 1568 1849 Ant.
1592 1808 1763 1850 Servite
1781 1806 1932 1849 Domi-

1099 1880 1156 1908 no
1180 1867 1224 1907 in
1244 1866 1417 1908 timore:
1445 1870 1490 1907 et
1518 1865 1735 1907 exsultate
1764 1864 1804 1906 ei
1832 1876 1933 1905 cum

1100 1925 1302 1964 tremore.

1151 1992 1251 2032 Ant.
1271 1993 1309 2032 D
1318 2004 1395 2033 eus
1414 1990 1546 2043 judex
1564 1991 1714 2043 justus.

1381 2069 1583 2109 Psalmus
1611 2069 1647 2108 7.

1191 2139 1337 2180 omine
1351 2139 1473 2180 Deus
1488 2151 1613 2180 meus
1627 2138 1671 2179 in
1685 2143 1730 2180 te
1745 2137 1935 2191 speravi:

1227 2196 1250 2221 *
1271 2195 1441 2236 salvum
1468 2208 1539 2236 me
1566 2195 1636 2236 fac
1656 2208 1711 2236 ex
1731 2193 1935 2236 omnibus

1102 2251 1469 2304 persequentibus
1487 2264 1570 2301 me,
1589 2256 1634 2293 et
1651 2251 1791 2293 libera
1808 2262 1891 2292 me.

1155 2311 1405 2364 Nequendo
1424 2312 1569 2365 rapiat
1587 2317 1635 2353 ut
1654 2311 1724 2353 leo
1745 2311 1936 2352 enimam

1104 2381 1258 2417 meam,
1278 2369 1301 2393 *
1323 2367 1427 2409 dum
1447 2381 1535 2410 non
1556 2373 1623 2410 est
1644 2368 1718 2420 qui
1737 2366 1936 2416 redimat,

1106 2437 1248 2476 neque
1269 2425 1343 2476 qui
1362 2425 1531 2466 salvum
1551 2425 1694 2466 faciat.

1157 2485 1346 2526 Domine
1365 2485 1487 2526 Deus
1506 2498 1631 2527 meus
1651 2485 1687 2526 si
1705 2484 1789 2526 feci
1807 2482 1936 2532 istud,

1106 2540 1129 2565 *
1150 2541 1184 2581 si
1205 2546 1271 2582 est
1289 2542 1496 2594 iniquitas
1515 2542 1559 2582 in
1578 2541 1782 2583 manibus
1797 2540 1920 2581 meis:

1159 2602 1203 2642 Si
1240 2601 1413 2643 reddidi
1454 2601 1796 2644 retribuentibus
1832 2600 1938 2641 mihi

1108 2657 1238 2721 mala,
1266 2659 1290 2683 *
1319 2658 1522 2700 decidam
1546 2659 1703 2699 merito
1725 2657 1781 2698 ab
1800 2657 1937 2697 inimi-

1109 2725 1171 2753 cls
1191 2727 1298 2755 mels
1317 2715 1469 2755 menis.
