2040 2944
647 208 747 241 Infra
773 208 1062 241 Hebdomadam
1089 220 1121 241 v.
1148 210 1334 242 Octobris.

1781 211 1846 246 193

143 303 200 345 ad
232 307 396 344 terram
425 303 469 343 in
496 303 735 354 gestatorio
764 303 968 356 portaba-

141 364 229 409 tur,
264 359 539 402 manifestam
570 359 654 401 Dei
688 360 894 401 virtutem
924 360 969 400 in

142 418 381 468 semetipso
421 418 686 458 contestans:
732 417 793 457 ita
827 421 876 458 ut
913 416 968 458 de

142 475 329 525 corpore
355 473 476 525 impii
500 485 671 514 vermes
698 475 968 522 scaturirent,

142 541 193 570 ac
237 528 423 570 viventis
463 529 507 569 in
547 527 776 570 doloribus
815 541 967 570 carnes

142 585 233 637 ejus
259 585 504 635 effluerent,
533 585 671 626 odore
698 585 828 626 etiam
852 585 968 627 illius

142 646 186 683 et
204 641 363 683 foetore
384 641 601 683 exercitus
620 643 884 692 gravaretur.
913 643 969 684 Et

143 697 218 749 qui
241 697 374 750 paulo
398 702 498 739 ante
520 697 664 739 sidera
683 698 784 739 coeli
803 701 967 740 contin-

139 766 243 804 gere
277 766 325 795 se
358 753 669 803 arbitrabatur,
708 766 807 794 eum
838 767 966 796 nemo

140 812 316 862 poterat
339 815 525 863 propter
548 810 871 852 intolerantiam
890 808 966 852 foe-

138 866 247 907 toris
266 868 453 919 portare.
503 882 505 884 ·

191 926 241 976 R2.
269 922 535 974 Congregati
556 928 667 964 sunt.
687 924 774 964 188.

345 1031 378 1067 F
397 1042 420 1067 e
437 1042 457 1066 r
472 1031 485 1067 i
502 1041 526 1066 a
563 1030 591 1067 S
609 1042 632 1067 e
649 1043 674 1067 x
690 1035 706 1066 t
723 1042 759 1068 a.

141 1085 205 1125 De
232 1082 345 1125 libro
375 1082 569 1124 secundo
598 1083 965 1126 Machabaeorum.

218 1145 367 1185 Lectio
390 1146 412 1184 i.
703 1146 805 1196 Cap.
824 1147 884 1184 10.

150 1227 152 1255 ς
258 1203 490 1246 achabaeus
510 1210 672 1255 autem,
700 1210 744 1246 et
768 1206 842 1258 qui
866 1219 964 1247 cum

150 1263 166 1287 ἰ
216 1268 220 1277 “
276 1273 328 1302 eo
356 1267 494 1311 erant,
522 1261 713 1303 Domino
744 1274 790 1302 se
818 1267 963 1315 prote-

137 1319 277 1369 gente,
302 1317 516 1371 templum
538 1317 725 1371 quidem,
752 1323 795 1360 et
818 1318 962 1360 civita-

137 1378 226 1415 tem
245 1374 429 1426 recepit:
448 1387 547 1416 aras
563 1380 718 1424 autem,
739 1387 848 1427 quas
864 1375 962 1416 alie-

137 1432 308 1482 nigenae
340 1444 420 1484 per
448 1431 618 1484 plateas
647 1434 963 1481 exstruxerant,

137 1486 329 1538 itemque
351 1487 533 1529 delubra
552 1487 785 1529 demolitus
803 1492 880 1528 est.
907 1487 964 1528 Et

136 1545 325 1596 purgato
344 1544 530 1596 templo,
558 1542 677 1585 aliud
696 1543 834 1584 altare
853 1543 962 1585 fece-

136 1603 252 1640 runt:
285 1605 328 1641 et
358 1599 412 1641 de
441 1600 587 1650 ignitis
615 1599 835 1652 lapidibus
863 1600 963 1651 igne

137 1657 364 1709 concepto,
376 1657 588 1698 sacrificia
599 1656 851 1698 obtulerunt
860 1662 963 1708 post

136 1711 366 1762 biennium,
382 1717 426 1754 et
441 1713 676 1762 incensum,
692 1717 735 1754 et
750 1712 961 1762 lucernas,

137 1773 181 1810 et
205 1781 342 1821 panes
369 1769 684 1821 propositionis
710 1771 962 1821 posuerunt.

136 1824 303 1875 Quibus
323 1825 474 1876 gestis,
493 1825 708 1876 rogabant
726 1825 962 1866 Dominum

135 1882 347 1934 prostrati
363 1882 407 1922 in
425 1887 599 1932 terram,
619 1894 674 1923 ne
695 1882 880 1934 amplius
900 1884 960 1923 ta-

135 1937 249 1979 libus
275 1938 401 1979 malis
429 1938 687 1980 inciderent:
722 1937 801 1979 sed
829 1943 888 1988 et,
924 1939 961 1979 si

137 1994 312 2046 quando
332 1996 609 2047 peccassent,
627 1999 676 2036 ut
695 1994 749 2035 ab
769 1994 867 2046 ipso
886 1997 961 2034 mi-

135 2050 222 2092 tius
251 2051 591 2106 corriperentur,
620 2055 663 2091 et
691 2063 778 2091 non
806 2050 960 2092 barba-

136 2106 210 2156 ris,
239 2119 290 2148 ac
314 2106 582 2159 blasphemis
607 2106 855 2148 hominibus
878 2111 961 2148 tra-

136 2162 354 2205 derentur.
382 2164 477 2213 Qua
496 2162 566 2204 die
585 2167 731 2204 autem
749 2163 961 2215 templum

136 2219 191 2261 ab
207 2219 460 2270 alienigenis
474 2219 690 2272 pollutum
701 2219 852 2268 fuerat,
868 2221 961 2260 con-

135 2276 232 2328 tigit
261 2276 416 2318 eadem
445 2275 515 2316 die
540 2275 888 2327 purificationem
911 2276 958 2316 fi-

137 2332 215 2382 eri,
251 2332 462 2383 vigesima
493 2331 643 2383 quinta
673 2331 851 2381 mensis,
887 2332 962 2383 qui

135 2387 217 2430 fuit
236 2388 406 2430 Casleu.

186 2446 237 2496 Rz.
263 2445 483 2497 Impetum
501 2442 784 2483 inimicorum.
803 2444 889 2483 188.

444 2503 593 2543 Lectio
615 2502 652 2541 ii.

212 2560 231 2597 t
242 2555 513 2605 Timotheus,
532 2555 606 2607 qui
619 2555 740 2607 prius
755 2567 779 2595 a
794 2554 820 2594 J
820 2553 960 2595 udaeis
1032 2594 1037 2608 ἱ

253 2611 395 2654 fuerat
427 2614 676 2665 superatus,
717 2612 959 2652 convocato
1022 2611 1046 2645 2²3
1066 2611 1092 2647 1⁸

1021 304 1140 346 venit
1166 304 1289 355 quasi
1316 304 1446 345 armis
1472 305 1496 345 J
1499 305 1670 347 udaeam
1696 311 1843 359 captu-

1021 374 1106 401 rus.
1133 360 1411 402 Machaba'eus
1429 366 1583 411 autem,
1601 367 1644 404 et
1659 364 1844 415 quicum

1021 417 1119 469 ipso
1164 422 1301 465 erant,
1346 418 1728 470 appropinquante
1768 420 1843 461 illo

1022 472 1371 525 deprecabantur
1413 473 1664 524 Dominum,
1713 482 1844 528 caput

1020 534 1137 570 terra
1157 530 1455 581 aspergentes,
1477 529 1737 582 lumbosque
1758 532 1843 573 cili-

1022 585 1099 626 ciis
1126 584 1368 637 praecincti,
1401 585 1457 626 ad
1485 585 1632 627 altaris
1662 588 1843 639 crepidi-

1021 654 1121 682 nem
1152 641 1391 693 provoluti,
1422 646 1470 682 ut
1502 642 1584 683 sibi
1614 644 1843 695 propitius,

1020 697 1203 739 inimicis
1229 702 1374 738 autem
1399 699 1550 738 eorum
1575 704 1690 740 esset
1708 700 1842 741 inimi-

1022 766 1113 803 cus,
1151 759 1194 795 et
1228 753 1489 795 adversariis
1521 754 1842 807 adversaretur,

1021 810 1132 852 sicut
1151 810 1222 851 lex
1241 809 1357 851 dicit.
1393 810 1450 852 Et
1472 811 1532 851 ita
1557 816 1659 863 post
1684 813 1840 854 oratio-

1019 879 1133 917 nem,
1152 866 1336 918 sumptis
1357 867 1504 916 armis,
1523 867 1693 918 longius
1713 868 1768 910 de
1787 869 1841 910 ci-

1019 923 1154 964 vitate
1174 922 1473 976 procedenteS,
1500 929 1543 965 et
1562 924 1749 976 preximi
1768 924 1841 966 ho-

1019 979 1158 1021 stibus
1178 979 1322 1021 effecti
1345 979 1611 1021 resederunt.

1072 1038 1121 1087 Rg.
1148 1036 1434 1087 Congregatae
1455 1042 1563 1078 sunt.
1584 1038 1671 1077 189.

1320 1092 1470 1131 Lectio
1492 1092 1543 1131 iii.

1018 1142 1212 1247 Primo
1242 1154 1387 1190 autem
1413 1149 1517 1190 solis
1544 1154 1644 1190 ortu
1669 1152 1842 1201 utrique

1115 1205 1442 1246 commiserunt:
1472 1205 1543 1246 isti
1577 1204 1752 1257 quidem
1783 1206 1841 1246 vi-

1018 1262 1180 1311 ctoriae,
1199 1267 1242 1303 et
1260 1261 1566 1314 prosperitatis
1583 1264 1842 1313 sponsorem

1018 1331 1117 1359 cum
1152 1318 1311 1360 virtute
1343 1318 1580 1358 Dominum
1617 1317 1840 1359 habentes:

1017 1374 1079 1415 illi
1098 1380 1243 1416 autem
1264 1374 1421 1415 ducem
1438 1374 1543 1415 belli
1562 1374 1751 1415 animum
1769 1374 1840 1415 ha-

1017 1430 1190 1472 bebant.
1217 1429 1315 1480 Sed,
1335 1444 1433 1471 cum
1448 1430 1682 1471 vehemens
1696 1443 1840 1482 pugna

1019 1492 1150 1537 esset,
1179 1488 1474 1539 apparuerunt
1499 1485 1759 1528 adversariis
1785 1487 1839 1528 de

1017 1543 1131 1585 coelo
1151 1543 1232 1583 viri
1253 1543 1444 1595 quinque
1463 1543 1507 1583 in
1527 1543 1667 1595 equis,
1693 1543 1839 1584 fraenis

1016 1601 1158 1641 aureis
1205 1599 1372 1648 decori,
1424 1598 1630 1640 ducatum
1675 1598 1838 1640 Judaeis

1014 1658 1290 1708 praestantes:
1311 1668 1365 1696 ex
1385 1654 1542 1707 quibus
1563 1654 1650 1696 duo
1667 1655 1837 1696 Macha-

1013 1713 1158 1754 baeum
1202 1711 1394 1752 medium
1436 1710 1662 1760 habentes,
1708 1712 1837 1752 armis

1015 1768 1103 1809 suis
1118 1768 1456 1819 circumseptum
1469 1767 1730 1807 incolumem
1745 1780 1840 1808 con-

1014 1823 1262 1866 servabant:
1302 1823 1345 1863 in
1381 1822 1656 1864 adversarios
1693 1827 1836 1864 autem

1013 1881 1101 1922 tela
1121 1885 1164 1921 et
1182 1880 1362 1921 fulmina
1378 1878 1600 1930 jaciebant,
1621 1891 1675 1920 ex
1691 1891 1777 1931 quo
1794 1884 1837 1920 et

1014 1937 1212 1978 caecitate
1232 1936 1411 1985 confusi,
1434 1941 1477 1976 et
1496 1935 1652 1988 repleti
1670 1940 1835 1987 pertur-

1013 1993 1190 2035 batione
1219 1991 1444 2034 cadebant.
1484 1991 1708 2033 Interfecti
1737 1996 1837 2033 sunt

1015 2054 1160 2090 autem
1188 2048 1338 2099 viginti
1366 2048 1499 2089 millia
1527 2048 1766 2099 quingenti,
1794 2053 1837 2089 et

1017 2106 1187 2157 equites
1211 2105 1414 2147 sexcenti.
1450 2103 1705 2145 Timotheus
1730 2116 1835 2145 vero

1015 2162 1210 2212 confugit
1248 2162 1293 2202 in
1329 2161 1544 2202 Gazaram
1583 2159 1835 2211 praesidium

1014 2219 1236 2267 munitum,
1256 2218 1324 2259 cui
1343 2219 1532 2269 praeerat
1551 2215 1764 2256 Chaereas.

1064 2276 1114 2326 Ιῆ.
1143 2274 1240 2314 Tua
1258 2278 1325 2314 est
1344 2271 1550 2325 potentia.
1569 2272 1656 2312 189.

1242 2380 1605 2416 Sabbato.

1013 2435 1080 2474 De
1107 2432 1219 2474 libro
1247 2431 1441 2474 secundo
1469 2431 1834 2473 Machabaeorum.
1907 2422 1912 2429 ’

1525 2490 1627 2540 Cap.
1644 2490 1700 2528 15.
1716 2488 1753 2529 b.

1089 2591 1094 2606 ἶ
1112 2553 1357 2645 ΙειοΙιεὼεὲιιε
1376 2558 1522 2594 autem
1543 2564 1715 2604 semper
1734 2564 1832 2593 con-

1146 2608 1311 2651 fidebat
1338 2621 1438 2650 cum
1467 2609 1584 2650 omni
1611 2620 1690 2660 spe
1717 2608 1831 2648 auxi-

1088 2493 1236 2533 Lectio
1259 2492 1280 2530 i.

136 2668 331 2709 exercitu
374 2670 617 2721 peregrinae
662 2665 960 2716 multitudinis,
1012 2667 1117 2708 lium
1136 2665 1219 2708 sibi
1237 2665 1373 2706 aDeo
1394 2664 1638 2706 affuturum.
1665 2664 1721 2704 Et
1733 2662 1830 2703 hor·
1867 2663 1870 2669 ’

136 2728 179 2765 et
192 2726 458 2776 congregato
477 2724 674 2776 equitatu
689 2723 866 2772 Asiano,
887 2721 959 2764 ad·
1011 2722 1186 2764 tabatur
1222 2733 1326 2762 suos
1363 2733 1417 2762 ne
1455 2719 1738 2762 formidarent
1773 2716 1830 2759 ad.
