2040 2944
696 167 905 201 Commune
931 166 1177 201 Confessoris
1204 167 1410 202 Pontificis.

199 269 299 319 ejus,
319 269 342 293 *
362 281 466 309 oves
486 272 529 309 et
547 267 686 308 boves
704 266 944 307 universas:
962 267 1022 306 in-

199 338 331 377 super
350 330 393 366 et
411 325 575 377 pecora
594 323 747 375 campi.

249 381 465 422 Volucres
485 379 596 429 coeli,
616 384 659 421 et
677 379 822 432 pisces
841 379 984 428 maris,
999 379 1022 403 *

199 438 271 490 qui
290 436 598 489 perambulant
617 436 795 477 semitas
814 436 957 476 maris.

248 493 437 535 Domine
448 493 665 534 Deminus
680 497 840 542 noster,
851 492 874 518 *
891 504 1022 544 quam

196 549 452 592 admirabile
473 555 539 592 est
557 562 717 591 nomen
731 554 855 590 tuum
873 549 917 589 in
931 548 1022 589 uni-

196 607 324 647 versa
343 606 475 648 terra!

247 666 345 705 Ant.
388 667 574 709 Demine
608 667 824 708 Deminus
860 670 1022 715 noster,

196 737 326 776 quam
350 723 608 766 admirabile
633 729 699 765 est
720 736 879 765 nomen
900 727 1022 764 tuum

196 781 239 821 in
267 781 471 822 universa
501 780 634 822 terra!
677 780 778 832 quia
809 779 948 830 gloria
979 783 1023 820 et

193 837 362 879 honere
399 837 623 879 coronasti
655 841 853 878 sanctum
889 841 1022 886 tuum,

195 899 239 936 et
275 894 540 936 constituisti
582 906 682 935 eum
718 906 851 946 super
887 895 1022 946 opera

193 952 400 992 manuum
422 953 608 992 tuarum.

250 1011 296 1060 Y.
332 1011 474 1063 Elegit
503 1025 602 1054 eum
630 1011 847 1052 Dominus
882 1023 1021 1052 sacer-

194 1068 345 1109 d6tem
373 1068 468 1110 sibi.
513 1070 559 1119 Rg.
587 1068 660 1110 Ad
687 1066 1020 1110 sacrificandum

194 1124 234 1166 ei
262 1124 453 1166 hostiam
480 1125 632 1167 laudis

257 1188 377 1228 l'ater
395 1191 557 1228 noster.

249 1247 492 1288 Abstssutio.
524 1248 664 1300 Ipsius
683 1249 836 1299 pietas.

249 1304 296 1354 Y.
322 1307 434 1349 Jube
455 1307 625 1349 domne.

252 1370 407 1410 Bened.
437 1370 555 1410 Deus
573 1369 705 1410 Pater
731 1369 1021 1420 omnipotens.

230 1445 380 1487 Sermo
402 1447 541 1488 sancti
560 1446 740 1487 Maximi
758 1444 982 1499 Episcopi.

196 1509 363 1543 llomilia
389 1510 447 1544 39.
477 1519 563 1552 qua:
589 1514 646 1542 est
669 1508 698 1542 2.
723 1509 768 1542 de
793 1510 827 1542 S.
852 1507 1020 1541 Eusebio

485 1557 730 1591 vercellensi.

462 1614 657 1655 Lectio
693 1614 752 1653 iv.

205 1690 262 1724 54ss>
282 1688 329 1724 J
345 1673 374 1714 d
394 1673 534 1714 sancti
555 1686 606 1714 ac
622 1673 863 1714 beatissimi
877 1673 1021 1714 Patris

204 1725 331 1802 J
360 1730 499 1771 nostri
531 1727 593 1768 N..
618 1730 738 1781 cujus
757 1729 890 1771 hodie
910 1730 1021 1771 festa

362 1786 654 1835 celebramus,
705 1785 857 1827 laudes
900 1786 1020 1828 addi-

194 1842 311 1884 disse
340 1843 521 1895 aliquid,
550 1842 825 1895 decerpsisse
854 1847 933 1884 est:
968 1845 1020 1884 si-

194 1899 371 1951 quidem
395 1900 606 1941 virtutum
640 1900 730 1951 ejus
762 1899 901 1951 gratia
932 1912 1020 1941 non

195 1956 470 1998 sermenibus
508 1955 769 2008 exponenda
807 1961 893 2006 est,
942 1956 1021 1998 sed

194 2012 401 2065 operibus
417 2012 756 2065 comprobanda.
782 2012 892 2054 Cum
907 2013 1022 2054 enim

194 2070 311 2111 dicat
329 2069 570 2122 Scriptura:
609 2069 760 2110 Gloria
787 2069 926 2121 patris
955 2074 1021 2111 est

193 2126 308 2167 filius
337 2127 527 2179 sapiens:
563 2131 738 2178 quantae
766 2125 891 2177 hujus
921 2131 1021 2167 sunt

193 2182 360 2233 gloriae,
390 2183 465 2235 qui
492 2184 713 2224 tantarum
740 2182 931 2224 filiorum
957 2195 1020 2224 sa-

193 2239 373 2290 pientia,
403 2243 446 2280 et
469 2238 706 2280 devotione
729 2237 925 2281 laetatur?
967 2239 1018 2280 In

195 2294 368 2336 Christo
390 2295 505 2336 enim
518 2295 542 2335 J
546 2308 623 2336 esu
642 2309 722 2349 per
736 2295 1021 2347 Evangelium

194 2350 288 2402 ipse
306 2364 388 2392 nos
409 2351 567 2402 genuit.

249 2406 298 2457 R.
322 2408 474 2448 Inveni
492 2408 648 2458 David,
672 2422 846 2450 servum
864 2422 1020 2458 meum,

195 2462 294 2504 oleo
309 2469 459 2505 sancto
474 2478 573 2506 meo
589 2466 693 2506 unxi
709 2479 822 2507 eum:
835 2467 856 2489 *
866 2466 1020 2507 Manus

196 2519 310 2561 enim
327 2533 424 2561 mea
443 2521 724 2564 auxiliabitur
742 2523 792 2564 ei.
827 2516 874 2567 V.
899 2522 1021 2564 Nihil

195 2576 398 2628 proficiet
426 2577 625 2619 inimicus
653 2579 697 2619 in
725 2592 795 2630 eo,
834 2584 877 2620 et
904 2578 1020 2619 filius

195 2632 436 2684 iniquitatis
461 2646 548 2674 non
573 2635 749 2677 nocebit
773 2636 823 2677 ei.
854 2635 1020 2676 Manus.

252 2691 410 2732 Bened.
440 2693 636 2736 Christus
655 2698 892 2748 perpetuae.
948 2703 954 2707 '

1388 267 1539 308 Lectio
1560 283 1595 307 v.

1079 318 1347 440 Quidquid
1384 333 1515 384 igitur
1551 333 1595 373 in
1632 332 1715 374 hac
1752 336 1901 374 sancta

1187 387 1318 440 plebe
1350 394 1499 442 potest
1527 401 1624 431 esse
1652 389 1827 431 virtutis
1861 394 1904 431 et

1075 445 1237 494 gratiae,
1258 444 1313 486 de
1331 445 1416 487 hoc
1432 446 1557 498 quasi
1573 445 1763 498 quodam
1782 445 1904 486 fonte

1075 500 1369 552 lucidissimo,
1425 502 1618 543 emnium
1663 502 1903 543 rivulorum

1075 557 1244 609 puritas
1265 559 1492 600 emanavit.
1529 558 1703 600 Etenim
1719 558 1821 610 quia
1835 570 1902 600 ca-

1076 614 1237 655 stitatis
1256 615 1452 667 pollebat
1471 615 1632 667 vigore,
1653 615 1754 667 quia
1773 614 1902 656 absti-

1074 671 1234 716 nentiae
1253 671 1524 723 gloriabatur
1543 671 1770 724 angustiis,
1800 671 1903 724 quia

1074 726 1383 770 blandimentis
1422 734 1515 770 erat
1550 727 1763 781 praeditus
1798 727 1902 769 leni-

1074 784 1199 834 tatis,
1246 786 1438 826 omnium
1480 786 1639 827 civium
1678 785 1723 825 in
1759 785 1903 826 Deum

1074 842 1335 892 provocavit
1367 842 1590 883 affectum:
1628 841 1731 894 quia
1757 841 1902 883 Ponti-

1075 897 1170 938 ficis
1189 897 1568 940 administratiOne
1589 897 1795 950 fulgebat,
1810 897 1904 949 plu-

1075 966 1145 995 res
1172 966 1195 996 e
1222 953 1448 1008 discipulis
1471 955 1648 1007 reliquit
1672 955 1739 996 sui
1765 967 1903 996 sacer-

1076 1009 1186 1052 dotii
1205 1013 1496 1053 successores.

1130 1075 1178 1126 R.
1210 1076 1345 1117 Posui
1373 1076 1637 1129 adjutorium
1666 1089 1798 1129 super
1824 1088 1902 1129 po-

1074 1133 1258 1182 tentem,
1300 1138 1344 1175 et
1385 1133 1575 1175 exaltavi
1618 1132 1807 1175 electum
1848 1131 1903 1174 de

1075 1188 1205 1241 plebe
1245 1202 1361 1231 mea:
1401 1189 1421 1211 *
1457 1190 1612 1249 Manus
1653 1189 1768 1231 enim
1803 1202 1904 1231 mea

1075 1245 1355 1287 auxiliabitur
1391 1248 1440 1289 ei.
1489 1244 1537 1290 l.
1573 1246 1727 1288 Inveni
1758 1245 1904 1287 David

1075 1314 1250 1343 servum
1283 1316 1446 1354 meum,
1483 1303 1583 1345 oleo
1617 1307 1770 1344 sancto
1802 1314 1903 1344 meo

1074 1359 1179 1399 unxi
1208 1371 1317 1400 eum.
1356 1360 1523 1401 Manus.

1128 1420 1290 1461 Bened.
1320 1421 1470 1472 Ignem
1490 1420 1557 1462 sui
1576 1420 1748 1462 amoris.

1374 1492 1525 1532 Lectio
1546 1492 1598 1531 vi.

1077 1551 1237 1657 Bene
1253 1565 1296 1602 et
1311 1562 1503 1611 cengrue
1518 1559 1562 1600 in
1575 1558 1658 1601 hac
1674 1558 1756 1607 die,
1772 1570 1903 1610 quam

1176 1615 1303 1658 nobis
1322 1616 1442 1658 beati
1455 1616 1599 1657 Patris
1617 1615 1759 1657 nostri
1780 1612 1831 1653 N.
1845 1614 1903 1657 ad

1074 1672 1326 1724 paradisum
1359 1673 1569 1715 transitus
1600 1671 1903 1714 exsultabilem

1074 1729 1234 1779 reddit,
1267 1730 1499 1782 praesentis
1522 1729 1687 1770 Psalmi
1713 1730 1902 1770 versicu-

1074 1785 1163 1827 lum
1204 1785 1551 1828 decantavimus:
1598 1786 1650 1827 In
1691 1785 1903 1827 memoria

1074 1844 1239 1883 aeterna
1268 1843 1349 1884 erit
1372 1843 1537 1894 justus.'
1557 1842 1699 1894 Digne
1723 1842 1837 1883 enim
1859 1841 1903 1882 in

1073 1899 1330 1940 memoriam
1350 1899 1533 1941 vertitur
1551 1898 1791 1948 hominum,
1829 1898 1903 1950 qui

1075 1954 1132 1996 ad
1170 1955 1378 2007 gaudium
1413 1955 1586 1997 transiit
1620 1954 1902 2006 Angelorum.

1074 2011 1193 2053 Dicit
1229 2025 1374 2054 sermo
1413 2011 1605 2054 divinus:
1644 2011 1713 2052 Ne
1749 2010 1902 2052 laudes

1074 2067 1295 2110 hominem
1322 2069 1367 2110 in
1386 2069 1475 2110 vita
1501 2081 1592 2110 sua:
1622 2072 1847 2119 tamquam
1865 2067 1902 2108 si

1074 2124 1253 2167 diceret:
1280 2125 1432 2167 Lauda
1451 2130 1554 2178 post
1573 2125 1716 2175 vitam,
1739 2125 1901 2174 magni-

1074 2181 1158 2222 fica
1197 2187 1301 2234 post
1337 2181 1768 2223 consummatiemem.
1813 2180 1900 2221 Du-

1074 2237 1177 2290 plici
1199 2238 1314 2279 enim
1341 2251 1394 2280 ex
1417 2251 1549 2280 causa
1571 2237 1718 2279 utilius
1739 2241 1806 2278 est
1826 2235 1900 2277 ho-

1073 2294 1237 2335 minum
1276 2295 1416 2347 magis
1457 2294 1681 2336 memoriae
1725 2292 1901 2334 laudem

1074 2350 1195 2401 dare,
1232 2364 1363 2404 quam
1391 2352 1508 2401 vitae
1544 2355 1592 2392 ut
1623 2349 1698 2390 illo
1726 2349 1900 2402 potissi-

1073 2420 1193 2448 mum
1224 2409 1423 2461 tempore
1464 2407 1618 2448 merita
1655 2406 1900 2447 sanctitatis

1075 2463 1279 2514 extoHas,
1322 2463 1497 2516 quando
1532 2475 1614 2504 nec
1648 2461 1900 2503 laudantem

1074 2520 1268 2562 adulatio
1286 2525 1445 2570 movet,
1465 2532 1546 2561 nec
1565 2518 1792 2560 laudatum
1809 2523 1899 2561 ten-

1074 2581 1136 2618 tet
1161 2577 1302 2618 elatio.

1128 2641 1178 2691 R
1202 2642 1292 2683 Iste
1323 2645 1390 2683 est
1421 2641 1495 2692 qui
1523 2645 1624 2682 ante
1643 2641 1786 2682 Deum
1812 2652 1898 2680 ma-

1073 2710 1180 2749 gnas
1208 2698 1390 2739 virtutes
1419 2699 1627 2750 operatus
1662 2701 1745 2747 est,
1782 2701 1827 2738 et
1855 2708 1898 2737 o-
