2040 2944
185 212 232 247 86
750 214 858 248 Fcria
884 220 992 248 sextu
1019 214 1067 247 ad
1095 212 1331 246 Matutinum.

459 310 652 349 l'salmus
682 309 746 347 ΗΓ).

188 365 375 469 Inclina
402 363 590 404 Domine
622 375 772 403 aurem
799 366 935 411 tuam,
969 366 1012 403 et

265 420 422 463 exaudi
454 432 538 460 me:
571 420 594 445 *
629 418 837 470 quoniam
869 418 1011 470 inops,

186 483 230 520 et
257 489 423 530 pauper
451 489 547 516 sum
576 487 670 525 ego.

237 532 419 575 Custodi
453 532 643 572 animam
679 543 822 572 meam
861 531 1011 582 quoni-

185 603 254 631 am
274 593 450 630 sanctus
471 601 582 628 sum:
606 589 629 614 *
649 587 818 629 salvum
838 587 905 628 fac
924 599 1011 628 ser-

185 659 285 686 vum
304 650 437 694 tuum,
455 644 578 685 Deus
603 656 739 693 meus,
759 645 1011 695 sperantem

183 702 225 742 in
253 706 307 742 te.

235 757 444 798 Miserere
471 756 558 798 mei
577 756 776 806 Domine,
803 756 1012 807 quoniam

183 813 239 855 ad
266 819 311 855 te
339 813 523 854 clamavi
550 818 647 854 tota
675 812 760 854 die:
785 814 808 839 *
834 812 1012 853 laetifica

182 870 372 911 animam
399 869 516 911 servi
543 869 618 918 tui,
647 869 855 920 quoniam
882 867 940 909 ad
966 873 1011 910 te

181 926 371 967 Domine
399 926 587 967 animam
613 938 757 966 meam
783 924 937 966 levavi.

241 982 458 1032 Quoniam
506 987 555 1023 tu
605 981 794 1022 Domine
848 981 1010 1030 suavis,

183 1043 226 1080 et
253 1039 385 1079 mitis:
406 1041 429 1065 *
449 1043 493 1080 et
519 1037 669 1079 multae
693 1037 1010 1079 misericordiae

182 1094 386 1136 omnibus
414 1093 719 1135 invocantibus
747 1099 802 1135 te.

233 1151 427 1192 Auribus
453 1151 634 1203 percipe
662 1150 851 1191 Domine
880 1150 1010 1191 orati—

182 1209 311 1248 onem
329 1220 490 1248 meam:
513 1209 536 1234 *
557 1212 600 1248 et
619 1207 798 1249 intende
818 1207 918 1248 voci
939 1206 1010 1248 de·

180 1264 450 1316 precationis
477 1276 599 1305 meae.

233 1320 284 1360 In
327 1319 398 1361 die
438 1319 737 1361 tribulationis
773 1332 884 1361 meae
926 1319 1010 1361 cla-

180 1377 296 1417 mavi
329 1376 386 1417 ad
412 1381 474 1417 te:
501 1378 525 1403 *
553 1376 654 1427 quia
683 1375 901 1418 exaudisti
929 1389 1010 1418 me.

232 1432 334 1474 Non
363 1436 431 1474 est
457 1432 609 1473 similis
642 1433 707 1473 tui
740 1433 784 1473 in
813 1432 898 1474 diis
921 1433 1009 1474 Do-

180 1488 316 1530 mine:
348 1491 371 1515 *
400 1493 444 1530 et
471 1501 558 1529 non
588 1494 654 1530 est
689 1488 932 1530 secundum
966 1491 1009 1530 o-

180 1557 287 1596 pera
314 1550 400 1586 tua.

233 1601 396 1643 Omnes
424 1602 590 1643 Gentes
621 1605 922 1654 quascumque
951 1602 1009 1644 fe-

181 1658 290 1707 cisti,
310 1658 498 1707 venient,
523 1663 566 1700 et
591 1658 837 1700 adorabunt
860 1671 1010 1700 coram

180 1719 224 1755 te
243 1714 446 1756 Domine:
475 1716 498 1742 *
526 1719 569 1756 et
596 1714 906 1765 glorificabunt
934 1728 1010 1756 no·

179 1783 280 1811 men
307 1775 441 1812 tuum.

233 1827 451 1876 Quoniam
473 1839 658 1878 magnus
683 1840 729 1868 es
756 1831 815 1878 tu,
841 1833 884 1870 et
908 1828 1010 1870 faci-

182 1895 258 1923 ens
284 1883 516 1924 mirabilia:
543 1885 566 1910 *
594 1888 642 1924 tu
667 1896 713 1924 es
732 1884 853 1925 Deus
880 1884 1010 1926 solus.

232 1938 388 1980 Deduc
416 1952 487 1980 me
514 1939 704 1980 Domine
740 1940 783 1980 in
819 1940 890 1981 via
924 1946 1010 1990 tua,

182 1999 226 2036 et
254 1995 474 2046 ingrediar
501 1996 544 2036 in
573 1996 759 2038 veritate
786 2001 876 2038 tua:
896 1998 920 2024 *
938 1997 1010 2038 lae-

180 2052 298 2092 tetur
326 2064 403 2093 cor
431 2065 576 2094 meum
601 2057 649 2094 ut
670 2055 824 2095 timeat
848 2066 1010 2096 nomen

180 2112 314 2148 tuum.

233 2163 488 2205 Confitebor
532 2164 614 2206 tibi
659 2165 848 2207 Domine
888 2166 1010 2208 Deus

181 2232 304 2260 meus
327 2220 371 2260 in
394 2225 491 2262 toto
519 2221 655 2263 corde
678 2234 791 2271 meo,
811 2224 834 2249 *
857 2227 900 2264 et
919 2223 1009 2274 glo-

181 2275 363 2317 rificabo
388 2289 548 2318 nomen
573 2282 697 2319 tuum
721 2278 765 2318 in
782 2280 1008 2320 aeternum:

234 2332 346 2381 Quia
359 2333 662 2375 misericordia
677 2339 752 2376 tua
766 2348 924 2386 magna
942 2340 1008 2377 est

182 2400 314 2440 super
332 2401 419 2430 me:
439 2391 462 2416 *
483 2394 526 2431 et
546 2391 698 2432 eruisti
718 2391 908 2432 animam
922 2405 1008 2434 me-

182 2456 252 2485 am
280 2456 334 2485 ex
360 2445 528 2486 inferno
557 2446 763 2488 inferiori.

233 2500 365 2550 Deus,
380 2501 517 2552 iniqui
531 2501 862 2546 insurrexerunt
877 2518 1009 2557 super

183 2569 268 2605 me,
297 2562 341 2598 et
370 2560 593 2610 synagoga
617 2561 864 2611 potentium
893 2574 1009 2612 quae-

182 2613 348 2654 sierunt
381 2613 570 2655 animam
597 2628 755 2656 meam:
788 2618 812 2644 *
846 2622 891 2658 et
922 2630 1009 2658 non

181 2670 508 2722 proposuerunt
528 2675 573 2712 te
592 2671 635 2711 in
655 2675 897 2725 conspectu
917 2687 1010 2715 suo.

234 2726 291 2767 Et
324 2731 372 2767 tu
404 2726 593 2768 Domine
627 2728 746 2770 Deus
776 2730 1010 2772 miserator

1065 309 1109 346 et
1129 304 1392 355 misericors,
1417 306 1442 332 *
1464 304 1650 357 patiens,
1675 308 1719 346 et
1745 304 1896 346 multae

1064 361 1392 412 misericordiae,
1422 366 1466 403 et
1494 373 1640 402 verax.

1116 417 1308 470 Respice
1326 418 1369 458 in
1384 431 1464 469 me,
1481 422 1526 459 et
1539 417 1750 459 miserere
1766 417 1897 466 mei,*

1065 473 1121 515 da
1149 473 1382 526 imperium
1410 479 1535 516 tuum
1561 477 1702 526 puero
1729 478 1825 515 tuo:
1854 478 1898 515 et

1065 530 1235 571 salvum
1263 530 1331 572 fac
1360 531 1499 572 filium
1531 529 1703 572 ancillae
1731 534 1832 572 tuae.

1116 586 1205 628 Fac
1237 599 1411 628 mecum
1445 587 1619 638 signum
1647 586 1692 626 in
1719 585 1897 635 bonum,

1064 648 1112 684 ut
1132 642 1312 684 videant
1333 644 1408 695 qui
1427 643 1618 685 oderunt
1636 655 1718 692 me,
1734 647 1778 684 et
1797 654 1896 683 con-

1063 699 1315 740 fundantur:
1343 702 1367 727 *
1394 699 1602 752 quoniam
1630 703 1679 740 tu
1707 698 1898 740 Domine

1064 755 1268 807 adjuvisti
1291 769 1373 806 me,
1400 761 1444 798 et
1467 755 1724 797 consolatus
1749 768 1797 797 es
1815 767 1898 797 me.

1121 816 1221 855 Ant.
1241 812 1514 854 Benedixisti
1530 812 1719 854 Domine
1734 817 1898 854 terram

1063 873 1196 909 tuam.

1120 928 1219 967 Ant.
1258 924 1560 967 Fundamenta
1588 925 1689 977 ejus.

1338 983 1538 1023 Psalmus
1566 984 1632 1023 86.

1152 1036 1419 1078 undamenta
1454 1038 1546 1089 ejus
1586 1037 1632 1078 in
1671 1036 1898 1078 montibus

1167 1094 1346 1134 sanctis:
1364 1095 1388 1120 *
1408 1093 1552 1145 diligit
1566 1093 1784 1135 Dominus
1798 1106 1898 1146 por-

1062 1154 1131 1191 tas
1153 1149 1259 1247 Slion
1282 1162 1415 1202 super
1444 1149 1592 1191 omnia
1611 1149 1899 1192 tabernacula

1062 1206 1170 1248 Jaco
1205 1238 1213 1246 .

1117 1262 1327 1304 Gloriosa
1354 1261 1474 1304 dicta
1501 1267 1604 1305 sunt
1630 1262 1687 1305 de
1714 1267 1771 1313 te,
1794 1264 1818 1290 *
1841 1265 1898 1305 ci-

1063 1319 1177 1360 vitas
1206 1319 1301 1360 Dei.

1114 1375 1284 1417 Memor
1317 1387 1394 1418 ero
1423 1375 1596 1427 Rahab,
1632 1381 1676 1418 et
1708 1375 1898 1429 Babylo-

1062 1432 1130 1473 nis
1145 1432 1169 1458 *
1185 1432 1419 1474 scientium
1446 1445 1528 1474 me.

1113 1489 1230 1530 Ecce
1245 1488 1514 1540 alienigenae,
1530 1493 1575 1531 et
1587 1488 1744 1541 Tyrus,
1761 1493 1806 1531 et
1820 1491 1897 1542 po-

1062 1544 1193 1597 pulus
1208 1544 1485 1597 AEthiopum,
1500 1546 1524 1573 *
1542 1545 1589 1586 hi
1603 1545 1781 1587 fuerunt
1799 1545 1898 1587 illic.

1114 1601 1343 1653 Numquid
1369 1601 1476 1643 Sion
1505 1601 1638 1644 dicet:
1665 1602 1825 1654 Homo,
1854 1607 1898 1644 et

1062 1657 1196 1699 homo
1229 1662 1359 1699 natus
1392 1662 1460 1700 est
1491 1658 1537 1699 in
1566 1670 1636 1700 ea:
1672 1659 1697 1686 *
1725 1663 1770 1701 et
1801 1658 1898 1712 ipse

1063 1713 1264 1755 fundavit
1293 1727 1390 1756 eam
1417 1714 1696 1756 Altissimus?

1114 1771 1333 1812 Dominus
1361 1770 1559 1813 narrabit
1590 1771 1635 1812 in
1665 1771 1897 1824 scriptoris

1062 1827 1342 1880 populorum,
1358 1832 1402 1870 et
1415 1827 1681 1881 principum:
1691 1829 1715 1855 *
1730 1827 1897 1879 horum,

1065 1884 1140 1936 qui
1167 1884 1344 1926 fuerunt
1370 1884 1415 1925 in
1444 1897 1506 1926 ea.

1114 1940 1236 1982 Sicut
1256 1940 1501 1982 laetantium
1521 1941 1717 1983 omnium
1736 1941 1760 1968 *
1776 1939 1896 1982 habi-

1063 1997 1175 2039 tatio
1205 2002 1272 2039 est
1300 1997 1345 2038 in
1371 2002 1427 2040 te.

1334 2055 1536 2097 Psalmus
1565 2056 1629 2096 87.

1064 2107 1300 2212 Domine
1327 2110 1450 2152 Deus
1478 2110 1634 2152 salutis
1657 2122 1784 2152 meae:
1806 2111 1830 2138 *
1852 2110 1897 2151 in

1167 2166 1240 2208 die
1255 2166 1452 2217 clamavi,
1465 2171 1510 2208 et
1529 2171 1661 2209 nocte
1675 2179 1826 2208 coram
1840 2170 1896 2208 te.

1114 2223 1257 2265 Intret
1294 2223 1338 2264 in
1367 2225 1609 2276 conspectu
1639 2228 1718 2265 tuo
1752 2223 1895 2264 oratio

1063 2293 1176 2322 mea:
1195 2281 1219 2307 *
1238 2280 1399 2321 inclina
1415 2293 1567 2322 aurem
1585 2285 1707 2322 tuam
1726 2279 1784 2321 ad
1798 2291 1895 2332 pre—

1063 2349 1159 2378 cem
1186 2349 1344 2378 meam:

1113 2393 1226 2444 Quia
1271 2393 1442 2446 repleta
1478 2397 1546 2434 est
1581 2392 1709 2434 malis
1752 2391 1897 2433 anima

1062 2462 1175 2491 mea:
1201 2451 1225 2477 *
1249 2454 1294 2491 et
1316 2450 1407 2492 vita
1430 2461 1530 2492 mea
1545 2449 1716 2490 inferno
1736 2461 1895 2501 appro-

1063 2506 1306 2558 pinquavit.

1114 2563 1380 2605 AEstimatus
1399 2575 1497 2604 sum
1511 2575 1612 2604 cum
1629 2561 1895 2604 descenden-

1062 2618 1181 2661 tibus
1209 2620 1254 2660 in
1280 2619 1441 2661 lacurn:
1469 2621 1493 2646 *
1522 2619 1663 2660 factus
1691 2631 1789 2659 sum
1815 2618 1895 2660 sic-

1063 2681 1111 2717 ut
1127 2676 1260 2717 homo
1281 2676 1375 2718 sine
1395 2675 1627 2729 adjutorio,
1648 2675 1763 2716 inter
1781 2676 1895 2716 mor-

1063 2737 1165 2773 tuos
1193 2732 1315 2774 liber.
