2040 2944
183 177 274 222 [176]

680 186 935 279 PSALMI
970 229 1401 282 GRADUALES.

962 298 1120 315 ἡού-

238 344 425 378 Dieuntur
464 344 502 377 in
539 343 858 386 Quadragesima.
898 343 1010 378 Feria

184 392 245 426 IV.
265 393 469 431 cuiuslibet
492 392 769 431 chdomadae,
794 402 871 426 non
894 393 1010 436 impc-

185 440 263 474 dita
299 441 430 484 aliquo
463 441 579 474 Festo
614 440 653 473 ix
684 440 925 474 Lectionum:
972 441 1009 474 in

184 489 311 521 (jhoro
358 494 443 522 ante
482 489 710 522 Matutinum
754 488 851 530 diei;
903 494 1010 523 extra

184 536 352 570 (Iliorum
378 547 447 579 pro
473 536 760 579 opportunitate
786 537 981 579 temporis.

236 584 353 618 Primi
377 585 545 627 quinque
564 585 708 617 Psalmi
728 584 906 618 dicuntur
928 585 1009 619 sinc

182 633 316 669 Gloria
332 632 454 676 Patri;
483 633 550 666 scd
574 633 611 665 in
636 633 707 667 tine
727 632 850 666 ultimi
871 632 1011 667 dicitur

185 681 370 726 Requiem
386 682 578 715 aeternam.

236 732 475 773 Incipiuntur
493 731 667 765 absolute
687 731 768 764 sine
788 730 874 764 Ant.

449 783 644 823 psalmus
667 784 746 822 119.

188 852 309 882 ι»
333 837 361 879 d
383 837 622 892 Dominum
650 849 749 877 cum
775 835 1009 878 tribularer

192 916 205 932 1r
349 894 548 936 clamavi:
566 895 590 920 *
611 898 654 935 et
679 892 903 934 exaudivit
927 905 1009 933 me.

275 955 281 962 ‘
400 951 588 992 Domine
634 948 772 991 libera
821 949 1009 990 enimam

181 1064 346 1106 dolosa.

232 1120 347 1171 Quid
371 1120 499 1162 detur
522 1120 617 1170 tibi,
645 1125 719 1162 aut
744 1118 849 1172 quid
873 1131 1007 1172 appo-

178 1179 305 1219 natur
331 1177 412 1219 tibi
434 1177 458 1203 *
482 1176 539 1218 ad
566 1177 757 1228 linguam
785 1174 1007 1218 dolosam?

230 1234 410 1285 Sagittae
442 1234 635 1286 potentis
669 1236 828 1283 acutae,
856 1233 880 1259 *
908 1245 1008 1274 cum

179 1290 441 1332 carbonibus
462 1289 749 1332 desolatoriis

180 1362 186 1368 ·
229 1348 330 1389 Heu
356 1346 479 1396 mihi,
509 1347 610 1399 quia
637 1346 856 1388 incolatus
882 1358 1007 1387 meus

129 1439 132 1442 ,
178 1403 466 1457 prolongatus
487 1408 569 1444 est:
592 1402 787 1444 habitavi
811 1414 911 1443 cum
932 1402 1005 1443 ha-

178 1459 418 1502 bitantibus
439 1458 595 1501 Cedar:
613 1460 637 1485 *
656 1459 840 1500 multum
862 1458 1007 1500 incola

177 1516 257 1558 fuit
276 1517 419 1557 anima
437 1529 545 1557 mea.

229 1573 337 1614 Cum
373 1572 457 1622 his,
500 1572 574 1625 qui
611 1570 798 1614 oderunt
834 1584 1005 1624 pacem,

177 1642 297 1671 eram
336 1629 560 1682 pacificus:
594 1629 618 1654 *
653 1641 752 1670 eum
792 1627 1006 1680 loquebar

176 1685 271 1736 illis,
290 1685 604 1738 impugnabant
622 1698 691 1727 me
710 1685 856 1736 gratis.

443 1747 637 1787 Psalmus
659 1749 719 1787 12(
726 1750 749 1786 ).

182 1798 367 1903 Evavi
391 1798 545 1840 oculos
570 1810 694 1839 meos
712 1798 756 1838 in
774 1802 962 1848 montes,
981 1799 1006 1826 *

287 1854 404 1896 unde
423 1855 567 1896 veniet
586 1854 792 1896 auxilium
810 1854 927 1896 mihi.

228 1911 451 1952 Auxilium
469 1923 615 1952 meum
635 1924 660 1952 a
673 1911 876 1960 Domino,
890 1911 915 1937 *
931 1911 1005 1964 qui

176 1967 278 2009 fecit
297 1967 458 2009 coelum
478 1973 521 2009 et
538 1973 710 2009 terram.

228 2024 330 2065 Non
369 2023 445 2065 det
482 2023 525 2064 in
559 2023 898 2066 commotionem
930 2036 1003 2076 pe-

176 2079 276 2122 dem
303 2086 443 2122 tuum:
470 2081 494 2105 *
522 2093 665 2132 neque
694 2080 901 2122 dormitet
930 2080 1003 2132 qui

177 2136 368 2178 custodit
386 2142 441 2178 te.

228 2194 344 2235 Ecce
362 2206 451 2234 non
471 2192 726 2235 dormitabit
744 2206 886 2245 neque
906 2193 1004 2235 dor-

176 2249 291 2299 miet,
309 2251 332 2275 *
357 2249 430 2302 qui
450 2249 642 2291 custodit
660 2249 807 2290 Israel.

227 2305 441 2347 Dominus
475 2305 667 2347 custodit
694 2310 754 2354 te,
787 2306 1003 2347 Dominus

175 2362 392 2414 protectio
410 2367 495 2411 tua,
511 2363 535 2387 *
556 2374 687 2415 super
705 2375 880 2403 manum
901 2361 1001 2403 dex-

175 2423 314 2459 teram
332 2422 463 2458 tuam.

227 2474 311 2514 Per
337 2473 450 2514 diem
479 2474 546 2516 sol
570 2487 658 2516 non
683 2479 779 2516 uret
803 2480 861 2516 te:
884 2476 908 2501 *
931 2487 1001 2515 ne-

178 2542 261 2582 que
281 2529 382 2571 luna
401 2543 479 2582 per
498 2536 683 2572 noctem.

227 2586 441 2627 Dominus
483 2587 674 2629 custodit
712 2593 756 2629 te
793 2587 847 2628 ab
885 2587 1003 2628 omni

176 2643 308 2684 malo:
336 2645 359 2668 *
395 2642 615 2684 custodiat
656 2644 843 2685 animam
882 2649 1002 2684 tuam

177 2699 402 2740 Dominus.

1113 341 1328 383 Dominus
1348 341 1569 384 custodiat
1582 342 1807 399 introitum
1825 349 1889 386 tu-

1062 410 1151 448 um,
1192 402 1236 440 et
1277 398 1441 440 exitum
1481 403 1620 441 tuum:
1655 400 1680 426 ’⁸‘
1712 412 1766 442 ex
1806 400 1891 443 hoc

1061 467 1187 504 nunc,
1207 459 1251 497 et
1268 467 1409 508 usque
1427 455 1471 496 in
1491 456 1711 498 saeculum.

1193 579 1195 581 ‚
1332 530 1530 579 Psalmus
1551 532 1627 571 121.

1126 593 1286 634 aetatus
1320 591 1416 635 Sum
1447 593 1492 635 in
1523 594 1608 644 his,
1646 607 1745 648 quae
1773 593 1891 639 dicta

1165 653 1266 690 sunt
1283 649 1404 691 mihi:
1418 650 1442 676 ¹⁸¹
1456 649 1500 691 in
1520 650 1699 693 domum
1713 651 1891 693 Domini

1062 703 1232 746 ibimus.

1114 761 1289 804 Stantes
1315 768 1438 806 erant
1462 763 1600 817 pedes
1625 760 1778 815 nestri,
1800 764 1824 790 *
1846 763 1891 806 in

1063 817 1183 859 atriis
1201 818 1286 860 tuis
1305 818 1557 862 Jerusalem.
1659 819 1661 821 ’

1113 874 1367 926 Jerusalem,
1388 890 1486 929 quae
1506 876 1751 919 aedificatur
1769 881 1818 919 ut
1833 879 1888 918 ci—

1061 930 1188 972 vitas:
1214 932 1239 958 *
1267 933 1388 985 cujus
1415 934 1699 987 participatio
1727 933 1817 986 ejus
1844 933 1889 975 in

1060 986 1262 1040 idipsum.

1113 1044 1223 1086 Illuc
1262 1046 1376 1087 enim
1411 1045 1703 1089 ascenderunt
1735 1046 1888 1096 tribus,

1060 1100 1200 1142 tribus
1231 1102 1426 1144 Domini:
1452 1103 1477 1130 *
1504 1103 1801 1146 testimonium
1827 1103 1888 1144 Is-

1060 1157 1162 1222 rael·
1187 1158 1244 1200 ad
1278 1159 1575 1202 confitendum
1607 1159 1774 1202 nomini
1799 1159 1887 1202 Do-

1059 1227 1175 1255 mim.

1113 1271 1224 1322 Quia
1250 1272 1338 1314 illic
1365 1272 1573 1315 sederunt
1601 1271 1730 1317 sedes
1757 1273 1801 1314 in
1828 1273 1886 1326 ju-

1061 1325 1187 1377 dicio,
1202 1328 1225 1353 *
1242 1328 1370 1370 sedes
1390 1342 1522 1383 super
1537 1328 1718 1371 domum
1731 1328 1887 1372 David.

1111 1383 1284 1436 Rogate
1310 1398 1408 1438 quae
1434 1385 1491 1427 ad
1515 1398 1671 1439 pacem
1695 1391 1796 1428 sunt
1818 1385 1844 1427 J
1846 1398 1889 1428 e-

1058 1439 1262 1537 Eusalem:
1281 1442 1304 1468 *
1324 1447 1368 1484 et
1390 1441 1657 1484 abundentia
1676 1442 1886 1495 diligenti-

1090 1509 1141 1537 us
1159 1502 1218 1539 te:

1110 1553 1208 1595 Fiat
1249 1567 1337 1608 pax
1378 1555 1422 1596 in
1462 1554 1622 1597 virtute
1657 1560 1746 1598 tua:
1781 1556 1806 1583 *
1839 1559 1886 1598 et

1058 1608 1326 1653 abundantia
1341 1611 1387 1652 in
1404 1611 1596 1653 turribus
1614 1612 1712 1654 tuis.
1858 1654 1861 1658 ,

1109 1666 1296 1720 Propter
1321 1667 1479 1710 fratres
1505 1681 1645 1718 meOS,
1673 1673 1717 1710 et
1740 1666 1885 1721 proxi·

1058 1735 1155 1764 mos
1169 1722 1304 1773 meos,
1319 1724 1342 1750 *
1357 1723 1571 1777 loquebar
1585 1737 1742 1778 pacem
1756 1723 1811 1766 de
1825 1728 1886 1778 te:

1109 1779 1298 1833 Propter
1318 1779 1498 1822 domum
1515 1781 1694 1823 Domini
1707 1780 1792 1822 Dei
1809 1792 1884 1822 no-

1058 1836 1146 1886 stri,
1164 1838 1187 1863 *
1208 1837 1391 1889 quaesivi
1410 1836 1527 1879 bona
1546 1837 1637 1880 tibi.

1324 1907 1522 1949 Psalmus
1542 1909 1626 1949 122.

1136 1966 1165 2008 d
1191 1973 1235 2009 te
1262 1967 1405 2009 levavi
1433 1967 1586 2010 oculos
1612 1981 1747 2018 meOS,
1765 1969 1789 1995 *
1811 1967 1885 2021 qui

1185 2023 1357 2066 habitas
1375 2024 1419 2072 in
1438 2024 1572 2066 coelis.

1109 2080 1224 2121 Ecce
1251 2080 1364 2122 sicut
1388 2081 1505 2122 oculi
1530 2082 1774 2131 servorum,
1793 2081 1817 2107 *
1839 2080 1884 2122 in

1057 2136 1260 2178 manibus
1278 2136 1555 2179 dominorum
1574 2139 1763 2186 suorum,

1108 2192 1229 2234 Sicut
1262 2194 1378 2235 oculi
1412 2193 1582 2236 ancillae
1613 2193 1657 2234 in
1683 2192 1884 2236 manibus

1058 2247 1247 2290 dominae
1272 2262 1378 2291 suae:
1397 2251 1421 2276 *
1440 2250 1501 2292 ita
1525 2249 1641 2291 oculi
1663 2249 1802 2291 nostri
1827 2248 1884 2291 ad

1056 2305 1293 2347 Dominum
1330 2306 1471 2348 Deum
1508 2311 1706 2348 nostrum
1742 2305 1884 2347 donec

1057 2361 1315 2404 misereatur
1334 2363 1485 2405 nostri.

1108 2418 1317 2460 Miserere
1351 2419 1489 2461 nostri
1520 2418 1724 2468 Domine,
1758 2418 1882 2460 mise-

1056 2475 1153 2515 rere
1177 2475 1331 2516 nostri:
1349 2475 1373 2500 *
1394 2475 1494 2528 quia
1518 2474 1703 2516 multum
1727 2474 1883 2528 repleti

1056 2542 1205 2572 sumus
1225 2531 1526 2584 despectione:

1107 2587 1218 2638 Quia
1244 2587 1429 2628 multum
1456 2586 1623 2639 repleta
1648 2591 1714 2629 est
1738 2586 1882 2628 anima

1055 2649 1222 2684 nostra:
1250 2645 1274 2670 *
1303 2642 1590 2695 opprobrium
1627 2642 1881 2685 abundanti-

1055 2699 1211 2749 bus‚‚et
1231 2698 1457 2752 despectio
1478 2699 1688 2752 superbis.

2032 2107 2040 2121 ι
2028 2079 2040 2095 Ar
2032 2047 2033 2051 Α
2031 1937 2040 2037 -.ιι-ο-.
2031 1786 2040 1926 mma-1
2029 1365 2040 1775 .-——--—-———-
2034 1325 2040 1357 .-.
2028 1291 2040 1317 ,Ω
