2040 2944
197 230 241 264 64
736 227 843 260 Fcria
870 232 1003 268 quarta
1032 226 1078 259 ad
1108 225 1343 258 Matutinum.

245 323 447 364 Exaltare
484 333 614 372 super
650 318 788 359 coelos
820 318 956 359 Deus:
991 318 1014 343 *

193 386 236 422 et
264 381 305 420 in
334 391 503 420 omnem
531 382 692 418 terram
720 374 859 423 gleria
886 379 970 415 tua.

244 436 466 486 Laqueum
516 434 780 484 paraverunt
829 429 1014 482 pedibus

192 492 317 533 meis:
344 492 366 515 *
395 495 437 531 et
464 489 799 530 incurvaverunt
828 486 1015 527 animam

191 560 342 588 meam.

244 601 464 643 Foderunt
487 605 586 641 ante
611 600 766 640 faciem
789 612 931 640 meam
956 599 1014 639 fe-

192 672 332 700 veam:
360 660 383 683 *
412 662 455 698 et
482 655 726 697 inciderunt
754 656 796 695 in
825 668 931 696 eam.

241 715 446 755 Paratum
473 726 549 753 cor
572 725 716 753 meum
735 711 866 760 Deus,
891 713 1014 763 para-

190 777 281 813 tum
302 783 378 811 cor
396 782 554 810 meum:
574 770 597 795 *
622 766 819 816 cantabo,
840 772 883 809 et
903 767 1014 819 psal-

191 840 307 868 mum
337 825 489 867 dicam.

242 883 440 932 Exsurge
488 881 625 931 gloria
671 894 783 929 mea,
830 882 1015 929 exs1'1rge

190 938 444 990 psalterium
467 943 510 978 et
530 936 710 978 cithara:
735 939 757 963 *
785 938 1015 985 exsurgam

191 994 392 1035 diluculo.

245 1050 496 1091 Confitebor
530 1049 609 1090 tibi
642 1049 686 1089 in
722 1048 896 1101 pepulis
929 1048 1015 1088 De-

190 1107 318 1147 mine:
337 1108 360 1133 *
385 1111 428 1147 et
455 1105 670 1158 psalmum
698 1104 840 1146 dicam
866 1104 946 1146 tibi
974 1105 1015 1144 in

191 1162 418 1203 Gentibus:

243 1218 457 1268 Quoniam
484 1219 761 1268 magnificata
789 1223 855 1260 est
877 1230 1016 1269 usque

192 1274 247 1315 ad
268 1274 405 1315 eoelos
424 1274 722 1316 misericerdia
741 1280 825 1324 tua,
846 1276 869 1301 *
889 1279 932 1315 et
949 1287 1015 1314 us-

192 1344 276 1382 que
304 1330 360 1371 ad
388 1330 525 1372 nubes
554 1331 713 1372 veritas
742 1336 826 1372 tua.

243 1386 447 1428 Exaltare
485 1400 616 1439 super
653 1387 790 1428 coelos
823 1387 960 1428 Deus:
993 1389 1016 1414 *

192 1448 235 1484 et
254 1455 385 1494 super
401 1456 573 1484 omnem
590 1448 751 1484 terram
771 1443 910 1493 gleria
932 1449 1016 1484 tua.

246 1503 275 1541 Α
285 1509 339 1542 nt.
369 1499 583 1550 Queniam
601 1500 643 1539 in
664 1505 707 1541 te
730 1499 910 1541 confidit
930 1500 1016 1540 ani-

191 1567 261 1595 ma
288 1567 395 1595 mea.

247 1615 341 1654 Ant.
372 1615 491 1652 Justa
519 1611 717 1662 judicate.

282 1683 288 1687 ’
461 1671 652 1711 Psalmus
682 1672 745 1711 57.

261 1721 274 1761 i
312 1734 414 1763 vere
451 1723 601 1774 utique
638 1724 843 1774 justitiam
879 1724 1016 1776 loqui—

237 1833 246 1841 .
293 1778 410 1818 mini:
434 1780 457 1805 *
475 1784 595 1820 recta
623 1779 809 1830 judicate
838 1780 915 1821 filii
942 1781 1016 1822 he-

190 1846 363 1874 minum.

243 1889 414 1931 Etenim
432 1891 475 1931 in
496 1891 629 1932 corde
644 1892 894 1943 iniquitates
915 1906 1017 1945 ope-

191 1945 359 1985 ramini:
379 1948 401 1972 *
421 1946 463 1986 in
481 1952 597 1988 terra
617 1947 844 1998 injustitias
864 1962 1017 1991 manus

191 2006 349 2042 vestrae
379 2005 649 2043 concinnant.

243 2056 433 2099 Alienati
461 2064 561 2100 sunt
588 2061 844 2111 peccateres
876 2073 901 2101 a
929 2061 1017 2102 vul-

192 2116 270 2161 va‚'
296 2116 547 2156 erraverunt
574 2114 629 2156 ab
662 2118 804 2156 utero:
831 2118 855 2143 *
882 2116 1018 2159 locuti

192 2174 291 2210 sunt
318 2169 441 2211 falsa.¹

242 2225 381 2266 Furor
419 2226 502 2267 illis
547 2228 786 2269 secundum
824 2229 1017 2271 similitu-

152 2320 154 2323 ,
192 2279 336 2322 dinem
374 2284 603 2335 serpentis:
640 2286 663 2311 *
706 2285 817 2326 sicut
854 2285 1018 2338 aspidis

193 2336 346 2387 surdae,
375 2343 418 2380 et
447 2339 690 2381 obturantis
718 2354 846 2382 aures
875 2355 991 2383 suas:

245 2393 352 2442 Quae
374 2407 460 2435 non
483 2395 686 2438 exaudiet
701 2410 855 2438 vocem
874 2398 1016 2439 incan-

192 2449 390 2490 tantium:
418 2453 441 2477 *
470 2457 513 2493 et
541 2453 723 2494 venefici
756 2454 1017 2496 incantantis

192 2504 422 2555 sapienter.

244 2560 364 2601 Deus
393 2564 592 2605 centeret
620 2563 773 2606 dentes
796 2568 947 2607 eerum
974 2567 1018 2607 in

193 2628 268 2656 ore
288 2616 498 2668 ipserum:
517 2620 540 2644 *
559 2620 699 2660 molas
723 2621 897 2663 leenum
918 2635 1017 2664 con-

194 2671 349 2721 fringet
376 2674 600 2716 Dominus.

244 2727 315 2770 Ad
339 2729 520 2772 nihilum
545 2730 778 2775 devenient
795 2739 1019 2788 tamquam

1067 329 1179 368 aqua
1209 315 1465 357 decurrens:
1491 316 1515 341 *
1536 313 1723 356 intendit
1750 326 1900 355 arcum

1067 386 1193 413 suum
1222 371 1364 413 donec
1392 371 1673 412 infirmentur.

1118 429 1238 470 Sicut
1256 441 1367 477 cera,
1389 441 1487 479 quae
1509 427 1613 477 fluit,
1633 428 1901 470 auferentur:

1067 488 1090 512 *
1118 483 1410 537 supercecidit
1438 484 1564 534 ignis,
1597 488 1640 525 et
1666 497 1756 526 non
1783 484 1900 526 vide-

1068 547 1167 582 runt
1195 541 1344 582 solem.

1118 598 1380 649 Priusquam
1423 596 1716 647 intelligerent
1762 598 1900 650 spinae

1068 659 1227 695 vestrae
1248 653 1492 694 rhamnum:
1513 655 1536 680 *
1556 653 1669 694 sicut
1691 654 1901 704 viventes,

1068 711 1131 751 sic
1158 711 1201 750 in
1229 711 1293 751 ira
1320 709 1531 751 abserbet
1559 722 1647 751 eos.

1119 766 1362 807 Laetaibitur
1379 767 1516 817 justus
1529 779 1628 807 cum
1642 766 1802 808 viderit
1812 768 1901 808 vin-

1069 823 1244 864 dictam:
1280 825 1303 849 *
1338 835 1492 863 manus
1526 835 1627 864 suas
1659 823 1824 865 lavabit
1857 824 1901 865 in

1069 879 1279 929 sanguine
1307 879 1565 931 peccateris.

1123 936 1178 979 Et
1216 935 1333 976 dicet
1368 935 1517 976 homo:
1559 936 1605 977 Si
1641 936 1793 988 utique
1835 941 1903 978 est

1068 993 1234 1032 fructus
1267 992 1397 1043 justo:
1432 993 1456 1018 *
1491 992 1643 1044 utique
1679 997 1747 1034 est
1779 993 1902 1035 Deus

1069 1047 1264 1099 judicans
1294 1060 1370 1089 eos
1398 1048 1441 1089 in
1469 1052 1598 1089 terra.

1336 1111 1535 1152 Psalmus
1564 1112 1630 1152 58.
1889 1150 1893 1154 .

1155 1160 1250 1212 ripe
1275 1172 1346 1200 me
1367 1160 1422 1201 de
1449 1159 1634 1201 inimicis
1657 1160 1767 1202 meis
1781 1160 1904 1202 Deus

1172 1229 1311 1257 meus:
1331 1218 1354 1243 *
1375 1221 1419 1257 et
1439 1215 1494 1258 ab
1515 1216 1840 1267 insurgentibus
1860 1217 1905 1258 in

1069 1286 1138 1314 me
1167 1272 1305 1314 libera
1332 1285 1415 1314 me.
1778 1271 1788 1276 ”

1122 1330 1254 1382 Eripe
1298 1342 1369 1370 me
1408 1329 1463 1370 de
1505 1330 1792 1381 operantibus
1829 1330 1904 1371 ini-

1071 1386 1338 1437 quitatemt*
1356 1390 1400 1427 et
1428 1385 1484 1427 de
1513 1386 1616 1427 viris
1645 1386 1906 1437 sanguinum

1070 1442 1191 1483 salva
1218 1455 1300 1483 me.

1122 1496 1234 1548 Quia
1252 1511 1357 1540 0000
1381 1500 1592 1551 ceperunt
1610 1498 1799 1540 animam
1817 1513 1905 1542 me-

1070 1567 1157 1595 am:
1185 1556 1208 1582 *
1235 1555 1455 1596 irruerunt
1481 1555 1525 1595 in
1552 1567 1624 1595 me
1652 1555 1801 1597 fortes.

1121 1610 1280 1663 Neque
1296 1611 1502 1663 iniquitas
1516 1624 1626 1660 mea,
1646 1624 1790 1664 neque
1805 1625 1905 1665 pec-

1071 1669 1217 1708 catum
1244 1680 1391 1708 meum
1419 1668 1625 1709 Demine:
1656 1669 1681 1695 *
1709 1669 1802 1711 sine
1829 1669 1905 1710 ini-

1072 1723 1238 1775 quitate
1267 1724 1450 1774 cucurri,
1480 1729 1524 1765 et
1553 1723 1704 1765 direxi.

1122 1780 1322 1830 Exsurge
1350 1780 1394 1820 in
1423 1783 1657 1821 occursum
1683 1794 1841 1832 meum,
1863 1786 1907 1824 et

999 1865 1010 1870 -
1070 1835 1187 1877 vide:
1216 1838 1239 1863 *
1260 1841 1303 1877 et
1330 1841 1379 1877 tu
1405 1836 1595 1878 Demine
1622 1836 1746 1878 Deus
1773 1838 1905 1880 virtu-

1070 1897 1173 1941 tum,
1201 1892 1324 1933 Deus
1352 1892 1500 1942 Israel,

1123 1948 1307 1990 Intende
1358 1949 1414 1990 ad
1464 1949 1705 1992 visitandas
1753 1963 1906 1992 omnes

1072 2004 1255 2045 Gentes:
1274 2006 1298 2031 *
1317 2018 1405 2046 non
1422 2006 1672 2047 miserearis
1692 2006 1905 2058 Omnibus,

1073 2061 1146 2112 qui
1175 2063 1414 2113 operantur
1440 2063 1728 2115 iniquitatem.

1125 2117 1446 2159 Convertentur
1482 2119 1539 2161 ad
1575 2121 1822 2172 vesperam:
1863 2124 1907 2162 et

1071 2173 1231 2214 famem
1268 2174 1489 2225 patientur
1524 2180 1573 2217 ut
1613 2188 1761 2226 caneS,
1802 2178 1826 2204 ¹⁸¹
1864 2181 1908 2218 et

1072 2231 1315 2274 circuibunt
1343 2233 1576 2274 civitatem.

1123 2289 1239 2330 Ecce
1272 2289 1507 2341 loquentur
1543 2289 1588 2329 in
1620 2302 1700 2330 ore
1730 2302 1826 2339 suo,
1862 2294 1906 2331 et

1071 2344 1243 2394 gladius
1271 2345 1314 2386 in
1349 2345 1477 2386 labiis
1507 2347 1674 2386 cerum:
1701 2347 1726 2373 *
1756 2346 1905 2398 queni-

1071 2413 1142 2441 am
1172 2402 1268 2453 quis
1297 2400 1488 2443 audivit?

1123 2457 1179 2498 Et
1213 2462 1261 2498 tu
1288 2458 1478 2499 Demine
1508 2457 1730 2499 deridebis
1759 2470 1854 2499 eos:
1881 2460 1906 2485 *

1072 2512 1127 2553 ad
1146 2513 1326 2554 nihilum
1343 2513 1539 2555 deduces
1555 2526 1708 2555 omnes
1727 2513 1906 2555 Gentes.

1123 2569 1445 2611 Fortitudinem
1463 2583 1607 2611 meam
1624 2569 1681 2611 ad
1697 2574 1742 2611 te
1762 2572 1904 2611 custe-

1073 2624 1206 2675 diam,
1243 2627 1344 2678 quia
1371 2626 1494 2667 Deus
1522 2628 1754 2678 susceptor
1780 2639 1905 2667 meus

1074 2693 1136 2721 es:
1154 2683 1177 2707 *
1199 2682 1320 2723 Deus
1339 2695 1474 2731 meus,
1493 2682 1794 2724 misericordia
1814 2683 1904 2735 ejus

1072 2732 1312 2790 praeveniet
1339 2751 1422 2779 me.
