2040 2944
514 182 586 216 Die
610 182 639 216 2.
667 182 856 217 Octobris.
903 182 959 217 Ss.
984 182 1223 225 Angelorum
1249 183 1473 217 Custodum.

148 279 300 320 Lectio
323 281 465 322 sancti
484 281 711 332 Evangelii
730 283 972 324 secundum

423 337 691 379 Matthaeum.

243 404 395 445 Lectio
417 405 483 444 vii.
687 406 789 457 Cap.
806 407 863 445 18.

142 466 218 572 In
243 470 319 512 illo
345 473 563 525 tempore:
592 474 887 516 Accesserunt
912 475 972 516 di-

200 527 358 580 scipuli
374 527 431 570 ad
445 529 470 570 J
473 542 605 580 esum,
623 529 838 572 dicentes:
854 531 972 581 Quis,

143 588 293 636 putas,
325 585 463 636 major
496 591 563 628 est
594 587 638 627 in
670 599 806 638 regno
841 587 973 630 66616-

142 638 262 681 rum?
290 640 348 682 Et
366 641 544 694 reliqua.

175 708 364 753 Homilia
389 712 528 754 sancti
546 713 703 754 Hilarii
721 713 946 767 Episcopi.

151 779 360 814 Comment.
378 778 417 812 in
434 778 565 813 Matth.
584 789 665 812 can.
684 779 747 815 18.
764 784 855 822 post
872 779 951 814 init

148 842 182 908 3]
182 848 250 901 ἐξ,
268 835 418 877 onnisi
452 837 655 878 reversos
691 836 735 877 in
771 839 972 879 naturam

176 935 208 948 2,
188 890 269 945 533
291 894 530 945 puerorum
570 892 753 935 introire
789 906 972 945 regnum

150 943 269 971 2-2ssss*
292 948 505 990 coelorum
519 950 736 991 Dominus
755 948 906 992 docet:
925 949 972 991 id

144 1010 221 1055 est,
240 1018 320 1058 per
336 1005 664 1058 simplicitatem
683 1007 897 1059 puerilem
912 1009 970 1047 vi-

142 1061 203 1103 tia
214 1063 451 1115 corporum
461 1065 713 1104 nostrorum
727 1063 971 1116 animaeque

142 1118 403 1160 revocanda.
437 1119 605 1160 Pueros
625 1125 771 1161 autem
794 1119 970 1162 creden-

141 1179 209 1216 tes
251 1187 403 1217 omnes
447 1188 527 1228 per
563 1175 797 1218 audientiae
838 1176 971 1219 fidem

142 1232 422 1284 nuncupavit.
467 1233 526 1274 Hi
559 1232 674 1274 enim
706 1238 879 1286 patrem
906 1247 969 1276 se-

144 1291 353 1340 quuntur,
373 1294 560 1331 matrem
580 1294 743 1340 amant,
766 1291 970 1342 proximo

142 1344 254 1386 velle
267 1345 430 1386 malum
446 1346 656 1397 nesciunt,
672 1359 822 1388 curam
837 1360 972 1400 opum

141 1401 388 1453 negligunt:
431 1415 520 1444 non
554 1403 842 1454 insolescunt,
884 1417 972 1446 non

143 1457 340 1508 oderunt,
350 1471 439 1500 non
450 1460 730 1510 mentiuntur,
741 1460 870 1502 dictis
882 1474 971 1503 cre-

143 1514 266 1565 dunt,
295 1519 340 1556 et
359 1515 480 1567 quod
499 1515 700 1567 audiunt,
727 1530 880 1559 verum
898 1518 970 1559 ha-

141 1570 258 1613 bent.
295 1572 626 1614 Revertendum
653 1573 785 1624 igitur
820 1579 888 1616 est
915 1575 973 1616 ad

142 1628 470 1681 simplicitatem
484 1629 723 1680 infantium,
744 1631 845 1682 quia
862 1631 905 1671 in
921 1644 973 1673 ea

143 1683 364 1735 collocati,
394 1685 588 1738 speciem
612 1685 870 1729 humilitatis
896 1687 970 1730 do-

142 1741 315 1782 minicae
335 1741 700 1784 circumferemus.

190 1798 241 1849 Rz.
270 1797 568 1849 Machabaeus,
603 1804 647 1841 et
681 1800 755 1851 qui
785 1813 884 1842 cum
917 1814 970 1843 eo

142 1858 274 1904 erant,
290 1856 590 1905 cognoverunt
605 1858 847 1909 expugnari
861 1871 971 1910 prae-

141 1910 267 1952 sidia:
285 1912 308 1937 *
331 1911 439 1953 Cum
457 1912 565 1953 fletu
579 1917 622 1954 et
640 1913 831 1955 lacrimis
846 1917 971 1966 roga-

141 1967 248 2009 bant
266 1967 519 2019 Dominum,
546 1973 589 2010 61
608 1970 749 2011 01111115
769 1970 898 2013 turba
918 1972 971 2012 si-

141 2024 249 2074 mul,
275 2028 324 2065 ut
351 2023 517 2066 bonum
535 2025 606 2066 An
638 2025 754 2067 elum
778 2030 972 2070 mitteret

140 2080 198 2122 ad
216 2080 403 2122 salutem
421 2081 570 2123 Israel.
640 2112 648 2120 .
679 2082 788 2124 Cum
806 2084 972 2136 pariter

140 2142 351 2190 prompto
371 2137 515 2179 animo
535 2138 830 2191 procederent
848 2141 873 2182 J
875 2153 969 2183 ero-

142 2193 337 2246 solymis,
370 2195 576 2247 apparuit
606 2195 865 2249 praecedens
893 2210 970 2240 eos

142 2262 278 2302 eques
303 2250 347 2291 in
372 2256 495 2293 veste
524 2252 722 2294 candida.
761 2253 880 2295 Cum.

192 2309 354 2351 Bened.
388 2311 584 2360 Quorum
602 2308 771 2351 festum.
818 2318 820 2321 ’

427 2374 579 2416 Lectio
598 2374 684 2415 viii.

232 2444 270 2472 ae
309 2432 410 2475 huic
446 2433 609 2476 mundo
648 2434 702 2476 ab
739 2435 969 2477 scandalis.

255 2489 490 2531 Humilitas
531 2491 748 2543 passionis
790 2491 968 2533 scanda-

141 2543 231 2584 lum
250 2545 414 2587 mundo
430 2550 506 2588 est.
534 2547 585 2588 In
599 2546 686 2589 hoc
705 2547 819 2589 enim
835 2548 967 2589 maxi-

141 2612 212 2640 me
240 2600 487 2651 ignorantia
518 2602 738 2645 detinetur
769 2604 967 2654 humana,

143 2655 263 2707 quod
278 2657 360 2698 sub
376 2657 655 2701 deformitate
671 2661 823 2709 crucis,
844 2662 966 2702 aeter-

141 2725 210 2753 11ae
241 2712 394 2763 gloriae
421 2714 658 2757 Dominum
686 2716 826 2758 noluit
857 2719 966 2758 acci-

300 2853 364 2878 Pars
379 2854 549 2879 Autumnalis.

1027 296 1144 335 pere.
1177 285 1234 326 Et
1261 285 1366 338 quid
1390 285 1555 328 mundo
1575 291 1666 327 tam
1688 286 1855 338 pericu-

1027 339 1184 392 losum,
1214 354 1345 393 quam
1372 355 1461 384 non
1490 345 1711 395 recepisse
1737 341 1855 383 Chri-

1027 397 1171 438 stum?
1198 398 1308 440 Ideo
1327 412 1434 441 vero
1463 401 1645 441 necesse
1674 411 1771 440 esse
1798 398 1858 440 ait

1026 456 1175 495 venire
1188 454 1410 497 scandala:
1427 456 1530 507 quia
1544 455 1600 497 ad
1613 457 1856 496 sacramen-

1025 515 1118 551 tum
1150 510 1390 553 reddendae
1422 512 1552 554 nobis
1586 512 1856 562 aeternitatis,

1026 568 1168 609 01111115
1204 569 1247 609 111
1286 581 1339 610 eo
1376 569 1595 621 passienis
1634 568 1857 610 humilitas

1026 629 1143 666 esset
1162 625 1392 678 explenda.

1078 682 1127 734 R.
1146 682 1215 723 Tu
1229 683 1429 733 Domine,
1451 685 1524 736 qui
1542 683 1699 726 misisti
1714 685 1855 736 Ange-

1024 737 1116 778 lum
1139 743 1262 780 tuum
1288 739 1369 781 sub
1389 741 1580 782 Ezechia
1605 754 1708 793 rege
1732 741 1856 792 Juda,

1025 799 1069 835 et
1084 795 1341 838 interfecisti
1362 795 1417 838 de
1438 797 1593 839 castris
1613 797 1857 840 Sennache-
1904 851 1905 854 Ἴ

1025 851 1091 893 rib
1113 857 1289 894 centum
1309 856 1538 905 octoginta
1556 854 1749 907 quinque
1765 854 1856 895 mil-

1024 908 1098 949 lia:
1117 910 1140 934 *
1161 909 1218 950 Et
1233 923 1349 951 nunc
1363 910 1627 953 Dominator
1643 911 1858 953 coelorum
1902 931 1906 958 5

1024 965 1149 1006 mitte
1175 966 1394 1017 Angelum
1418 972 1542 1009 tuum
1567 967 1732 1009 bonum
1758 973 1858 1010 ante

1024 1034 1117 1071 nos,
1136 1022 1180 1062 in
1199 1023 1358 1065 timore
1378 1029 1421 1065 61
1437 1026 1630 1066 tremore
1644 1026 1857 1076 magnitu-

1026 1077 1139 1120 dinis
1166 1079 1335 1121 brachii
1366 1081 1440 1122 tui.
1491 1074 1541 1126 Ψ
1575 1082 1635 1124 Ut
1661 1084 1858 1125 metuant

1027 1135 1102 1188 qui
1134 1149 1234 1177 cum
1267 1136 1542 1190 blasphemia
1570 1140 1750 1181 veniunt
1784 1139 1857 1182 ad-

1026 1194 1178 1234 versus
1194 1199 1394 1235 sanctum
1408 1195 1624 1247 populum
1634 1201 1769 1238 tuum.
1790 1197 1858 1239 Et.

1027 1248 1181 1291 Gloria
1204 1251 1335 1291 Patri.
1362 1251 1430 1293 Et.

1324 1304 1476 1345 Lectio
1496 1304 1550 1343 ix.

1025 1356 1235 1464 Videte
1261 1376 1315 1405 ne
1336 1365 1628 1406 contemnatis
1648 1378 1782 1407 unum
1803 1366 1858 1408 de

1135 1420 1307 1472 pusillis
1345 1421 1440 1462 istis
1479 1422 1555 1474 qui
1592 1423 1778 1465 credunt
1814 1424 1858 1464 in

1025 1490 1106 1519 me.
1143 1477 1436 1530 Aptissimum
1468 1480 1690 1521 vinculum
1718 1481 1858 1522 motui

1026 1534 1188 1575 amoris
1206 1534 1434 1587 imposuit,
1460 1535 1517 1578 ad
1537 1549 1614 1578 605
1633 1540 1857 1590 praecipue

1026 1590 1102 1642 qui
1126 1603 1230 1632 vere
1259 1591 1303 1631 in
1328 1592 1522 1634 Domino
1553 1592 1857 1635 credidissent.

1025 1646 1292 1688 Pusillorum
1321 1649 1436 1689 enim
1464 1649 1623 1700 Angeli
1659 1650 1857 1702 quotidie

1025 1703 1168 1744 Deum
1187 1703 1356 1745 vident:
1386 1705 1488 1757 quia
1506 1706 1643 1747 Filius
1666 1706 1856 1748 hominis

1025 1759 1145 1800 venit
1181 1759 1351 1801 salvare
1389 1774 1488 1813 quae
1530 1762 1704 1814 perdita
1746 1768 1856 1804 sunt.

1025 1816 1144 1866 Ergo
1172 1821 1215 1858 et
1240 1815 1376 1858 Filius
1401 1817 1592 1859 hominis
1621 1818 1780 1868 salvat,
1813 1824 1857 1861 et

1025 1872 1169 1914 Deum
1185 1872 1343 1924 Angeli
1359 1874 1520 1921 vident,
1540 1879 1584 1916 et
1602 1875 1762 1926 Angeli
1780 1889 1856 1928 pu-

1026 1929 1224 1970 sillorum
1251 1936 1449 1982 praesunt
1474 1930 1670 1973 fidelium
1697 1932 1855 1973 oratio-

1026 1985 1164 2028 nibus.
1202 1986 1402 2030 Praeesse
1427 1988 1623 2039 Angelos
1652 1988 1857 2030 absoluta

1026 2042 1265 2084 auctoritas
1297 2049 1374 2085 est.
1419 2045 1697 2086 Salvatorum
1725 2045 1856 2095 igitur

1024 2112 1105 2152 per
1147 2099 1369 2141 Christum
1421 2101 1645 2144 orationes
1697 2101 1856 2152 Angeli

1026 2155 1224 2208 quotidie
1243 2157 1341 2198 Deo
1367 2157 1567 2200 offerunt.
1601 2158 1719 2208 Ergo
1743 2159 1855 2210 peri-

1026 2211 1175 2254 culose
1201 2212 1274 2254 ille
1297 2214 1605 2264 contemnitur,
1632 2214 1753 2265 cujus
1783 2214 1854 2256 de-

1025 2268 1202 2319 sideria,
1229 2282 1280 2310 ac
1305 2270 1628 2321 postulationes
1653 2269 1710 2311 ad
1729 2273 1852 2312 aeter-

1023 2338 1143 2375 num,
1179 2329 1223 2366 et
1255 2325 1518 2368 invisibilem
1545 2327 1689 2369 Deum
1721 2328 1854 2371 ambi·
1902 2343 1904 2347 ’

1022 2381 1139 2422 tioso
1156 2380 1428 2432 Angelorum
1442 2382 1655 2426 famulatu
1670 2398 1722 2427 ac
1733 2385 1854 2427 mini-

1023 2437 1157 2479 sterio
1176 2437 1488 2489 pervehuntur.
1539 2441 1601 2482 Te
1620 2441 1774 2483 Deum.
1794 2443 1854 2483 14.

1289 2505 1367 2548 Ad
1388 2506 1585 2550 Laudes

1249 2567 1268 2590 6
1282 2561 1296 2590 1
1328 2567 1352 2599 p
1368 2567 1387 2591 e
1401 2567 1420 2590 1·
1452 2557 1489 2591 H
1502 2567 1524 2591 o
1540 2568 1559 2591 r
1573 2568 1594 2591 a
1609 2568 1636 2591 s.

1076 2604 1175 2645 Ant.
1193 2605 1222 2644 1.
1255 2604 1432 2656 Angelis
1452 2607 1541 2649 suis
1555 2608 1579 2633 *
1594 2609 1715 2650 Deus
1734 2621 1850 2650 man-

1022 2661 1142 2703 davit
1179 2660 1234 2703 de
1271 2665 1334 2711 te,
1370 2666 1419 2703 ut
1446 2663 1696 2707 custodiant
1732 2670 1776 2706 te
1806 2665 1851 2705 in

1021 2718 1223 2760 omnibus
1243 2717 1324 2759 viis
1343 2718 1440 2760 tuis.

1601 2850 1644 2882 24
