2040 2944
780 199 896 234 Festa
921 200 1109 235 Octobris.
1134 201 1211 243 (10.)

149 302 291 348 erant,
337 310 545 350 sponsam
592 297 705 339 clam
751 297 974 347 deserens,

149 355 342 396 eremum
360 354 497 407 petiit.
524 354 665 396 Matre
684 367 791 396 vero
813 359 856 396 et
875 367 973 396 con-

150 410 396 462 sanguineis
424 410 470 451 id
498 423 613 462 aegre
639 410 892 460 ferentibuS,
919 424 974 453 ne

149 480 175 508 a
210 471 362 508 sancto
398 467 630 519 proposito
668 467 973 517 dimoveretur,

148 522 354 564 menachi
385 522 519 564 vitam
552 523 798 576 amplexus,
830 524 973 565 varias

149 581 396 621 successive
411 579 540 621 sedes
554 580 750 622 mutavit.
778 580 974 622 Cavense

149 636 316 678 scilicet
328 636 642 678 monasterium
652 637 844 687 incoluit,
855 639 972 690 post-

149 706 200 735 ea
232 692 290 735 ad
315 692 567 735 coenobium
591 693 745 734 insulae
769 693 973 735 Tremitis

150 748 343 800 divertit,
372 754 416 791 et
441 749 560 802 apud
585 752 790 792 eremitas
812 750 973 792 montis

149 805 335 858 Majellae
367 805 604 859 aliquando
638 806 820 848 delituit.
861 807 973 848 Dein

150 875 249 904 cum
272 875 327 904 ex
350 863 474 915 gravi
491 862 648 905 morbo
669 863 973 913 convaluisset,

150 919 379 961 Cassinum
413 924 608 961 montem
643 919 856 970 ascendit,
898 919 974 961 ubi

149 980 334 1029 propter
358 976 601 1028 singulares
626 976 810 1018 virtutes
834 989 860 1018 a
884 978 972 1018 mo-

149 1031 300 1073 nachis
319 1031 472 1074 Abbas
492 1031 755 1084 designatus,
777 1037 821 1074 et
839 1045 864 1074 a
883 1032 973 1074 Ste-

148 1087 296 1142 phano
314 1101 432 1131 nono
453 1089 735 1131 confirmatus
755 1094 832 1131 est.
853 1090 974 1142 Ejus-

150 1144 252 1187 dem
277 1145 503 1187 Pontificis
532 1151 640 1187 nutu
669 1146 973 1188 Constantino-

148 1201 286 1254 polim
312 1201 504 1254 Legatus
531 1203 717 1244 mittitur
744 1215 826 1256 pro
854 1202 973 1244 resti-

147 1258 312 1300 tuenda
326 1259 538 1301 Ecclesiae
554 1260 725 1301 Graecae
742 1272 841 1301 cum
855 1259 973 1312 Apo-

148 1314 304 1357 stolica
321 1315 435 1358 Sede
455 1316 771 1358 communione.

198 1387 248 1439 R.
276 1385 428 1427 Inveni
447 1385 604 1428 David.

1024 299 1846 352 geniiqueexstetmonumentumHanc
1928 306 1931 308 ’

1023 354 1249 398 basilicam
1273 356 1524 399 Alexander
1553 358 1771 400 secundus
1802 360 1846 400 in

1025 411 1195 461 signum
1223 425 1313 453 suae
1342 426 1444 464 erga
1470 414 1751 456 Desiderium'
1773 415 1844 457 be-

1025 468 1299 518 nevolentiae,
1325 471 1611 520 consecravit,
1637 471 1843 513 adstanti-

1024 523 1107 565 bus
1145 525 1475 578 quamplurimis
1511 527 1760 580 EpiscopiS,
1802 533 1846 569 et

1026 580 1340 631 Cardinalibus,
1359 583 1471 624 inter
1487 597 1597 636 quos
1613 584 1731 634 digni
1745 590 1846 626 sunt

1024 638 1235 679 memeria
1275 643 1451 680 sanctus
1484 640 1639 681 Petrus
1671 641 1844 682 Damia-

1025 707 1105 734 nus
1139 699 1182 735 et
1209 695 1553 746 Hildebrandus,
1586 697 1659 748 qui
1686 699 1845 749 postea

1027 751 1227 801 Gregorii
1242 752 1415 804 septimi
1429 756 1654 805 assumpto
1671 753 1844 795 nomine

1025 806 1167 849 eidem
1186 806 1439 850 Alexandro
1460 809 1680 851 successit.

1074 879 1125 929 R.
1154 876 1289 918 Posui
1308 877 1580 929 adjutorium.

1322 962 1472 1003 Lectio
1494 963 1544 1001 vi.

1102 1045 1176 1073 um
1227 1032 1321 1084 ipse
1377 1037 1551 1074 sanctus
1607 1032 1844 1083 Gregorius

1117 1088 1248 1130 morti
1266 1089 1492 1141 preximus
1512 1102 1609 1130 eum
1623 1094 1845 1141 tamquam

1025 1143 1326 1196 dignissimum
1350 1146 1424 1198 qui
1449 1145 1532 1187 sibi
1555 1145 1598 1186 in
1624 1146 1843 1197 ApostoH-

1026 1213 1077 1242 ca
1111 1201 1225 1243 Sede
1263 1200 1517 1243 succederet
1558 1201 1843 1252 designasset,

1025 1258 1243 1299 communi
1256 1258 1461 1309 suffragio
1472 1258 1724 1299 Desiderius
1734 1258 1843 1299 Pon-

1024 1314 1130 1356 tifex
1158 1315 1340 1366 eligitur.
1384 1316 1445 1356 At
1475 1314 1599 1367 hujus
1626 1314 1844 1356 humilitas

1023 1376 1126 1413 tunc
1151 1371 1339 1413 maxime
1367 1371 1535 1421 enituit,
1568 1371 1642 1423 qui
1668 1384 1747 1423 per
1774 1383 1843 1411 an-

1023 1442 1127 1470 num
1144 1428 1234 1470 fere
1252 1431 1466 1480 integrum
1485 1433 1649 1470 tantam
1664 1426 1843 1478 dignita-

1023 1492 1112 1527 tem
1140 1484 1384 1527 declinavit.
1430 1484 1581 1526 Enixis
1609 1483 1709 1525 dein
1733 1485 1841 1535 prae-

1024 1541 1179 1591 sulum,
1207 1541 1468 1595 principum,
1496 1553 1547 1582 ac
1571 1539 1722 1592 populi
1748 1541 1841 1591 pre-

1023 1597 1147 1639 cibus
1162 1597 1375 1647 inductus,
1394 1598 1437 1638 in
1453 1597 1659 1650 Capuana
1674 1595 1841 1652 svnodo

1022 1654 1215 1696 Victeris
1238 1667 1397 1696 nomen
1427 1659 1470 1695 et
1494 1653 1650 1694 summi
1673 1651 1841 1704 pontifi-

1022 1713 1145 1752 catus
1163 1711 1347 1762 insignia
1366 1709 1545 1763 accepit.
1568 1710 1754 1750 Romam
1771 1707 1841 1748 de-

1022 1767 1195 1817 ductus,
1225 1767 1408 1809 solemni
1433 1767 1519 1808 ritu
1546 1766 1841 1813 consecratur,

1022 1824 1168 1875 ejectis
1199 1822 1301 1865 inde
1330 1821 1712 1876 pseudopontifice
1741 1819 1841 1861 Gui-

1021 1879 1147 1922 berto
1167 1880 1347 1932 ejusque
1366 1878 1566 1920 factionis
1584 1876 1841 1919 hominibus.

1021 1936 1274 1978 Exercitum
1305 1935 1385 1977 sub
1411 1934 1571 1977 vexillo
1604 1932 1741 1974 sancti
1764 1932 1841 1973 Pe-

1021 1993 1076 2034 tri
1113 2005 1167 2034 ex
1202 1998 1296 2034 tota
1331 1992 1422 2033 fere
1449 1991 1576 2032 Italia
1611 1989 1841 2031 collectum

1022 2053 1175 2090 contra
1185 2049 1425 2090 Saracenos
1435 2045 1672 2089 transmisit
1684 2045 1728 2085 in
1738 2043 1842 2085 Afri-

1021 2118 1127 2155 cam,
1145 2104 1220 2146 ubi
1238 2106 1472 2146 commisso
1488 2101 1651 2155 praelio,
1669 2100 1840 2141 illorum

1021 2162 1138 2203 acies
1173 2161 1346 2214 penitus
1381 2158 1639 2212 profligavit.
1704 2156 1839 2197 Bene-

1020 2218 1139 2260 venti
1157 2219 1311 2259 coacta
1331 2215 1516 2268 synodo,
1540 2212 1839 2256 schismaticos

1021 2274 1296 2316 anathemate
1314 2271 1514 2325 perculit,
1543 2283 1594 2311 ac
1617 2269 1838 2310 investitu-

1020 2343 1101 2380 ras,
1122 2342 1220 2382 quae
1239 2329 1282 2369 in
1297 2327 1580 2370 electionibus
1594 2325 1838 2367 libertatem

1020 2386 1230 2429 Ecclesiae
1286 2383 1608 2438 opprimebant,
1663 2384 1837 2423 omnino

454 1471 605 1512 Lectio
626 1485 662 1511 v.

216 1542 410 1596 tephano
434 1542 641 1584 defuncto
666 1541 722 1584 ad
747 1541 972 1584 Cassinen-

226 1612 274 1641 se
293 1598 546 1641 coenobium
563 1601 779 1648 reversus,
803 1599 927 1641 brevi
945 1612 971 1640 a

146 1655 334 1698 Nicolao
358 1655 554 1698 secundo
575 1661 738 1698 sanctae
757 1656 971 1697 Romanae

147 1711 357 1754 Ecclesiae
407 1711 651 1755 Cardinalis
700 1712 970 1754 renuntiatus

146 1767 243 1818 fuit,
271 1769 489 1822 simulque
517 1769 790 1811 Cassinensis
818 1768 970 1811 Abbas

146 1823 415 1867 benedictus.
434 1825 559 1867 Idem
573 1825 776 1867 Pentifex
792 1825 971 1877 ejusque

71 1891 76 1905 ¹
149 1884 427 1924 successores
457 1895 555 1924 eum
587 1881 644 1924 ad
670 1883 894 1934 praecipua
920 1894 970 1922 ac

148 1937 402 1980 difficillima
427 1938 640 1980 Ecclesiae
671 1937 849 1989 negotia
874 1950 970 1990 per-

147 1994 379 2037 tractanda
399 1994 686 2044 destinarunt,
713 1994 816 2047 quin
836 2007 861 2035 a
879 2006 969 2035 mo-

147 2049 386 2092 nachorum
409 2051 617 2102 regimine
642 2050 970 2100 distraheretur;

148 2118 249 2148 nam
273 2119 361 2149 non
387 2108 530 2149 solum
558 2110 710 2150 eorum
738 2112 867 2149 aucto
895 2110 969 2147 nu—

149 2175 270 2204 mero
291 2169 454 2206 sanctae
469 2164 632 2216 regulae
647 2162 971 2206 observantiam

148 2220 387 2272 promevit,
415 2220 496 2263 sed
523 2220 774 2263 coenobium
800 2219 890 2261 fere
917 2232 970 2260 ex

147 2277 318 2327 integro
346 2278 546 2320 restituit.
598 2277 831 2319 Basilicam
857 2278 969 2316 insu-

147 2344 227 2384 per
262 2334 402 2376 sancti
440 2334 578 2387 patris
615 2332 842 2375 Benedicti
877 2334 968 2373 cor-

148 2401 257 2441 pore
298 2389 475 2440 claram,
525 2390 637 2432 adeo
680 2387 909 2442 splendide
945 2401 970 2429 a

148 2444 442 2488 fundamentis
480 2447 703 2495 excitavit,
748 2444 969 2498 pretiosis·
1021 2442 1295 2496 proscripsit,
1326 2440 1539 2493 pluraque
1571 2439 1654 2480 alia
1688 2437 1743 2502 ad
1771 2449 1835 2478 ec-

150 2513 235 2552 que
248 2501 469 2554 lapidibus
480 2503 535 2544 ab
547 2501 829 2544 orientalibus
841 2500 970 2542 etiam
1006 2498 1308 2547 ,elesiasticam
1334 2495 1605 2548 disciplinam
1623 2495 1834 2547 pertinen-

150 2557 239 2598 oris
258 2558 467 2609 advectis,
486 2559 693 2611 operibus
709 2557 900 2606 musivis,
920 2569 971 2597 ac
1020 2555 1080 2597 tia
1108 2554 1312 2596 decrevit.
1355 2553 1538 2594 Peracta
1565 2550 1750 2603 sYnodo,
1778 2549 1834 2590 le-

149 2626 273 2655 saera
292 2615 552 2667 supellectili
565 2615 675 2655 mira
689 2618 781 2655 arte
795 2614 969 2663 magno·
1019 2610 1126 2653 thali
1154 2609 1307 2657 morbo
1337 2610 1582 2660 correptus,
1611 2607 1835 2670 Cassinum

150 2681 235 2721 que
264 2676 441 2723 sumptu
469 2670 693 2713 elaborata
724 2669 893 2717 ditavit,
924 2673 972 2709 ut
1021 2680 1046 2708 a
1066 2665 1365 2708 Cardinalibus
1390 2669 1433 2706 et
1451 2664 1682 2726 Episcopis
1706 2673 1834 2724 comi-

148 2726 411 2777 praeclarum
445 2726 752 2768 munificentiae
790 2725 880 2776 ejus
911 2724 970 2765 in·
1019 2725 1136 2765 tatus
1160 2721 1319 2763 deferri
1338 2720 1491 2770 veluit,
1516 2718 1590 2759 ub1
1612 2715 1833 2758 laboribus
