2040 2944
200 172 291 217 [254]

200 269 342 311 dictae.
386 267 532 308 Prima
564 271 630 307 est
660 266 835 306 flamma
868 264 1030 306 amoris

151 319 153 322 ⁴
200 324 458 378 separantis.
489 322 692 364 Secunda
711 321 874 363 amoris
893 326 1030 362 trans-

200 381 439 423 formantis.
476 379 626 421 Tertia
651 378 814 419 amoris
839 391 1030 419 commu-

200 437 396 479 nicantis.
429 437 594 486 Quarta
618 435 780 476 amoris
799 434 1031 487 jubilantis.

202 494 363 545 Quinta
394 493 556 534 amotis
590 492 851 544 saporantis.
897 491 1032 532 Sexta

201 550 362 592 amoris
373 549 692 601 compatientis.
712 548 908 601 septima
924 549 1033 589 amo-

200 608 259 648 ris
279 606 637 648 consummantis.

254 674 304 723 Rg.
320 668 485 708 Beatus
503 666 637 708 homo
657 666 730 718 qui
750 665 872 708 audit
887 678 968 715 me,
990 670 1033 707 et

202 725 276 777 qui
294 724 447 775 vigilat
468 723 525 765 ad
544 723 663 764 fores
682 736 803 764 meas
824 722 1032 774 quotidie,

201 786 245 823 et
269 781 477 822 observat
501 779 559 822 ad
584 784 736 832 postes
763 779 865 821 ostii
887 779 984 821 mei.
1008 782 1031 806 *

202 838 285 888 Qui
309 850 379 879 me
407 837 636 886 invenerit,
666 836 859 878 inveniet
886 837 1033 885 vitam,

201 899 245 935 et
268 893 443 935 hauriet
469 893 655 934 salutern
683 905 707 933 a
731 893 843 934 Dfio.
879 889 926 940 V.
950 893 1034 943 Qui

201 955 349 992 autem
367 950 411 991 in
429 963 500 991 me
514 949 777 1002 peccaverit,
796 949 930 991 laedet
946 949 1033 990 ani-

201 1020 318 1048 mam
350 1020 492 1048 suam:
529 1019 683 1048 omnes
719 1006 793 1058 qui
828 1019 899 1048 1116
932 1006 1033 1047 ode-

202 1068 322 1113 runt,
359 1063 544 1114 diligunt
578 1067 778 1104 mortem.
833 1063 918 1113 Qui
952 1075 1034 1104 me.

203 1119 356 1161 Gloria
382 1119 513 1160 Patri.
550 1119 635 1169 Qui
662 1131 744 1160 me.

426 1196 474 1233 In
494 1195 564 1233 III.
584 1195 807 1234 Nocturno.

256 1256 354 1296 Ant.
388 1253 511 1296 Pnde
540 1253 627 1295 hoc
653 1253 778 1303 mihi,
811 1258 859 1295 ut
886 1253 1034 1296 veniat

200 1311 342 1352 Mater
370 1310 548 1351 Domini
575 1310 661 1352 mei
690 1310 747 1352 ad
774 1308 868 1352 me?

255 1369 353 1408 Ant.
384 1367 685 1408 Misericordia
710 1367 801 1419 ejus
827 1380 852 1408 a
876 1368 1032 1420 proge-

199 1423 270 1465 nie
288 1423 331 1464 in
350 1424 585 1476 progenies
603 1423 858 1465 timentibus
880 1436 990 1465 eum.

257 1480 356 1520 Ant.
382 1479 584 1533 Suscepit
602 1480 741 1521 Israel
759 1483 945 1532 puerum
964 1493 1031 1521 su-

200 1550 285 1586 um,
310 1536 571 1578 recordatus
592 1535 908 1578 misericordiae
930 1549 1033 1578 suae.

259 1589 305 1641 Y.
330 1594 426 1645 Ego
455 1593 618 1636 dilecto
646 1606 759 1635 11160.
815 1597 864 1647 Rg.
890 1594 947 1636 Et
976 1592 1033 1635 ad

200 1663 270 1691 me
299 1650 529 1692 conversio
559 1651 661 1703 ejus.

207 1723 355 1765 Lectio
382 1724 521 1765 sancti
539 1723 767 1775 Evangelii
791 1724 1032 1766 secundum

528 1781 704 1822 Lucam.

286 1843 434 1883 Lectio
458 1844 524 1882 vii.
749 1846 851 1895 (3311.
867 1846 902 1883 2.
922 1859 959 1893 g.

201 1896 276 2002 In
295 1901 370 1943 illo
389 1903 607 1955 tempore:
626 1903 748 1944 Dixit
767 1903 907 1944 Mater
927 1903 952 1943 J
955 1916 1032 1945 esu

266 1957 323 1999 ad
341 1958 478 1999 illum:
499 1959 590 2009 Fili,
617 1959 722 2011 quid
742 1959 885 2001 fecisti
904 1959 1032 2001 nobis

202 2013 288 2055 sic?
318 2015 433 2057 Ecce
448 2020 574 2068 pater
593 2021 695 2057 tuus
715 2021 758 2057 61
778 2029 861 2066 ego
882 2016 1031 2058 dolen-

201 2075 268 2111 tes
290 2071 596 2123 quaerebamus
614 2078 670 2114 te.
699 2073 754 2114 Et
774 2073 954 2124 reliqua.

263 2141 326 2181 De
346 2141 537 2182 Homilia
556 2141 818 2183 venerabilis
837 2142 974 2184 Bedae

485 2197 747 2250 Presbyteri.

280 2264 319 2296 111
348 2262 514 2295 1101111113
544 2263 663 2296 llicm.
690 2263 735 2296 dc
761 2263 963 2306 Tempore.

376 2311 524 2344 Domin.
551 2311 575 2344 1.
602 2317 691 2354 post
715 2312 853 2354 Epiph.

208 2398 321 2417 n
342 2362 455 2398 ater
487 2358 596 2408 ejus,
631 2358 772 2410 inquit
804 2359 1031 2410 Evangeli-

208 2418 215 2464 i
233 2422 264 2473 'ſs
280 2425 283 2437 ³
380 2418 457 2461 813,
473 2415 764 2456 conservabat
780 2416 925 2456 01111113
940 2429 1032 2457 ver-

272 2477 291 2485 '‘
305 2475 324 2490 “-
351 2476 353 2480 “
380 2469 541 2511 bahaec
556 2471 598 2510 in
614 2471 747 2513 corde
764 2485 855 2513 suo.
877 2473 1034 2514 Omnia

207 2537 305 2577 quae
331 2524 386 2566 de
406 2525 595 2567 Domino
619 2528 737 2583 vel-a
757 2529 947 2570 DOmino
973 2529 1032 2570 di-

207 2587 276 2622 cta
322 2581 414 2622 sive
451 2588 547 2623 3613
590 2587 858 2635 cognoverat
893 2586 1034 2627 Mater

207 2638 357 2688 Virgo,
382 2636 631 2689 diligentius
656 2641 697 2680 in
723 2642 859 2684 corde
879 2643 1033 2683 1611116-

207 2695 293 2744 bat,
308 2693 493 2736 sollicite
510 2701 666 2736 61111613
681 2698 903 2739 111611101136
919 2711 1033 2740 com-

728 174 930 207 Purissimi
957 173 1097 207 Cordis
1122 173 1163 207 B.
1188 173 1320 207 Mariae
1346 174 1388 206 V.

1083 263 1331 312 mendabat‚
1354 268 1403 305 ut
1424 276 1524 304 cum
1544 262 1721 305 demum
1739 269 1915 317 tempus

1083 319 1401 374 praedicandae,
1436 320 1529 361 sive
1567 320 1815 363 scribendae
1848 322 1915 362 In-

1085 377 1349 419 carnationis
1374 378 1465 429 ejus
1492 375 1730 427 adveniret,
1756 377 1915 420 suffici-

1085 437 1209 476 enter
1227 433 1442 483 universa,
1461 438 1595 486 prout
1614 439 1762 476 essent
1780 439 1916 485 gesta,

1084 495 1239 544 posset
1255 489 1476 542 explicare
1489 489 1799 541 quaerentibus.
1816 491 1916 532 Imi-

1084 549 1228 589 temur
1261 551 1305 588 et
1335 559 1435 596 nos,
1472 546 1631 588 fratres
1662 547 1766 597 mei,
1799 547 1918 599 piam

1086 603 1265 645 Domini
1295 603 1501 652 Matrem,
1537 603 1622 656 ipsi
1659 615 1837 656 quoque
1874 605 1918 644 ό-

1086 660 1203 701 1111113
1216 659 1353 702 verba
1373 665 1417 701 et
1435 659 1551 701 facta
1565 660 1745 701 Domini
1763 673 1815 702 36
1829 660 1917 702 Sal-

1086 717 1253 759 vatoris
1281 716 1420 758 1108111
1451 716 1540 757 fixa
1571 717 1615 757 in
1649 715 1784 758 corde
1817 729 1919 758 con-

1086 773 1319 815 servando.

1138 833 1189 883 R.
1217 831 1361 882 Aquae
1388 829 1539 871 multae
1566 841 1655 870 non
1681 831 1919 882 potuerunt

1088 888 1367 937 exstinguere
1408 886 1652 928 caritatem:
1698 890 1720 914 *
1761 885 1919 939 Neque

1087 943 1266 984 flumina
1290 942 1479 984 obruent
1499 955 1607 984 eam.
1640 939 1691 991 W.
1717 942 1763 984 Si
1788 941 1917 984 dede-

1087 999 1143 1041 rit
1168 999 1302 1041 homo
1327 1012 1503 1041 ornnem
1528 998 1818 1041 substantiam
1843 999 1918 1041 do-

1086 1069 1183 1098 mus
1199 1069 1291 1097 suae
1306 1068 1389 1109 pro
1406 1055 1651 1106 (11166110116,
1672 1056 1796 1108 quasi
1813 1055 1920 1097 nihil

1087 1113 1304 1166 despiciet
1325 1125 1433 1154 eam.
1459 1112 1629 1164 Neque.

1372 1173 1525 1214 Lectio
1546 1173 1632 1213 viii.

1089 1224 1310 1330 Horum
1359 1225 1539 1266 Domini
1588 1225 1825 1267 verborum
1876 1229 1920 1267 et

1207 1284 1409 1323 actorum
1440 1282 1726 1325 meditatione
1763 1281 1920 1323 diurna

1087 1343 1131 1380 61
1165 1342 1383 1380 nocturna
1415 1339 1695 1391 importunos
1726 1338 1920 1380 inanium

1085 1395 1429 1448 nocentiumque
1449 1396 1767 1447 cogitationum
1781 1395 1919 1448 repel-

1085 1451 1227 1493 lamus
1247 1451 1468 1493 incursus:
1486 1452 1646 1494 horum
1661 1452 1816 1494 crebra
1831 1451 1918 1494 col-

1085 1508 1248 1550 13110116
1269 1513 1313 1550 61
1331 1521 1413 1550 1108
1433 1514 1477 1551 61
1494 1509 1723 1561 proximos
1741 1513 1919 1550 nostros

1086 1578 1112 1606 a
1136 1565 1297 1607 fabulis
1324 1565 1611 1618 supervacuis
1632 1570 1675 1607 et
1693 1565 1807 1607 male
1827 1564 1918 1607 dul-

1087 1622 1250 1664 coratis
1266 1620 1590 1664 detractiOnum
1604 1622 1836 1674 colloquiis
1852 1635 1919 1664 ca-

1086 1679 1264 1730 stigare,
1293 1684 1426 1732 atque
1451 1679 1509 1721 ad
1533 1678 1694 1721 divinae
1717 1679 1918 1730 frequen-

1085 1736 1191 1777 tiam
1217 1735 1360 1777 laudis
1386 1735 1628 1778 accendere
1655 1737 1869 1777 curemus.
1891 1739 1916 1789 3

1084 1792 1130 1833 Si
1149 1792 1276 1843 enim,
1300 1792 1458 1834 fratres
1479 1793 1704 1842 carissimi,
1721 1792 1765 1832 in
1784 1792 1918 1834 futuri

1084 1848 1357 1891 beatitudine
1382 1849 1534 1891 sa'eculi
1557 1849 1758 1891 habitare
1775 1848 1821 1889 in
1841 1847 1916 1890 do-

1084 1919 1158 1947 mo
1174 1906 1362 1956 Domini,
1383 1919 1435 1948 ac
1454 1908 1672 1959 perpetuo
1688 1905 1810 1947 illum
1828 1905 1917 1947 1311-

1086 1962 1192 2004 dare
1225 1962 1546 2013 desideramus,
1583 1964 1764 2016 oportet
1796 1962 1917 2003 nimi-

1085 2032 1181 2060 rum
1205 2020 1310 2061 etin
1329 2019 1414 2062 hoc
1440 2020 1617 2070 sa'eculo,
1645 2019 1765 2071 quod
1788 2019 1832 2060 in
1854 2019 1916 2060 fu·

1084 2080 1185 2118 turo
1211 2079 1472 2129 quaeramus,
1496 2076 1683 2118 sollicite
1702 2089 1917 2129 praemon-

1085 2135 1294 2174 stremus:
1344 2133 1667 2186 frequentando
1712 2133 1919 2175 videlicet

1086 2190 1298 2232 Ecclesiae
1323 2191 1488 2241 limina,
1517 2196 1561 2233 et
1588 2204 1676 2232 non
1705 2190 1847 2232 solum
1874 2190 1917 2231 in

1087 2260 1138 2288 ea
1164 2247 1318 2288 laudes
1336 2248 1517 2289 Domini
1540 2247 1750 2297 canendo,
1775 2246 1855 2288 sed
1874 2252 1918 2288 et

1085 2304 1128 2344 in
1148 2304 1266 2345 omni
1291 2304 1391 2345 loco
1413 2303 1724 2346 dominationis
1743 2304 1835 2354 ejus
1855 2316 1917 2353 63,

1087 2373 1186 2412 quae
1215 2360 1272 2402 ad
1299 2360 1476 2402 laudem
1503 2361 1778 2412 gloriamque
1807 2360 1916 2401 Con-

1086 2416 1244 2458 ditoris
1263 2418 1405 2459 nostri
1421 2417 1665 2470 proficiant,
1684 2416 1830 2457 verbis
1845 2419 1917 2469 pa-

1086 2474 1190 2515 riter
1210 2487 1262 2515 36
1281 2474 1408 2515 factis
1428 2473 1715 2516 ostendendo.

1141 2532 1190 2582 Rz.
1209 2531 1396 2583 Spiritus
1420 2543 1544 2572 meus
1568 2543 1702 2582 super
1720 2530 1807 2571 mel
1827 2529 1917 2572 dul-

1087 2587 1160 2636 cis,
1182 2592 1226 2629 et
1243 2586 1480 2629 haereditas
1499 2599 1597 2628 mea
1615 2599 1749 2639 super
1767 2586 1854 2628 mel
1874 2591 1917 2628 et

1087 2644 1246 2685 favum.
1281 2644 1365 2694 Qui
1388 2643 1509 2685 audit
1527 2656 1608 2692 me,
1632 2656 1719 2684 non
1740 2643 1916 2685 confun-

1087 2699 1231 2741 detur:
1262 2700 1284 2723 *
1312 2701 1367 2741 Et
1399 2700 1472 2752 qui
1498 2702 1737 2752 operantur
1764 2700 1807 2740 in
1835 2712 1916 2749 me,
