2040 2944
682 187 754 221 Die
778 188 830 222 233.
857 188 936 223 Oct.
984 189 1039 223 Ss.
1066 189 1349 233 Redemptoris.

161 256 338 333 jifstum,
366 281 559 334 populus
582 294 707 322 meus
731 281 804 323 lex
828 295 927 323 mea
953 282 997 323 in

162 336 298 378 corde
319 339 488 378 eorum:
506 337 642 378 nolite
658 338 814 379 timere
835 341 996 391 oppro-

160 393 304 435 brium
336 393 580 444 hominum,
618 399 662 435 et
699 394 996 447 blasphemias

161 452 315 492 eorum
334 463 389 492 ne
408 450 627 492 metuatis.
654 450 776 493 Sicut
795 451 911 492 enim
925 465 995 493 ve-

161 506 432 556 stimentum,
466 507 530 560 sic
562 507 768 549 comedet
797 521 874 550 eos
901 521 994 550 ver-

159 563 258 604 mis:
283 568 327 605 et
354 563 468 605 sicut
487 563 648 614 lanam,
674 564 737 605 sic
763 564 996 607 devorabit

160 632 238 661 eos
256 622 389 662 tinea:
408 620 534 661 Salus
553 626 700 662 autem
714 635 812 663 mea
826 622 870 662 in
885 635 993 664 sem-

158 676 380 728 piternum
413 676 511 726 erit,
548 682 592 718 et
626 678 790 729 justitia
821 692 920 720 mea
950 680 995 720 in

158 733 465 783 generationes
492 735 837 784 generationum.

208 791 261 843 Rz.
281 790 446 842 Aspice
471 790 661 832 D6mine
687 790 742 832 de
769 791 875 834 sede
899 806 993 834 san-

159 850 230 888 eta
248 851 334 897 tua,
359 851 403 888 et
426 847 572 898 cogita
591 847 647 888 de
666 847 810 889 nobis:
833 849 994 891 inclina

157 902 281 944 Deus
308 916 433 945 meus
460 916 611 945 aurem
638 909 775 955 tuam,
808 911 851 947 et
880 906 993 948 audi.

154 962 177 987 *
201 959 339 1013 Aperi
363 960 518 1002 oculos
536 965 649 1010 tuOS,
674 966 718 1003 et
737 962 839 1003 vide
858 963 992 1004 tribu-

156 1015 367 1058 lationem
403 1022 611 1058 nostram.
662 1015 714 1067 V.
754 1019 839 1069 Qui
875 1020 992 1071 regis

155 1072 310 1122 Israel,
338 1072 532 1123 intende,
562 1074 636 1126 qui
662 1073 846 1116 deducis
873 1075 994 1117 velut

158 1141 288 1171 ovem
306 1130 331 1170 J
333 1130 485 1182 oseph.
512 1130 662 1183 Aperi.

455 1190 609 1232 Lectio
630 1191 685 1231 iii.

230 1246 431 1294 onsurge‚
456 1247 684 1296 consurge,
703 1243 887 1287 induere
906 1246 990 1287 for·
1049 1249 1062 1276 ³'=

259 1300 494 1342 titudinem
530 1300 760 1342 brachium
793 1302 990 1343 Domini:

157 1359 374 1407 consurge
399 1357 513 1399 sieut
538 1358 582 1398 in
607 1357 763 1399 diebus
789 1360 991 1411 antiquis,

155 1412 200 1452 in
210 1413 569 1463 generationibus
577 1414 853 1456 saeculorum.
864 1415 991 1457 Num-

157 1468 263 1521 quid
281 1482 369 1511 non
388 1475 437 1511 tu
459 1471 718 1523 percussisti
740 1472 989 1524 superbum,

154 1525 399 1568 vulnerasti
443 1526 708 1569 dracc'mem?
763 1528 990 1581 Numquid

154 1595 244 1624 non
262 1588 311 1625 tu
334 1583 510 1626 siccasti
528 1597 660 1635 mare,
685 1597 845 1636 aquam
864 1585 988 1638 abys-

155 1639 192 1680 si
205 1639 496 1682 vehementis:
515 1641 590 1692 qui
606 1642 796 1694 posuisti
811 1642 988 1694 profun-

155 1694 260 1737 dum
287 1697 420 1738 maris
445 1697 577 1747 viam,
605 1702 654 1739 ut
677 1700 915 1739 transirent
941 1698 988 1739 li-

154 1751 320 1794 berati?
348 1755 405 1795 Et
418 1767 545 1804 nunc,
566 1754 640 1806 qui
654 1754 872 1807 redempti
887 1759 988 1796 sunt

154 1822 179 1850 a
202 1809 406 1861 Domino,
430 1812 717 1861 revertentur,
745 1816 789 1852 et
812 1812 987 1853 venient

153 1865 197 1906 in
213 1866 318 1908 Sion
335 1866 580 1917 laudantes,
600 1872 644 1909 et
662 1867 814 1909 laetitia
830 1868 987 1920 sempi—

152 1923 278 1963 terna
315 1936 450 1977 super
486 1924 634 1976 capita
671 1926 842 1974 eorum,
885 1927 985 1975 gau-

154 1978 275 2019 dium
299 1984 343 2021 et
368 1979 569 2022 laetitiam
593 1979 822 2029 tenebunt,
848 1980 988 2031 fugiet

154 2033 284 2076 dolor
317 2040 361 2077 et
388 2037 589 2087 gemitus.
634 2037 747 2088 Ego,
779 2049 862 2088 ego
890 2037 986 2089 ipse

153 2091 420 2133 consolabor
445 2106 542 2134 vos:
572 2093 671 2145 quis
697 2098 760 2143 tu,
788 2098 838 2134 ut
865 2093 985 2134 time-

152 2160 222 2188 res
255 2147 311 2188 ab
338 2147 515 2190 hdmine
542 2149 736 2199 mortali,
769 2154 814 2190 et
840 2162 865 2190 a
893 2149 985 2190 filio

152 2203 352 2253 hdminis,
379 2205 454 2256 qui
479 2206 604 2258 quasi
628 2206 794 2247 foenum
814 2206 876 2247 ita
895 2207 984 2246 are-

151 2260 268 2302 scet?
305 2260 364 2301 Et
388 2260 551 2303 oblitus
574 2275 621 2303 es
646 2262 825 2303 D6mini
850 2262 984 2303 facto-

152 2316 212 2357 ris
229 2316 310 2366 tui,
336 2317 411 2369 qui
436 2318 623 2360 tetendit
649 2318 804 2367 coelos,
831 2323 874 2359 et
893 2318 983 2358 fun-

152 2371 274 2413 davit
291 2378 471 2414 terram:
496 2379 539 2415 et
565 2373 810 2415 formidasti
828 2374 984 2426 jugiter

149 2432 245 2469 tota
269 2428 340 2470 die
359 2442 384 2470 a
407 2430 519 2471 facie
538 2430 698 2472 fur6ris
718 2431 820 2482 ejus,
846 2430 921 2482 qui
939 2435 983 2471 te

149 2484 405 2535 tribulabat,
443 2491 487 2528 et
522 2489 758 2540 paraverat
794 2485 851 2527 ad
887 2498 982 2538 per-

151 2539 358 2582 dendum:
382 2542 459 2583 ubi
482 2556 597 2584 nunc
623 2548 691 2584 est
708 2543 829 2583 furor
847 2541 981 2583 tribu-

148 2595 304 2638 lantis?
361 2599 459 2640 Cito
501 2599 647 2640 veniet
685 2597 890 2650 gradiens
925 2597 983 2638 ad

149 2653 452 2704 aperiendum,
479 2660 522 2697 et
546 2668 633 2696 non
656 2654 889 2695 interficiet
913 2666 981 2694 us-

150 2721 235 2760 que
254 2709 312 2752 ad
330 2710 686 2760 internecionem,
705 2722 786 2751 nec
805 2708 982 2750 deficiet

1047 285 1174 336 panis
1194 286 1296 337 ejus.
1328 286 1424 338 Ego
1450 290 1596 328 autem
1615 300 1712 328 sum
1730 288 1878 329 Domi-

1047 354 1128 381 nus
1147 341 1269 383 Deus
1288 347 1400 383 tuus.

1100 407 1152 457 R.
1175 407 1314 457 Deus,
1343 407 1418 460 qui
1443 408 1572 450 sedes
1600 422 1733 462 super
1759 409 1878 451 thro-

1046 476 1169 512 num,
1203 469 1246 505 et
1274 463 1441 515 judicas
1470 465 1744 516 aequitatem,
1781 471 1877 507 esto

1046 519 1261 570 refugium
1289 523 1534 572 pauperum
1562 521 1606 561 in
1633 522 1877 563 tribulatio-

1046 589 1115 617 ne:
1135 576 1157 601 *
1176 576 1287 626 Quia
1306 582 1354 618 tu
1374 577 1494 618 solus
1514 577 1721 628 laberem,
1742 583 1786 620 et
1802 578 1876 619 do-

1045 632 1186 673 lorem
1218 632 1483 674 consideras.
1538 630 1589 680 V.
1624 634 1724 675 Tibi
1762 635 1878 675 enim

1046 687 1280 731 derelictus
1314 694 1380 730 est
1408 702 1595 742 pauper,
1628 690 1797 743 pupillo
1828 696 1878 732 tu

1046 745 1131 787 eris
1166 745 1350 797 adjutor.
1396 745 1517 796 Quia.
1562 746 1713 788 Gloria
1744 747 1876 791 Patri.

1046 802 1167 852 Quia.

1272 886 1321 924 In
1348 887 1398 926 ΙΙ.
1427 888 1650 928 Nocturno.

1102 954 1202 994 Ant.
1235 953 1516 1007 Suscepimus
1552 957 1674 999 Deus
1710 959 1873 1000 miseri-

1045 1009 1241 1052 cordiam
1259 1015 1380 1052 tuam
1398 1012 1442 1052 in
1462 1013 1608 1054 medio
1628 1015 1781 1067 templi
1800 1016 1874 1056 tui.

1322 1087 1521 1127 Psalmus
1542 1089 1599 1127 19.

1050 1154 1133 1203 523..
1155 1150 1344 1191 xaudiat
1361 1156 1405 1192 te
1418 1151 1633 1193 D6minus
1652 1153 1695 1194 in
1712 1152 1781 1195 die
1801 1154 1872 1195 tri-

1049 1207 1063 1228 ³³
1086 1200 1152 1253 ἓξὲξ
1180 1206 1430 1248 bulationis:
1454 1210 1477 1234 *
1501 1211 1706 1260 prdtegat
1730 1215 1773 1251 te
1797 1223 1871 1252 no-

1179 1276 1279 1304 men
1298 1263 1382 1304 Dei
1400 1263 1549 1306 Jacob.

1094 1323 1239 1366 Mittat
1257 1323 1337 1365 tibi
1356 1324 1562 1365 auxilium
1583 1325 1638 1366 de
1658 1330 1824 1367 sancto:
1849 1326 1873 1352 *

1044 1383 1087 1420 et
1106 1379 1162 1420 de
1181 1380 1286 1421 Sion
1304 1382 1478 1422 tueatur
1497 1387 1552 1422 te.

1093 1441 1264 1483 Memor
1287 1442 1343 1483 sit
1363 1442 1502 1483 omnis
1527 1442 1728 1483 sacrificii
1748 1444 1825 1484 tui:
1849 1445 1872 1470 *

1043 1502 1087 1539 et
1105 1497 1412 1540 holocaustum
1430 1503 1553 1540 tuum
1571 1499 1732 1550 pingue
1751 1499 1838 1541 fiat.

1093 1558 1279 1600 Tribuat
1293 1558 1373 1599 tibi
1389 1558 1631 1599 secundum
1645 1571 1721 1599 cor
1736 1564 1872 1600 tuum:

1041 1615 1065 1641 *
1102 1619 1147 1656 et
1182 1627 1311 1656 omne
1349 1615 1577 1656 consilium
1615 1619 1737 1656 tuum
1773 1629 1872 1657 con-

1040 1671 1195 1712 firmet.

1092 1731 1361 1773 Laetabimur
1386 1731 1430 1771 in
1456 1731 1635 1772 salutari
1659 1735 1751 1772 tuo:
1779 1731 1803 1756 *
1828 1736 1872 1772 et

1041 1788 1084 1828 in
1110 1788 1285 1829 ndmine
1303 1787 1387 1828 Dei
1414 1787 1553 1829 nostri
1576 1786 1870 1837 magnificabi-

1040 1857 1148 1885 mur.

1063 1937 1066 1939 .
1092 1904 1280 1957 Impleat
1293 1904 1509 1945 D6minus
1530 1915 1682 1944 omnes
1697 1903 1869 1955 petitio-

1039 1975 1117 2003 nes
1136 1967 1250 2003 tuas:
1274 1961 1298 1986 *
1321 1973 1435 2001 nunc
1455 1960 1643 2010 cognovi
1664 1959 1870 2011 quomam

1040 2018 1209 2059 salvum
1227 2017 1332 2059 fecit
1350 2017 1446 2057 Dfis
1465 2016 1686 2057 Christum
1706 2029 1842 2056 suum.

1089 2076 1309 2119 Exaudiet
1336 2077 1456 2118 illum
1485 2076 1540 2117 de
1569 2076 1683 2116 coelo
1715 2080 1866 2116 sancto

1039 2148 1135 2175 suo:
1163 2136 1187 2160 *
1214 2134 1258 2174 in
1286 2131 1589 2186 potentatibus
1617 2131 1734 2172 salus
1764 2131 1866 2172 dex-

1037 2195 1144 2232 terae
1164 2191 1266 2242 ejus.

1089 2252 1148 2291 Hi
1171 2251 1215 2291 ih
1238 2249 1454 2298 curribus,
1479 2253 1522 2290 et
1544 2247 1589 2288 hi
1611 2249 1655 2289 in
1679 2248 1819 2300 equis:
1842 2249 1866 2274 *

1036 2320 1117 2348 nos
1145 2311 1291 2348 autem
1318 2305 1362 2345 in
1389 2305 1563 2345 ndmine
1586 2304 1764 2345 D6mini
1781 2303 1866 2345 Dei

1036 2363 1175 2404 nostri
1194 2361 1508 2402 invocabimus.

1087 2423 1179 2475 Ipsi
1201 2421 1383 2471 obligati
1401 2426 1512 2470 sunt,
1535 2426 1579 2461 et
1600 2419 1864 2461 ceciderunt:

1035 2480 1059 2506 *
1086 2491 1167 2520 nos
1192 2482 1338 2519 autem
1366 2477 1634 2517 surreximus
1662 2481 1706 2517 et
1731 2474 1864 2516 erecti

1036 2548 1196 2576 sumus.

1086 2595 1274 2636 DOmine
1299 2592 1467 2634 salvum
1490 2592 1560 2633 fac
1585 2604 1746 2642 regem:
1771 2591 1794 2616 *
1817 2593 1862 2629 et

1035 2651 1194 2693 exaudi
1216 2662 1297 2690 nos
1319 2649 1363 2689 in
1383 2648 1464 2699 die,
1488 2661 1574 2700 qua
1596 2644 1860 2688 invocaveri-

1034 2721 1131 2748 mus
1150 2712 1204 2748 te.
