2040 2944
408 151 478 183 Die
501 150 531 184 7.
557 150 655 184 Nov.
705 150 877 192 Septima
904 150 966 183 die
993 149 1090 183 infra
1117 149 1196 184 Oct.
1223 149 1403 184 Omnium
1427 151 1664 186 Sanctorum.

179 248 478 291 conditionem
511 259 597 297 qua
630 246 871 287 accessisti:
905 245 1012 286 mili-

178 306 285 347 tiam
305 305 374 345 cui
394 315 555 344 nomen
578 301 751 343 dedisti.

232 372 279 422 Ιᾷ.
309 368 458 410 Sancti
476 367 574 409 mei.
593 367 689 408 396.

393 458 441 496 In
470 459 540 497 ΙΙΙ.
570 458 793 497 Nocturno.

179 524 334 566 Lectio
358 523 498 564 sancti
516 521 742 573 Evangelii
767 521 1012 563 secundum

460 578 731 620 Matthaeum.

256 647 408 688 Lectio
431 648 497 688 vii.
775 648 880 699 Cap.
896 648 933 687 5.

225 724 253 751 n
293 710 369 752 illo
411 711 630 762 tempore:
676 707 847 750 Videns
884 709 908 749 J
911 720 1012 749 esus

242 767 413 816 turbas,
442 766 640 808 ascendit
663 766 706 806 in
729 770 941 814 montem,
970 769 1014 805 et

179 837 279 866 eum
299 823 505 872 sedisset,
530 823 814 864 accesserunt
838 821 895 862 ad
913 833 1013 862 eum

180 880 385 933 discipuli
406 881 508 931 ejus.
537 879 594 920 Et
612 878 792 930 reliqua.

252 966 317 1005 De
336 961 531 1004 Homilia
549 961 690 1002 sancti
709 959 944 1012 Augustini

485 1017 709 1070 Episcopi.

252 1086 310 1119 Ex
335 1085 416 1119 Lib.
445 1085 471 1118 1.
498 1085 545 1118 de
572 1084 755 1119 Sermone
781 1085 938 1120 Domini

402 1133 439 1166 in
465 1137 604 1167 monte.
644 1133 737 1175 Cap.
762 1134 791 1166 4.

190 1209 228 1254 μὴ,
252 1209 331 1254 s
351 1195 494 1247 primo
516 1194 674 1245 gradu,
701 1194 814 1235 sicut
839 1196 1013 1247 oporte-

190 1255 229 1311 ᾗ)
252 1250 291 1306 ῑέᾓ
320 1251 408 1302 bat,
423 1251 618 1303 pesitum
639 1255 707 1292 est
726 1263 909 1302 regnum
929 1263 1012 1292 coe-

198 1304 292 1334 42'*
320 1309 481 1357 lorum,
529 1307 651 1359 quod
697 1312 763 1349 est
805 1307 1015 1360 perfectae

181 1367 454 1417 summaeque
492 1364 721 1417 sapientiae
760 1364 917 1404 animae
950 1376 1014 1404 ra-

180 1422 367 1464 tionalis.
421 1421 494 1463 Sic
533 1422 684 1472 itaque
726 1419 892 1461 dictum
933 1425 1015 1461 est:

180 1479 308 1521 Beati
339 1481 561 1531 pauperes
594 1477 765 1529 spiritu:
806 1476 1015 1528 quoniam

179 1536 378 1588 ipserum
395 1540 462 1576 est
475 1547 657 1585 regnum
673 1533 902 1582 coelerum3
916 1537 1017 1574 tam—

182 1605 314 1644 quam
334 1591 570 1634 diceretur:
588 1590 767 1631 Initium
787 1589 1015 1642 sapientiae

181 1649 312 1691 timor
340 1648 528 1690 Domini.
568 1646 749 1688 Mitibus
776 1645 1015 1688 haereditas

182 1705 285 1747 data
322 1710 404 1754 est,
439 1710 666 1756 tamquam
702 1704 1015 1744 testamentum

182 1762 319 1814 patris
357 1775 457 1803 cum
494 1761 661 1813 pietate
705 1759 1015 1812 quaerentibus.

181 1819 308 1860 Beati
327 1819 470 1860 mites:
496 1817 703 1869 quoniam
726 1817 812 1869 ipsi
830 1815 1014 1858 haeredi-

182 1877 273 1916 tate
292 1874 586 1927 possidebunt
604 1878 778 1915 terram.
811 1873 1015 1924 Lugenti·

182 1931 265 1973 bus
295 1930 556 1980 consolatio,
590 1935 817 1981 tamquam
845 1929 1015 1971 scienti-

183 1988 265 2029 bus
286 1986 393 2039 quid
412 1986 648 2036 amiserint,
668 1992 712 2028 et
732 1986 892 2038 quibus
906 1998 1015 2027 mer-

185 2044 221 2085 si
258 2049 370 2085 sunt.
421 2043 549 2084 Beati
587 2043 663 2095 qui
699 2043 851 2094 lugent
887 2055 1016 2084 nunc:

185 2100 392 2151 quoniam
411 2100 498 2153 ipsi
518 2099 875 2141 consolabuntur.
909 2100 1015 2140 Esu-

185 2156 396 2198 rientibus
430 2162 474 2198 et
506 2155 755 2198 sitientibus
794 2156 1017 2206 saturitaS,

184 2218 409 2265 tamquam
471 2213 653 2254 refectio
715 2212 1018 2254 laborantibus

186 2269 444 2321 fortiterque
459 2268 730 2311 certantibus
747 2267 804 2310 ad
817 2269 1018 2311 salutem.

187 2325 313 2367 Beati
340 2327 415 2377 qui
441 2326 638 2367 esuriunt
663 2330 707 2367 et
730 2325 882 2367 sitiunt
901 2326 1026 2377 justi-.

185 2381 301 2431 tiam,
321 2382 528 2433 quoniam
546 2382 631 2435 ipsi
650 2381 976 2424 saturabuntur.

239 2447 288 2498 R».
326 2446 419 2488 Sint
452 2441 590 2489 lumbi
618 2448 753 2489 vestri
780 2448 1019 2500 praecincti,

187 2508 231 2544 et
268 2502 458 2545 lucernae
497 2502 702 2545 ardentes
738 2504 782 2544 in
817 2503 1019 2545 manibus

187 2559 360 2600 vestris:
375 2560 397 2582 ²⁸¹
413 2559 470 2600 Et
489 2572 569 2600 vos
590 2560 753 2602 similes
770 2559 1020 2602 hominibus

188 2614 548 2668 exspectantibus
600 2615 826 2657 deminum
876 2629 1020 2665 suum,

189 2671 367 2724 quando
383 2674 627 2713 revertatur
647 2685 671 2713 a
686 2672 860 2725 nuptiis.
885 2664 935 2716 V.
954 2672 1022 2713 Vi-

1065 243 1199 292 gilate
1218 255 1335 294 ergo,
1363 242 1466 294 quia
1484 243 1663 285 nescitis
1683 255 1770 295 qua
1787 241 1899 284 hora

1066 300 1282 342 Dominus
1308 304 1455 341 vester
1482 302 1692 341 venturus
1721 299 1787 341 sit.
1832 299 1898 340 Et.

1355 358 1507 400 Lectio
1528 359 1611 399 viii.

1175 411 1490 454 isericerdibus
1578 411 1899 462 misericordia,

1200 474 1426 520 tamquam
1478 480 1584 510 vero
1635 473 1679 510 et
1729 468 1899 521 eptimo

1066 526 1251 568 consilio
1276 524 1516 574 utentibus,
1545 529 1594 566 ut
1619 524 1707 566 hoc
1735 525 1798 566 eis
1827 537 1898 566 ex-

1065 582 1269 624 hibeatur
1294 595 1320 623 a
1345 581 1613 634 potentiore,
1642 579 1765 633 quod
1782 581 1900 622 inva-

1066 638 1298 680 lidioribus
1318 638 1404 691 ipsi
1424 637 1643 679 exhibent.
1676 637 1806 679 Beati
1824 637 1899 678 mi-

1067 694 1332 736 sericordes:
1362 695 1571 746 quoniam
1598 694 1797 746 ipserum
1823 693 1899 734 mi-

1067 750 1284 793 serebitur
1308 751 1441 792 Deus.
1478 749 1655 792 Mundis
1681 749 1819 791 corde
1843 749 1900 790 fa·

1068 807 1209 849 cultas
1230 811 1297 848 est
1310 806 1489 848 videndi
1502 806 1658 856 Deum,
1676 810 1902 858 tamquam

1068 876 1227 916 purum
1253 862 1430 904 oculum
1457 862 1514 904 ad
1536 861 1821 914 intelligenda
1846 875 1901 903 ae-

1067 921 1194 961 terna
1240 918 1504 970 gerentibus.
1564 918 1692 960 Beati
1735 917 1901 960 mundo

1069 975 1221 1017 corde:
1256 975 1464 1027 quoniam
1495 975 1581 1027 ipsi
1608 974 1754 1016 Deum
1784 973 1901 1016 vide-

1067 1031 1188 1074 bunt.
1220 1031 1423 1073 Pacificis
1448 1031 1533 1073 Dei
1557 1029 1799 1072 similitudo
1824 1036 1902 1077 est,

1067 1093 1294 1140 tamquam
1307 1087 1503 1140 perfecte
1519 1086 1802 1140 sapientibuS,
1818 1086 1901 1128 for-

1067 1147 1286 1197 matisque
1329 1143 1387 1185 ad
1426 1144 1662 1195 imaginem
1700 1143 1784 1184 Dei
1822 1155 1903 1195 per

1069 1201 1447 1252 regenerationem
1475 1200 1676 1242 renovati
1702 1199 1903 1241 hominis.

1069 1258 1197 1299 Beati
1229 1257 1417 1310 pacifici:
1467 1257 1674 1309 quoniam
1709 1256 1795 1308 ipsi
1825 1255 1903 1296 filii

1068 1315 1151 1356 Dei
1169 1314 1455 1356 vocabuntur.
1482 1314 1540 1356 Et
1558 1314 1643 1356 ista
1663 1312 1842 1364 quidem
1859 1312 1903 1353 in

1068 1371 1152 1413 hac
1183 1372 1274 1413 vita
1306 1376 1494 1424 possunt
1527 1369 1759 1422 compleri,
1791 1369 1904 1411 sicut

1069 1427 1291 1480 completa
1317 1440 1416 1469 esse
1442 1427 1485 1468 in
1510 1425 1741 1479 Apostolis
1767 1425 1903 1468 credi-

1067 1497 1176 1526 mus.
1203 1484 1319 1525 Nam
1337 1483 1412 1525 illa
1432 1482 1685 1525 omnimoda
1705 1486 1749 1524 et
1767 1482 1812 1523 in
1831 1494 1902 1522 an-

1068 1541 1254 1592 gelicam
1268 1541 1455 1582 formam
1469 1539 1668 1589 mutatio,
1686 1551 1785 1590 quae
1799 1544 1904 1591 post

1067 1597 1181 1639 hanc
1199 1597 1335 1639 vitam
1353 1596 1640 1649 promittitur,
1659 1594 1790 1637 nullis
1810 1607 1903 1637 ver-

1067 1654 1136 1696 bis
1157 1654 1320 1706 expeni
1338 1658 1499 1706 potest.

1123 1713 1173 1763 R».
1211 1710 1358 1751 Media
1393 1715 1524 1752 nocte
1561 1709 1728 1751 clamor
1759 1707 1902 1750 factus

1069 1773 1152 1810 est:
1183 1770 1205 1793 *
1241 1767 1358 1808 Ecce
1391 1779 1581 1819 sponsus
1612 1765 1749 1814 venit,
1786 1766 1902 1806 exite

1070 1825 1246 1866 Obviam
1271 1824 1321 1865 ei.
1358 1819 1407 1871 Y.
1431 1823 1677 1865 Prudentes
1694 1821 1902 1872 Virgines

1069 1883 1221 1934 aptate
1258 1886 1432 1922 vestras
1473 1878 1714 1932 lampades.
1775 1878 1902 1920 Ecce.

1071 1938 1223 1979 Gleria
1243 1938 1374 1980 Patri.
1401 1938 1529 1979 Ecce.

1374 1991 1530 2032 Lectio
1549 1991 1604 2031 ix.

1071 2046 1244 2151 Beati
1277 2063 1401 2102 ergo,
1441 2050 1516 2102 qui
1547 2049 1902 2102 persecutienem

1173 2108 1400 2161 patiuntur
1448 2111 1634 2160 propter
1680 2105 1903 2157 justitiam:

1072 2164 1280 2217 queniam
1304 2164 1505 2216 ipserum
1529 2167 1596 2204 est
1615 2174 1798 2213 regnum
1817 2173 1902 2202 coe-

1070 2221 1224 2263 lorum.
1252 2221 1364 2262 Haec
1387 2222 1544 2262 octava
1557 2218 1784 2267 sententia,
1804 2231 1904 2270 quae

1071 2277 1129 2319 ad
1153 2282 1286 2329 caput
1311 2277 1444 2326 redit,
1471 2275 1805 2328 perfectumque
1828 2273 1903 2316 he-

1071 2333 1234 2375 minem
1266 2332 1478 2382 declarat,
1517 2330 1787 2382 significatur
1819 2331 1903 2372 for-

1071 2392 1191 2432 tasse
1218 2394 1263 2431 et
1289 2387 1620 2431 circumcisiOne
1646 2388 1806 2428 octava
1834 2386 1906 2428 die

1071 2446 1116 2487 in
1153 2446 1291 2487 veteri
1324 2445 1606 2493 testament03
1647 2447 1691 2484 et
1727 2443 1906 2484 Demini

1074 2502 1395 2544 resurrectione
1419 2506 1524 2554 post
1550 2499 1801 2549 sabbatum,
1831 2499 1906 2551 qui

1074 2564 1141 2601 est
1168 2559 1321 2610 utique
1351 2559 1554 2606 octavus,
1586 2555 1793 2608 idemque
1820 2556 1905 2608 pri-

1073 2628 1170 2657 mus
1197 2614 1308 2663 dies;
1339 2619 1383 2656 et
1408 2612 1705 2655 celebratic'me
1730 2614 1904 2654 octava-

1074 2685 1171 2713 rum
1202 2670 1425 2720 feriarum,
1466 2682 1574 2722 quas
1606 2669 1649 2710 in
1680 2680 1906 2720 regenera-
