2040 2944
175 180 265 224 [226]

489 180 665 213 Officium
691 180 865 213 votivum
891 179 937 212 dc
963 179 1018 213 Ss.

1042 179 1297 212 Eucharistiae
1323 179 1582 213 Sacramento.

227 277 285 318 Et
321 276 466 317 dimisi
502 287 580 316 eos
616 273 858 315 secundum
895 272 1006 315 desi-

176 333 297 374 deria
319 331 465 373 cordis
491 333 655 380 eorum,
678 330 702 356 *
726 329 851 371 ibunt
871 330 914 370 in
934 329 1007 371 ad-

176 387 498 430 inventicnibus
521 387 621 428 suis.

227 445 272 486 Si
296 444 487 497 populus
511 456 635 484 meus
660 442 856 484 audisset
874 455 959 484 me:
983 445 1006 469 *

177 501 313 542 Israel
333 501 369 541 si
388 501 431 541 in
451 500 533 541 viis
552 500 662 541 meis
682 499 967 540 ambulasset:

228 558 314 598 Pro
341 557 477 598 nihilo
502 556 686 597 f6rsitan
711 556 912 596 inimicos
937 557 1006 596 eo-

175 626 271 654 rum
286 613 602 654 humiliassem:
621 613 644 638 *
665 617 708 653 et
723 625 856 664 super
871 611 1006 653 tribu-

175 669 317 711 lantes
335 682 412 711 eos
429 669 649 710 misissem
662 682 839 709 manum
853 681 1008 709 meam.

227 726 397 767 Inimici
421 726 601 767 D6mini
625 725 798 767 mentiti
827 730 927 766 sunt
953 725 1008 765 ei:

175 786 199 809 *
219 787 263 823 et
284 782 367 823 erit
391 787 568 834 tempus
593 783 746 822 ectum
769 781 813 821 in
835 780 1008 822 saecula.

228 839 284 880 Et
299 838 464 880 cibavit
478 851 556 880 eos
571 851 627 880 ex
643 837 775 890 adipe
789 837 1009 878 frumenti:

176 896 199 921 *
220 899 263 936 et
284 895 339 936 de
359 900 502 947 petra,
526 894 656 936 melle
682 894 897 935 saturavit
921 906 1009 935 eos.

228 953 327 992 Ant.
366 951 543 992 (libavit
578 963 660 992 nos
698 950 917 991 Dominus
956 963 1009 991 ex

177 1006 307 1059 eidipe
327 1007 547 1049 frumenti:
574 1012 618 1048 et
637 1006 693 1049 de
712 1012 855 1059 petra,
880 1006 1009 1047 melle

177 1064 391 1105 saturavit
409 1076 500 1105 nos.

227 1120 326 1160 Ant.
355 1121 423 1160 Ex
443 1121 569 1162 altari
587 1125 676 1162 tuo.

447 1175 648 1215 Psalmus
678 1175 743 1213 83.

262 1245 363 1273 uam
407 1233 568 1274 dilecta
609 1232 895 1274 tabernacula
935 1237 1011 1274 tua

285 1290 475 1330 DOmine
501 1290 728 1330 virtutum:
755 1289 779 1314 *
807 1291 1010 1341 concupi-

178 1345 276 1394 scit,
303 1350 347 1386 et
371 1345 519 1387 deficit
543 1345 688 1386 anima
710 1357 809 1386 mea
832 1345 877 1385 in
901 1345 1012 1386 atria

177 1402 367 1442 Domini.

234 1458 321 1499 Cor
339 1470 501 1506 meum,
521 1462 565 1499 et
586 1470 689 1499 caro
709 1470 809 1499 mea
827 1458 851 1483 *
871 1457 1011 1499 exsul-

179 1515 383 1555 taverunt
402 1514 445 1554 in
465 1514 609 1555 Deum
626 1514 785 1555 vivum.

231 1571 406 1612 Etenim
437 1583 591 1622 passer
622 1571 787 1612 invenit
820 1570 903 1612 sibi
935 1570 1011 1612 do-

179 1640 312 1668 mum:
336 1627 360 1653 *
384 1632 428 1668 et
454 1632 599 1668 turtur
627 1627 778 1669 nidum
804 1627 903 1677 sibi,
936 1627 1012 1669 ubi

178 1688 316 1735 ponat
335 1683 480 1736 pullos
500 1696 615 1725 suos.

231 1739 402 1780 Altaria
425 1745 502 1781 tua
520 1741 711 1782 Domine
736 1741 963 1782 virtutum:
988 1741 1011 1767 *

179 1796 277 1837 Rex
296 1809 430 1846 meus,
450 1801 494 1838 et
512 1797 634 1838 Deus
653 1810 788 1839 meus.

232 1851 374 1902 Beati,
404 1853 478 1904 qui
496 1852 697 1894 habitant
716 1854 760 1894 in
783 1853 917 1895 domo
936 1858 1013 1895 tua

179 1908 382 1950 D6mine:
414 1910 437 1935 *
470 1909 514 1949 in
551 1910 714 1951 saecula
749 1910 1013 1951 saeculorum

179 1964 421 2006 laudabunt
439 1970 494 2006 te.

232 2021 397 2062 Beatus
430 2021 516 2071 vir,
549 2023 670 2073 cujus
703 2027 770 2064 est
804 2022 1013 2064 auxilium
1182 2026 1186 2029 ’

181 2076 260 2118 abs
279 2082 338 2118 te:
357 2077 380 2103 *
401 2079 681 2119 ascensiones
705 2079 748 2119 in
773 2080 908 2121 corde
933 2092 1012 2120 suo

185 2132 420 2185 disposuit,
449 2134 493 2174 in
520 2134 634 2176 valle
662 2135 942 2177 lacrimarum
969 2136 1013 2176 in

183 2187 293 2238 loco,
314 2202 444 2240 quem
463 2191 623 2242 p6suit.

235 2244 407 2285 Etenim
431 2245 784 2288 benedictionem
811 2247 933 2289 dabit
956 2248 1012 2289 le-

183 2299 380 2350 gislat0r‚
410 2301 534 2343 ibunt
558 2302 614 2343 de
633 2303 794 2344 virtute
818 2304 862 2344 in
881 2305 1013 2345 virtu-

182 2360 286 2452 tSem:
310 2357 333 2381 *
360 2357 579 2399 videbitur
606 2360 728 2400 Deus
758 2359 942 2401 deorum
970 2361 1014 2401 in

215 2423 298 2452 1on.

236 2467 423 2510 Domine
456 2470 576 2511 Deus
610 2470 822 2512 virtutum
855 2472 1014 2514 exaudi

185 2523 429 2565 orationem
454 2538 610 2567 meam:
630 2528 653 2552 *
674 2527 852 2569 auribus
876 2529 1014 2580 perci—

183 2592 240 2630 pe
260 2580 381 2621 Deus
400 2581 550 2622 Jacob.

237 2636 469 2677 Protector
493 2643 642 2679 noster
666 2640 814 2691 aspice
837 2641 972 2681 Deus:
991 2641 1015 2667 *

186 2696 229 2732 et
247 2692 417 2744 respice
436 2693 479 2732 in
498 2693 655 2734 faciem
676 2695 835 2737 Christi
854 2697 932 2737 tui:

1113 275 1224 324 Quia
1242 275 1399 316 melior
1416 279 1484 316 est
1499 275 1594 316 dies
1610 287 1696 316 una
1710 275 1755 316 in
1771 274 1893 316 atriis

1060 330 1159 380 tuis,
1178 330 1201 356 *
1221 343 1354 383 super
1373 331 1520 372 millia.

1111 386 1237 437 Elegi
1256 387 1452 439 abjectus
1471 400 1569 429 esse
1590 387 1636 428 in
1655 387 1789 428 domo
1809 386 1894 427 Dei

1061 443 1162 485 mei:
1180 444 1204 469 *
1223 444 1362 495 magis
1387 457 1520 496 quam
1543 442 1742 484 habitare
1763 443 1809 483 in
1831 447 1894 484 ta-

1060 499 1311 541 bernaculis
1330 502 1628 552 peccatorum.

1115 556 1226 605 Quia
1235 555 1596 605 misericordiam,
1609 561 1654 597 et
1664 554 1896 596 veritatem

1063 610 1202 662 diligit
1220 612 1357 654 Deus:
1375 614 1399 639 *
1417 612 1620 664 gratiam,
1644 616 1688 653 et
1710 610 1895 662 gloriam

1062 667 1185 709 dabit
1203 669 1432 710 D6minus.

1114 724 1216 765 Non
1235 725 1426 777 privabit
1445 725 1576 767 bonis
1595 737 1688 773 eos,
1714 722 1790 775 qui
1809 724 1895 764 am-

1062 780 1216 823 bulant
1233 782 1277 822 in
1291 782 1555 823 innocentia:
1570 782 1594 808 *
1608 780 1799 822 Domine
1812 779 1896 820 vir-

1061 841 1224 887 tutum,
1256 837 1414 880 beatus
1446 838 1601 888 homo,
1639 836 1716 889 qui
1747 840 1898 888 sperat

1063 894 1107 934 in
1130 899 1186 936 te.

1116 962 1215 1003 Ant.
1237 964 1305 1004 Ex
1325 964 1453 1006 alteiri
1470 968 1548 1005 tuo
1568 964 1757 1005 D6mine
1770 955 1898 1004 'Chri-

1064 1023 1180 1061 stum
1217 1021 1447 1061 sumimus:
1488 1021 1533 1061 in
1570 1033 1703 1072 quem
1739 1033 1816 1062 cor
1853 1024 1898 1061 et

1065 1089 1168 1117 caro
1196 1082 1349 1118 nostra
1375 1077 1607 1119 exsultant.

1117 1139 1167 1191 V.
1194 1144 1372 1187 Educas
1400 1159 1561 1199 panem
1589 1146 1645 1188 de
1673 1150 1803 1188 terra.
1845 1142 1897 1194 Rt-

1064 1202 1121 1243 Et
1148 1202 1297 1244 vinum
1324 1202 1521 1245 laetificet
1547 1215 1625 1244 cor
1650 1202 1851 1244 heminis.

1113 1289 1326 1330 Mensibus
1346 1290 1583 1342 Septembri
1602 1290 1646 1330 et.
1665 1290 1845 1330 Octobri.

1065 1361 1223 1404 Lectio
1244 1364 1383 1405 sancti
1406 1363 1633 1414 Evangelii
1656 1362 1900 1404 secundum

1368 1420 1393 1460 J
1396 1422 1596 1461 oannem.

1168 1477 1322 1519 Lectio
1343 1478 1413 1518 vii.
1594 1476 1699 1529 Cap.
1716 1477 1753 1516 6.
1767 1476 1793 1516 f.

1112 1554 1140 1581 n
1166 1540 1241 1582 illo
1266 1543 1482 1595 tempore:
1514 1541 1637 1583 Dixit
1657 1541 1682 1582 J
1685 1554 1785 1583 esus
1810 1546 1897 1583 tur-

1130 1596 1198 1638 bis
1221 1597 1494 1640 Judaeorum:
1523 1598 1637 1640 Caro
1661 1610 1770 1648 mea,
1794 1610 1897 1640 vere

1067 1658 1134 1695 est
1162 1654 1303 1705 cibus,
1337 1659 1380 1696 et
1413 1655 1591 1706 sanguis
1619 1667 1760 1705 meuS,
1793 1667 1898 1696 vere

1066 1715 1133 1751 est
1152 1716 1297 1763 potus.
1325 1711 1382 1753 Et
1401 1710 1581 1764 reliqua.

1098 1788 1292 1830 Homilia
1320 1789 1460 1831 sancti
1480 1788 1639 1830 Hilarii
1652 1787 1877 1841 Episcopi.

1177 1852 1259 1886 Lib.
1286 1852 1319 1886 8.
1345 1851 1392 1885 de
1417 1850 1565 1893 Trinit.,
1589 1854 1677 1884 ante
1701 1849 1799 1884 med.

1068 1921 1254 1984 ,23132'1011
1297 1914 1363 1951 est
1399 1908 1592 1951 humano
1630 1914 1706 1951 aut
1747 1909 1898 1951 saeculi

1068 1971 1069 1976 ’
1146 1963 1191 2008 ἰὲἓι
1215 1979 1346 2007 sensu
1373 1966 1417 2006 in
1443 1966 1528 2007 Dei
1555 1966 1687 2008 rebus
1717 1966 1897 2018 loquen-

1124 2018 1129 2026 '
1214 2021 1330 2064 dum.
1372 2025 1482 2074 Quae
1511 2023 1675 2076 scripta
1702 2027 1813 2073 sunt,
1840 2023 1897 2064 le-

1065 2082 1238 2130 gamus:
1266 2085 1308 2121 et
1338 2093 1437 2132 quae
1465 2080 1715 2130 legerimus,
1743 2079 1896 2121 intelli-

1066 2138 1238 2187 gamus3
1262 2141 1306 2178 et
1330 2141 1435 2178 tunc
1452 2136 1662 2189 perfectae
1682 2135 1787 2177 fidei
1805 2134 1897 2177 offi-

1067 2192 1135 2233 cio
1156 2192 1396 2243 fungemur.
1424 2192 1492 2233 De
1511 2191 1701 2233 naturali
1721 2191 1836 2232 enim
1853 2191 1898 2232 in

1066 2248 1194 2290 nobis
1211 2248 1373 2290 Christi
1383 2249 1570 2290 veritate
1587 2261 1687 2301 quae
1701 2247 1898 2297 dicimus,

1066 2305 1149 2345 nisi
1177 2305 1231 2346 ab
1262 2317 1314 2346 eo
1344 2305 1570 2354 discimus,
1603 2305 1736 2346 stulte
1766 2309 1898 2356 atque

1066 2361 1200 2413 impie
1216 2361 1412 2402 dicimus.
1435 2362 1540 2414 Ipse
1556 2361 1670 2402 enim
1685 2361 1762 2401 ait:
1783 2360 1897 2401 Caro

1066 2430 1165 2458 mea
1184 2430 1287 2459 vere
1303 2423 1372 2459 est
1387 2431 1498 2467 esca,
1519 2422 1563 2458 et
1582 2417 1759 2467 sanguis
1775 2429 1899 2458 meus

1067 2486 1171 2514 vere
1200 2479 1266 2514 est
1294 2478 1439 2526 potus.
1485 2473 1569 2523 Qui
1597 2472 1688 2514 edit
1721 2485 1898 2514 carnem

1067 2539 1224 2579 meam,
1253 2534 1297 2571 et
1324 2529 1435 2570 bibit
1462 2529 1718 2579 sanguinem
1742 2541 1899 2579 meum,

1067 2586 1110 2626 in
1130 2599 1200 2627 me
1215 2591 1372 2634 manet,
1389 2590 1432 2627 et
1450 2597 1533 2635 ego
1552 2585 1596 2624 in
1611 2597 1677 2626 eo.
1706 2585 1774 2626 De
1789 2585 1898 2627 veri-

1067 2644 1158 2683 tate
1188 2642 1331 2683 carnis
1359 2646 1403 2682 et
1432 2641 1655 2691 sanguinis
1684 2654 1773 2682 non
1804 2641 1900 2682 reli-

1069 2703 1164 2739 ctus
1185 2703 1254 2739 est
1273 2696 1523 2748 ambigendi
1542 2697 1679 2738 locus.
