2040 2944
847 232 906 265 xd
934 227 1244 272 (Iomplctorium.

254 332 544 385 Longitudine
610 328 778 370 dierum
844 323 1024 377 replebo

206 406 317 434 eum:
345 392 367 416 *
397 395 439 431 et
475 384 702 428 ostendam
739 382 799 423 illi
836 381 1025 422 salutare

203 461 357 490 meum.

469 500 532 538 l‘s
525 498 661 538 ilmus
685 498 767 535 1.’333.

289 572 363 600 cce
383 569 495 598 nunc
514 552 759 596 benedicite
779 550 1026 597 Dominum,

204 559 280 664 Ε
297 616 319 640 *
342 626 492 655 omnes
511 611 626 653 servi
644 608 835 650 Domini:

256 672 338 721 Qui
362 670 486 711 statis
509 669 552 709 in
579 666 711 708 domo
731 663 922 712 Domini,
942 663 1026 702 *in

205 729 324 770 atriis
344 726 500 768 domus
519 724 603 765 Dei
621 721 770 770 nostri,

255 785 305 825 In
323 782 525 824 noctibus
556 778 750 822 extollite
776 788 930 817 manus
958 787 1027 815 ve-

205 847 318 883 stras
337 841 379 880 in
399 838 602 887 sancta,·*
623 840 666 877 et
680 832 926 876 benedicite
941 831 1027 871 Do-

204 898 378 938 minum.

256 952 496 995 Benedicat
523 955 567 991 te
591 948 805 990 Dominus
836 959 890 987 ex
914 946 1029 994 Sion,

206 1013 228 1036 ¹⁸¹
250 1011 322 1063 qui
342 1010 443 1052 fecit
462 1007 621 1049 coelum
642 1010 684 1046 et
702 1009 876 1045 terram.

262 1074 358 1112 Ant.
395 1069 602 1110 Miserere
625 1066 729 1107 mihi
751 1064 955 1112 Domine,
987 1066 1031 1103 et

207 1126 362 1178 exaudi
383 1126 625 1167 orationem
643 1136 796 1165 meam.

513 1193 723 1244 Hymnus.

285 1270 308 1298 e
326 1256 435 1298 lucis
454 1260 554 1297 ante
572 1254 814 1301 terminum,

309 1314 474 1354 Rerum
495 1312 677 1353 Creator
696 1309 929 1362 poscimus,

258 1371 317 1412 Ut
335 1382 417 1423 pro
436 1374 510 1410 tua
530 1367 757 1409 clementia

260 1427 327 1468 Sis
346 1425 509 1479 praesul
529 1429 572 1466 et
591 1422 801 1465 custodia.

216 1491 369 1533 Procul
390 1490 597 1532 recedant
617 1488 795 1537 somnia,

260 1549 316 1589 Et
336 1547 530 1588 noctium
548 1545 871 1598 phantasmata3

261 1605 535 1655 Hostemque
559 1606 758 1643 nostrum
783 1600 1034 1653 comprime,

259 1661 328 1702 Ne
347 1660 596 1713 polluantur
616 1660 815 1710 corpora.

217 1727 387 1775 Praesta,
405 1726 536 1765 Pater
554 1724 758 1776 piissime,

261 1783 467 1834 Patrique
488 1793 672 1833 compar¹
687 1780 834 1829 Unice,

267 1839 375 1880 Cum
394 1838 557 1890 Spiritu
575 1835 793 1877 Paraclito

263 1896 469 1946 Regnans
488 1906 567 1946 per
587 1905 715 1934 omne
738 1891 958 1933 saeculum.

523 1950 676 1990 Amen.

270 2014 525 2065 Capitulum.
697 2012 714 2049 J
724 2024 850 2051 erem.
875 2012 929 2049 14.
950 2010 987 2050 b.

213 2072 319 2179 Tu
339 2081 483 2117 autem
502 2075 544 2116 in
563 2074 691 2116 nobis
711 2087 758 2116 es
776 2073 974 2122 Domine,
995 2078 1038 2114 et

309 2145 467 2174 nomen
498 2136 695 2172 sanctum
719 2132 842 2172 tu‘um
865 2130 1038 2171 invoca-

214 2195 305 2231 tum
325 2194 391 2231 est
411 2201 542 2241 super
559 2200 656 2236 nos,
684 2200 738 2229 ne
762 2185 1040 2238 derelinquas

215 2259 297 2287 nos
315 2245 642 2286 Domine“Deus
660 2249 821 2285 noster.

274 2304 321 2354 Rg.
347 2302 444 2344 Deo
464 2302 638 2353 gratias.

276 2364 320 2415 R».
347 2363 405 2403 br.
436 2363 486 2402 In
510 2375 664 2402 manus
682 2365 786 2402 tuas
810 2361 997 2403 Domine
1020 2366 1041 2387 *

218 2417 486 2459 Commendo
529 2418 727 2470 spiritum
766 2430 921 2459 meum.
980 2419 1041 2459 In.

223 2471 270 2522 V.
308 2473 548 2515 Redemisti
583 2487 664 2515 nos
699 2474 888 2516 Domine
920 2475 1041 2516 Deus

218 2531 423 2572 veritatis.
461 2530 740 2572 Commendo.
789 2531 936 2572 Gloria
963 2532 1041 2572 Pa—

219 2587 286 2628 tri.
313 2587 374 2627 In.

276 2635 324 2686 V·
343 2643 541 2684 'Custodi
569 2656 650 2684 nos
676 2644 864 2685 Domine
891 2628 940 2684 ut
966 2657 1042 2696 pu-

221 2700 370 2753 panm
386 2699 510 2740 oculi.
543 2698 587 2749 151-
606 2699 694 2741 Sub
710 2701 862 2742 umbra
877 2700 1042 2742 alarum

220 2758 392 2799 tuarum
413 2758 596 2809 protege
615 2769 707 2797 nos.

1128 321 1226 360 Ant.
1255 319 1385 361 Salva
1403 331 1496 359 nos.

1252 388 1475 428 Canticum
1506 384 1731 425 Simeonis.

1393 448 1481 482 Luc.
1505 446 1535 479 2.
1562 455 1591 479 e

1175 516 1259 544 unc
1279 502 1459 544 dimittis
1485 513 1582 542 serv
1585 513 1658 541 um
1677 503 1801 541 tuum
1818 498 1906 539 Do-

1192 561 1318 609 mine,
1337 557 1620 600 *secundum
1639 555 1822 598 verbum
1843 559 1907 596 tu-

1080 631 1153 659 um
1171 617 1214 657 in
1236 629 1361 669 pace:
1513 619 1520 631 ¹

1132 674 1243 724 Quia
1270 672 1473 715 viderunt
1502 670 1616 712 oculi
1639 669 1772 711 mei*
1799 667 1908 710 salu-

1081 732 1175 772 tare
1193 735 1327 771 tuum.

1134 786 1263 837 Quod
1296 785 1513 839 parasti*

1081 844 1245 885 mnium
1264 842 1544 896 populorum.

1133 900 1300 941 Lumen
1342 898 1398 940 ad
1441 897 1754 939 revelationem
1797 894 1909 936 Gen-

1083 957 1207 1006 tium,
1251 957 1274 982 *
1321 961 1364 998 et
1408 955 1591 1006 gloriam
1636 952 1778 1006 plebis
1822 955 1910 993 tuae

1083 989 1230 1054 Israel.
1257 1036 1308 1041 —
1337 1012 1490 1053 Gloria
1507 1010 1638 1052 Patri.

1138 1071 1237 1110 Ant.
1266 1069 1394 1110 Salva
1417 1081 1499 1109 nos
1522 1067 1711 1108 Domine
1734 1064 1911 1117 vigilan-

1083 1132 1165 1176 tes,
1186 1125 1358 1167 custodi
1376 1138 1458 1166 nos
1482 1123 1763 1166 dormientes:
1787 1126 1836 1163 ut
1853 1121 1912 1163 vi-

1084 1183 1266 1234 gilemus
1287 1195 1386 1224 cum
1401 1181 1586 1230 Christo,
1606 1184 1650 1222 et
1668 1179 1912 1232 requiesca-

1084 1253 1180 1281 mus
1200 1240 1244 1280 in
1262 1252 1384 1292 pace.
1898 1255 1902 1260 ·

1143 1314 1354 1357 sequentes
1381 1312 1518 1345 Preces
1546 1320 1697 1353 semper
1729 1310 1916 1346 dicuntur.

1089 1368 1344 1406 praeterquam
1366 1361 1401 1393 in
1418 1359 1554 1393 Officio
1574 1358 1739 1401 Duplici.
1766 1363 1801 1392 et
1819 1358 1918 1392 infra

1090 1413 1272 1445 Octavus:
1300 1420 1385 1452 quae
1412 1409 1448 1442 in
1475 1408 1539 1441 fer.
1564 1407 1669 1441 Offie.
1696 1411 1732 1440 et
1758 1406 1795 1440 in
1820 1406 1918 1447 Qua-

1090 1465 1176 1493 tuor
1194 1459 1337 1501 Tcmp..
1358 1456 1512 1500 quando
1533 1455 1646 1489 dictae
1670 1460 1757 1489 sunt
1778 1455 1917 1489 Preces

1092 1508 1129 1541 in
1155 1508 1281 1549 Yesp..
1308 1506 1486 1540 dicuntur
1510 1504 1621 1538 flexis
1647 1503 1820 1546 genibus.

1086 1557 1277 1665 Kyrie
1306 1560 1481 1602 eleison.
1536 1558 1709 1601 Christe
1741 1557 1920 1600 eleison.

1212 1618 1339 1670 Kyrie
1359 1617 1535 1659 eleison.

1149 1681 1272 1721 Pater
1291 1684 1451 1720 noster.
1480 1683 1660 1719 secreto.

1144 1731 1195 1783 V.
1209 1737 1265 1777 Et
1283 1748 1338 1777 ne
1356 1748 1438 1776 nos
1456 1734 1638 1776 inducas
1656 1733 1700 1774 in
1715 1733 1916 1775 tentatio-

1088 1807 1198 1835 nem.
1235 1793 1279 1844 Rg.
1293 1791 1380 1834 Sed
1398 1791 1536 1833 libera
1554 1803 1636 1832 nos
1656 1803 1681 1831 a
1698 1789 1827 1831 malo.

1139 1849 1284 1892 Credo
1305 1850 1348 1890 in
1366 1849 1521 1890 Deum.
1546 1854 1727 1890 secreto.

1145 1901 1196 1953 .V.
1210 1906 1362 1948 Carnis
1382 1903 1760 1947 resurrectionem.
1793 1905 1842 1956 Ην.
1851 1904 1919 1946 Vi·

1089 1970 1180 2006 tam
1195 1964 1416 2004 aeternam.
1453 1963 1606 2003 Amen.

1146 2016 1195 2067 Μ’.
1220 2018 1485 2061 Benedictus
1511 2031 1558 2060 es
1582 2017 1771 2059 Domine
1795 2017 1918 2059 Deus

1090 2082 1265 2131 patrum
1283 2074 1546 2117 nostrorum.
1586 2075 1634 2126 R.
1650 2074 1707 2115 Et
1724 2073 1918 2153 laudabi-

1090 2135 1142 2175 lis
1151 2138 1206 2228 et
1224 2131 1472 2185 gloriosus
1460 2145 1505 2172 111
1525 2130 1697 2172 saecula.

1175 2188 1545 2231 Benedicamus
1577 2188 1754 2230 Patrem
1786 2190 1830 2229 et
1852 2185 1919 2227 Fi-

1091 2248 1196 2289 lium
1222 2259 1321 2288 cum
1346 2250 1498 2287 sancto
1522 2245 1696 2298 Spiritu.
1737 2245 1787 2296 Ru
1809 2243 1919 2284 Lau-

1093 2304 1262 2353 demus,
1287 2308 1330 2344 et
1354 2301 1730 2385 superexaltemus
1753 2312 1855 2342 eum
1876 2299 1922 2364 in

1095 2335 1266 2402 saecula'.

1150 2410 1199 2461 Μ’.
1240 2415 1504 2458 Benedictus
1552 2427 1599 2456 es
1642 2413 1830 2455 Domine
1876 2413 1921 2453 in

1093 2474 1367 2515 firmamento
1393 2471 1504 2513 coeli.
1535 2471 1585 2521 Ru.
1599 2470 1657 2512 Et
1679 2468 1920 2519 laudabilis,

1095 2535 1138 2572 et
1165 2529 1398 2581 gloriosus,
1427 2533 1475 2570 et
1498 2525 1848 2603 superexaltatus
1877 2526 1920 2566 in

1095 2586 1267 2628 saecula.

1154 2637 1201 2688 Μ’.
1232 2640 1472 2684 Benedicat
1509 2645 1552 2682 et
1589 2639 1808 2681 custodiat
1839 2651 1922 2680 nos

1096 2702 1374 2752 omnipotens
1411 2703 1454 2739 et
1489 2697 1739 2738 misericors
1772 2696 1920 2747 Domi-

1095 2770 1187 2798 nus.
1234 2756 1282 2807 Rg.
1305 2755 1457 2796 Amen.

1544 788 1644 825 ante
1675 782 1833 824 faciem
1865 783 1908 823 o-
