2040 2944
183 175 275 220 [326]

575 179 645 213 Die
669 180 724 213 28.
750 179 848 212 Nov.
896 177 932 212 S.
958 178 1098 212 Jacobi
1124 178 1171 212 de
1195 178 1369 212 Marchia
1395 178 1504 226 Conl.

182 284 322 321 suam,
348 273 391 312 in
418 285 593 314 omnem
619 272 858 327 civitatem,
884 276 928 313 et
952 271 1013 313 lo-

182 340 298 378 cum,
332 341 418 380 quo
452 334 546 370 erat
572 329 668 381 ipse
694 331 916 370 venturus.
956 328 1014 370 Et

183 384 361 436 reliqua.

303 459 491 501 Homilia
519 459 659 502 sancti
688 459 891 510 Gregorii

520 518 667 571 Papae.

361 582 531 616 Homilia
560 582 606 615 17.
630 582 667 615 in
694 582 839 623 Evang.

192 639 483 699 'x
524 645 568 681 et
605 639 809 680 Salvator
850 646 1012 690 noster,

216 692 282 747 ζῇ)
327 696 485 738 fratres
514 696 743 746 carissimi,
773 696 1012 749 aliquando

216 747 254 779 'T‘
327 766 408 794 nos
442 752 736 804 sermonibus,
774 753 1012 806 aliquando

178 821 284 850 vero
318 809 526 862 ope‘ribus
560 810 780 851 admonet.
821 811 925 863 Ipsa
954 813 1012 852 et-

179 866 294 906 enim
338 866 454 908 facta
500 868 591 918 ejus
632 868 859 919 praecepta
896 873 1013 909 sunt:

179 922 282 973 quia
297 922 401 963 dum
417 922 585 975 aliquid
599 923 760 964 tacitus
775 923 889 973 facit,
907 924 1013 976 quid

178 980 308 1029 agere
339 979 579 1021 debeamus
608 980 855 1022 innotescit.
895 981 1012 1023 Ecce

179 1036 295 1076 enim
323 1035 451 1077 binos
480 1037 524 1077 in
551 1037 916 1089 praedicationem
951 1037 1012 1079 di-

177 1092 371 1144 scipulos
386 1093 535 1135 mittit:
556 1094 659 1146 quia
678 1094 766 1135 duo
786 1099 887 1136 sunt
900 1107 1011 1147 prae-

180 1150 309 1201 cepta
324 1149 530 1199 caritatis,
550 1150 635 1192 Dei
653 1150 859 1192 videlicet
878 1165 1013 1201 amor,

179 1210 222 1246 et
253 1206 463 1258 proximi:
496 1211 540 1248 et
566 1207 709 1248 minus
740 1221 873 1260 quam
899 1208 1012 1250 inter

178 1260 308 1312 duOS,
346 1263 506 1305 caritas
544 1263 699 1306 haberi
729 1277 818 1306 non
851 1269 1013 1318 potest.

177 1318 320 1360 Nemo
355 1320 470 1361 enim
502 1321 684 1374 proprie
717 1321 774 1363 ad
808 1324 1012 1375 semetip-

179 1388 275 1416 sum
299 1376 462 1418 habere
485 1378 714 1419 caritatem
735 1378 908 1421 dicitur:
932 1378 1012 1421 sed

178 1431 356 1474 dilectio
380 1433 424 1473 in
449 1434 635 1475 alterum
658 1434 812 1485 tendit,
835 1441 884 1477 ut
904 1435 1011 1477 cari-

177 1493 245 1530 tas
265 1502 364 1531 esse
383 1492 538 1542 possit.
714 1499 717 1501 ’

230 1555 281 1607 R.
311 1555 401 1596 Iste
431 1561 499 1597 est
524 1557 598 1608 qui
625 1562 726 1599 ante
752 1558 896 1599 Deum
923 1571 1011 1599 ma-

177 1623 285 1661 gnas
313 1612 498 1654 virtutes
527 1616 737 1666 operatus
766 1619 850 1664 est,
884 1619 927 1656 et
955 1614 1011 1657 de

178 1668 295 1708 omni
337 1668 471 1710 corde
509 1682 589 1711 suo
627 1670 825 1711 laudavit
860 1671 1011 1712 Domi-

176 1737 294 1764 num:
321 1724 343 1749 *
367 1725 470 1777 Ipse
488 1725 734 1768 intercedat
752 1739 835 1780 pro
854 1730 1010 1779 pecca-

175 1779 231 1820 tis
267 1781 461 1822 omnium
493 1782 772 1834 populorum.
813 1775 864 1827 V.
894 1784 1010 1826 Ecce

175 1836 309 1879 homo
334 1838 428 1880 sine
453 1840 643 1891 querela,
668 1853 800 1882 verus
820 1841 903 1882 Dei
923 1841 1010 1883 cul-

175 1897 264 1943 tor,
298 1894 523 1936 abstinens
559 1909 606 1937 se
635 1896 690 1938 ab
719 1897 839 1938 omni
874 1899 1010 1950 opere

176 1950 309 1999 malo,
335 1955 379 1992 et
403 1953 666 2004 permanens
690 1953 734 1993 in
758 1954 1010 1996 innocentia

178 2018 267 2047 sua.
295 2007 409 2060 Ipse.

463 2082 615 2124 Lectio
634 2084 720 2125 viii.

260 2155 336 2184 cce
374 2144 489 2185 enim
519 2144 646 2186 binos
677 2145 735 2187 ad
766 2146 1008 2198 praedican-

290 2198 394 2239 dum
419 2199 660 2253 discipulos
678 2202 894 2244 Dominus
913 2204 1009 2245 mit-

176 2254 246 2294 tit:
272 2257 485 2306 quatenus
508 2257 595 2299 hoc
615 2258 743 2299 nobis
767 2259 930 2300 tacitus
949 2262 1009 2300 in—

177 2314 292 2358 nuat,
317 2311 417 2362 quia
439 2313 512 2364 qui
532 2314 761 2356 caritatem
781 2328 885 2366 erga
904 2316 1008 2358 alte-

177 2378 274 2406 rum
294 2379 380 2407 non
398 2367 543 2419 habet,
568 2371 896 2422 praedicationis
917 2372 1009 2413 offi-

179 2421 293 2462 cium
325 2426 549 2476 suscipere
582 2426 831 2469 nullatenus
865 2427 1008 2470 debet.

178 2477 298 2519 Bene
318 2483 463 2520 autem
483 2480 650 2531 dicitur,
671 2483 773 2535 quia
792 2484 911 2526 misit
930 2498 1008 2526 eos

178 2539 278 2576 ante
304 2534 459 2576 faciem
485 2549 609 2578 suam
632 2539 675 2578 in
703 2552 879 2581 omnem
907 2541 1008 2582 civi-

176 2592 314 2631 tatem
334 2595 378 2632 et
395 2591 552 2642 locum,
574 2607 660 2645 quo
679 2601 773 2637 erat
791 2596 887 2649 ipse
906 2609 1006 2638 ven-

176 2649 312 2687 turus.
369 2647 691 2691 Praedicatores
742 2653 858 2692 enim
903 2665 1007 2694 suos

176 2702 395 2744 Dominus
424 2705 636 2756 sequitur:
667 2707 769 2758 quia
794 2708 1007 2760 praedica-

1066 272 1129 313 tio
1149 273 1376 324 praevenit,
1396 278 1440 315 et
1458 277 1563 315 tunc
1582 272 1639 315 ad
1652 275 1811 316 mentis
1825 287 1901 316 no-

1068 333 1172 370 strae
1199 328 1500 371 habitaculum
1524 330 1742 372 Dominus
1770 331 1900 381 venit,

1068 384 1245 437 quando
1278 386 1414 428 verba
1443 386 1761 429 exhortationis
1788 400 1900 441 prae-

1067 445 1264 484 currunt:
1291 447 1425 495 atque
1449 456 1530 496 per
1557 443 1644 485 hoc
1669 444 1832 486 veritas
1855 444 1900 485 in

1065 505 1212 542 mente
1241 501 1490 553 suscipitur.

1098 571 1149 623 Rz.
1180 570 1274 611 Sint
1292 569 1430 612 lumbi
1443 570 1580 612 vestri
1597 571 1837 623 praecincti,
1857 575 1902 613 et

1066 625 1258 668 lucernae
1287 626 1494 668 ardentes
1526 626 1571 667 in
1599 626 1802 668 manibus
1829 640 1901 669 ve·

1067 683 1186 724 stris:
1217 685 1238 708 ¹⁸¹
1261 682 1318 724 Et
1345 695 1427 724 vos
1456 683 1620 725 similes
1648 683 1900 726 hominibus

1067 739 1430 793 exspectantibus
1481 739 1708 781 dominum
1757 753 1900 791 suum,

1068 795 1245 848 quando
1266 798 1513 838 revertatur
1529 809 1554 837 a
1568 797 1745 849 nuptiis.
1764 793 1815 845 V.
1825 797 1900 838 Vi-

1066 852 1200 903 gilate
1221 865 1345 904 ergo,
1366 853 1469 905 quia
1487 853 1667 895 nescitis
1688 866 1775 906 qua
1792 852 1902 894 hora

1066 909 1283 951 Dominus
1307 914 1455 952 vester
1479 913 1692 952 venturus
1720 910 1788 952 sit.
1833 909 1902 952 Et.

1070 965 1223 1007 Gloria
1240 966 1371 1008 Patri.
1399 967 1467 1008 Et.

1121 1045 1254 1081 Lectio
1280 1047 1329 1081 ix.
1360 1047 1407 1082 de
1437 1048 1472 1083 S.
1497 1047 1612 1084 Petro
1637 1048 1707 1092 Ep.
1733 1052 1769 1083 et
1792 1048 1902 1084 Mart.

1070 1097 1110 1174 ἰή
1136 1094 1178 1176 ini
1199 1094 1417 1138 Breviario,
1447 1097 1555 1139 cujus
1578 1107 1776 1132 commem.
1801 1097 1843 1132 fit
1864 1097 1903 1132 in

1091 1152 1149 1175 „au
1183 1143 1283 1178 .463.

1122 1198 1163 1231 Si
1186 1198 1260 1233 alia
1280 1199 1342 1234 die
1361 1199 1586 1244 celebretur,
1612 1201 1662 1235 ix.
1679 1201 1813 1236 Lectio
1832 1201 1904 1236 erit

1069 1256 1237 1289 sequens

1372 1313 1525 1355 Lectio
1545 1313 1599 1355 ix.

1067 1376 1232 1482 Hinc
1249 1394 1439 1434 namque
1455 1380 1623 1423 eisdem
1636 1381 1899 1434 praedicato-

1178 1438 1300 1480 ribus
1314 1439 1454 1480 Isaias
1470 1438 1591 1481 dicit:
1609 1439 1770 1482 Parate
1784 1439 1901 1482 viam

1064 1496 1257 1547 Domini,
1283 1501 1428 1538 rectas
1454 1495 1585 1538 facite
1611 1496 1794 1538 semitas
1815 1497 1900 1539 Dei

1064 1553 1215 1594 nostri.
1265 1553 1381 1595 Hinc
1418 1552 1519 1594 filiis
1551 1552 1788 1596 Psalmista
1823 1554 1901 1596 ait:

1063 1611 1156 1653 Iter
1183 1611 1315 1653 facite
1344 1611 1401 1661 ei,
1437 1611 1511 1664 qui
1542 1611 1741 1654 ascendit
1767 1625 1901 1666 super

1064 1670 1284 1710 occasum.
1316 1669 1459 1722 Super
1483 1670 1691 1710 occasum
1708 1682 1900 1722 namque

1062 1725 1279 1767 Dominus
1311 1725 1528 1767 ascendit:
1565 1725 1668 1778 quia
1701 1726 1820 1769 unde
1855 1726 1900 1768 in

1063 1782 1270 1834 passione
1300 1781 1526 1833 occubuit,
1558 1781 1661 1824 inde
1687 1783 1900 1836 majorem

1063 1851 1188 1880 suam
1212 1838 1399 1890 gloriam
1423 1837 1696 1890 resurgendo
1720 1839 1899 1881 manife-

1063 1895 1208 1936 stavit.
1262 1895 1405 1948 Super
1445 1897 1654 1937 occasum
1690 1895 1899 1938 videlicet

1063 1951 1276 2002 ascendit3
1304 1952 1406 2004 quia
1429 1957 1619 1994 mortem
1645 1964 1778 2004 quam
1802 1954 1899 2006 per-

1062 2007 1173 2056 tulit,
1193 2008 1464 2059 resurgendo
1484 2009 1683 2051 calcavit.
1709 2009 1763 2050 Ei
1781 2022 1898 2061 ergo,

1063 2063 1139 2115 qui
1167 2063 1366 2106 ascendit
1395 2078 1530 2118 super
1561 2066 1786 2116 occasum,
1813 2065 1898 2108 iter

1062 2119 1258 2170 facimus,
1281 2134 1380 2163 cum
1402 2134 1485 2163 nos
1510 2122 1602 2174 ejus
1620 2121 1806 2173 gloriam
1824 2135 1895 2164 ve-

1062 2176 1163 2217 stris
1182 2177 1405 2219 mentibus
1425 2178 1734 2231 praedicamuS,
1755 2183 1804 2220 ut
1823 2191 1897 2221 eas

1062 2236 1106 2273 et
1137 2233 1233 2285 ipse
1265 2239 1370 2287 post
1395 2235 1592 2285 veniens,
1624 2247 1705 2287 per
1733 2236 1897 2277 amoris

1062 2289 1128 2329 sui
1156 2291 1439 2342 praesentiam
1466 2291 1666 2332 illustret.

1121 2355 1177 2395 Te
1197 2355 1341 2397 Deum
1359 2355 1601 2398 laudamus.
1620 2357 1680 2397 14.

1243 2460 1328 2502 Die
1346 2462 1413 2502 28.
1431 2461 1711 2504 Novembris.

1061 2529 1104 2570 S.
1132 2531 1312 2575 Jacobi
1345 2534 1407 2576 de
1436 2534 1668 2576 Marchia
1695 2534 1894 2576 Confess.

1391 2605 1557 2647 Duplex.

1112 2668 1248 2703 Omnia
1283 2670 1329 2703 de
1362 2669 1506 2703 Comm.
1538 2669 1645 2703 Conf.
1679 2681 1757 2705 non
1782 2670 1891 2705 Pont.

1060 2718 1130 2762 [67]
1151 2722 1292 2759 praeter
1317 2717 1528 2760 sequentia.
