2040 2944
640 190 848 225 Commune
875 190 1120 226 Confessoris
1148 192 1353 227 Pontificis.

204 286 249 328 Si
274 285 440 328 dedero
467 299 668 328 somnum
697 286 835 328 oculis
859 287 979 337 meis,

153 343 176 368 *
213 346 257 384 et
291 342 515 395 palpebris
559 344 667 385 meis
710 343 978 385 dormitatio·

153 411 272 440 nem:

203 455 259 496 Et
302 456 499 508 requiem
539 455 811 508 temporibus
853 456 978 497 meis:

153 510 293 553 donec
318 513 535 554 inveniam
557 513 703 554 locum
727 512 930 562 Domino,
953 513 977 538 *

151 567 480 610 tabernaculum
497 569 595 610 Deo
615 568 764 610 Jacob.

202 624 318 666 Ecce
338 625 582 667 audivimus
599 637 695 667 eam
708 625 753 666 in
766 625 976 678 Ephrata:

151 680 175 706 *
193 680 436 723 invenimus
456 694 552 723 eam
570 682 614 722 in
632 681 797 734 campis
817 681 950 723 silvae.

202 737 486 779 Introibimus
543 738 587 779 in
646 737 975 780 tabernaculum

151 793 256 844 ejus:
289 794 312 819 *
347 793 628 836 adorabimus
666 794 709 835 in
744 794 861 845 loco,
900 794 976 836 ubi

151 851 363 891 steterunt
381 850 517 903 pedes
538 851 639 902 ejus.

200 905 338 957 Surge
356 906 545 948 Domine
564 907 608 947 in
629 907 826 959 requiem
844 912 974 958 tuam,

149 961 172 986 *
189 966 237 1002 tu
256 966 300 1003 et
318 975 419 1004 arca
436 963 791 1005 sanctificationis
810 968 909 1005 tuae.

200 1018 461 1060 Sacerdotes
497 1020 560 1060 tui
594 1019 828 1062 induantur
858 1021 974 1072 justi-

148 1074 269 1115 tiam:
288 1075 312 1101 *
332 1080 376 1117 et
393 1076 532 1117 sancti
550 1076 614 1117 tui
633 1076 862 1118 exsultent.

199 1130 387 1183 Propter
415 1131 560 1174 David
589 1145 764 1174 servum
786 1137 925 1183 tuum,
950 1134 973 1159 *

147 1199 235 1228 non
255 1189 427 1229 avertas
446 1188 602 1230 faciem
617 1188 779 1230 Christi
797 1190 870 1231 tui.

198 1243 366 1285 Juravit
398 1245 614 1286 Dominus
638 1245 785 1287 David
818 1246 973 1287 verita-

147 1303 250 1351 tem,
277 1305 321 1342 et
343 1313 431 1342 non
449 1301 727 1343 frustrabitur
745 1315 856 1344 eam:
875 1303 898 1328 *
918 1302 973 1344 de

147 1355 292 1398 fructu
309 1357 473 1398 ventris
491 1358 556 1399 tui
575 1370 738 1410 ponam
758 1371 889 1411 super
909 1372 972 1400 se-

148 1411 249 1454 dem
266 1417 396 1454 tuam.

198 1469 243 1510 Si
260 1469 547 1512 custodierint
565 1470 642 1511 filii
660 1471 723 1512 tui
741 1473 972 1513 testamen·

147 1528 239 1566 tum
269 1538 431 1577 meum,
462 1527 486 1552 *
519 1530 562 1568 et
594 1526 844 1569 testimonia
875 1541 973 1570 mea

147 1580 253 1631 haec,
274 1595 372 1634 quae
392 1582 563 1625 docebo
584 1595 675 1625 eos:

198 1637 255 1679 Et
272 1638 352 1679 filii
370 1641 522 1680 eorum
540 1652 680 1692 usque
693 1640 738 1680 in
753 1641 972 1692 saeculum,

147 1693 171 1718 *
191 1693 406 1736 sedebunt
427 1708 559 1748 super
577 1695 728 1737 sedem
745 1701 875 1738 tuam.

200 1750 415 1800 Quoniam
435 1751 566 1802 elegit
583 1752 798 1794 Dominus
816 1754 933 1796 Sion:
947 1755 971 1781 *

148 1805 278 1857 elegit
294 1820 391 1848 eam
408 1808 452 1848 in
472 1807 785 1851 habitationem
805 1810 898 1852 sibi.

198 1863 309 1905 Haec
344 1864 518 1916 requies
553 1877 652 1906 mea
686 1866 731 1906 in
763 1867 972 1909 saeculum

147 1919 316 1961 saeculi:
351 1921 375 1945 *
414 1919 484 1962 hic
520 1920 727 1963 habitabo
766 1924 972 1975 quoniam

147 1975 258 2027 elegi
276 1989 382 2018 eam.

197 2032 388 2074 Viduam
425 2034 516 2085 ejus
546 2033 811 2076 benedicens
842 2035 970 2078 bene-

147 2087 305 2129 dicam:
332 2090 356 2115 *
384 2092 603 2142 pauperes
635 2091 726 2142 ejus
761 2092 969 2134 saturabo

146 2144 343 2196 panibus.

197 2201 459 2244 Sacerdotes
479 2203 570 2254 ejus
585 2203 760 2245 induam
778 2205 970 2247 salutari:

145 2257 169 2291 -*
189 2261 232 2355 {t
251 2259 389 2300 sancti
409 2259 499 2310 ejus
518 2259 807 2302 exsultatione
830 2262 969 2303 exsul-

145 2315 190 2354 ta
221 2319 308 2355 unt.

197 2369 306 2411 Illuc
333 2371 576 2423 producam
601 2385 738 2413 cornu
760 2373 922 2424 David,
945 2374 968 2399 *

145 2427 297 2476 paravi
314 2426 535 2468 lucernam
556 2428 728 2469 Christo
747 2442 858 2471 meo.

197 2481 401 2525 Inimicos
413 2484 502 2536 ejus
513 2483 689 2526 induam
700 2485 969 2527 confusione:

146 2537 169 2561 *
181 2550 312 2590 super
325 2539 469 2591 ipsum
485 2545 630 2582 autem
646 2540 863 2583 efflorebit
875 2555 968 2583 san-

147 2593 352 2636 ctificatio
370 2609 478 2637 mea.

202 2649 323 2693 Capit.
346 2656 381 2685 et
397 2652 535 2697 Hymn
553 2658 593 2687 ut
611 2654 649 2687 in
665 2654 691 2687 I.
705 2654 738 2686 V
742 2664 820 2697 esp.
837 2658 907 2702 [49]

204 2697 250 2747 V
267 2706 292 2746 J
293 2711 440 2748 ustum
458 2708 639 2751 deduxit
657 2710 870 2752 Dominus
889 2723 968 2783 per

1031 287 1124 328 vias
1148 293 1302 330 rectas.
1344 291 1388 340 Ru
1428 289 1484 330 Et
1504 289 1696 331 ostendit
1715 289 1777 330 illi
1795 303 1858 331 re-

1030 356 1163 394 gnum
1181 345 1275 386 Dei.

1087 404 1154 445 Ad
1195 404 1363 453 Magnis.
1408 407 1504 447 Ant.
1550 407 1722 448 Amavit
1759 419 1857 448 eum

1030 461 1255 511 Dominus,
1270 462 1294 487 *
1314 467 1358 504 et
1378 463 1549 505 ornavit
1565 476 1679 505 eum:
1699 463 1857 505 stolam

1029 516 1184 568 gloriae
1215 518 1355 560 induit
1387 532 1504 569 eum,
1542 525 1585 561 et
1617 519 1673 561 ad
1704 525 1856 572 portas

1029 573 1223 626 paradisi
1242 576 1471 617 coronavit
1491 589 1600 618 eum.

1083 638 1255 680 Sequens
1267 638 1354 671 Ant.
1369 638 1509 671 dicitur
1523 639 1571 672 ad
1583 639 1802 679 Magnificat
1816 640 1853 672 in

1030 683 1075 717 ΙΙ.
1092 684 1208 728 Vesp.
1231 696 1302 728 pro
1330 686 1424 720 solis
1450 687 1570 720 sumis
1590 687 1853 721 Pontificibus.

1084 737 1180 778 Ant.
1215 738 1331 776 Dum
1354 741 1471 778 esset
1492 749 1684 778 summus
1708 738 1854 779 Ponti-

1027 791 1114 840 fex,
1134 793 1158 818 *
1184 794 1357 834 terrena
1381 805 1469 834 non
1492 794 1662 843 metuit,
1695 794 1774 836 sed
1798 794 1854 835 ad

1028 847 1225 890 coelestia
1247 861 1381 900 regna
1402 849 1621 901 gloriosus
1640 851 1854 902 migravit.

1082 915 1120 947 Si
1152 922 1325 950 occurrat
1354 917 1539 950 vcclcbruri
1560 916 1716 951 Festum
1738 917 1853 959 pluri-

1029 973 1174 996 morum
1193 964 1418 998 Pontificum
1440 970 1474 998 ct
1488 966 1773 1000 (Ionsessorum.
1793 966 1853 998 (lf-

1029 1011 1154 1044 licium
1173 1012 1211 1045 fit
1230 1018 1269 1046 ut
1292 1023 1422 1055 supra:
1454 1014 1521 1047 scd
1548 1014 1585 1047 in
1612 1015 1792 1047 Oratione
1819 1019 1854 1047 ct

1029 1060 1229 1094 Sermone.
1263 1072 1349 1103 quac
1376 1067 1570 1103 ponuntur
1596 1063 1629 1095 in
1655 1062 1853 1103 singulari.

1029 1107 1205 1141 dicuntur
1223 1109 1258 1141 in
1276 1110 1430 1151 plurali:
1450 1116 1484 1143 et
1503 1110 1540 1143 in
1560 1110 1583 1143 I.
1598 1110 1707 1144 Noct,
1726 1111 1852 1151 legan-

1028 1162 1087 1188 tur
1113 1162 1316 1199 sequentes
1344 1157 1545 1191 Lectiones
1576 1158 1621 1192 dc
1647 1159 1853 1201 Scriptura.

1180 1222 1245 1262 De
1263 1219 1375 1262 libro
1394 1219 1702 1262 Ecclesiastici.

1131 1285 1313 1326 Lectio
1306 1300 1326 1324 l
1567 1289 1668 1339 (Imp
1686 1289 1749 1326 44.

1031 1354 1115 1402 f
1116 1350 1354 1399 audemus
1388 1351 1505 1393 viros
1538 1351 1772 1402 gloriosos,
1811 1356 1854 1394 et

1062 1379 1137 1470 ὦ)
1169 1410 1374 1460 parentes
1401 1413 1578 1450 nostros
1606 1409 1650 1449 in
1677 1421 1853 1459 genera-

1084 1464 1088 1467 ’
1168 1464 1288 1506 tione
1317 1478 1404 1506 sua.
1459 1465 1642 1507 Multam
1669 1465 1853 1517 gloriam

1025 1521 1128 1563 fecit
1146 1521 1360 1562 Dominus
1383 1521 1703 1573 magnificentia
1730 1535 1809 1563 sua
1828 1535 1854 1562 a

1025 1578 1199 1620 saeculo.
1240 1578 1528 1620 Dominantes
1555 1578 1599 1619 in
1626 1578 1852 1631 potestati-

1024 1633 1107 1676 bus
1135 1635 1242 1684 suis,
1281 1634 1480 1675 homines
1507 1635 1653 1685 magni
1680 1635 1852 1683 virtute,

1025 1695 1068 1732 et
1087 1690 1318 1743 prudentia
1337 1703 1415 1732 sua
1432 1690 1622 1743 praediti,
1656 1691 1851 1731 nuntian-

1023 1752 1091 1788 tes
1122 1748 1167 1788 in
1198 1746 1431 1800 Prophetis
1464 1746 1719 1798 dignitatem
1747 1747 1850 1788 Pro-

1023 1803 1271 1856 phetarum,
1306 1809 1349 1845 et
1375 1804 1641 1856 imperantes
1670 1804 1714 1843 in
1741 1816 1850 1855 prae-

1024 1860 1137 1901 senti
1158 1859 1335 1913 populo,
1364 1865 1407 1902 et
1425 1860 1586 1901 virtute
1604 1859 1850 1912 prudentiae

1024 1916 1200 1969 populis
1223 1916 1495 1958 sanctissima
1513 1915 1658 1958 verba.
1702 1916 1753 1956 In
1775 1928 1850 1968 pe-

1023 1973 1121 2014 ritia
1140 1986 1218 2014 sua
1242 1973 1513 2026 requirentes
1535 1972 1693 2014 modos
1720 1972 1848 2013 musi-

1024 2041 1115 2079 cos,
1144 2034 1187 2071 et
1206 2031 1435 2071 narrantes
1455 2029 1647 2070 carmina
1666 2029 1848 2081 scriptu-

1022 2098 1179 2127 rarum.

1078 2142 1128 2193 R.
1160 2142 1282 2193 Euge
1314 2154 1439 2183 serve
1469 2140 1584 2182 bone
1622 2146 1665 2182 et
1694 2140 1848 2191 fidelis,

1024 2198 1124 2250 quia
1150 2199 1194 2238 in
1221 2211 1362 2250 pauca
1388 2197 1505 2238 fuisti
1531 2196 1683 2246 fidelis,
1715 2210 1848 2249 supra

1021 2254 1158 2296 multa
1192 2259 1236 2296 te
1274 2255 1551 2296 constituam:
1591 2254 1612 2277 *
1651 2253 1770 2294 Intra
1804 2253 1847 2294 in

1021 2310 1228 2361 gaudium
1260 2310 1424 2352 domini
1455 2310 1528 2351 tui.
1575 2302 1625 2353 V.
1658 2309 1846 2350 Domine

1023 2367 1213 2419 quinque
1258 2366 1422 2408 talenta
1465 2365 1684 2407 tradidisti
1731 2365 1846 2415 mihi,

1022 2435 1124 2464 ecce
1164 2422 1247 2463 alia
1288 2423 1478 2475 quinque
1520 2421 1845 2474 superlucratus

1022 2492 1128 2520 sum.
1169 2479 1300 2520 Intra.

1326 2533 1478 2573 Lectio
1499 2533 1536 2573 ii.

1024 2589 1283 2694 Homines
1307 2599 1464 2641 divites
1489 2599 1532 2640 in
1550 2593 1726 2648 virtute,
1752 2598 1843 2651 pul-

1135 2654 1389 2697 chritudinis
1408 2655 1599 2696 stadium
1619 2655 1844 2696 habentes:

1019 2712 1301 2764 pacificantes
1333 2711 1377 2752 in
1407 2711 1609 2753 domibus
1636 2711 1734 2751 suis.
1788 2709 1842 2750 O·
