2040 2944
203 228 277 264 180

804 221 1007 256 Dominica
1033 223 1095 257 IV.
1122 223 1312 258 Octobris.

203 325 304 376 ejus,
325 323 511 364 surrexit
525 322 790 363 Ptolemaeus
810 333 910 362 cum
929 320 1030 370 suis,

203 385 246 422 et
265 380 544 432 sumpserunt
569 390 690 419 arma
709 390 804 427 sua,
832 382 876 418 et
900 377 1029 418 intra-

203 438 357 477 verunt
376 436 419 475 in
435 434 694 484 convivium,
714 439 757 476 et
773 433 1029 475 occiderunt

201 505 316 542 eum
343 496 387 533 et
413 490 526 532 duos
553 490 669 532 filios
695 492 803 543 ejus,
830 495 874 532 et
900 503 1027 542 quos-

201 547 302 590 dam
330 551 493 600 pueros
522 547 625 598 ejus.
678 547 735 588 Et
768 547 872 588 fecit
903 545 1027 588 dece-

199 605 396 657 pti6nem
414 616 618 655 magnam
636 603 680 644 in
698 603 849 652 Israel,
869 607 913 644 et
931 601 1026 669 red—

199 659 310 702 didit
328 660 442 701 mala
461 673 544 713 pro
563 659 704 702 bonis.

248 720 298 770 R>
326 717 515 759 Refulsit
535 717 612 758 sol.
631 718 718 758 163.

502 777 685 819 Lectio
675 778 714 817 1i.

278 836 296 872 t
328 831 505 884 scripsit
535 830 632 872 haec
664 829 948 879 Ptolemaeus,
982 834 1026 870 et

298 888 416 929 misit
440 887 533 938 regi
555 892 604 929 ut
626 889 820 928 mitteret
844 886 884 927 ei
904 887 1023 927 exer-

197 945 333 986 citum
358 945 401 984 in
428 943 654 994 auxilium,
689 948 733 984 et
763 942 960 984 traderet
985 942 1025 984 ei

195 1002 437 1051 regionem,
475 1006 519 1042 et
548 1000 748 1042 civitates
777 1000 946 1049 eorum,
981 1004 1024 1041 et

194 1057 370 1100 tributa.
399 1058 454 1099 Et
473 1057 592 1098 misit
612 1057 722 1098 alios
741 1057 784 1097 in
806 1057 1023 1098 Gazaram

195 1114 349 1156 tellere
373 1115 396 1155 J
401 1116 601 1155 oannem:
627 1119 670 1155 et
694 1113 880 1155 tribunis
905 1113 1023 1154 misit

195 1171 417 1223 epistolas,
438 1176 485 1212 ut
506 1172 705 1212 venirent
725 1170 781 1212 ad
800 1183 858 1219 se,
886 1175 930 1211 et
950 1169 1022 1211 da-

194 1232 260 1269 ret
281 1227 343 1268 eis
362 1229 605 1278 argentum,
629 1231 673 1268 et
692 1240 855 1278 aurum,
882 1232 925 1268 et
946 1226 1020 1268 do-

193 1297 260 1325 na.
296 1285 353 1325 Et
379 1284 490 1325 alios
515 1284 633 1325 misit
658 1286 877 1336 occupare
901 1285 925 1324 J
928 1287 1020 1325 eru

193 1340 345 1390 salem,
365 1346 408 1382 et
427 1345 621 1382 montem
641 1338 806 1393 templi.
834 1341 891 1382 Et
910 1353 1021 1393 prae-

192 1400 372 1438 currens
401 1396 594 1449 quidam,
622 1397 837 1438 nuntiavit
862 1398 886 1437 J
890 1397 1020 1438 oanni

191 1453 235 1493 in
262 1453 450 1502 Gazara,
485 1453 585 1506 quia
610 1454 740 1505 periit
766 1459 893 1506 pater
919 1454 1020 1505 ejus,

192 1514 235 1550 et
254 1509 411 1551 fratres
431 1511 533 1562 ejus,
554 1514 597 1551 et
613 1510 715 1561 quia
729 1510 846 1551 misit
863 1516 906 1552 te
923 1523 1021 1562 quo-

192 1578 276 1617 que
296 1566 493 1608 interfici.

241 1626 292 1677 R.
321 1623 597 1665 Ornaverunt
616 1623 784 1665 faciem.
803 1624 891 1664 164.

491 1683 643 1724 Lectio
665 1683 720 1723 iii.

279 1741 298 1778 t
330 1737 497 1779 audivit
534 1742 698 1786 autem,
736 1737 1020 1779 vehementer

299 1794 496 1846 expavit:
525 1799 568 1835 et
596 1793 932 1846 comprehendit
959 1795 1018 1835 vi-

189 1862 275 1899 ros,
301 1851 376 1902 qui
395 1852 605 1891 venerant
629 1850 818 1903 perdere
840 1863 949 1900 eum,
975 1856 1019 1892 et

189 1906 352 1947 occidit
385 1919 478 1948 eos:
522 1907 730 1958 cognevit
768 1907 883 1948 enim
918 1908 1019 1959 quia

189 1963 446 2015 quaerebant
464 1976 565 2004 eum
583 1963 780 2016 perdere.
799 1963 856 2004 Et
871 1965 1018 2005 cetera

188 2021 438 2061 sermenum
475 2020 499 2060 J
502 2021 670 2070 oannis,
717 2025 761 2062 et
801 2019 1017 2062 bellerum

188 2077 289 2127 ejus,
309 2081 353 2118 et
372 2076 589 2118 bonarum
608 2077 831 2127 virtutum,
859 2077 1017 2130 quibus

187 2132 358 2174 fortiter
368 2134 516 2184 gessit,
532 2139 575 2175 et
590 2133 766 2175 aedificii
780 2136 1017 2185 murorum,

189 2202 300 2240 quos
319 2191 545 2240 exstruxit,
565 2196 609 2232 et
627 2203 775 2232 rerum
792 2193 1017 2241 gestarum

188 2246 294 2296 ejus:
314 2259 416 2288 ecce
435 2247 531 2289 haec
551 2248 715 2300 scripta
731 2251 831 2288 sunt
845 2247 888 2287 in
902 2246 1015 2289 libro

187 2300 355 2343 dierum
374 2303 613 2346 sacerdetii
633 2305 742 2356 eJus‚
768 2317 823 2345 ex
850 2316 937 2356 quo
957 2304 1015 2345 fa-

186 2363 283 2400 ctus
303 2363 368 2400 est
388 2360 593 2413 princeps
613 2359 893 2402 sacerdotum
912 2366 1016 2412 post

185 2419 356 2467 patrem
374 2429 511 2457 suum.

241 2471 290 2522 Rs.
315 2471 366 2512 In
386 2472 569 2525 hymnis.
589 2475 678 2515 164.

463 2590 491 2627 S
510 2602 535 2627 a
551 2593 578 2628 b
595 2591 621 2627 b
641 2602 666 2627 a
683 2595 699 2627 t
717 2603 741 2628 ο

272 2646 359 2676 ante
384 2642 626 2677 Dominicam
651 2644 714 2678 IV.
740 2645 929 2680 Octobris.

240 2696 312 2738 Ad
339 2698 513 2748 Magnis.
547 2700 646 2741 Ant.
680 2699 899 2742 Exaudiat
924 2701 1011 2741 Do-

185 2754 326 2796 minus
354 2756 377 2780 *
406 2755 627 2797 orationes
655 2763 840 2807 vestras,
877 2762 920 2799 et
948 2770 1011 2798 re-

1083 318 1339 361 concilietur
1362 319 1504 361 vobis:
1529 332 1611 361 nec
1633 332 1715 362 vos
1735 319 1911 362 deserat

1081 376 1125 416 in
1157 377 1358 429 tempore
1391 376 1508 418 malo
1540 376 1756 418 Deminus
1788 377 1911 419 Deus

1080 437 1487 543 noJVterisesperfina
1525 490 1667 531 oratio
1701 490 1911 532 ascendat

1081 545 1137 587 ad
1164 552 1208 588 te
1237 546 1437 588 Demine.
1483 549 1535 600 lit-
1581 547 1639 588 Et
1670 546 1911 589 descendat

1080 615 1213 655 super
1231 615 1313 644 nos
1333 602 1637 645 misericordia
1654 608 1742 645 tua.

1285 689 1703 718 7.-ffl.‚-—

1164 761 1441 812 Dominica
1460 763 1548 813 IV.
1572 764 1828 815 Octobris.

1313 845 1362 884 In
1390 846 1419 885 Ι.
1447 845 1671 886 Nocturno

1131 902 1293 956 Incipit
1313 903 1424 946 liber
1444 904 1664 946 secundus
1683 904 1858 947 Macha-

1387 960 1598 1002 baeorum.

1180 1026 1331 1068 Lectio
1352 1027 1375 1067 i.
1650 1029 1753 1082 Cap.
1773 1030 1802 1069 1.

1086 1102 1090 1103 ⁷
1114 1090 1140 1141 ζ
1152 1086 1400 1140 ratribus
1435 1087 1509 1139 qui
1537 1092 1638 1129 sunt
1665 1101 1746 1141 per
1773 1090 1906 1143 AEgy-

1079 1114 1093 1212 11
1111 1133 1187 1212 3⁴ss1
1211 1147 1352 1195 ptum,
1394 1144 1419 1185 J
1420 1143 1576 1194 udaeis
1619 1145 1808 1187 salutem
1845 1145 1906 1188 di-

1079 1196 1187 1224 *Q
1210 1205 1314 1242 cunt
1338 1200 1513 1250 fratres,
1545 1201 1620 1253 qui
1645 1207 1747 1244 sunt
1769 1202 1814 1243 in
1840 1203 1866 1244 J
1868 1215 1908 1245 e

1075 1255 1319 1308 rosolymis‚
1339 1258 1363 1298 J
1366 1256 1493 1308 udae1
1514 1263 1559 1300 et
1579 1258 1653 1310 qui
1670 1258 1715 1299 in
1728 1259 1906 1310 regione

1074 1311 1257 1363 Judaeae‚
1284 1319 1328 1356 et
1346 1327 1503 1367 pacem
1522 1314 1695 1356 bonam.
1724 1315 1906 1358 Benefa-

1075 1368 1161 1410 ciat
1185 1369 1312 1411 vobis
1338 1371 1478 1422 Deus,
1508 1377 1551 1413 et
1575 1373 1822 1415 meminerit
1845 1378 1906 1415 te-

1074 1427 1279 1468 stamenti
1299 1427 1382 1478 sui,
1411 1427 1531 1480 quod
1555 1428 1729 1470 locutus
1756 1433 1824 1471 est
1848 1429 1905 1472 ad

1074 1481 1317 1534 Abraham,
1347 1489 1391 1525 et
1414 1484 1558 1535 Isaac,
1590 1490 1634 1526 et
1653 1485 1791 1527 Jacob
1817 1498 1904 1528 ser-

1073 1540 1228 1579 vorum
1248 1542 1428 1581 suorum
1447 1540 1657 1582 fidelium:
1679 1547 1723 1584 et
1741 1541 1817 1584 det
1832 1555 1905 1584 vo-

1072 1594 1140 1636 bis
1161 1608 1238 1637 cor
1258 1597 1461 1639 omnibus
1479 1602 1528 1639 ut
1548 1598 1704 1640 colatis
1724 1611 1835 1649 eum,
1862 1603 1907 1641 et

1072 1651 1241 1694 faciatis
1261 1654 1353 1705 ejus
1368 1655 1645 1697 voluntatem
1663 1654 1800 1697 corde
1816 1669 1903 1698 ma·

1071 1720 1176 1758 gno,
1203 1715 1247 1751 et
1273 1711 1419 1752 animo
1445 1710 1622 1753 volenti.
1658 1710 1904 1764 Adaperiat

1072 1777 1148 1806 cor
1167 1771 1363 1808 vestrum
1382 1767 1425 1808 in
1444 1767 1542 1818 lege
1558 1781 1647 1818 sua,
1668 1773 1711 1809 et
1730 1769 1774 1809 in
1792 1781 1903 1822 prae-

1072 1822 1213 1874 ceptis
1232 1823 1334 1873 suis,
1353 1828 1397 1865 et
1416 1824 1548 1866 faciat
1565 1837 1733 1877 pacem.
1761 1824 1902 1866 Exau-

1072 1877 1164 1920 diat
1184 1879 1406 1921 orationes
1426 1885 1614 1930 vestras,
1641 1885 1685 1923 et
1709 1881 1903 1923 reconci-

1070 1934 1201 1976 lietur
1231 1935 1379 1987 vobis,
1420 1950 1502 1979 nec
1534 1949 1616 1979 vos
1649 1937 1826 1979 deserat
1858 1938 1903 1978 in

1070 1992 1271 2044 tempore
1290 1993 1419 2035 malo.
1450 1993 1507 2035 Et
1525 2006 1641 2035 nunc
1659 1993 1732 2035 hic
1751 2007 1901 2036 sumus

1071 2050 1248 2090 orantes
1267 2062 1350 2102 pro
1369 2049 1508 2091 vobis.

1124 2111 1174 2162 R.
1208 2110 1454 2163 Adaperiat
1480 2111 1696 2153 Deminus
1717 2123 1802 2165 cor
1829 2124 1900 2154 ve-

1070 2170 1208 2207 strum
1226 2167 1269 2207 in
1288 2166 1385 2218 lege
1406 2180 1501 2217 sua,
1531 2172 1575 2210 et
1599 2168 1643 2208 in
1662 2168 1900 2221 praeceptis

1069 2223 1175 2273 suis,
1201 2229 1244 2265 et
1263 2224 1397 2265 faciat
1415 2237 1571 2277 pacem
1590 2225 1634 2266 in
1655 2224 1809 2267 diebus
1828 2237 1898 2266 ve-

1069 2279 1185 2320 stris:
1207 2281 1230 2304 *
1247 2279 1472 2322 Concedat
1492 2281 1618 2323 vobis
1638 2281 1835 2331 salutem,
1856 2286 1900 2323 et

1068 2335 1254 2378 redimat
1279 2349 1360 2378 vos
1386 2350 1411 2378 a
1430 2338 1567 2379 malis.
1609 2331 1660 2384 V.
1676 2336 1899 2379 Exaudiat

1067 2391 1282 2434 Deminus
1307 2394 1530 2435 orationes
1551 2398 1739 2443 vestras,
1766 2398 1809 2434 et
1833 2406 1897 2435 re-

1068 2449 1325 2491 concilietur
1341 2449 1485 2498 vobis‚
1512 2463 1594 2492 nec
1617 2462 1697 2491 vos
1723 2449 1898 2492 deserat

1066 2505 1110 2545 in
1127 2507 1328 2558 tempore
1347 2506 1475 2548 malo.
1506 2505 1741 2548 Concedat.

1123 2628 1127 2632 .
1379 2579 1532 2621 Lectio
1552 2580 1591 2620 ii.

1147 2646 1287 2687 acturi
1304 2645 1435 2697 igitur
1455 2645 1605 2697 quinta
1627 2650 1670 2687 et
1687 2645 1896 2696 vigesima

1158 2702 1229 2744 die
1252 2702 1416 2743 mensis
1443 2701 1602 2743 Casleu
1627 2702 1895 2754 purificatio-

1065 2771 1166 2800 nem
1181 2757 1351 2810 templi,
1373 2759 1671 2800 necessarium
1691 2758 1895 2800 duximus
