2040 2944
188 255 341 297 Lectio
366 256 506 297 sancti
525 256 755 307 Evangelii
778 259 1020 301 secundum

516 312 693 354 Lucam.

265 375 414 415 Lectio
438 377 502 415 vii.
712 379 815 429 Cap.
831 380 881 419 11.
898 379 937 420 d.

184 428 261 534 In
280 432 356 474 illo
375 435 591 486 tempore:
610 434 734 476 Dixit
747 435 773 476 J
775 447 877 476 esus
892 435 1018 477 disci-

256 489 372 541 pulis
401 490 505 531 suis:
538 490 682 532 Nemo
711 491 934 533 lucernam
951 505 1019 534 ac-

185 545 346 595 cendit,
373 551 416 588 et
436 546 480 586 in
499 546 763 589 abscondito
783 548 924 600 ponit,
947 561 1018 590 ne-

185 614 270 653 que
295 601 378 643 sub
404 603 572 644 modio:
601 602 680 645 sed
707 616 841 656 supra
864 603 1018 646 cande-

183 657 365 709 labrum,
385 664 433 700 ut
450 659 524 712 qui
539 659 854 711 ingrediantur,
872 660 1019 702 lumen

183 713 372 757 videant.
400 715 457 757 Et
475 716 656 768 reliqua.

297 792 487 834 Homih'a
514 793 655 834 sancti
682 792 909 835 Ambrosii

488 849 713 902 Episcopi.

224 915 304 948 Lib.
330 914 358 949 7.
385 916 596 951 Comment.
624 917 661 950 in
686 917 774 951 Luc.
802 928 883 961 cap.
912 919 960 956 11,

460 970 548 1007 post
573 965 734 999 initium.

185 1030 200 1066 [f
210 1021 302 1069 ⁴³th
310 1016 382 1058 uia
395 1016 440 1058 in
456 1017 760 1070 superioribus
771 1018 1018 1060 Ecclesiam

192 1119 194 1121 ,
326 1073 574 1125 Synagogae
588 1074 795 1126 praetulit,
812 1074 1017 1116 hortatur

191 1129 230 1150 Ἃ
250 1150 264 1152 >
282 1127 304 1162 ‘²³
327 1141 420 1179 nos,
439 1135 488 1171 ut
506 1130 641 1172 fidem
655 1131 804 1183 potius
818 1135 1017 1172 nostram

182 1182 239 1226 ad
274 1185 519 1227 Ecclesiam
554 1187 882 1228 transferamus,
932 1187 1016 1228 Lu-

181 1241 312 1281 cerna
341 1241 457 1282 enim
483 1241 595 1284 fides
624 1248 707 1292 est,
744 1243 863 1294 juxta
895 1242 1017 1295 quod

180 1297 395 1350 scriptum
439 1302 521 1340 est:
572 1298 774 1340 Lucerna
824 1299 1015 1352 pedibus

180 1353 291 1395 meis
317 1353 503 1396 verbum
525 1359 651 1396 tuum
670 1355 872 1397 Domine.
906 1356 1015 1398 Ver-

179 1408 285 1451 bum
322 1410 437 1451 enim
471 1411 557 1453 Dei
592 1411 705 1453 fides
740 1417 894 1454 nostra
933 1418 1015 1454 est:

179 1466 365 1508 verbum
390 1467 476 1509 Dei
501 1467 577 1509 lux
604 1472 681 1510 est.
721 1468 923 1510 Lucerna
949 1474 1015 1511 est

178 1521 301 1565 fides.
328 1523 436 1565 Erat
459 1523 535 1565 lux
553 1537 659 1566 vera
680 1538 778 1578 quae
798 1525 1015 1568 illuminat

179 1591 355 1621 omnem
405 1579 629 1623 hominem
674 1582 924 1623 venientem
969 1582 1013 1623 in

178 1635 293 1677 hunc
311 1635 533 1678 mundum.
561 1637 762 1679 Lucerna
786 1643 933 1680 autem
951 1638 1012 1680 lu-

178 1693 279 1734 cere
306 1705 395 1734 non
423 1698 587 1745 potest,
627 1695 711 1736 nisi
742 1694 919 1737 aliunde
951 1695 1012 1736 lu-

176 1761 278 1791 men
297 1750 528 1802 acceperit.

229 1819 280 1868 R.
326 1815 364 1856 O
401 1815 581 1858 beatum
617 1817 775 1867 virum,
811 1817 856 1858 in
890 1818 1010 1870 cujus

175 1871 364 1914 transitu
378 1872 640 1914 Sanctorum
657 1873 774 1915 canit
790 1876 1010 1925 numerus,

175 1927 448 1979 Angelorum
477 1929 669 1972 exsultat
697 1929 874 1980 chorus,
902 1938 924 1961 *
954 1931 1009 1973 Ο-

174 1985 429 2039 mniumque
443 1985 691 2028 coelestium
701 1986 927 2029 Virtutum
938 2000 1008 2029 oc-

175 2043 314 2084 currit
327 2042 609 2095 psallentium
627 2043 860 2085 exercitus!
874 2039 925 2091 V.
935 2044 1011 2086 Ec-

174 2097 310 2140 clesia
331 2099 495 2141 virtute
520 2099 776 2150 roboratur,
805 2100 1008 2142 sacerdo-

173 2159 241 2196 tes
274 2155 358 2197 Dei
389 2155 658 2197 revelatione
688 2155 1007 2207 glorificantur,

175 2223 306 2262 quem
325 2211 514 2254 Michael
538 2213 778 2266 assumpsit
801 2226 901 2254 cum
920 2215 1007 2255 An-

174 2267 294 2318 gelis.
323 2268 629 2322 Omniumque.

467 2340 618 2380 Lectio
640 2341 722 2380 viii.

271 2408 336 2438 aec
349 2402 417 2439 est
432 2397 611 2441 lucerna
625 2412 724 2452 quae
740 2400 1006 2450 accenditur,

285 2453 426 2495 virtus
455 2455 626 2498 scilicet
653 2461 820 2498 nostrae
847 2457 1006 2499 mentis

173 2513 218 2550 et
243 2521 416 2559 sensuS,
444 2516 492 2552 ut
517 2511 727 2554 drachma
752 2513 826 2554 illa
850 2514 1006 2566 possit,

174 2578 273 2617 quae
292 2568 495 2618 perierat,
514 2569 709 2620 reperiri.
736 2570 881 2611 Nemo
900 2583 1005 2621 ergo

172 2621 308 2663 fidem
342 2621 425 2664 sub
461 2623 559 2674 lege
598 2628 849 2668 constituat.
911 2626 1005 2668 Lex

172 2679 288 2721 enim
324 2679 438 2722 intra
471 2685 722 2722 mensuram
761 2687 845 2732 est,
890 2682 1005 2724 ultra

604 165 673 199 Die
703 167 750 199 11.
775 166 873 200 Nov.
922 166 956 200 S
982 167 1138 202 Martini
1163 140 1290 211 Episc.
1315 174 1351 204 et
1376 170 1484 204 Conf.

1074 264 1327 302 mensuram
1363 261 1518 312 gratia:
1554 261 1626 303 lex
1662 261 1907 314 obumbrat,

1072 317 1215 367 gratia
1240 317 1462 359 clarificat.
1499 318 1556 359 Et
1579 317 1682 360 ideo
1705 331 1836 361 nemo
1859 319 1906 360 fi-

1074 372 1175 415 dem
1214 387 1337 415 suam
1369 374 1484 416 intra
1515 377 1767 416 mensuram
1798 375 1907 426 legis

1072 429 1286 479 includat,
1314 428 1395 472 sed
1418 430 1476 471 ad
1493 430 1740 472 Ecclesiam
1763 433 1906 474 confe-

1072 491 1151 535 rat,
1175 487 1219 527 in
1239 499 1326 538 qua
1345 487 1616 540 septiformis
1634 487 1821 540 Spiritus
1841 501 1905 530 re-

1072 542 1190 584 lucet
1226 543 1383 593 gratia,
1422 556 1555 595 quam
1590 544 1798 596 princeps
1833 545 1906 586 ille

1072 598 1356 640 sacerdotum
1379 599 1551 650 fulgore
1575 601 1780 652 supernae
1800 600 1906 642 divi-

1071 654 1222 696 nitatis
1240 652 1469 705 illuminat,
1494 667 1549 697 ne
1570 668 1668 697 eam
1685 655 1796 707 legis
1814 670 1906 698 um-

1071 710 1151 752 bra
1170 713 1425 762 restinguat.
1448 716 1474 765 3
1500 711 1703 764 Denique
1726 712 1906 755 lucerna

1070 766 1160 816 illa,
1199 780 1332 819 quam
1364 768 1590 810 matutinis
1623 769 1905 821 vespertinis-

1073 835 1158 875 que
1177 824 1455 877 temporibus
1474 824 1561 866 ritu
1575 825 1717 866 veteri
1729 825 1755 866 J
1756 825 1904 867 udaeo-

1071 892 1168 920 rum
1192 880 1400 933 princeps
1425 880 1709 923 sacerdotum
1733 881 1906 924 solebat

1071 935 1331 986 accendere,
1369 937 1490 979 velut
1521 936 1604 979 sub
1635 936 1789 979 modio
1821 938 1905 980 sita

1071 991 1180 1042 legis
1207 993 1398 1043 evanuit3
1432 998 1476 1035 et
1500 994 1655 1036 civitas
1683 994 1759 1035 illa
1783 994 1904 1036 Jeru-

1070 1048 1219 1099 salem,
1241 1061 1340 1100 quae
1359 1049 1403 1090 in
1423 1050 1553 1092 terris
1573 1055 1652 1101 est,
1672 1063 1772 1102 quae
1792 1053 1904 1092 occi-

1071 1103 1136 1146 dit
1166 1104 1427 1157 prophetaS‚
1470 1106 1597 1158 quasi
1627 1107 1672 1148 in
1704 1106 1904 1149 convalle

1070 1160 1201 1202 fletus
1225 1162 1373 1214 posita
1398 1161 1631 1205 delitescit:
1658 1162 1734 1205 illa
1757 1168 1905 1206 autem

1070 1216 1330 1268 Jerusalem,
1369 1231 1469 1271 quae
1505 1219 1551 1260 in
1587 1219 1702 1262 coelo
1739 1225 1822 1270 est,
1858 1220 1903 1261 in

1072 1286 1158 1325 qua
1176 1274 1335 1316 militat
1353 1275 1466 1317 fides
1485 1281 1654 1327 nostra,
1681 1277 1726 1318 in
1749 1276 1825 1318 illo
1845 1277 1902 1319 al-

1069 1330 1239 1372 tissimo
1261 1332 1455 1374 omnium
1473 1333 1621 1375 locata
1635 1338 1797 1384 monte,
1815 1333 1903 1376 hoc

1071 1393 1137 1430 est
1154 1387 1343 1439 Christo,
1361 1402 1452 1431 non
1471 1394 1623 1443 potest
1641 1390 1838 1432 tenebris
1858 1395 1903 1433 et

1067 1445 1205 1486 ruinis
1230 1444 1357 1498 hujus
1381 1446 1533 1488 mundi
1557 1446 1788 1498 abscondi,
1821 1446 1902 1488 sed

1067 1501 1240 1553 fulgens
1260 1502 1453 1544 candore
1478 1502 1585 1545 solis
1609 1504 1776 1554 aeterni,
1802 1503 1901 1545 luce

1067 1570 1149 1599 nos
1167 1559 1323 1609 gratiae
1344 1559 1555 1611 spiritalis
1574 1559 1801 1602 illuminat.

1120 1631 1171 1681 R.
1196 1627 1412 1670 Martinus
1431 1628 1626 1671 Abrahae
1651 1630 1750 1671 sinu
1771 1629 1901 1672 laetus

1066 1684 1297 1737 excipitur:
1323 1685 1554 1736 Martinus,
1575 1686 1648 1728 hic
1665 1699 1837 1739 pauper
1856 1691 1900 1728 et

1065 1739 1284 1791 modicus,
1317 1746 1339 1770 *
1363 1741 1536 1783 Coelum
1561 1742 1687 1785 dives
1712 1742 1899 1795 ingredi-

1064 1802 1150 1847 tur,
1178 1797 1352 1850 hymnis
1371 1799 1627 1842 coelestibus
1645 1799 1899 1842 honoratur.

1068 1849 1117 1900 V.
1138 1853 1354 1896 Martinus
1380 1858 1619 1909 episcopus
1643 1856 1850 1907 migravit
1873 1869 1899 1898 a

1064 1911 1245 1953 saeculo:
1264 1911 1372 1954 vivit
1390 1913 1435 1953 in
1450 1911 1627 1955 Christo
1643 1925 1817 1964 gemma
1831 1925 1896 1954 sa-

1064 1967 1306 2010 cerdotum.
1354 1968 1538 2011 Coelum.
1588 1968 1743 2010 Gloria
1766 1969 1898 2011 Patri.

1064 2023 1245 2066 Coelum.

1265 2109 1340 2145 Pro
1365 2111 1400 2146 S.
1426 2111 1566 2146 Menna
1590 2111 1698 2146 Mart.

1368 2172 1521 2214 Lectio
1541 2172 1596 2213 ix.

1072 2248 1087 2324 ¹,v
1112 2247 1146 2285 ,εἰ
1164 2244 1314 2325 lennas
1342 2233 1598 2286 AEgyptius,
1632 2231 1896 2274 christianus

1068 2287 1097 2316 '¹'2
1137 2287 1144 2316 3³
1194 2289 1320 2330 miles
1339 2289 1384 2330 in
1398 2289 1706 2342 persecutione
1720 2289 1894 2331 Diocle-

1059 2346 1168 2387 tiani
1203 2350 1246 2387 et
1278 2345 1532 2387 Maximiani
1562 2345 1893 2398 imperatorum,

1060 2414 1160 2443 cum
1182 2402 1457 2454 poenitentiae
1481 2414 1614 2444 causa
1631 2401 1676 2442 in
1695 2402 1893 2445 solitudi-

1058 2471 1159 2500 nem
1187 2460 1462 2508 secessisset,
1494 2457 1630 2500 natali
1658 2457 1728 2500 die
1757 2459 1892 2512 impe-

1059 2517 1268 2564 ratorum,
1292 2527 1380 2567 quo
1399 2514 1592 2567 populus
1612 2514 1776 2557 celebri
1795 2529 1891 2568 spe-

1059 2571 1234 2613 ctaculo
1279 2571 1529 2620 tenebatur,
1582 2571 1627 2611 in
1670 2571 1892 2614 theatrum

1058 2627 1308 2679 prosiliens,
1341 2627 1480 2669 libera
1511 2640 1621 2669 voce
1651 2628 1891 2670 Gentilium

1058 2683 1894 2736 superstitioneminsectabatur.Quam-
