2040 2944
711 201 820 234 Fcria
846 201 977 243 quinta
1004 202 1051 235 ad
1078 202 1313 237 Matutimim.

153 292 292 333 Deus:
311 294 335 319 *
359 298 433 334 aut
461 307 549 335 non
577 296 772 347 apponet
800 300 847 336 ut
871 308 984 336 com-

153 347 358 400 placitior
387 349 444 391 sit
472 349 642 391 adhuc?

206 405 298 446 Aut
325 405 369 446 in
389 405 522 447 finem
545 406 895 448 misericordiam
915 421 983 448 su-

154 473 224 501 am
252 460 496 511 abscindet,
525 464 549 489 *
577 475 602 503 a
629 463 912 513 generatione
940 464 984 504 in

151 517 505 567 generationem?

205 574 296 615 Aut
311 573 598 615 obliviscetur
616 575 815 616 misereri
836 574 982 616 Deus?

151 630 176 656 *
203 635 279 671 aut
297 630 540 672 continebit
564 631 608 671 in
631 631 697 672 ira
715 644 795 672 sua
816 632 982 673 miseri-

152 686 328 727 cordias
357 685 486 727 suas?

203 742 260 783 Et
287 742 396 783 dixi:
423 743 553 784 Nunc
573 743 705 795 coepi:
725 745 748 770 *
767 743 863 785 haec
891 758 981 785 mu-

149 799 261 840 tatio
291 798 487 840 dexterae
515 799 702 840 Excelsi.

202 854 373 896 Memor
410 855 472 907 fui
508 858 695 908 operum
730 856 924 897 Domini:
958 859 981 883 *

151 911 254 962 quia
280 923 451 952 memor
479 924 554 953 ero
581 912 635 953 ab
664 912 787 953 initio
808 912 979 954 mirabi-

148 965 256 1021 lium
283 969 474 1018 tuorum,⁴

201 1023 258 1064 Et
284 1023 534 1066 meditabor
567 1025 612 1065 in
640 1024 843 1066 omnibus
877 1027 978 1077 ope-

148 1078 271 1120 ribus
290 1080 392 1121 tuis:
414 1082 438 1107 *
462 1086 505 1122 et
524 1081 568 1121 in
593 1080 978 1122 adinventionibus

147 1135 236 1176 tuis
265 1136 516 1178 exercebor.

199 1191 322 1234 Deus
364 1193 410 1234 in
451 1198 604 1235 sancto
645 1193 716 1235 via
749 1198 841 1235 tua:
879 1194 975 1245 quis

145 1248 268 1289 Deus
297 1262 482 1300 magnus
511 1250 624 1291 sicut
650 1250 773 1291 Deus
803 1248 975 1299 noster?

147 1305 171 1331 *
190 1309 240 1346 tu
269 1317 316 1346 es
339 1306 462 1347 Deus
492 1307 567 1358 qui
594 1306 701 1347 facis
729 1305 955 1347 mirabilia.

197 1361 362 1402 Notam
394 1362 537 1403 fecisti
564 1363 608 1403 in
636 1362 815 1415 populis
843 1363 974 1403 virtu-

144 1421 233 1458 tem
261 1422 399 1458 tuam:
425 1420 448 1445 *
467 1418 694 1460 redemisti
721 1419 764 1459 in
792 1418 975 1459 brachio

143 1478 222 1515 tuo
251 1474 472 1526 populum
500 1479 641 1525 tuum,
673 1474 790 1516 filios
823 1475 974 1524 Jacob,

145 1534 190 1570 et
216 1530 241 1570 J
244 1530 395 1583 oseph.

196 1586 416 1628 Viderunt
450 1592 495 1629 te
523 1600 651 1639 aquae
679 1588 820 1637 Deus,
856 1587 973 1629 vide-

105 1642 112 1647 '
143 1647 246 1683 runt
273 1648 318 1684 te
346 1656 490 1694 aquae:
517 1645 541 1671 *
570 1649 613 1685 et
641 1645 895 1693 timuerunt,
931 1648 974 1684 et

143 1698 334 1740 turbatae
359 1704 462 1740 sunt
490 1699 649 1752 abvssi.

195 1754 437 1797 Multitudo
477 1756 648 1797 sonitus
685 1757 913 1807 aquarum:
950 1756 973 1781 *

143 1813 300 1852 vocem
328 1811 545 1853 dederunt
572 1811 723 1853 nubes.

194 1867 370 1908 Etenim
402 1870 575 1918 sagittae
608 1873 698 1909 tuae
729 1870 973 1909 transeunt:

143 1923 168 1949 *
195 1936 283 1964 vox
310 1924 492 1964 tonitrui
520 1924 586 1965 tui
613 1925 658 1965 in
690 1929 797 1966 rota.

194 1978 440 2021 Illuxerunt
456 1981 786 2022 coruscationes
800 1985 890 2033 tuae
907 1992 972 2020 or-

142 2034 188 2076 bi
211 2040 357 2077 terrae:
386 2037 409 2063 *
438 2038 660 2078 commota
689 2041 770 2086 est,
801 2040 844 2077 et
872 2048 972 2076 con-

143 2092 322 2133 tremuit
349 2097 478 2133 terra.

194 2147 247 2188 In
268 2148 379 2189 mari
407 2148 479 2189 via
506 2152 592 2197 tua,
622 2153 666 2189 et
686 2148 862 2189 semitae‘
882 2152 972 2189 tuae

142 2203 187 2243 in
215 2204 342 2255 aquis
369 2203 536 2245 multis:
564 2206 588 2231 *
611 2209 654 2245 et
683 2204 869 2255 vestigia
895 2208 972 2245 tua

142 2271 230 2300 non
259 2262 596 2311 cognoscentur.

192 2315 429 2358 Deduxisti
466 2316 580 2357 sicut
617 2329 724 2357 oves
757 2316 971 2368 populum

141 2376 277 2422 tuum,
294 2373 381 2413 *in
401 2385 534 2414 manu
562 2372 707 2424 Moysi
737 2376 780 2413 et
808 2372 970 2412 Aaron.

415 2431 615 2472 Psalmus
646 2431 708 2471 77.

223 2485 412 2527 ttendite
457 2484 623 2537 popule
664 2496 788 2524 meus
829 2483 972 2534 legem

262 2554 421 2582 meam:
440 2542 463 2567 *
485 2540 692 2581 inclinate
720 2551 870 2580 aurem
899 2551 969 2579 ve-

141 2601 278 2638 stram
305 2597 350 2637 in
378 2596 512 2638 verba
542 2596 632 2637 oris
659 2595 756 2637 mei.

193 2653 403 2704 Aperiam
422 2653 467 2693 in
487 2651 712 2705 parabolis
733 2664 782 2692 os
807 2663 968 2691 meum:

141 2709 164 2735 *
185 2707 341 2759 loquar
367 2709 697 2761 propositiones
725 2707 780 2748 ab
808 2706 944 2747 initio.

294 2850 359 2874 Pas-s
374 2849 543 2874 Autumnalis.

1090 297 1262 346 Quanta
1296 297 1542 339 audivimus
1578 303 1621 339 et
1657 301 1864 350 cognovi-

1036 365 1134 392 mus
1164 365 1228 393 ea:
1257 355 1280 379 *
1300 358 1344 394 et
1371 358 1521 406 patres
1549 355 1691 395 nostri
1719 369 1862 397 narra-

1036 409 1192 449 verunt
1221 409 1361 450 nobis.

1087 464 1189 505 Non
1218 470 1319 506 sunt
1351 466 1571 507 occultata
1602 480 1627 507 a
1659 467 1761 508 filiis
1793 470 1862 509 eo-

1035 533 1142 569 rum,
1170 522 1194 547 *
1222 521 1266 560 in
1294 523 1577 571 generatione
1605 523 1755 564 altera.

1086 576 1328 618 Narrantes
1344 577 1497 619 laudes
1513 579 1703 628 Domini,
1724 584 1767 620 et
1779 580 1861 620 vir-

1034 635 1152 673 tutes
1175 633 1277 684 ejus,
1297 634 1320 659 *
1341 638 1384 674 et
1404 634 1620 675 mirabilia
1638 636 1740 686 ejus,
1761 648 1860 687 quae

1033 688 1149 729 fecit.

1086 745 1143 785 Et
1163 745 1392 786 suscitavit
1412 745 1713 787 testimonium
1732 748 1775 788 in
1791 749 1815 788 J
1818 762 1858 789 a-

1034 800 1134 841 cob:
1163 803 1186 828 *
1216 806 1259 842 et
1285 801 1427 853 legem
1455 802 1605 853 posuit
1632 803 1675 843 in
1704 804 1850 845 Isra'el.

1086 857 1259 906 Quanta
1289 857 1516 898 mandavit
1549 858 1749 910 patribus
1784 873 1858 901 no—

1033 913 1136 953 stris
1168 918 1274 954 nota
1309 914 1454 954 facere
1483 926 1534 954 ea
1562 914 1664 955 filiis
1701 916 1807 956 suis:
1835 919 1858 943 *

1031 974 1080 1009 ut
1109 971 1348 1020 cognoscat
1375 970 1602 1020 generatio
1632 971 1780 1012 altera.

1082 1025 1182 1065 Filii
1199 1026 1273 1076 qui
1287 1027 1533 1074 nascentur,
1550 1031 1593 1066 et
1610 1031 1857 1078 exsurgent,

1031 1082 1055 1107 *
1084 1086 1127 1122 et
1155 1081 1396 1122 narrabunt
1423 1082 1526 1122 filiis
1556 1082 1657 1132 suis,

1083 1137 1143 1178 Ut
1170 1142 1338 1189 ponant
1373 1138 1417 1177 in
1444 1138 1540 1178 Deo
1569 1151 1694 1190 spem
1722 1152 1856 1189 suam,

1031 1198 1075 1234 et
1102 1205 1190 1234 non
1212 1193 1528 1234 obliviscantur
1554 1196 1737 1245 operum
1757 1196 1855 1236 Dei:

1030 1251 1054 1276 *
1083 1254 1126 1290 et
1154 1249 1362 1291 mandata
1391 1251 1481 1301 ejus
1510 1253 1751 1301 exquirant.

1080 1306 1148 1347 Ne
1175 1306 1282 1346 fiant
1311 1306 1424 1346 sicut
1454 1310 1603 1357 patres
1637 1309 1803 1347 eorum:
1832 1309 1854 1334 *

1028 1362 1255 1413 generatio
1284 1375 1421 1414 prava
1450 1367 1493 1403 et
1523 1365 1798 1414 exasperans.

1081 1418 1332 1467 Generastio,
1362 1431 1460 1469 quae
1480 1431 1568 1458 non
1598 1418 1758 1460 direxit
1778 1432 1855 1460 cor

1028 1487 1169 1514 suum:
1198 1476 1222 1500 *
1251 1478 1294 1515 et
1321 1486 1410 1514 non
1439 1479 1505 1514 est
1533 1474 1727 1516 creditus
1756 1488 1854 1516 cum

1026 1530 1124 1571 Deo
1154 1530 1335 1582 spiritus
1364 1531 1466 1581 ejus.

1079 1586 1179 1626 Filii
1230 1586 1424 1638 Ephrem
1477 1586 1754 1627 intendentes
1810 1592 1853 1628 et

1025 1642 1251 1683 mittentes
1280 1654 1443 1682 arcum:
1471 1644 1495 1668 *
1523 1643 1724 1683 conversi
1752 1648 1853 1684 sunt

1025 1698 1069 1737 in
1098 1697 1170 1739 die
1198 1697 1314 1738 belli.

1076 1754 1179 1794 Non
1207 1753 1511 1794 custodierunt
1541 1755 1851 1794 testamentum

1024 1810 1122 1851 Dei:
1156 1812 1179 1836 *
1209 1815 1252 1851 et
1285 1810 1332 1850 in·
1362 1809 1459 1860 lege
1492 1811 1583 1860 ejus
1618 1810 1866 1850 noluerunt‘

1025 1865 1261 1907 ambulare.

1075 1922 1132 1963 Et
1143 1922 1270 1963 obliti
1287 1926 1388 1962 sunt
1405 1920 1737 1962 benefactorum
1749 1923 1849 1973 ejus,

1023 1980 1047 2005 *
1068 1983 1112 2019 et
1132 1978 1398 2019 mirabilium
1419 1978 1508 2028 ejus
1532 1990 1630 2028 quae
1656 1977 1849 2019 ostendit

1024 2047 1098 2075 eis.
1417 2059 1423 2063 υ

1075 2091 1235 2131 Coram
1254 2089 1454 2142 patribus
1475 2092 1626 2131 eorum
1645 2089 1749 2130 fecit
1772 2090 1847 2130 mi-

1022 2146 1177 2187 rabilia
1199 2147 1243 2186 in
1258 2151 1376 2187 terra
1391 2146 1585 2198 AEgypti‚
1597 2145 1673 2185 *in
1689 2158 1846 2197 campo

1022 2203 1209 2243 Taneos.

1073 2258 1314 2310 Interrupit
1330 2269 1461 2306 mare,
1479 2261 1522 2298 et
1533 2257 1740 2309 perduxit
1754 2270 1845 2298 eos:

1020 2316 1044 2341 *
1073 2319 1116 2355 et
1144 2314 1301 2366 statuit
1326 2325 1463 2364 aquas
1492 2313 1618 2364 quasi
1645 2313 1690 2353 in
1712 2318 1819 2354 utre.

1070 2370 1127 2411 Et
1157 2369 1340 2411 deduxit
1368 2381 1445 2410 eos
1474 2369 1518 2409 in
1546 2369 1662 2410 nube
1690 2369 1793 2410 diei:
1821 2370 1844 2395 *

1020 2430 1064 2467 et
1077 2430 1173 2467 tota
1187 2430 1319 2466 nocte
1333 2425 1377 2464 in
1387 2424 1706 2466 illuminatione
1720 2424 1843 2476 ignis.

1070 2481 1311 2533 Interrupit
1343 2485 1516 2532 petram
1548 2481 1593 2520 in
1630 2482 1790 2522 eremo:
1818 2481 1842 2505 *

1019 2543 1062 2579 et
1091 2536 1328 2588 adaquavit
1357 2549 1434 2577 cos
1462 2536 1582 2577 velut
1609 2536 1653 2576 in
1679 2536 1838 2587 abysso

1017 2594 1165 2634 multa.

1069 2650 1126 2690 Et
1154 2648 1305 2690 eduxit
1333 2661 1492 2700 aquam
1519 2647 1575 2689 de
1600 2651 1738 2699 petra:
1756 2646 1839 2685 *et

1018 2705 1202 2747 deduxit
1228 2709 1453 2756 tamquam
1481 2703 1658 2744 flumina
1689 2712 1836 2751 aquas.

1587 2830 1631 2864 6*
