2040 2944
760 197 935 232 Officium
959 197 1243 232 Defunctorum.

201 296 299 336 Ant.
320 294 509 338 Placebo
524 295 715 338 Domino
733 297 778 338 in
794 298 972 348 regione

147 351 356 394 viverum.

200 409 299 450 Ant.
336 409 419 450 Hei
445 408 552 449 mihi
578 409 786 459 Domine,
818 410 841 435 *
870 410 972 461 quia

146 464 361 507 incolatus
379 477 502 506 meus
521 465 808 517 prolongatus
828 471 904 507 est.

411 521 608 572 Psalmus
628 522 707 560 119.

224 580 254 623 d
267 581 503 623 Dominum
522 594 621 623 cum
639 581 871 623 tribularer
888 582 971 623 ela-

257 638 388 679 mavi:
406 639 430 664 *
450 643 493 680 et
512 637 735 680 exaudivit
752 651 833 680 me.

197 693 386 736 Domine
410 694 546 736 11'bera
570 694 758 736 animam
781 707 924 736 meam
946 708 972 736 a

145 748 271 791 labiis
292 751 460 803 iniquis,
484 753 508 779 *
531 755 575 793 et
596 764 622 792 a
638 751 786 803 lingua
805 750 970 793 dolosa.

198 806 313 856 Quid
338 806 465 848 detur
489 807 579 858 tibi,
605 812 680 849 aut
706 807 811 860 quid
835 821 970 861 appo-

144 864 272 904 natur
289 862 369 905 tibi
389 865 413 891 *
432 862 489 905 ad
506 863 699 915 linguam
718 864 940 906 dolosam?

195 918 374 971 Sagittae
405 921 598 974 potentis
629 924 788 971 acutae,
819 922 843 948 *
870 934 970 963 cum

144 975 405 1019 carbonibus
435 976 724 1019 desolatoriis.

194 1032 295 1074 Heu
322 1033 442 1084 mihi,
472 1034 575 1087 quia
599 1034 818 1075 incolatus
846 1047 970 1076 meus

143 1088 432 1141 prolongatus
454 1095 535 1132 est:
559 1090 756 1133 habitavi
779 1104 878 1133 cum
897 1091 969 1134 ha-

143 1144 382 1188 bitantibus
402 1146 556 1189 Cedar:
579 1150 603 1175 *
624 1148 809 1189 multum
826 1149 970 1190 incola

142 1201 223 1244 fuit
241 1203 384 1244 anima
401 1217 508 1245 mea.

196 1259 306 1300 Cum
340 1260 428 1310 his,
468 1261 542 1313 qui
578 1261 766 1303 oderunt
801 1274 967 1314 pacem,

144 1327 263 1356 eram
298 1317 527 1369 pacificus:
562 1319 587 1346 *
623 1330 723 1360 cum
754 1318 969 1371 loquebar

141 1371 237 1422 illis,
265 1371 580 1425 impugnabant
606 1387 677 1416 me
703 1375 850 1426 gratis.

193 1428 409 1481 Requiem
436 1432 653 1472 aeternam.

196 1486 295 1526 Ant.
322 1486 404 1527 Hei
427 1486 533 1528 mihi
556 1487 756 1538 Domine,
783 1488 883 1540 quia
907 1488 967 1529 in-

142 1541 313 1583 colatus
331 1555 455 1584 meus
474 1543 760 1596 prolongatus
781 1549 858 1586 est.

199 1598 539 1640 Ant.·Dominus
567 1599 761 1641 custodit
788 1604 833 1641 te
861 1600 885 1626 *
912 1600 967 1642 ab

143 1653 262 1694 omni
285 1654 417 1696 malo:
445 1656 664 1697 custodiat
690 1656 877 1698 animam
904 1661 967 1698 tu-

141 1722 213 1751 am
229 1710 455 1752 Dominus.

192 1782 194 1784 ·
401 1768 599 1809 Psalmus
619 1770 710 1808 120.

146 1818 327 1924 Evavi
350 1824 502 1866 oculos
526 1838 648 1867 meos
673 1826 715 1867 in
737 1831 921 1877 montes,
944 1826 967 1852 *

235 1879 351 1922 unde
370 1881 514 1923 veniet
533 1882 740 1924 auxilium
758 1883 873 1924 mihi.

194 1935 416 1978 Auxilium
433 1951 579 1980 meum
599 1952 624 1980 a
637 1940 839 1990 Domino,
854 1940 878 1966 *
894 1940 967 1993 qui

142 1991 245 2034 fecit
264 1993 425 2035 coelum
443 1999 487 2036 et
505 1999 677 2037 terram.

192 2048 295 2090 Non
330 2049 405 2091 det
439 2051 483 2091 in
519 2052 861 2094 commotionem
893 2066 966 2106 pe-

143 2103 243 2146 dem
268 2110 409 2147 tuum:
436 2108 460 2134 *
486 2120 629 2160 neque
657 2108 865 2151 dormitet
893 2110 967 2162 qui

142 2161 334 2204 custodit
360 2167 415 2204 te.
447 2179 449 2182 ·

191 2217 307 2259 Ecce
325 2231 413 2260 non
433 2218 690 2263 dormitabit
707 2235 850 2274 neque
868 2221 966 2264 dor-

141 2273 256 2323 miet,
275 2274 299 2300 *
319 2275 393 2327 qui
412 2275 604 2318 custodit
621 2278 769 2319 Israel.

191 2329 406 2372 Dominus
437 2333 629 2375 custodit
655 2338 720 2384 te,
752 2334 965 2376 Dominus

141 2387 360 2436 protectio
378 2392 464 2439 tua,
484 2390 508 2416 *
526 2402 659 2443 super
674 2404 851 2432 manum
865 2390 965 2432 dex-

141 2444 282 2483 teram
299 2448 429 2485 tuam.

192 2497 277 2539 Per
301 2499 416 2541 diem
441 2501 508 2543 sol
532 2515 621 2543 non
644 2508 740 2545 uret
764 2508 823 2545 te:
849 2503 872 2530 *
895 2515 966 2544 ne-

144 2565 228 2604 que
255 2554 357 2596 luna
383 2570 463 2609 per
489 2563 676 2600 noctem.

1760 205 1852 249 [159]

1077 299 1290 342 Dominus
1310 300 1528 342 custodiat
1546 301 1771 342 introitum
1786 307 1850 342 tu-

1025 368 1118 405 um,
1155 361 1199 398 et
1234 357 1399 399 exitum
1433 362 1574 399 tuum:
1613 358 1637 383 *
1678 370 1731 399 ex
1767 357 1851 400 hoc

1024 424 1149 462 nunc,
1178 417 1221 454 et
1248 426 1386 466 usque
1414 414 1458 454 in
1486 413 1705 455 saeculum.

1076 468 1293 521 Requiem
1321 472 1539 511 aeternam.

1082 526 1180 566 Ant.
1231 526 1437 567 Dominus
1477 527 1669 568 custodit
1708 531 1753 569 te
1793 528 1847 570 ab

1025 581 1144 621 omni
1167 582 1300 624 malo:
1328 582 1549 625 custodiat
1575 583 1762 625 animam
1785 589 1847 626 tu-

1024 649 1094 677 am
1113 638 1339 680 Dominus.

1083 694 1178 734 Ant.
1215 694 1260 736 Si
1295 696 1547 748 iniquitates
1584 696 1607 722 *
1645 696 1847 740 observa-

1024 751 1137 791 veris
1160 752 1366 794 Domine:
1391 753 1579 794 Domine
1604 753 1699 805 quis
1723 755 1847 796 susti-

1022 805 1165 848 nebit?

1290 850 1486 890 Psalmus
1510 851 1593 889 129.

1011 900 1136 1005 'De
1159 909 1389 961 profundis
1414 909 1599 951 clamavi
1622 909 1678 952 ad
1698 915 1741 953 te
1759 912 1846 954 Do-

1124 966 1254 1007 mine:
1273 967 1296 993 *
1311 966 1499 1008 Domine
1519 966 1678 1008 exaudi
1693 981 1847 1010 vocem

1021 1034 1178 1063 meam:

1073 1079 1200 1120 Fiant
1228 1091 1354 1120 aures
1382 1083 1469 1120 tuae
1497 1079 1790 1130 intendentes,
1822 1082 1846 1109 *

1021 1136 1066 1176 in
1093 1148 1248 1177 vocem
1276 1134 1595 1188 deprecationis
1622 1149 1744 1178 meae.

1073 1193 1118 1234 Si
1144 1193 1396 1245 iniquitates
1427 1192 1730 1235 observaveris
1757 1194 1845 1236 Do-

1020 1250 1149 1291 mine:
1169 1251 1192 1277 *
1210 1249 1399 1290 Domine
1421 1249 1517 1301 quis
1537 1249 1787 1292 sustinebit?

1073 1306 1183 1356 Quia
1211 1305 1329 1358 apud
1355 1310 1400 1347 te
1426 1306 1681 1358 propitiatio
1709 1311 1794 1348 est:
1822 1308 1846 1335 *

1021 1367 1065 1404 et
1086 1367 1268 1416 propter
1290 1362 1432 1414 legem
1455 1367 1575 1404 tuam
1599 1364 1783 1404 sustinui
1801 1368 1845 1405 te

1020 1419 1219 1461 Domine.

1071 1476 1284 1518 Sustinuit
1321 1475 1465 1518 anima
1498 1487 1596 1517 mea
1631 1476 1675 1516 in
1708 1475 1845 1518 verbo

1021 1534 1128 1585 ejus:
1152 1534 1176 1560 *
1200 1532 1396 1585 speravit
1419 1531 1562 1573 anima
1579 1545 1677 1574 mea
1696 1533 1740 1574 in
1758 1533 1845 1575 Do-

1019 1602 1150 1631 mmo.

1072 1646 1114 1686 A
1145 1645 1345 1687 custodia
1376 1647 1588 1687 matutina
1619 1658 1759 1698 usque
1790 1645 1846 1687 ad

1019 1707 1208 1744 noctem:
1227 1703 1251 1728 *
1270 1706 1417 1754 speret
1430 1702 1567 1743 Israel
1584 1702 1627 1743 in
1641 1702 1844 1743 Domino.

1072 1759 1184 1809 Quia
1208 1758 1326 1811 apud
1344 1758 1580 1800 Dominum
1602 1759 1843 1800 misericor-

1021 1815 1111 1857 dia:
1143 1816 1167 1841 *
1196 1820 1240 1857 et
1268 1815 1448 1867 copiosa
1475 1814 1594 1868 apud
1622 1828 1721 1856 eum
1749 1814 1844 1856 red-

1020 1873 1197 1925 emptio.

1070 1929 1127 1970 Et
1153 1929 1249 1981 ipse
1277 1927 1463 1969 redimet
1487 1926 1638 1978 Israel,
1665 1927 1689 1954 *
1720 1940 1774 1969 ex
1802 1929 1845 1969 ό-

1018 1985 1191 2026 mnibus
1219 1983 1520 2036 iniquitatibus
1550 1984 1651 2035 ejus.

1070 2041 1286 2094 Requiem
1314 2041 1534 2081 aeternam.

1076 2104 1175 2141 Ant.
1201 2101 1247 2142 Si
1265 2101 1516 2153 iniquitates
1540 2100 1843 2142 observaveris

1017 2157 1220 2199 Domine:
1242 2157 1430 2199 Domine
1450 2157 1545 2209 quis
1564 2155 1817 2199 sustinebit?

1076 2219 1173 2259 Ant.
1209 2219 1355 2271 Opera
1384 2218 1408 2245 *
1434 2219 1641 2259 manuum
1668 2219 1843 2258 tuarum

1017 2275 1205 2317 Domine
1224 2288 1277 2316 ne
1297 2274 1527 2327 despicias.

1193 2349 1195 2351 ·
1284 2332 1479 2372 Psalmus
1499 2331 1582 2371 137.

1021 2383 1311 2490 Confitebor
1345 2388 1426 2431 tibi
1453 2388 1640 2430 Domine
1671 2388 1715 2429 in
1745 2392 1841 2430 toto

1111 2446 1246 2489 eorde
1267 2457 1382 2487 meo:
1405 2446 1429 2472 *
1453 2444 1659 2496 quoniam
1682 2444 1842 2486 audisti

1016 2503 1149 2545 verba
1177 2503 1265 2544 oris
1293 2501 1388 2542 mei.

1004 2581 1006 2584 ·
1066 2561 1118 2600 In
1155 2559 1394 2611 conspeetu
1427 2556 1696 2608 Angelorum
1729 2554 1840 2608 psal-

193 2609 409 2653 Dominus
446 2614 638 2656 custodit
673 2620 717 2656 te
756 2614 811 2655 ab
849 2614 966 2655 omni
1015 2616 1103 2657 lam
1131 2616 1228 2657 tibi:
1260 2618 1284 2641 ¹⁸¹
1316 2613 1514 2655 adorabo
1548 2612 1604 2654 ad
1630 2611 1839 2663 templum

140 2665 276 2706 malo:
312 2668 335 2694 *
371 2670 590 2711 custodiat
626 2671 813 2711 animam
846 2675 966 2711 tuam
1016 2677 1215 2715 sanetum
1242 2675 1384 2719 tuum,
1417 2675 1461 2711 et
1493 2667 1735 2710 confitebor
1763 2667 1836 2706 no-

141 2721 366 2764 Deminus.

1015 2729 1120 2769 mini
1145 2733 1233 2770 tuo.
