2040 2944
201 169 299 216 [202]

201 268 435 310 cendentes
460 270 688 318 vocantur;
715 281 901 321 quorum
924 282 1023 322 pro-

200 324 316 366 fecto
345 325 517 366 flamma
546 337 668 366 amor
696 329 777 366 est:
811 325 912 377 quia
937 339 1024 378 quo

200 438 423 490 aspiciunt,
442 450 494 479 eo
509 437 695 480 validius
709 439 753 479 in
770 439 860 491 ejus
876 442 1025 481 amore

201 494 511 536 flammescunt.

255 562 301 611 h‘g.
316 559 366 599 In
382 561 622 612 conspectu
636 560 904 611 Angelorum
918 561 1026 614 psal-

198 615 285 655 lam
309 614 404 665 tibi,
437 621 481 657 et
509 615 706 658 adorabo
731 617 787 658 ad
812 618 1024 670 templum

198 676 394 713 sanctum
412 677 548 713 tuum:
571 678 592 701 *
610 673 668 714 Et
686 674 930 716 confitebor
949 677 1023 716 no-

197 728 299 768 mini
322 733 398 770 tuo
423 729 621 771 Domine.
656 728 704 779 V.
733 731 873 784 Super
898 732 1023 774 mise-

197 783 384 826 ricordia
412 791 487 826 tua
514 791 558 827 et
584 787 768 829 veritate
795 793 884 829 tua:
917 791 1021 840 quo-

196 841 310 881 niam
324 842 611 891 magnificasti
627 856 759 896 super
771 857 852 886 nos
864 858 1022 887 nomen

196 903 393 939 sanctum
412 903 546 940 tuum.
586 900 653 941 Et.
695 900 854 942 Gloria.
894 903 960 943 Et.

413 984 460 1022 In
488 983 558 1021 111.
587 982 807 1022 Noeturno.

251 1048 347 1086 Ant.
378 1044 491 1085 Misit
510 1044 733 1086 Dominus.

471 1116 668 1156 Psalmus
688 1117 753 1156 95.

203 1179 304 1224 fige<
315 1177 462 1217 antate
486 1175 677 1217 Domino
703 1178 921 1218 canticum
944 1190 1019 1219 no-

200 1244 201 1247 *
260 1273 286 1289 a
327 1245 443 1273 vum:
457 1234 480 1259 *
493 1235 665 1274 cantate
675 1233 865 1274 Domino
877 1234 1018 1275 omnis

229 1312 232 1313 ν
286 1306 292 1310 ·
326 1293 453 1330 terra.

246 1344 428 1387 Cantate
455 1346 663 1396 Domino,
700 1350 744 1388 et
772 1346 1018 1389 benedicite

194 1401 357 1442 nomini
376 1403 481 1454 ejus:
499 1403 523 1428 *
542 1403 793 1444 annuntiate
812 1402 866 1445 de
887 1403 958 1445 die
973 1404 1016 1445 in

194 1457 308 1499 diem
328 1459 518 1501 salutare
537 1460 639 1511 ejus.

244 1515 510 1557 Annuntiate
525 1516 637 1557 inter
653 1515 819 1557 Gentes
833 1516 1017 1567 gloriam

194 1572 298 1622 ejus,
317 1572 339 1597 *
359 1572 401 1612 in
425 1572 626 1614 omnibus
649 1572 827 1625 populis
846 1573 1016 1615 mirabi-

192 1627 248 1668 lia
267 1629 367 1680 ejus.

244 1685 458 1735 Quoniam
489 1698 674 1737 magnus
700 1687 932 1736 Dominus,
974 1692 1017 1729 et

191 1740 420 1783 laudabilis
440 1742 580 1783 nimis:
599 1743 622 1768 *
641 1743 847 1786 terribilis
867 1749 935 1786 est
950 1757 1016 1786 su-

191 1810 269 1849 per
288 1811 440 1840 omnes
459 1799 578 1841 deos.

240 1855 455 1905 Quoniam
470 1869 621 1898 omnes
638 1856 698 1898 dii
708 1856 915 1898 Gentium
930 1857 1015 1899 dae-

192 1911 351 1953 monia:
386 1912 410 1938 *
446 1913 660 1954 Dominus
696 1918 842 1955 autem
878 1913 1016 1955 coelos

193 1968 304 2009 fecit.

245 2024 482 2075 Confessio,
501 2030 544 2066 et
562 2025 842 2078 pulchritudo
856 2027 901 2067 in
916 2039 1015 2068 con-

194 2082 348 2132 spectu
376 2082 482 2133 ejus:
501 2082 524 2107 *
545 2082 830 2124 sanctimonia
858 2088 902 2125 et
928 2096 1015 2125 ma-

192 2136 439 2185 gnificentia
458 2138 501 2178 in
520 2138 863 2181 sanctificatione
882 2141 983 2192 ejus.

246 2192 410 2235 Afferte
424 2194 614 2236 Domino
632 2195 787 2248 patriae
799 2195 1015 2246 Gentium,

194 2248 343 2291 afferte
370 2250 560 2292 Domino
590 2251 774 2302 gloriam
805 2257 849 2294 et
879 2253 1014 2294 hono-

195 2317 300 2369 rem:
318 2307 341 2331 *
361 2306 510 2349 afferte
529 2307 719 2350 Domino
740 2309 923 2360 gloriam
940 2312 1014 2351 no-

195 2373 298 2402 m1n1
317 2374 417 2413 elus.

245 2417 404 2461 Tollite
414 2419 590 2469 hostiaS,
610 2425 653 2462 et
666 2421 842 2464 introite
852 2423 895 2463 in
907 2424 1016 2465 atria

195 2474 299 2524 ejus:
318 2474 342 2499 *
365 2474 545 2518 adorate
572 2477 808 2519 Dominum
832 2479 875 2520 in
903 2480 1015 2521 atrio

195 2535 345 2571 sancto
365 2532 466 2582 ejus.

247 2586 583 2629 Commoveutur
615 2603 641 2630 a
672 2590 780 2632 facie
808 2592 898 2643 ejus
926 2593 1015 2633 uni-

195 2645 319 2684 versa
351 2648 486 2684 terra:
513 2644 536 2670 *
564 2645 694 2687 dicite
725 2647 769 2687 in
802 2648 1015 2689 Gentibus

195 2699 295 2751 quia
314 2699 528 2741 Dominus
547 2703 752 2752 regnavit.

643 170 819 204 Officium
844 170 1015 203 votivum
1042 170 1088 203 de
1114 170 1265 203 Sanctis
1290 162 1481 211 Angelis.'

1126 269 1301 311 Etenim
1343 270 1533 312 correxit
1576 270 1730 313 orbem
1769 275 1900 313 terrae

1076 326 1149 378 qui
1167 338 1255 367 non
1270 326 1632 369 commovebitur:
1648 328 1673 354 *
1692 327 1901 380 judicabit

1073 382 1264 435 populos
1283 383 1327 424 in
1346 383 1566 436 aequitate.

1123 438 1350 481 Laetentur
1369 439 1485 490 coeli,
1504 445 1548 482 et
1565 440 1755 482 exsultet
1771 445 1900 491 terra,

1075 497 1405 538 commoveatur
1430 509 1567 547 mare,
1599 502 1644 539 et
1670 497 1899 550 plenitudo

1075 553 1179 604 ejus:
1198 553 1221 578 *
1241 552 1494 604 gaudebunt
1512 553 1671 607 campi,
1690 558 1735 596 et
1754 554 1900 596 omnia

1075 622 1173 661 quae
1192 609 1237 650 in
1256 610 1318 651 eis
1337 615 1448 651 sunt.

1125 666 1250 707 Tunc
1286 666 1567 709 exsultabunt
1603 667 1750 709 omnia
1783 667 1899 718 ligna

1074 722 1280 764 silvarum
1300 735 1325 764 a
1344 723 1454 765 facie
1473 724 1575 774 Dfii,
1601 725 1702 776 quia
1723 724 1857 766 venit:
1875 724 1899 750 *

1075 780 1280 831 quoniam
1300 780 1420 822 venit
1441 780 1632 832 judicare
1650 785 1822 823 terram.

1122 836 1148 877 J
1150 835 1347 878 udicabit
1374 836 1527 879 orbem
1549 842 1680 880 terrae
1704 838 1748 878 in
1767 837 1898 890 aequi-

1070 894 1172 942 tate,
1191 893 1215 918 *
1235 898 1278 935 et
1295 893 1486 946 populos
1504 894 1548 935 in
1566 894 1750 936 veritate
1769 906 1858 935 sua.

1129 961 1226 1001 Ant.
1266 959 1386 1000 Misit
1426 959 1640 1001 Dominus
1681 958 1898 1011 Angelum

1071 1027 1212 1065 suum,
1237 1015 1312 1067 qui
1330 1017 1547 1068 percussit
1565 1029 1739 1058 omnem
1756 1016 1898 1058 virum

1070 1071 1310 1121 robustum,
1331 1078 1374 1114 et
1391 1072 1660 1123 bellatorem,
1679 1079 1724 1115 et
1740 1073 1896 1126 princi-

1071 1141 1171 1181 pem
1192 1130 1409 1171 exercitus
1428 1130 1544 1181 regis
1562 1129 1854 1183 Assyriorum.

1129 1198 1227 1237 Ant.
1256 1194 1451 1237 Adorate
1469 1183 1717 1238 D’ominum.

1344 1280 1544 1321 >Psalmus
1572 1281 1639 1321 96.

1075 1349 1334 1454 Dominus
1357 1351 1570 1402 regnavit,
1597 1352 1788 1395 exsultet
1811 1359 1895 1396 ter-

1178 1420 1241 1448 ra:
1260 1408 1283 1434 *
1302 1407 1506 1449 laetentur
1523 1408 1679 1450 insulae
1695 1410 1856 1451 multae.

1120 1463 1284 1515 Nubes,
1299 1470 1343 1506 et
1362 1464 1502 1515 caligo
1521 1465 1566 1505 in
1585 1465 1769 1507 circuitu
1787 1467 1895 1519 ejus:

1068 1521 1288 1586 *just-itia,
1307 1526 1351 1563 et
1373 1519 1578 1573 judicium
1595 1523 1810 1565 correctio
1829 1536 1894 1566 se—

1070 1576 1367 1686 dllgoilg'ante
1395 1633 1538 1686 ipsum
1556 1635 1789 1687 praecedet,
1807 1636 1832 1662 *
1851 1641 1895 1678 et

1068 1690 1311 1732 inflamabit
1322 1691 1367 1732 in
1381 1691 1566 1733 circuitu
1579 1691 1777 1734 inimicos
1791 1693 1894 1745 ejus.

1061 1789 1064 1794 ,
1120 1747 1362 1790 Illuxerunt
1385 1748 1557 1799 fulgura
1579 1748 1670 1800 ejus
1694 1748 1791 1790 orbi
1810 1753 1893 1791 ter-

1068 1817 1145 1846 rae:
1170 1804 1194 1830 *
1217 1803 1336 1855 vidit,
1365 1809 1410 1846 et
1433 1807 1652 1846 commota
1676 1809 1744 1847 est
1765 1810 1892 1848 terra.

1119 1860 1308 1911 Montes,
1342 1861 1454 1903 sicut
1487 1873 1587 1903 cera
1618 1861 1836 1904 fluxerunt
1867 1875 1893 1904 a

1067 1917 1178 1959 facie
1213 1917 1410 1958 Domini:
1450 1917 1474 1943 *
1510 1930 1535 1958 a
1571 1917 1681 1960 facie
1716 1917 1893 1960 Domini

1069 1973 1209 2015 omnis
1235 1977 1363 2015 terra.

1120 2029 1501 2071 Annuntiaverunt
1544 2029 1645 2071 coeli
1686 2030 1893 2082 justitiam

1068 2086 1177 2137 ejus:
1205 2087 1228 2112 *
1258 2091 1302 2127 et
1330 2085 1532 2128 viderunt
1560 2099 1711 2128 omnes
1738 2086 1893 2140 populi

1067 2142 1250 2193 gloriam
1278 2143 1380 2194 ejus.

1121 2197 1454 2240 Confundantur
1492 2211 1663 2249 omnes,
1704 2200 1779 2251 qui
1819 2199 1891 2242 ad-

1069 2257 1195 2297 orant
1223 2254 1457 2308 sculptssia:
1483 2257 1508 2282 *
1536 2260 1580 2297 et
1608 2255 1683 2307 qui
1706 2255 1891 2306 glorian-

1068 2317 1139 2354 tur
1156 2312 1200 2352 in
1219 2311 1460 2353 simulacris
1483 2312 1584 2353 suis.

1121 2367 1318 2410 Adorute
1334 2380 1433 2409 eum
1449 2380 1601 2410 omnes
1613 2367 1771 2418 Angeli
1785 2369 1892 2421 ejus:

1070 2425 1094 2450 *
1113 2423 1288 2474 audivit,
1308 2430 1352 2466 et
1369 2424 1518 2466 laetata
1537 2428 1604 2465 est
1622 2423 1736 2464 Sion.

1119 2481 1176 2522 Et
1203 2480 1529 2522 exsultaverunt
1561 2479 1663 2520 filiae
1696 2479 1839 2531 Judae,
1867 2482 1891 2507 *

1066 2542 1249 2590 propter
1267 2536 1424 2589 judicia
1441 2541 1516 2578 tua
1534 2535 1737 2577 Domine:

1120 2593 1334 2643 Quoniam
1351 2597 1399 2634 tu
1412 2591 1625 2633 Dominus
1640 2591 1891 2633 Altissimus

1068 2662 1200 2701 super
1225 2661 1399 2691 omnem
1421 2653 1598 2690 terram:
1622 2650 1645 2675 *
1669 2647 1796 2689 nimis
1820 2660 1890 2689 ex—

1067 2705 1227 2747 altatus
1246 2717 1294 2747 es
1313 2717 1446 2758 super
1465 2717 1616 2746 omnes
1637 2703 1757 2747 deos.
