2040 2944
781 206 989 240 Commune
1016 205 1226 248 Virginum.

250 301 336 341 Pro
361 301 542 351 Virgine
566 314 653 342 non
680 302 882 352 Martyre.

489 368 653 408 Oratio,

153 431 370 537 Exaudi
395 445 491 483 nos,
526 433 648 474 Deus
677 431 878 473 salutaris
905 444 978 473 no-

249 494 355 532 ster:
373 494 433 540 ut,
452 490 564 531 sicut
584 489 639 531 de
657 488 801 531 beatae
814 493 865 533 Ν.
881 488 978 530 V1'r-

154 546 266 598 ginis
285 551 374 588 tuae
390 546 629 588 festivitate
644 545 899 596 gaudemus;
918 545 980 586 ita

153 603 240 656 piae
261 603 510 645 devotionis
535 602 785 644 erudiamur
808 601 979 643 affectu.

154 660 241 701 Per
259 660 507 701 Deminum.

179 775 185 781 ι
208 727 248 761 Si
270 727 410 761 fuerint
430 728 575 773 plures.
603 727 652 761 ad
668 727 900 762 Benedictus
922 727 975 761 di-

154 779 251 809 citur

204 834 304 873 Ant.
329 828 570 871 prudentes
579 828 784 880 Virgines
793 827 818 854 *
829 829 979 881 aptate

154 890 325 928 vestras
335 884 575 938 lampades:
591 898 694 927 ecce
709 897 898 938 sponsus
908 897 978 926 ve-

154 942 229 993 nit,
250 944 365 984 exite
385 942 561 984 obviam
580 943 630 984 ei.

205 995 255 1048 V.
295 998 584 1041 Adducentur
622 999 736 1050 Regi
774 998 978 1049 Virgines

154 1060 259 1108 post
291 1069 398 1098 eam.
431 1059 481 1110 R.
510 1056 730 1097 Proximae
759 1056 851 1108 ejus
879 1055 978 1097 affe-

154 1114 305 1154 rentur
323 1112 413 1154 tibi.

484 1179 648 1220 Oratio.

243 1255 268 1284 a
311 1243 457 1293 nobis,
502 1245 750 1297 quaesumus
791 1243 979 1285 Demine

256 1300 378 1341 Deus
406 1305 572 1351 noster,
605 1302 855 1342 sanctarum
881 1300 978 1342 Vir-

150 1356 300 1408 ginum
325 1361 369 1398 et
391 1357 635 1410 Martyrum
658 1359 833 1399 tuarum
857 1359 907 1399 N.
936 1361 980 1398 et

152 1412 204 1453 N.
236 1413 405 1465 palmas
445 1414 698 1462 incessabili
740 1414 978 1456 devotiene

151 1470 367 1511 venerari:
385 1474 434 1512 ut
454 1483 563 1523 quas
583 1471 715 1522 digna
728 1475 875 1513 mente
889 1483 979 1512 non

152 1527 388 1578 possumus
399 1527 635 1578 celebrare,
648 1527 883 1570 humilibus
898 1527 978 1568 sal-

153 1587 244 1623 tem
266 1583 594 1635 frequentemus
619 1584 856 1637 obsequiis.
893 1584 979 1625 Per

152 1638 390 1681 Deminum
408 1642 618 1683 nostrum.

423 1718 491 1755 Ad
511 1718 713 1755 Tertiam.

207 1774 307 1815 Ant.
336 1776 442 1816 Haec
465 1779 532 1816 est
550 1776 690 1828 Virgo
714 1775 899 1828 sapiens.

207 1834 343 1888 Capit.
375 1837 564 1878 Fratres:
586 1837 671 1887 Qui
688 1836 912 1888 gloriatur.
931 1843 977 1878 ut

153 1903 295 1944 supra.
321 1892 405 1944 [94]

207 1958 256 2009 R.
276 1957 337 1998 br.
361 1957 516 2010 Specie
533 1963 609 2000 tua
626 1961 648 1985 *
667 1959 724 2000 Et
742 1958 978 2012 pulchritu-

156 2013 258 2055 dine
276 2018 362 2055 tua.
394 2014 559 2067 Specie.
589 2011 637 2062 V.
659 2015 861 2066 Intende,
879 2018 979 2069 pro-

155 2083 284 2123 spere
302 2070 512 2123 procede,
537 2076 581 2113 et
599 2085 743 2124 regna.
776 2073 842 2114 Et.
879 2072 978 2114 Glo-

154 2127 220 2168 ria
237 2127 368 2169 Patri.
395 2127 560 2180 Specie.

208 2183 256 2235 V.
295 2187 536 2240 Adiuvabit
571 2202 667 2230 eam
697 2189 818 2231 Deus
855 2190 980 2231 vultu

155 2256 247 2285 suo.
287 2246 335 2297 R.
362 2245 484 2287 Deus
510 2245 556 2286 in
579 2245 726 2288 medio
756 2247 863 2299 ejus,
890 2259 979 2288 non

155 2301 515 2343 commovebitur.

431 2379 498 2415 Ad
521 2378 707 2417 Sextam.

211 2435 308 2476 Ant.
337 2437 443 2477 Haec
463 2440 529 2478 est
550 2449 649 2489 quae
668 2438 863 2479 nescivit.

259 2499 516 2552 Capitulum.
664 2503 698 2541 2.
715 2503 809 2541 Cor.
827 2503 875 2541 11.

280 2559 422 2602 mulor
450 2562 565 2603 enim
591 2575 671 2604 vos
695 2563 779 2604 Dei
805 2562 977 2604 aemula-

297 2613 432 2658 tiene.
481 2618 712 2671 Despondi
749 2619 864 2660 enim
899 2631 979 2659 vos

155 2671 231 2768 ghi
245 2672 339 2769 yigo
357 2673 569 2725 virginem
588 2680 754 2725 castam
773 2675 980 2716 exhibere

223 2740 283 2769 r1s
306 2741 342 2770 o.

1086 304 1133 354 Rg.
1165 304 1223 343 br.
1269 300 1508 353 Adiuvabit
1545 313 1642 342 eam
1675 306 1695 327 *
1735 301 1856 342 Deus

1030 356 1155 398 vultu
1181 369 1272 398 suo.
1308 357 1559 409 Adiuvabit.
1597 355 1643 406 Y.
1671 357 1792 399 Deus
1812 358 1857 398 in

1031 413 1178 454 medio
1217 415 1326 466 ejus,
1369 427 1459 455 non
1496 414 1855 456 commovebitur.

1030 469 1163 511 Deus.
1195 470 1345 511 Gloria
1364 471 1494 512 Patri.
1521 470 1770 524 Adiuvabit.

1085 523 1133 575 Y'.
1159 527 1304 579 Elegit
1328 540 1424 569 eam
1443 528 1580 578 Deus,
1609 532 1653 569 et
1677 527 1855 580 praeele-

1031 583 1094 635 git
1110 596 1216 625 eam.
1244 588 1294 638 R„
1312 584 1364 624 In
1382 583 1666 626 tabernaculo
1687 597 1767 625 suo
1783 584 1854 625 ha-

1029 640 1172 682 bitare
1190 640 1295 682 facit
1315 653 1423 682 eam.

1307 709 1374 746 Ad
1397 710 1580 747 Nonam.

1083 770 1182 809 Ant.
1218 770 1305 808 Ista
1325 771 1391 808 est
1411 768 1624 820 speciosa.

1121 834 1378 885 Capitulum.
1510 833 1641 874 Eccli.
1656 835 1713 873 51.
1731 834 1767 873 b.

1031 889 1262 995 Domine
1278 893 1399 934 Deus
1414 906 1549 943 meus,
1568 892 1771 935 exaltasti
1788 906 1855 934 su-

1131 962 1211 1002 per
1238 954 1401 991 terram
1429 949 1746 991 habitationem
1769 963 1855 991 me-

1031 1018 1115 1057 am,
1137 1010 1180 1047 et
1201 1019 1283 1059 pro
1301 1011 1444 1048 morte
1464 1006 1683 1048 defluente
1703 1006 1855 1059 depre-

1032 1064 1131 1103 cata
1154 1076 1261 1104 sum.
1294 1063 1503 1105 Invocavi
1519 1063 1757 1104 Deminum
1775 1064 1854 1104 Pa-

1031 1123 1144 1160 trem
1162 1119 1341 1161 Domini
1359 1120 1461 1170 mei,
1488 1124 1537 1161 ut
1561 1132 1650 1161 non
1673 1119 1854 1161 derelin-

1032 1180 1138 1227 quat
1161 1189 1232 1217 me
1255 1177 1300 1217 in
1325 1176 1397 1218 die
1418 1176 1714 1218 tribulatienis
1734 1189 1855 1227 meae,

1032 1237 1076 1274 et
1092 1233 1137 1273 in
1152 1234 1353 1286 tempore
1368 1233 1659 1287 superbOrum
1673 1234 1766 1275 sine
1783 1233 1855 1275 ad-

1030 1289 1200 1341 juterio.

1085 1349 1125 1384 Si
1150 1349 1262 1384 fucrit
1279 1349 1399 1392 Virgo
1424 1355 1458 1383 ct
1480 1360 1556 1383 non
1575 1350 1736 1394 Martyr.
1763 1350 1854 1384 dici-

1031 1403 1091 1432 tur
1117 1408 1221 1441 sequ.

1135 1450 1395 1502 Capitulum.
1597 1451 1695 1502 Sap.
1716 1452 1751 1490 4.

1139 1522 1270 1562 quam
1293 1511 1476 1564 pulchra
1500 1515 1567 1553 est
1590 1516 1712 1553 casta
1729 1525 1855 1564 gene-

1137 1568 1251 1609 ratio
1277 1581 1376 1609 cum
1395 1567 1611 1610 claritate!
1636 1568 1855 1610 immorta-

1030 1623 1085 1665 lis
1115 1628 1181 1665 est
1211 1625 1326 1666 enim
1353 1625 1566 1666 memoria
1590 1624 1722 1666 illius:
1752 1627 1855 1677 quo-

1031 1681 1148 1721 niam
1167 1681 1286 1734 apud
1299 1681 1442 1723 Deum
1457 1685 1564 1723 nota
1583 1685 1659 1732 est,
1680 1686 1723 1723 et
1737 1681 1856 1734 apud

1030 1736 1240 1779 homines.

1084 1795 1133 1846 Rs.
1166 1795 1226 1834 br.
1270 1794 1416 1846 Elegit
1446 1807 1542 1836 eam
1572 1795 1710 1845 Deus,
1745 1795 1766 1817 *
1796 1795 1854 1836 Et

1031 1850 1259 1903 praeelegit
1287 1864 1394 1892 eam.
1438 1851 1594 1903 Elegit.
1640 1846 1687 1896 V.
1715 1851 1767 1892 In
1794 1855 1855 1892 ta-

1030 1906 1267 1948 bernaculo
1292 1920 1372 1948 suo
1397 1907 1596 1949 habitare
1619 1907 1724 1949 facit
1749 1920 1855 1949 eam.

1031 1963 1088 2004 Et
1103 1963 1342 2016 praeelegit.
1374 1964 1524 2005 Gloria
1539 1965 1671 2006 Patri.
1698 1964 1853 2016 Elegit.

1085 2017 1135 2069 V.
1172 2020 1344 2061 Diffusa
1381 2025 1448 2062 est
1480 2021 1621 2073 gratia
1652 2021 1696 2062 in
1727 2020 1854 2062 labiis

1031 2077 1128 2118 tuis.
1176 2079 1224 2130 Rg.
1262 2077 1505 2130 Propterea
1545 2077 1770 2120 benedixit
1810 2081 1855 2118 te

1031 2133 1152 2175 Deus
1179 2133 1224 2174 in
1250 2135 1472 2175 aeternum.

1237 2216 1298 2256 In
1317 2215 1379 2256 11.
1398 2215 1650 2266 Vesperis.

1087 2273 1190 2313 Ant,
1214 2271 1368 2309 Psalm..
1394 2269 1517 2313 Capit.
1543 2274 1578 2304 et
1596 2269 1733 2313 Hymn.
1756 2274 1796 2303 ut
1818 2269 1854 2302 in

1034 2319 1059 2353 Ι.
1084 2320 1199 2362 Vesp.
1221 2325 1293 2369 [83]

1086 2366 1135 2417 V·
1172 2377 1344 2418 Diffusa
1382 2380 1448 2417 est
1477 2376 1619 2428 gratia
1653 2377 1697 2417 in
1726 2376 1855 2419 labiis

1031 2433 1130 2474 tuis.
1189 2429 1235 2479 R
1272 2433 1516 2485 Propterea
1546 2432 1772 2475 benedixit
1811 2438 1856 2475 te

1030 2490 1152 2531 Deus
1179 2489 1224 2530 in
1247 2491 1472 2531 aeternum.

1089 2542 1154 2582 Ad
1185 2543 1357 2590 Magnis.
1407 2545 1502 2583 Ant.
1554 2544 1662 2587 Veni
1689 2558 1853 2599 sponsa

1032 2601 1212 2651 Christi,
1238 2601 1262 2627 *
1289 2601 1441 2654 accipe
1470 2604 1695 2653 coronam,
1724 2614 1853 2654 quam

1031 2658 1113 2700 tibi
1130 2658 1223 2699 Dfis
1243 2659 1511 2711 praeparavit
1530 2659 1574 2700 in
1593 2661 1814 2700 aeternum.

1237 2730 1650 2759 ψ
