2040 2944
301 194 373 228 Die
393 193 441 227 17.
460 193 562 236 Sept.
587 192 700 234 Impr.
720 192 776 226 Ss.
793 192 1020 234 Stigmatum
1041 191 1078 224 in
1097 201 1259 234 corpore
1278 191 1313 224 S.
1334 191 1529 224 Francisci
1548 190 1655 223 (Ionf.

126 287 179 327 rii
202 286 400 329 abscisso
426 286 570 339 capite
594 285 763 327 secium
790 284 954 326 habuit.

126 343 323 393 Quorum
351 345 539 395 cerpora
564 342 773 392 Maxima,
799 340 956 382 mulier

125 399 372 450 christiana,
390 399 632 441 honorifice
653 397 865 451 sepelivit.

178 460 241 500 Te
260 457 405 498 Deum
422 456 661 498 laudamus.
680 456 740 496 14.

177 525 221 558 In
245 525 406 559 Laudib.
432 534 628 559 commem.
651 523 708 558 Ss.
733 523 841 557 Mart.

177 578 278 617 Ant.
310 576 502 617 Istorum
530 578 597 615 est
629 573 743 615 enim
774 585 956 624 regnum

126 631 350 680 coelerum,
367 630 441 683 qui
453 631 811 683 contempserunt
821 630 954 671 vitam

124 686 286 738 mundi,
312 693 356 729 et
379 689 674 740 pervenerunt
698 686 755 728 ad
773 686 956 739 praemia

125 745 265 796 regni,
299 749 342 786 et
371 744 574 785 laverunt
605 743 743 785 stolas
777 755 878 784 suas
912 743 955 783 in

126 801 335 852 sanguine
355 800 482 852 Agni.

174 857 226 909 V.
253 857 486 900 Laetamini
510 857 554 897 in
580 857 786 907 Demino,
815 862 858 899 et
883 870 953 898 ex-

126 914 285 956 sultate
312 915 423 967 justi.
462 918 521 971 R
551 914 608 955 Et
635 914 882 966 gloriamini
910 927 953 956 0-

124 983 248 1013 1111108
267 972 376 1013 recti
394 971 540 1014 corde.

174 1036 291 1080 Vesp.
317 1036 363 1071 de
390 1046 495 1079 sequ.
517 1045 602 1070 cum
626 1044 759 1069 comm.
785 1033 950 1077 praeccd.

306 1119 390 1160 Die
411 1119 470 1160 17.
490 1119 775 1173 Septembris.

170 1190 478 1242 Impressionis
509 1189 577 1230 SS.
602 1188 906 1239 Stigmatum

244 1251 287 1290 in
308 1251 496 1302 corpore
521 1246 564 1286 S.
584 1245 840 1287 Francisci

397 1305 684 1347 Confessoris.

451 1371 615 1414 Duplex

177 1432 314 1467 Omnia
346 1433 391 1466 de
423 1433 566 1467 Comm.
598 1431 706 1466 Conf.
736 1442 813 1465 non
842 1430 951 1465 Pont.

128 1476 198 1521 [67]
221 1485 361 1524 praeter
383 1491 488 1523 sequ.

432 1542 644 1592 Hymnus.

177 1607 243 1645 ste
263 1603 501 1645 Confessor
519 1604 698 1646 Demini
718 1604 913 1646 colentes

205 1660 346 1710 Quem
376 1660 449 1713 pie
479 1660 661 1703 laudant
692 1660 847 1714 pepuli
877 1672 958 1713 per

181 1773 278 1815 Hac
298 1773 368 1815 die
385 1717 689 1816 laeffiffinnerujt
707 1774 838 1816 beata

284 1830 480 1872 Vulnera
498 1830 668 1872 Christi.

133 1899 217 1953 Qui
235 1899 350 1952 pius,
377 1900 589 1954 prudens,
615 1900 807 1950 humilis,
832 1898 956 1952 pudi-

181 2013 382 2056 Sebriam
401 1970 530 2056 (11ῗὲῗέ
545 2014 636 2056 81110
655 2014 755 2056 labe
774 2014 919 2064 vitam,

182 2070 336 2112 Donec
364 2071 579 2113 humanos
607 2071 816 2113 animavit
840 2083 958 2112 aurae

285 2127 473 2181 Spiritus
492 2132 623 2169 artus.

128 2198 261 2250 Cujus
295 2196 353 2239 ob
392 2201 610 2250 praestans
643 2197 846 2239 meritum
879 2195 958 2237 fre-

442 2255 638 2306 quenter,

183 2310 323 2362 AEgra
338 2323 437 2363 quae
451 2310 617 2363 passim
630 2311 812 2362 jacuere,
826 2321 958 2350 mem-

183 2422 364 2466 Viribus
382 2366 526 2464 111οῇ11111
545 2421 734 2472 demitis,
753 2421 882 2463 saluti

288 2480 607 2522 Restituuntur.

137 2550 298 2591 Noster
322 2549 422 2591 hinc
442 2548 508 2647 {lli
533 2547 692 2590 chorus
718 2546 960 2599 obsequen-

464 2618 534 2647 em

191 2660 389 2703 Cencinit
432 2661 624 2711 laudem,
677 2659 960 2712 celebresque

443 2718 627 2770 palmas;

1765 189 1840 226 307

1059 285 1119 328 Ut
1136 286 1221 339 piis
1241 288 1332 339 ejus
1349 286 1555 339 precibus
1574 287 1772 338 juvemur

1164 343 1303 385 Omne
1322 356 1402 396 per
1421 355 1575 384 aevum.

1007 407 1072 450 Sit
1090 407 1207 449 salus
1225 408 1297 459 illi,
1318 408 1464 459 decuS,
1485 413 1617 461 atque
1636 409 1786 459 virtus,

1057 464 1142 514 Qui
1167 477 1298 518 super
1327 465 1429 506 coeli
1452 465 1564 507 solio
1590 469 1839 516 coruscans,

1061 521 1218 563 Totius
1237 521 1389 563 mundi
1409 522 1567 563 seriem
1585 522 1800 573 gubernat

1164 577 1336 628 Trinus,
1356 583 1400 620 et
1418 591 1541 619 unus.
1569 578 1722 620 Amen.

1191 644 1233 678 In
1261 646 1435 688 utrisque
1459 645 1654 688 Vesperis.

1061 694 1111 745 V.
1145 695 1335 746 Signasti
1359 696 1548 736 Demine
1573 709 1749 738 servum
1773 701 1838 738 tu-

1007 763 1081 791 um
1102 751 1395 793 Franciscum.
1424 755 1475 807 R.
1505 752 1647 803 Signis
1671 752 1838 794 redem-

1007 807 1172 859 ptienis
1190 814 1366 850 nostrae.

1060 867 1131 908 Ad
1156 868 1330 918 Magnis.
1367 869 1467 908 Ant.
1503 865 1713 908 Similabo
1740 880 1840 908 eum

1008 920 1103 961 viro
1116 921 1314 974 sapienti,
1327 922 1401 974 qui
1412 922 1649 964 aedificavit
1661 922 1840 965 domum

1009 990 1133 1019 suam
1153 991 1286 1030 supra
1304 984 1487 1031 petram.

1343 1041 1507 1083 Oratio.

1102 1096 1245 1138 emine
1265 1096 1290 1137 J
1292 1109 1371 1138 esu
1398 1096 1587 1146 Christe,
1618 1098 1692 1150 qui
1715 1098 1839 1148 frige-

1110 1155 1258 1195 scente
1284 1153 1465 1203 mundo,
1493 1153 1550 1195 ad
1571 1154 1839 1196 inflamman-

1010 1209 1115 1252 dum
1134 1210 1271 1252 corda
1290 1215 1442 1252 nostra
1464 1210 1528 1252 tui
1547 1211 1709 1252 ameris
1729 1212 1840 1263 igne,

1007 1267 1052 1307 in
1072 1280 1201 1309 carne
1220 1266 1464 1308 beatissimi
1481 1267 1722 1318 Francisci,
1741 1281 1840 1321 pas-

1010 1323 1146 1365 sienis
1169 1328 1258 1365 tuae
1281 1336 1407 1364 sacra
1430 1325 1636 1375 stigmata
1659 1327 1840 1366 renova-

1010 1380 1079 1421 sti:
1104 1379 1299 1422 concede
1317 1381 1552 1433 propitius3
1576 1385 1625 1422 ut
1644 1381 1735 1433 ejus
1754 1383 1841 1422 me-

1009 1437 1104 1478 ritis
1124 1442 1167 1478 et
1186 1437 1392 1489 precibus
1413 1449 1589 1478 crucem
1608 1438 1764 1489 jugiter
1784 1438 1841 1480 fe-

1009 1495 1174 1543 ramus,
1202 1498 1245 1535 et
1265 1493 1422 1544 dignos
1441 1494 1608 1536 fructus
1627 1495 1841 1546 poeniten-

1009 1550 1083 1591 tiae
1108 1550 1334 1593 faciamus:
1359 1550 1444 1601 Qui
1466 1551 1579 1592 vivis
1605 1556 1649 1592 et
1672 1564 1841 1603 regnas.

1062 1618 1108 1653 Et
1130 1619 1170 1652 fit
1195 1628 1391 1652 commem.
1415 1616 1580 1660 przcced.

1067 1670 1166 1711 Ant.
1208 1668 1414 1710 Gaudent
1448 1668 1493 1708 in
1530 1668 1654 1709 coelis
1686 1669 1842 1710 animae

1012 1726 1280 1773 sanctorum,
1329 1724 1404 1776 qui
1450 1723 1612 1766 Christi
1657 1726 1842 1778 vestigia

1012 1785 1112 1821 sunt
1127 1781 1282 1821 secuti:
1301 1785 1345 1822 et
1365 1780 1466 1832 quia
1484 1793 1567 1833 pro
1586 1782 1677 1833 ejus
1692 1784 1841 1823 amore

1012 1837 1268 1887 sanguinem
1310 1849 1437 1878 suum
1472 1836 1694 1887 fuderunt,
1739 1837 1841 1879 ideo

1012 1904 1111 1933 cum
1131 1892 1307 1934 Christo
1329 1893 1549 1934 exsultant
1568 1893 1661 1935 sine
1679 1894 1777 1935 fine.

1062 1948 1112 2000 V.
1140 1948 1434 1991 Exsultabunt
1459 1950 1599 1991 sancti
1623 1950 1667 1990 in
1691 1950 1842 2001 gleria.

1010 2011 1062 2062 R.
1081 2004 1370 2047 Laetabuntur
1387 2006 1431 2046 in
1450 2005 1667 2047 cubilibus
1687 2007 1789 2047 suis.

1054 2065 1219 2107 Oratio.
1230 2064 1470 2105 Beaterum
1479 2062 1732 2114 Martyrum.
1740 2063 1840 2104 305.

1253 2141 1302 2180 In
1320 2141 1350 2179 Ι.
1374 2140 1596 2179 Nocturno.

1010 2205 1079 2246 De
1106 2201 1309 2254 Epistola
1335 2200 1455 2243 beati
1481 2200 1606 2242 Pauli
1634 2201 1842 2254 Apestoli

1289 2257 1347 2299 ad
1371 2257 1564 2299 Galatas.

1089 2323 1242 2363 Lectio
1263 2322 1288 2362 i.
1438 2320 1542 2371 Cap.
1557 2320 1594 2359 5.
1611 2318 1650 2359 d.
1666 2323 1709 2359 et
1725 2318 1761 2357 6.

1020 2378 1131 2438 [Ρη
1166 2378 1322 2430 spiritu
1357 2378 1562 2429 vivimus,
1605 2380 1762 2444 spiritu
1798 2385 1841 2421 et

1019 2451 1091 2513 s
1133 2433 1444 2542 ῗὲἒὲζῗέἳῖὲε
1465 2435 1841 2545 ἕᾷῗαῗξίἒὲἒῗὲ

1012 2548 1324 2600 provocantes,
1360 2548 1548 2589 invicem
1583 2547 1839 2590 invidentes.

1013 2604 1203 2652 FratreS,
1230 2607 1275 2644 et
1298 2603 1335 2644 si
1352 2607 1691 2657 praeoccupatus
1710 2603 1840 2644 fuerit

1012 2659 1145 2701 homo
1173 2658 1217 2698 in
1245 2659 1392 2712 aliquo
1421 2660 1598 2710 delicto,
1629 2673 1728 2708 vos,
1765 2659 1839 2710 qui

1013 2714 1262 2769 spirituales
1313 2716 1434 2766 estis,
1482 2715 1731 2768 hujusmodi
1778 2715 1837 2755 in·
