<?xml version="1.0" encoding="UTF-8"?>
<!DOCTYPE html PUBLIC "-//W3C//DTD XHTML 1.0 Transitional//EN"
    "http://www.w3.org/TR/xhtml1/DTD/xhtml1-transitional.dtd">
<html xmlns="http://www.w3.org/1999/xhtml" xml:lang="en" lang="en">
 <head>
  <title>
</title>
<meta http-equiv="Content-Type" content="text/html;charset=utf-8" />
  <meta name='ocr-system' content='tesseract 3.04.00' />
  <meta name='ocr-capabilities' content='ocr_page ocr_carea ocr_par ocr_line ocrx_word'/>
</head>
<body>
  <div class='ocr_page' id='page_1' title='image "./p4breviariumroma00cathuoft_0743.png"; bbox 0 0 2040 2944; ppageno 0'>
   <div class='ocr_carea' id='block_1_1' title="bbox 78 129 102 2814">
    <p class='ocr_par' dir='ltr' id='par_1_1' title="bbox 78 129 102 2814">
     <span class='ocr_line' id='line_1_1' title="bbox 78 129 102 2814; baseline 0 0"><span class='ocrx_word' id='word_1_1' title='bbox 78 129 102 2814; x_wconf 95' lang='lat' dir='ltr'> </span> 
     </span>
    </p>
   </div>
   <div class='ocr_carea' id='block_1_2' title="bbox 430 186 1567 233">
    <p class='ocr_par' dir='ltr' id='par_1_2' title="bbox 430 186 1567 233">
     <span class='ocr_line' id='line_1_2' title="bbox 430 186 1567 233; baseline 0.003 -13"><span class='ocrx_word' id='word_1_2' title='bbox 430 186 606 222; x_wconf 79' lang='lat' dir='ltr'>Officium</span> <span class='ocrx_word' id='word_1_3' title='bbox 631 189 804 223; x_wconf 88' lang='lat' dir='ltr'>votivum</span> <span class='ocrx_word' id='word_1_4' title='bbox 832 190 878 223; x_wconf 88' lang='lat' dir='ltr'>de</span> <span class='ocrx_word' id='word_1_5' title='bbox 903 190 1153 224; x_wconf 75' lang='lat' dir='ltr'>Immaculata</span> <span class='ocrx_word' id='word_1_6' title='bbox 1179 191 1361 233; x_wconf 80' lang='lat' dir='ltr'>Concept.</span> <span class='ocrx_word' id='word_1_7' title='bbox 1388 190 1428 224; x_wconf 79' lang='lat' dir='ltr'>B.</span> <span class='ocrx_word' id='word_1_8' title='bbox 1455 191 1499 225; x_wconf 78' lang='lat' dir='ltr'>M.</span> <span class='ocrx_word' id='word_1_9' title='bbox 1525 191 1567 223; x_wconf 64' lang='lat' dir='ltr'>Y.</span> 
     </span>
    </p>
   </div>
   <div class='ocr_carea' id='block_1_3' title="bbox 245 283 893 565">
    <p class='ocr_par' dir='ltr' id='par_1_3' title="bbox 245 283 893 565">
     <span class='ocr_line' id='line_1_3' title="bbox 455 283 665 334; baseline 0.01 -12"><span class='ocrx_word' id='word_1_10' title='bbox 455 283 665 334; x_wconf 86' lang='lat' dir='ltr'>Hymnus.</span> 
     </span>
     <span class='ocr_line' id='line_1_4' title="bbox 278 342 874 393; baseline 0.002 -11"><span class='ocrx_word' id='word_1_11' title='bbox 278 342 461 384; x_wconf 88' lang='lat' dir='ltr'>raeclara</span> <span class='ocrx_word' id='word_1_12' title='bbox 480 347 629 384; x_wconf 91' lang='lat' dir='ltr'>custos</span> <span class='ocrx_word' id='word_1_13' title='bbox 649 343 874 393; x_wconf 84' lang='lat' dir='ltr'>virginum,</span> 
     </span>
     <span class='ocr_line' id='line_1_5' title="bbox 295 399 854 450; baseline 0 -10"><span class='ocrx_word' id='word_1_14' title='bbox 295 399 466 440; x_wconf 89' lang='lat' dir='ltr'>Intacta</span> <span class='ocrx_word' id='word_1_15' title='bbox 483 404 624 440; x_wconf 91' lang='lat' dir='ltr'>mater</span> <span class='ocrx_word' id='word_1_16' title='bbox 641 399 854 450; x_wconf 76' lang='lat' dir='ltr'>Naminis,</span> 
     </span>
     <span class='ocr_line' id='line_1_6' title="bbox 247 455 739 507; baseline 0 -11"><span class='ocrx_word' id='word_1_17' title='bbox 247 455 450 498; x_wconf 79' lang='lat' dir='ltr'>Coelestis</span> <span class='ocrx_word' id='word_1_18' title='bbox 469 456 581 497; x_wconf 87' lang='lat' dir='ltr'>aulae</span> <span class='ocrx_word' id='word_1_19' title='bbox 600 456 739 507; x_wconf 88' lang='lat' dir='ltr'>janua,</span> 
     </span>
     <span class='ocr_line' id='line_1_7' title="bbox 245 511 893 565; baseline 0 -12"><span class='ocrx_word' id='word_1_20' title='bbox 245 512 356 564; x_wconf 87' lang='lat' dir='ltr'>Spes</span> <span class='ocrx_word' id='word_1_21' title='bbox 374 517 537 565; x_wconf 86' lang='lat' dir='ltr'>nostra,</span> <span class='ocrx_word' id='word_1_22' title='bbox 557 511 658 553; x_wconf 85' lang='lat' dir='ltr'>coeli</span> <span class='ocrx_word' id='word_1_23' title='bbox 676 512 893 562; x_wconf 78' lang='lat' dir='ltr'>gaudium.</span> 
     </span>
    </p>
   </div>
   <div class='ocr_carea' id='block_1_4' title="bbox 193 580 858 1042">
    <p class='ocr_par' dir='ltr' id='par_1_4' title="bbox 194 580 858 793">
     <span class='ocr_line' id='line_1_8' title="bbox 194 580 652 630; baseline -0.002 -8"><span class='ocrx_word' id='word_1_24' title='bbox 194 582 312 623; x_wconf 85' lang='lat' dir='ltr'><strong>Inter</strong></span> <span class='ocrx_word' id='word_1_25' title='bbox 330 581 486 623; x_wconf 80' lang='lat' dir='ltr'>rubeta</span> <span class='ocrx_word' id='word_1_26' title='bbox 504 580 652 630; x_wconf 89' lang='lat' dir='ltr'>lilium,</span> 
     </span>
     <span class='ocr_line' id='line_1_9' title="bbox 247 637 808 687; baseline 0 -8"><span class='ocrx_word' id='word_1_27' title='bbox 247 637 462 679; x_wconf 75' lang='lat' dir='ltr'>Colamba</span> <span class='ocrx_word' id='word_1_28' title='bbox 480 637 808 687; x_wconf 89' lang='lat' dir='ltr'>formosissima,</span> 
     </span>
     <span class='ocr_line' id='line_1_10' title="bbox 244 693 858 746; baseline -0.002 -10"><span class='ocrx_word' id='word_1_29' title='bbox 244 694 381 746; x_wconf 86' lang='lat' dir='ltr'>Virga</span> <span class='ocrx_word' id='word_1_30' title='bbox 402 707 425 736; x_wconf 90' lang='lat' dir='ltr'>e</span> <span class='ocrx_word' id='word_1_31' title='bbox 444 693 592 736; x_wconf 85' lang='lat' dir='ltr'>radice</span> <span class='ocrx_word' id='word_1_32' title='bbox 611 695 858 745; x_wconf 81' lang='lat' dir='ltr'>germinans</span> 
     </span>
     <span class='ocr_line' id='line_1_11' title="bbox 245 750 846 793; baseline 0 -1"><span class='ocrx_word' id='word_1_33' title='bbox 245 750 411 793; x_wconf 92' lang='lat' dir='ltr'>Nostro</span> <span class='ocrx_word' id='word_1_34' title='bbox 430 750 649 793; x_wconf 79' lang='lat' dir='ltr'>medelam</span> <span class='ocrx_word' id='word_1_35' title='bbox 667 751 846 793; x_wconf 72' lang='lat' dir='ltr'>vnlneri.</span> 
     </span>
    </p>

    <p class='ocr_par' dir='ltr' id='par_1_5' title="bbox 193 820 797 1042">
     <span class='ocr_line' id='line_1_12' title="bbox 193 820 786 872; baseline -0.002 -10"><span class='ocrx_word' id='word_1_36' title='bbox 193 820 343 862; x_wconf 90' lang='lat' dir='ltr'>Turris</span> <span class='ocrx_word' id='word_1_37' title='bbox 366 820 545 862; x_wconf 89' lang='lat' dir='ltr'>draconi</span> <span class='ocrx_word' id='word_1_38' title='bbox 564 820 786 872; x_wconf 81' lang='lat' dir='ltr'>impervia,</span> 
     </span>
     <span class='ocr_line' id='line_1_13' title="bbox 245 876 797 928; baseline 0 -11"><span class='ocrx_word' id='word_1_39' title='bbox 245 877 401 918; x_wconf 90' lang='lat' dir='ltr'>Amica</span> <span class='ocrx_word' id='word_1_40' title='bbox 420 876 547 918; x_wconf 88' lang='lat' dir='ltr'>stella</span> <span class='ocrx_word' id='word_1_41' title='bbox 566 876 797 928; x_wconf 73' lang='lat' dir='ltr'>nafifragis,</span> 
     </span>
     <span class='ocr_line' id='line_1_14' title="bbox 244 932 791 982; baseline 0 -8"><span class='ocrx_word' id='word_1_42' title='bbox 244 933 388 974; x_wconf 81' lang='lat' dir='ltr'>Tuere</span> <span class='ocrx_word' id='word_1_43' title='bbox 408 946 488 975; x_wconf 93' lang='lat' dir='ltr'>nos</span> <span class='ocrx_word' id='word_1_44' title='bbox 509 945 535 974; x_wconf 89' lang='lat' dir='ltr'>a</span> <span class='ocrx_word' id='word_1_45' title='bbox 553 932 791 982; x_wconf 84' lang='lat' dir='ltr'>fraudibus,</span> 
     </span>
     <span class='ocr_line' id='line_1_15' title="bbox 244 987 714 1042; baseline -0.002 -12"><span class='ocrx_word' id='word_1_46' title='bbox 244 989 429 1042; x_wconf 91' lang='lat' dir='ltr'>Tuaque</span> <span class='ocrx_word' id='word_1_47' title='bbox 448 989 545 1031; x_wconf 87' lang='lat' dir='ltr'>luce</span> <span class='ocrx_word' id='word_1_48' title='bbox 565 987 714 1040; x_wconf 80' lang='lat' dir='ltr'>dirige.</span> 
     </span>
    </p>
   </div>
   <div class='ocr_carea' id='block_1_5' title="bbox 190 1057 970 1514">
    <p class='ocr_par' dir='ltr' id='par_1_6' title="bbox 190 1057 835 1269">
     <span class='ocr_line' id='line_1_16' title="bbox 190 1057 765 1108; baseline 0 -9"><span class='ocrx_word' id='word_1_49' title='bbox 190 1058 365 1099; x_wconf 87' lang='lat' dir='ltr'>Erroris</span> <span class='ocrx_word' id='word_1_50' title='bbox 386 1058 564 1100; x_wconf 89' lang='lat' dir='ltr'>umbras</span> <span class='ocrx_word' id='word_1_51' title='bbox 585 1057 765 1108; x_wconf 89' lang='lat' dir='ltr'>discute,</span> 
     </span>
     <span class='ocr_line' id='line_1_17' title="bbox 243 1113 777 1167; baseline -0.002 -11"><span class='ocrx_word' id='word_1_52' title='bbox 243 1114 393 1167; x_wconf 84' lang='lat' dir='ltr'><strong>Syrtes</strong></span> <span class='ocrx_word' id='word_1_53' title='bbox 413 1113 591 1156; x_wconf 90' lang='lat' dir='ltr'>dolosas</span> <span class='ocrx_word' id='word_1_54' title='bbox 610 1116 777 1164; x_wconf 88' lang='lat' dir='ltr'>amove,</span> 
     </span>
     <span class='ocr_line' id='line_1_18' title="bbox 243 1169 810 1220; baseline 0 -9"><span class='ocrx_word' id='word_1_55' title='bbox 243 1170 424 1212; x_wconf 88' lang='lat' dir='ltr'>Fluctus</span> <span class='ocrx_word' id='word_1_56' title='bbox 443 1175 511 1212; x_wconf 90' lang='lat' dir='ltr'>tot</span> <span class='ocrx_word' id='word_1_57' title='bbox 529 1171 651 1220; x_wconf 89' lang='lat' dir='ltr'>inter,</span> <span class='ocrx_word' id='word_1_58' title='bbox 671 1169 810 1212; x_wconf 86' lang='lat' dir='ltr'>deviis</span> 
     </span>
     <span class='ocr_line' id='line_1_19' title="bbox 243 1226 835 1269; baseline -0.002 -1"><span class='ocrx_word' id='word_1_59' title='bbox 243 1228 405 1269; x_wconf 88' lang='lat' dir='ltr'>Tutam</span> <span class='ocrx_word' id='word_1_60' title='bbox 426 1226 606 1269; x_wconf 75' lang='lat' dir='ltr'>rechide</span> <span class='ocrx_word' id='word_1_61' title='bbox 626 1226 835 1268; x_wconf 77' lang='lat' dir='ltr'>semitam.</span> 
     </span>
    </p>

    <p class='ocr_par' dir='ltr' id='par_1_7' title="bbox 197 1291 970 1514">
     <span class='ocr_line' id='line_1_20' title="bbox 197 1291 649 1343; baseline -0.002 -9"><span class='ocrx_word' id='word_1_62' title='bbox 197 1295 307 1342; x_wconf 87' lang='lat' dir='ltr'>Jesu,</span> <span class='ocrx_word' id='word_1_63' title='bbox 327 1291 408 1334; x_wconf 91' lang='lat' dir='ltr'>tibi</span> <span class='ocrx_word' id='word_1_64' title='bbox 426 1292 482 1334; x_wconf 90' lang='lat' dir='ltr'>sit</span> <span class='ocrx_word' id='word_1_65' title='bbox 499 1291 649 1343; x_wconf 88' lang='lat' dir='ltr'>gloria,</span> 
     </span>
     <span class='ocr_line' id='line_1_21' title="bbox 246 1347 831 1400; baseline 0.002 -11"><span class='ocrx_word' id='word_1_66' title='bbox 246 1348 330 1399; x_wconf 86' lang='lat' dir='ltr'>Qui</span> <span class='ocrx_word' id='word_1_67' title='bbox 348 1354 476 1390; x_wconf 90' lang='lat' dir='ltr'>natus</span> <span class='ocrx_word' id='word_1_68' title='bbox 497 1360 543 1390; x_wconf 89' lang='lat' dir='ltr'>es</span> <span class='ocrx_word' id='word_1_69' title='bbox 564 1347 620 1390; x_wconf 92' lang='lat' dir='ltr'>de</span> <span class='ocrx_word' id='word_1_70' title='bbox 637 1349 831 1400; x_wconf 82' lang='lat' dir='ltr'>Virgine,</span> 
     </span>
     <span class='ocr_line' id='line_1_22' title="bbox 244 1404 895 1458; baseline 0 -12"><span class='ocrx_word' id='word_1_71' title='bbox 244 1405 355 1446; x_wconf 92' lang='lat' dir='ltr'>Cum</span> <span class='ocrx_word' id='word_1_72' title='bbox 373 1405 504 1446; x_wconf 89' lang='lat' dir='ltr'>Patre</span> <span class='ocrx_word' id='word_1_73' title='bbox 523 1409 568 1446; x_wconf 91' lang='lat' dir='ltr'>et</span> <span class='ocrx_word' id='word_1_74' title='bbox 586 1404 702 1446; x_wconf 90' lang='lat' dir='ltr'>almo</span> <span class='ocrx_word' id='word_1_75' title='bbox 721 1405 895 1458; x_wconf 86' lang='lat' dir='ltr'>Spiritu,</span> 
     </span>
     <span class='ocr_line' id='line_1_23' title="bbox 243 1461 970 1514; baseline 0 -12"><span class='ocrx_word' id='word_1_76' title='bbox 243 1462 294 1502; x_wconf 94' lang='lat' dir='ltr'>In</span> <span class='ocrx_word' id='word_1_77' title='bbox 319 1461 586 1514; x_wconf 81' lang='lat' dir='ltr'>sempiterna</span> <span class='ocrx_word' id='word_1_78' title='bbox 611 1462 783 1504; x_wconf 80' lang='lat' dir='ltr'>saecula.</span> <span class='ocrx_word' id='word_1_79' title='bbox 819 1462 970 1504; x_wconf 87' lang='lat' dir='ltr'>Amen.</span> 
     </span>
    </p>
   </div>
   <div class='ocr_carea' id='block_1_6' title="bbox 383 1546 723 1587">
    <p class='ocr_par' dir='ltr' id='par_1_8' title="bbox 383 1546 723 1587">
     <span class='ocr_line' id='line_1_24' title="bbox 383 1546 723 1587; baseline 0.009 -3"><span class='ocrx_word' id='word_1_80' title='bbox 383 1546 432 1585; x_wconf 91' lang='lat' dir='ltr'>In</span> <span class='ocrx_word' id='word_1_81' title='bbox 451 1546 480 1585; x_wconf 93' lang='lat' dir='ltr'>I.</span> <span class='ocrx_word' id='word_1_82' title='bbox 500 1547 723 1587; x_wconf 78' lang='lat' dir='ltr'>Nocturno.</span> 
     </span>
    </p>
   </div>
   <div class='ocr_carea' id='block_1_7' title="bbox 138 1617 969 1842">
    <p class='ocr_par' dir='ltr' id='par_1_9' title="bbox 138 1617 969 1842">
     <span class='ocr_line' id='line_1_25' title="bbox 192 1617 969 1661; baseline 0.003 -2"><span class='ocrx_word' id='word_1_83' title='bbox 192 1619 290 1660; x_wconf 86' lang='lat' dir='ltr'><strong>Ant.</strong></span> <span class='ocrx_word' id='word_1_84' title='bbox 339 1617 607 1660; x_wconf 88' lang='lat' dir='ltr'>Admirabile</span> <span class='ocrx_word' id='word_1_85' title='bbox 645 1624 713 1660; x_wconf 90' lang='lat' dir='ltr'>est</span> <span class='ocrx_word' id='word_1_86' title='bbox 749 1621 773 1647; x_wconf 84' lang='lat'>*</span> <span class='ocrx_word' id='word_1_87' title='bbox 810 1632 969 1661; x_wconf 89' lang='lat' dir='ltr'>nomen</span> 
     </span>
     <span class='ocr_line' id='line_1_26' title="bbox 139 1674 968 1727; baseline 0.004 -12"><span class='ocrx_word' id='word_1_88' title='bbox 139 1678 262 1715; x_wconf 85' lang='lat' dir='ltr'>tuum</span> <span class='ocrx_word' id='word_1_89' title='bbox 295 1674 483 1716; x_wconf 91' lang='lat' dir='ltr'>Domine</span> <span class='ocrx_word' id='word_1_90' title='bbox 521 1675 565 1716; x_wconf 95' lang='lat' dir='ltr'>in</span> <span class='ocrx_word' id='word_1_91' title='bbox 602 1676 804 1718; x_wconf 84' lang='lat' dir='ltr'>universa</span> <span class='ocrx_word' id='word_1_92' title='bbox 840 1682 968 1727; x_wconf 87' lang='lat' dir='ltr'>terra,</span> 
     </span>
     <span class='ocr_line' id='line_1_27' title="bbox 141 1730 967 1783; baseline 0.002 -12"><span class='ocrx_word' id='word_1_93' title='bbox 141 1730 242 1782; x_wconf 91' lang='lat' dir='ltr'>quia</span> <span class='ocrx_word' id='word_1_94' title='bbox 264 1730 308 1771; x_wconf 89' lang='lat' dir='ltr'>in</span> <span class='ocrx_word' id='word_1_95' title='bbox 325 1731 506 1782; x_wconf 85' lang='lat' dir='ltr'>Virgine</span> <span class='ocrx_word' id='word_1_96' title='bbox 525 1732 662 1774; x_wconf 85' lang='lat' dir='ltr'>Maria</span> <span class='ocrx_word' id='word_1_97' title='bbox 688 1732 865 1783; x_wconf 92' lang='lat' dir='ltr'>dignum</span> <span class='ocrx_word' id='word_1_98' title='bbox 889 1732 967 1775; x_wconf 90' lang='lat' dir='ltr'>tibi</span> 
     </span>
     <span class='ocr_line' id='line_1_28' title="bbox 138 1785 729 1842; baseline 0.005 -15"><span class='ocrx_word' id='word_1_99' title='bbox 138 1785 436 1829; x_wconf 86' lang='lat' dir='ltr'>habitaculum</span> <span class='ocrx_word' id='word_1_100' title='bbox 455 1789 729 1842; x_wconf 65' lang='lat' dir='ltr'>praeparasti.</span> 
     </span>
    </p>
   </div>
   <div class='ocr_carea' id='block_1_8' title="bbox 137 1853 964 1946">
    <p class='ocr_par' dir='ltr' id='par_1_10' title="bbox 137 1853 964 1946">
     <span class='ocr_line' id='line_1_29' title="bbox 192 1853 964 1890; baseline 0.003 -3"><span class='ocrx_word' id='word_1_101' title='bbox 192 1853 252 1888; x_wconf 86' lang='lat' dir='ltr'>Ps.</span> <span class='ocrx_word' id='word_1_102' title='bbox 273 1854 388 1888; x_wconf 90' lang='lat' dir='ltr'>trium</span> <span class='ocrx_word' id='word_1_103' title='bbox 404 1854 514 1888; x_wconf 79' lang='lat' dir='ltr'>Noct.</span> <span class='ocrx_word' id='word_1_104' title='bbox 535 1860 575 1889; x_wconf 88' lang='lat' dir='ltr'>ut</span> <span class='ocrx_word' id='word_1_105' title='bbox 597 1855 635 1888; x_wconf 91' lang='lat' dir='ltr'>in</span> <span class='ocrx_word' id='word_1_106' title='bbox 654 1855 779 1889; x_wconf 80' lang='lat' dir='ltr'>Festis</span> <span class='ocrx_word' id='word_1_107' title='bbox 798 1855 838 1889; x_wconf 88' lang='lat' dir='ltr'>B.</span> <span class='ocrx_word' id='word_1_108' title='bbox 857 1856 903 1889; x_wconf 83' lang='lat' dir='ltr'>M.</span> <span class='ocrx_word' id='word_1_109' title='bbox 921 1856 964 1890; x_wconf 68' lang='lat' dir='ltr'>V.</span> 
     </span>
     <span class='ocr_line' id='line_1_30' title="bbox 137 1901 496 1946; baseline 0.008 -12"><span class='ocrx_word' id='word_1_110' title='bbox 137 1911 207 1944; x_wconf 88' lang='lat' dir='ltr'>per</span> <span class='ocrx_word' id='word_1_111' title='bbox 230 1912 381 1936; x_wconf 91' lang='lat' dir='ltr'>annum.</span> <span class='ocrx_word' id='word_1_112' title='bbox 405 1901 496 1946; x_wconf 86' lang='lat'>[136]</span> 
     </span>
    </p>
   </div>
   <div class='ocr_carea' id='block_1_9' title="bbox 137 1957 964 2056">
    <p class='ocr_par' dir='ltr' id='par_1_11' title="bbox 137 1957 964 2056">
     <span class='ocr_line' id='line_1_31' title="bbox 189 1957 964 2011; baseline 0.004 -13"><span class='ocrx_word' id='word_1_113' title='bbox 189 1957 288 1998; x_wconf 88' lang='lat' dir='ltr'>Ant.</span> <span class='ocrx_word' id='word_1_114' title='bbox 325 1958 377 1998; x_wconf 92' lang='lat' dir='ltr'>In</span> <span class='ocrx_word' id='word_1_115' title='bbox 405 1958 499 1999; x_wconf 90' lang='lat' dir='ltr'>sole</span> <span class='ocrx_word' id='word_1_116' title='bbox 527 1959 676 2011; x_wconf 91' lang='lat' dir='ltr'>posuit</span> <span class='ocrx_word' id='word_1_117' title='bbox 703 1960 726 1987; x_wconf 88' lang='lat'>*</span> <span class='ocrx_word' id='word_1_118' title='bbox 754 1959 875 2000; x_wconf 92' lang='lat' dir='ltr'>Deus</span> <span class='ocrx_word' id='word_1_119' title='bbox 902 1964 964 2001; x_wconf 91' lang='lat' dir='ltr'>ta-</span> 
     </span>
     <span class='ocr_line' id='line_1_32' title="bbox 137 2011 577 2056; baseline 0.009 -4"><span class='ocrx_word' id='word_1_120' title='bbox 137 2011 421 2055; x_wconf 90' lang='lat' dir='ltr'>bernaculum</span> <span class='ocrx_word' id='word_1_121' title='bbox 439 2027 577 2056; x_wconf 92' lang='lat' dir='ltr'>suum.</span> 
     </span>
    </p>
   </div>
   <div class='ocr_carea' id='block_1_10' title="bbox 188 2079 1100 2133">
    <p class='ocr_par' dir='ltr' id='par_1_12' title="bbox 188 2079 1100 2133">
     <span class='ocr_line' id='line_1_33' title="bbox 188 2079 1100 2133; baseline 0.003 -13"><span class='ocrx_word' id='word_1_122' title='bbox 188 2081 288 2122; x_wconf 82' lang='lat' dir='ltr'>Ant.</span> <span class='ocrx_word' id='word_1_123' title='bbox 314 2080 364 2120; x_wconf 89' lang='lat' dir='ltr'>In</span> <span class='ocrx_word' id='word_1_124' title='bbox 385 2079 684 2133; x_wconf 89' lang='lat' dir='ltr'>Conceptione</span> <span class='ocrx_word' id='word_1_125' title='bbox 703 2095 782 2123; x_wconf 92' lang='lat' dir='ltr'>sua</span> <span class='ocrx_word' id='word_1_126' title='bbox 801 2083 824 2108; x_wconf 85' lang='lat'>*</span> <span class='ocrx_word' id='word_1_127' title='bbox 845 2084 965 2124; x_wconf 83' lang='grc'>3000-</span> <span class='ocrx_word' id='word_1_128' title='bbox 1097 2088 1100 2109; x_wconf 61' lang='lat'>&gt;</span> 
     </span>
    </p>
   </div>
   <div class='ocr_carea' id='block_1_11' title="bbox 135 2134 966 2237">
    <p class='ocr_par' dir='ltr' id='par_1_13' title="bbox 135 2134 966 2237">
     <span class='ocr_line' id='line_1_34' title="bbox 135 2134 966 2189; baseline 0.007 -15"><span class='ocrx_word' id='word_1_129' title='bbox 135 2134 201 2186; x_wconf 90' lang='lat' dir='ltr'>pit</span> <span class='ocrx_word' id='word_1_130' title='bbox 219 2134 358 2176; x_wconf 87' lang='lat' dir='ltr'>Maria</span> <span class='ocrx_word' id='word_1_131' title='bbox 376 2134 728 2179; x_wconf 87' lang='lat' dir='ltr'>benedictionem</span> <span class='ocrx_word' id='word_1_132' title='bbox 747 2151 772 2179; x_wconf 88' lang='lat' dir='ltr'>a</span> <span class='ocrx_word' id='word_1_133' title='bbox 791 2139 902 2189; x_wconf 78' lang='lat' dir='ltr'>Dfio,</span> <span class='ocrx_word' id='word_1_134' title='bbox 923 2144 966 2180; x_wconf 90' lang='lat' dir='ltr'>et</span> 
     </span>
     <span class='ocr_line' id='line_1_35' title="bbox 136 2191 964 2237; baseline 0.006 -6"><span class='ocrx_word' id='word_1_135' title='bbox 136 2191 481 2233; x_wconf 64' lang='lat' dir='ltr'>misericerdiam</span> <span class='ocrx_word' id='word_1_136' title='bbox 506 2206 531 2234; x_wconf 90' lang='lat' dir='ltr'>a</span> <span class='ocrx_word' id='word_1_137' title='bbox 550 2194 647 2236; x_wconf 91' lang='lat' dir='ltr'>Deo</span> <span class='ocrx_word' id='word_1_138' title='bbox 674 2195 853 2237; x_wconf 89' lang='lat' dir='ltr'>salutari</span> <span class='ocrx_word' id='word_1_139' title='bbox 873 2209 964 2236; x_wconf 92' lang='lat' dir='ltr'>suo.</span> 
     </span>
    </p>
   </div>
   <div class='ocr_carea' id='block_1_12' title="bbox 135 2256 994 2768">
    <p class='ocr_par' dir='ltr' id='par_1_14' title="bbox 135 2256 994 2413">
     <span class='ocr_line' id='line_1_36' title="bbox 190 2256 965 2313; baseline 0.004 -15"><span class='ocrx_word' id='word_1_140' title='bbox 190 2256 240 2307; x_wconf 66' lang='lat' dir='ltr'>V.</span> <span class='ocrx_word' id='word_1_141' title='bbox 274 2257 395 2299; x_wconf 93' lang='lat' dir='ltr'>Deus</span> <span class='ocrx_word' id='word_1_142' title='bbox 428 2262 707 2312; x_wconf 89' lang='lat' dir='ltr'>omnipotens</span> <span class='ocrx_word' id='word_1_143' title='bbox 735 2261 965 2313; x_wconf 84' lang='lat' dir='ltr'>praecinxit</span> 
     </span>
     <span class='ocr_line' id='line_1_37' title="bbox 135 2302 994 2369; baseline 0.005 -16"><span class='ocrx_word' id='word_1_144' title='bbox 135 2326 204 2354; x_wconf 92' lang='lat' dir='ltr'>me</span> <span class='ocrx_word' id='word_1_145' title='bbox 227 2314 398 2356; x_wconf 78' lang='lat' dir='ltr'>virtute.</span> <span class='ocrx_word' id='word_1_146' title='bbox 432 2318 482 2357; x_wconf 80' lang='lat' dir='ltr'>R.</span> <span class='ocrx_word' id='word_1_147' title='bbox 508 2316 564 2357; x_wconf 90' lang='lat' dir='ltr'>Et</span> <span class='ocrx_word' id='word_1_148' title='bbox 589 2318 738 2369; x_wconf 92' lang='lat' dir='ltr'>posuit</span> <span class='ocrx_word' id='word_1_149' title='bbox 760 2318 963 2359; x_wconf 90' lang='lat' dir='ltr'>immacu·</span> <span class='ocrx_word' id='word_1_150' title='bbox 990 2302 994 2357; x_wconf 67' lang='grc'>1</span> 
     </span>
     <span class='ocr_line' id='line_1_38' title="bbox 136 2369 574 2413; baseline 0.009 -4"><span class='ocrx_word' id='word_1_151' title='bbox 136 2369 269 2411; x_wconf 88' lang='lat' dir='ltr'>latam</span> <span class='ocrx_word' id='word_1_152' title='bbox 288 2371 403 2412; x_wconf 90' lang='lat' dir='ltr'>viam</span> <span class='ocrx_word' id='word_1_153' title='bbox 422 2385 574 2413; x_wconf 88' lang='lat' dir='ltr'>meam.</span> 
     </span>
    </p>

    <p class='ocr_par' dir='ltr' id='par_1_15' title="bbox 192 2435 962 2479">
     <span class='ocr_line' id='line_1_39' title="bbox 192 2435 962 2479; baseline -0.003 -9"><span class='ocrx_word' id='word_1_154' title='bbox 192 2435 396 2470; x_wconf 81' lang='lat' dir='ltr'>Lectiones</span> <span class='ocrx_word' id='word_1_155' title='bbox 428 2436 474 2470; x_wconf 76' lang='lat' dir='ltr'>de</span> <span class='ocrx_word' id='word_1_156' title='bbox 503 2436 701 2479; x_wconf 79' lang='lat' dir='ltr'>Scriptura</span> <span class='ocrx_word' id='word_1_157' title='bbox 731 2440 962 2470; x_wconf 46' lang='lat' dir='ltr'>occurrente⁵</span> 
     </span>
    </p>

    <p class='ocr_par' dir='ltr' id='par_1_16' title="bbox 135 2487 963 2768">
     <span class='ocr_line' id='line_1_40' title="bbox 189 2487 963 2543; baseline 0.008 -17"><span class='ocrx_word' id='word_1_158' title='bbox 189 2488 238 2539; x_wconf 66' lang='lat' dir='ltr'>R.</span> <span class='ocrx_word' id='word_1_159' title='bbox 256 2487 281 2527; x_wconf 90' lang='lat' dir='ltr'>i.</span> <span class='ocrx_word' id='word_1_160' title='bbox 306 2488 391 2530; x_wconf 88' lang='lat' dir='ltr'>Per</span> <span class='ocrx_word' id='word_1_161' title='bbox 413 2502 547 2530; x_wconf 91' lang='lat' dir='ltr'>unum</span> <span class='ocrx_word' id='word_1_162' title='bbox 570 2489 790 2532; x_wconf 90' lang='lat' dir='ltr'>hominem</span> <span class='ocrx_word' id='word_1_163' title='bbox 809 2493 963 2543; x_wconf 86' lang='lat' dir='ltr'>pecca-</span> 
     </span>
     <span class='ocr_line' id='line_1_41' title="bbox 135 2543 963 2596; baseline 0.005 -13"><span class='ocrx_word' id='word_1_164' title='bbox 135 2548 227 2584; x_wconf 92' lang='lat' dir='ltr'>tum</span> <span class='ocrx_word' id='word_1_165' title='bbox 251 2543 294 2583; x_wconf 93' lang='lat' dir='ltr'>in</span> <span class='ocrx_word' id='word_1_166' title='bbox 319 2543 435 2586; x_wconf 93' lang='lat' dir='ltr'>hunc</span> <span class='ocrx_word' id='word_1_167' title='bbox 458 2546 668 2588; x_wconf 93' lang='lat' dir='ltr'>mundum</span> <span class='ocrx_word' id='word_1_168' title='bbox 694 2547 887 2596; x_wconf 88' lang='lat' dir='ltr'>intravit,</span> <span class='ocrx_word' id='word_1_169' title='bbox 920 2547 963 2587; x_wconf 93' lang='lat' dir='ltr'>in</span> 
     </span>
     <span class='ocr_line' id='line_1_42' title="bbox 137 2600 962 2654; baseline 0.005 -14"><span class='ocrx_word' id='word_1_170' title='bbox 137 2612 224 2651; x_wconf 92' lang='lat' dir='ltr'>quo</span> <span class='ocrx_word' id='word_1_171' title='bbox 254 2613 405 2642; x_wconf 89' lang='lat' dir='ltr'>omnes</span> <span class='ocrx_word' id='word_1_172' title='bbox 432 2605 738 2654; x_wconf 83' lang='lat' dir='ltr'>peccaverunt.</span> <span class='ocrx_word' id='word_1_173' title='bbox 768 2600 790 2623; x_wconf 88' lang='lat'>*</span> <span class='ocrx_word' id='word_1_174' title='bbox 817 2603 886 2644; x_wconf 91' lang='lat' dir='ltr'>Ne</span> <span class='ocrx_word' id='word_1_175' title='bbox 914 2605 962 2644; x_wconf 91' lang='lat' dir='ltr'>ti-</span> 
     </span>
     <span class='ocr_line' id='line_1_43' title="bbox 135 2656 963 2711; baseline 0.006 -16"><span class='ocrx_word' id='word_1_176' title='bbox 135 2668 255 2696; x_wconf 87' lang='lat' dir='ltr'>meas</span> <span class='ocrx_word' id='word_1_177' title='bbox 265 2656 412 2707; x_wconf 87' lang='lat' dir='ltr'>Maria‚</span> <span class='ocrx_word' id='word_1_178' title='bbox 427 2658 629 2702; x_wconf 85' lang='lat' dir='ltr'>invenisti</span> <span class='ocrx_word' id='word_1_179' title='bbox 643 2660 830 2710; x_wconf 77' lang='lat' dir='ltr'>gratiam</span> <span class='ocrx_word' id='word_1_180' title='bbox 845 2659 963 2711; x_wconf 90' lang='lat' dir='ltr'>apud</span> 
     </span>
     <span class='ocr_line' id='line_1_44' title="bbox 135 2707 963 2768; baseline 0.005 -16"><span class='ocrx_word' id='word_1_181' title='bbox 135 2712 289 2753; x_wconf 89' lang='lat' dir='ltr'>Deum.</span> <span class='ocrx_word' id='word_1_182' title='bbox 308 2707 359 2759; x_wconf 66' lang='lat' dir='ltr'>V.</span> <span class='ocrx_word' id='word_1_183' title='bbox 368 2714 541 2768; x_wconf 88' lang='lat' dir='ltr'>Eripuit</span> <span class='ocrx_word' id='word_1_184' title='bbox 550 2716 764 2758; x_wconf 83' lang='lat' dir='ltr'>Do&#39;minus</span> <span class='ocrx_word' id='word_1_185' title='bbox 776 2716 963 2757; x_wconf 82' lang='lat' dir='ltr'>animam</span> 
     </span>
    </p>
   </div>
   <div class='ocr_carea' id='block_1_13' title="bbox 1764 183 1854 228">
    <p class='ocr_par' dir='ltr' id='par_1_17' title="bbox 1764 183 1854 228">
     <span class='ocr_line' id='line_1_45' title="bbox 1764 183 1854 228; baseline -0.011 0"><span class='ocrx_word' id='word_1_186' title='bbox 1764 183 1854 228; x_wconf 85' lang='lat'>[243]</span> 
     </span>
    </p>
   </div>
   <div class='ocr_carea' id='block_1_14' title="bbox 1245 247 1854 254">
    <p class='ocr_par' dir='ltr' id='par_1_18' title="bbox 1245 247 1854 254">
     <span class='ocr_line' id='line_1_46' title="bbox 1245 247 1854 254; baseline 0 0"><span class='ocrx_word' id='word_1_187' title='bbox 1245 247 1854 254; x_wconf 95' lang='lat' dir='ltr'> </span> 
     </span>
    </p>
   </div>
   <div class='ocr_carea' id='block_1_15' title="bbox 1022 280 1856 390">
    <p class='ocr_par' dir='ltr' id='par_1_19' title="bbox 1022 280 1856 390">
     <span class='ocr_line' id='line_1_47' title="bbox 1022 280 1856 331; baseline -0.004 -7"><span class='ocrx_word' id='word_1_188' title='bbox 1022 287 1143 324; x_wconf 88' lang='lat' dir='ltr'>tuam</span> <span class='ocrx_word' id='word_1_189' title='bbox 1161 282 1217 324; x_wconf 88' lang='lat' dir='ltr'>de</span> <span class='ocrx_word' id='word_1_190' title='bbox 1233 286 1387 331; x_wconf 88' lang='lat' dir='ltr'>morte,</span> <span class='ocrx_word' id='word_1_191' title='bbox 1407 285 1450 323; x_wconf 87' lang='lat' dir='ltr'>et</span> <span class='ocrx_word' id='word_1_192' title='bbox 1467 285 1621 322; x_wconf 89' lang='lat' dir='ltr'>contra</span> <span class='ocrx_word' id='word_1_193' title='bbox 1633 280 1856 322; x_wconf 91' lang='lat' dir='ltr'>inimicum</span> 
     </span>
     <span class='ocr_line' id='line_1_48' title="bbox 1024 337 1787 390; baseline -0.001 -11"><span class='ocrx_word' id='word_1_194' title='bbox 1024 338 1164 380; x_wconf 88' lang='lat' dir='ltr'>factus</span> <span class='ocrx_word' id='word_1_195' title='bbox 1197 344 1264 380; x_wconf 90' lang='lat' dir='ltr'>est</span> <span class='ocrx_word' id='word_1_196' title='bbox 1295 339 1524 390; x_wconf 80' lang='lat' dir='ltr'>protector</span> <span class='ocrx_word' id='word_1_197' title='bbox 1550 342 1663 379; x_wconf 91' lang='lat' dir='ltr'>tuus.</span> <span class='ocrx_word' id='word_1_198' title='bbox 1708 337 1787 378; x_wconf 94' lang='lat' dir='ltr'>Ne.</span> 
     </span>
    </p>
   </div>
   <div class='ocr_carea' id='block_1_16' title="bbox 1023 401 1855 726">
    <p class='ocr_par' dir='ltr' id='par_1_20' title="bbox 1023 401 1855 726">
     <span class='ocr_line' id='line_1_49' title="bbox 1081 401 1855 456; baseline -0.003 -12"><span class='ocrx_word' id='word_1_199' title='bbox 1081 406 1130 456; x_wconf 62' lang='lat' dir='ltr'>Rg.</span> <span class='ocrx_word' id='word_1_200' title='bbox 1152 406 1190 444; x_wconf 87' lang='lat' dir='ltr'>ii.</span> <span class='ocrx_word' id='word_1_201' title='bbox 1213 403 1417 444; x_wconf 90' lang='lat' dir='ltr'>Transite</span> <span class='ocrx_word' id='word_1_202' title='bbox 1442 401 1498 443; x_wconf 89' lang='lat' dir='ltr'>ad</span> <span class='ocrx_word' id='word_1_203' title='bbox 1517 414 1588 443; x_wconf 92' lang='lat' dir='ltr'>me</span> <span class='ocrx_word' id='word_1_204' title='bbox 1608 414 1760 443; x_wconf 90' lang='lat' dir='ltr'>omnes</span> <span class='ocrx_word' id='word_1_205' title='bbox 1782 402 1855 454; x_wconf 93' lang='lat' dir='ltr'>qui</span> 
     </span>
     <span class='ocr_line' id='line_1_50' title="bbox 1025 458 1854 512; baseline 0 -12"><span class='ocrx_word' id='word_1_206' title='bbox 1025 459 1334 512; x_wconf 86' lang='lat' dir='ltr'>concupiscitis</span> <span class='ocrx_word' id='word_1_207' title='bbox 1348 471 1434 500; x_wconf 88' lang='lat' dir='ltr'>me:</span> <span class='ocrx_word' id='word_1_208' title='bbox 1457 464 1478 486; x_wconf 87' lang='lat'>*</span> <span class='ocrx_word' id='word_1_209' title='bbox 1496 459 1554 500; x_wconf 89' lang='lat' dir='ltr'>Et</span> <span class='ocrx_word' id='word_1_210' title='bbox 1572 458 1760 500; x_wconf 77' lang='lat' dir='ltr'>narrabo</span> <span class='ocrx_word' id='word_1_211' title='bbox 1782 471 1854 500; x_wconf 92' lang='lat' dir='ltr'>vo-</span> 
     </span>
     <span class='ocr_line' id='line_1_51' title="bbox 1023 515 1855 567; baseline 0 -11"><span class='ocrx_word' id='word_1_212' title='bbox 1023 516 1102 564; x_wconf 87' lang='lat' dir='ltr'>bis,</span> <span class='ocrx_word' id='word_1_213' title='bbox 1124 521 1285 567; x_wconf 89' lang='lat' dir='ltr'>quanta</span> <span class='ocrx_word' id='word_1_214' title='bbox 1305 515 1407 557; x_wconf 89' lang='lat' dir='ltr'>fecit</span> <span class='ocrx_word' id='word_1_215' title='bbox 1422 515 1542 556; x_wconf 90' lang='lat' dir='ltr'>Deus</span> <span class='ocrx_word' id='word_1_216' title='bbox 1562 515 1718 556; x_wconf 87' lang='lat' dir='ltr'>animae</span> <span class='ocrx_word' id='word_1_217' title='bbox 1733 528 1855 557; x_wconf 88' lang='lat' dir='ltr'>meae.</span> 
     </span>
     <span class='ocr_line' id='line_1_52' title="bbox 1028 569 1854 623; baseline 0 -11"><span class='ocrx_word' id='word_1_218' title='bbox 1028 569 1077 619; x_wconf 60' lang='lat' dir='ltr'>Y.</span> <span class='ocrx_word' id='word_1_219' title='bbox 1093 573 1217 614; x_wconf 89' lang='lat' dir='ltr'>Vivit</span> <span class='ocrx_word' id='word_1_220' title='bbox 1236 571 1469 621; x_wconf 86' lang='lat' dir='ltr'>Dominus,</span> <span class='ocrx_word' id='word_1_221' title='bbox 1497 571 1702 623; x_wconf 90' lang='lat' dir='ltr'>quoniam</span> <span class='ocrx_word' id='word_1_222' title='bbox 1721 571 1854 613; x_wconf 90' lang='lat' dir='ltr'>adim-</span> 
     </span>
     <span class='ocr_line' id='line_1_53' title="bbox 1024 627 1854 685; baseline -0.002 -15"><span class='ocrx_word' id='word_1_223' title='bbox 1024 629 1161 681; x_wconf 85' lang='lat' dir='ltr'>plevit</span> <span class='ocrx_word' id='word_1_224' title='bbox 1184 629 1228 669; x_wconf 92' lang='lat' dir='ltr'>in</span> <span class='ocrx_word' id='word_1_225' title='bbox 1252 641 1322 685; x_wconf 84' lang='lat' dir='ltr'>me</span> <span class='ocrx_word' id='word_1_226' title='bbox 1345 627 1692 669; x_wconf 68' lang='lat' dir='ltr'>misericerdiam</span> <span class='ocrx_word' id='word_1_227' title='bbox 1719 640 1854 668; x_wconf 91' lang='lat' dir='ltr'>suam.</span> 
     </span>
     <span class='ocr_line' id='line_1_54' title="bbox 1024 684 1301 726; baseline 0 -1"><span class='ocrx_word' id='word_1_228' title='bbox 1024 686 1081 726; x_wconf 90' lang='lat' dir='ltr'>Et</span> <span class='ocrx_word' id='word_1_229' title='bbox 1100 684 1301 726; x_wconf 75' lang='lat' dir='ltr'>narrabo.</span> 
     </span>
    </p>
   </div>
   <div class='ocr_carea' id='block_1_17' title="bbox 1024 749 1856 1084">
    <p class='ocr_par' dir='ltr' id='par_1_21' title="bbox 1024 749 1856 1084">
     <span class='ocr_line' id='line_1_55' title="bbox 1079 749 1855 803; baseline 0.001 -13"><span class='ocrx_word' id='word_1_230' title='bbox 1079 752 1129 803; x_wconf 59' lang='lat' dir='ltr'>Rg.</span> <span class='ocrx_word' id='word_1_231' title='bbox 1154 751 1207 791; x_wconf 89' lang='lat' dir='ltr'>iii.</span> <span class='ocrx_word' id='word_1_232' title='bbox 1232 750 1385 791; x_wconf 82' lang='lat' dir='ltr'>Electa</span> <span class='ocrx_word' id='word_1_233' title='bbox 1409 762 1506 791; x_wconf 89' lang='lat' dir='ltr'>mea</span> <span class='ocrx_word' id='word_1_234' title='bbox 1531 749 1717 791; x_wconf 90' lang='lat' dir='ltr'>candida</span> <span class='ocrx_word' id='word_1_235' title='bbox 1742 750 1855 791; x_wconf 92' lang='lat' dir='ltr'>sicut</span> 
     </span>
     <span class='ocr_line' id='line_1_56' title="bbox 1024 806 1853 856; baseline -0.001 -9"><span class='ocrx_word' id='word_1_236' title='bbox 1024 807 1099 848; x_wconf 82' lang='lat' dir='ltr'>nix</span> <span class='ocrx_word' id='word_1_237' title='bbox 1125 807 1170 847; x_wconf 89' lang='lat' dir='ltr'>in</span> <span class='ocrx_word' id='word_1_238' title='bbox 1197 806 1383 856; x_wconf 79' lang='lat' dir='ltr'>Liban03</span> <span class='ocrx_word' id='word_1_239' title='bbox 1416 806 1528 848; x_wconf 91' lang='lat' dir='ltr'>sicut</span> <span class='ocrx_word' id='word_1_240' title='bbox 1560 806 1684 848; x_wconf 86' lang='lat' dir='ltr'>favus</span> <span class='ocrx_word' id='word_1_241' title='bbox 1718 806 1853 847; x_wconf 89' lang='lat' dir='ltr'>distil-</span> 
     </span>
     <span class='ocr_line' id='line_1_57' title="bbox 1024 862 1854 915; baseline -0.001 -11"><span class='ocrx_word' id='word_1_242' title='bbox 1024 864 1119 904; x_wconf 84' lang='lat' dir='ltr'>lans</span> <span class='ocrx_word' id='word_1_243' title='bbox 1132 863 1250 905; x_wconf 91' lang='lat' dir='ltr'>labia</span> <span class='ocrx_word' id='word_1_244' title='bbox 1265 864 1403 915; x_wconf 62' lang='lat' dir='ltr'>ejusg*</span> <span class='ocrx_word' id='word_1_245' title='bbox 1423 862 1510 904; x_wconf 90' lang='lat' dir='ltr'>Mel</span> <span class='ocrx_word' id='word_1_246' title='bbox 1530 868 1573 904; x_wconf 90' lang='lat' dir='ltr'>et</span> <span class='ocrx_word' id='word_1_247' title='bbox 1592 862 1659 904; x_wconf 92' lang='grc'>130</span> <span class='ocrx_word' id='word_1_248' title='bbox 1678 862 1758 903; x_wconf 90' lang='lat' dir='ltr'>sub</span> <span class='ocrx_word' id='word_1_249' title='bbox 1778 862 1854 903; x_wconf 94' lang='lat' dir='ltr'>lin-</span> 
     </span>
     <span class='ocr_line' id='line_1_58' title="bbox 1024 916 1853 971; baseline -0.002 -10"><span class='ocrx_word' id='word_1_250' title='bbox 1024 933 1110 971; x_wconf 88' lang='lat' dir='ltr'>gua</span> <span class='ocrx_word' id='word_1_251' title='bbox 1124 920 1249 961; x_wconf 86' lang='lat' dir='ltr'>illius.</span> <span class='ocrx_word' id='word_1_252' title='bbox 1276 916 1325 967; x_wconf 70' lang='lat' dir='ltr'>V.</span> <span class='ocrx_word' id='word_1_253' title='bbox 1341 919 1456 961; x_wconf 91' lang='lat' dir='ltr'>Veni</span> <span class='ocrx_word' id='word_1_254' title='bbox 1471 918 1526 961; x_wconf 90' lang='lat' dir='ltr'>de</span> <span class='ocrx_word' id='word_1_255' title='bbox 1540 919 1710 961; x_wconf 90' lang='lat' dir='ltr'>Libano</span> <span class='ocrx_word' id='word_1_256' title='bbox 1727 932 1853 971; x_wconf 92' lang='lat' dir='ltr'>spon-</span> 
     </span>
     <span class='ocr_line' id='line_1_59' title="bbox 1025 976 1854 1027; baseline -0.001 -10"><span class='ocrx_word' id='word_1_257' title='bbox 1025 990 1074 1017; x_wconf 87' lang='lat' dir='ltr'>sa</span> <span class='ocrx_word' id='word_1_258' title='bbox 1098 989 1211 1027; x_wconf 85' lang='lat' dir='ltr'>mea,</span> <span class='ocrx_word' id='word_1_259' title='bbox 1239 976 1354 1025; x_wconf 84' lang='lat' dir='ltr'>veni,</span> <span class='ocrx_word' id='word_1_260' title='bbox 1384 976 1665 1017; x_wconf 89' lang='lat' dir='ltr'>coronaberis</span> <span class='ocrx_word' id='word_1_261' title='bbox 1690 978 1854 1017; x_wconf 88' lang='lat' dir='ltr'>corona</span> 
     </span>
     <span class='ocr_line' id='line_1_60' title="bbox 1024 1031 1856 1084; baseline -0.002 -10"><span class='ocrx_word' id='word_1_262' title='bbox 1024 1033 1273 1084; x_wconf 89' lang='lat' dir='ltr'>gratiarum.</span> <span class='ocrx_word' id='word_1_263' title='bbox 1301 1032 1399 1074; x_wconf 87' lang='lat' dir='ltr'>Mel.</span> <span class='ocrx_word' id='word_1_264' title='bbox 1432 1032 1583 1074; x_wconf 83' lang='lat' dir='ltr'>Gloria</span> <span class='ocrx_word' id='word_1_265' title='bbox 1599 1032 1729 1074; x_wconf 89' lang='lat' dir='ltr'>Patri.</span> <span class='ocrx_word' id='word_1_266' title='bbox 1757 1031 1856 1073; x_wconf 92' lang='lat' dir='ltr'>Mel.</span> 
     </span>
    </p>
   </div>
   <div class='ocr_carea' id='block_1_18' title="bbox 1252 1112 1627 1153">
    <p class='ocr_par' dir='ltr' id='par_1_22' title="bbox 1252 1112 1627 1153">
     <span class='ocr_line' id='line_1_61' title="bbox 1252 1112 1627 1153; baseline -0.011 0"><span class='ocrx_word' id='word_1_267' title='bbox 1252 1114 1299 1153; x_wconf 92' lang='lat' dir='ltr'>In</span> <span class='ocrx_word' id='word_1_268' title='bbox 1328 1114 1377 1152; x_wconf 90' lang='grc' dir='ltr'>ΙΙ.</span> <span class='ocrx_word' id='word_1_269' title='bbox 1406 1112 1627 1151; x_wconf 74' lang='lat' dir='ltr'>Nocturno.</span> 
     </span>
    </p>
   </div>
   <div class='ocr_carea' id='block_1_19' title="bbox 1022 1177 1854 1513">
    <p class='ocr_par' dir='ltr' id='par_1_23' title="bbox 1024 1177 1854 1335">
     <span class='ocr_line' id='line_1_62' title="bbox 1078 1177 1850 1229; baseline 0 -11"><span class='ocrx_word' id='word_1_270' title='bbox 1078 1180 1176 1220; x_wconf 88' lang='lat' dir='ltr'>Ant.</span> <span class='ocrx_word' id='word_1_271' title='bbox 1201 1178 1372 1220; x_wconf 77' lang='lat' dir='ltr'>Diffiisa</span> <span class='ocrx_word' id='word_1_272' title='bbox 1391 1183 1458 1220; x_wconf 89' lang='lat' dir='ltr'>est</span> <span class='ocrx_word' id='word_1_273' title='bbox 1476 1179 1500 1205; x_wconf 78' lang='lat'>¹⁸¹</span> <span class='ocrx_word' id='word_1_274' title='bbox 1520 1177 1659 1229; x_wconf 89' lang='lat' dir='ltr'>gratia</span> <span class='ocrx_word' id='word_1_275' title='bbox 1678 1178 1721 1218; x_wconf 92' lang='lat' dir='ltr'>in</span> <span class='ocrx_word' id='word_1_276' title='bbox 1741 1177 1850 1219; x_wconf 90' lang='lat' dir='ltr'>Con-</span> 
     </span>
     <span class='ocr_line' id='line_1_63' title="bbox 1025 1235 1854 1289; baseline -0.002 -12"><span class='ocrx_word' id='word_1_277' title='bbox 1025 1236 1227 1289; x_wconf 90' lang='lat' dir='ltr'>ceptione</span> <span class='ocrx_word' id='word_1_278' title='bbox 1244 1236 1346 1288; x_wconf 80' lang='lat' dir='ltr'>erS,</span> <span class='ocrx_word' id='word_1_279' title='bbox 1366 1240 1409 1277; x_wconf 93' lang='lat' dir='ltr'>et</span> <span class='ocrx_word' id='word_1_280' title='bbox 1428 1235 1631 1288; x_wconf 90' lang='lat' dir='ltr'>speciosa</span> <span class='ocrx_word' id='word_1_281' title='bbox 1650 1235 1854 1287; x_wconf 86' lang='lat' dir='ltr'>apparuit</span> 
     </span>
     <span class='ocr_line' id='line_1_64' title="bbox 1024 1292 1521 1335; baseline -0.002 -2"><span class='ocrx_word' id='word_1_282' title='bbox 1024 1292 1136 1335; x_wconf 92' lang='lat' dir='ltr'>inter</span> <span class='ocrx_word' id='word_1_283' title='bbox 1154 1292 1266 1333; x_wconf 89' lang='lat' dir='ltr'>filias</span> <span class='ocrx_word' id='word_1_284' title='bbox 1285 1292 1521 1333; x_wconf 91' lang='lat' dir='ltr'>hominum.</span> 
     </span>
    </p>

    <p class='ocr_par' dir='ltr' id='par_1_24' title="bbox 1022 1356 1852 1513">
     <span class='ocr_line' id='line_1_65' title="bbox 1077 1356 1852 1409; baseline -0.003 -9"><span class='ocrx_word' id='word_1_285' title='bbox 1077 1360 1175 1401; x_wconf 87' lang='lat' dir='ltr'>Ant.</span> <span class='ocrx_word' id='word_1_286' title='bbox 1210 1356 1387 1409; x_wconf 68' lang='lat' dir='ltr'>Adiuvit</span> <span class='ocrx_word' id='word_1_287' title='bbox 1411 1370 1507 1398; x_wconf 90' lang='lat' dir='ltr'>eam</span> <span class='ocrx_word' id='word_1_288' title='bbox 1532 1359 1555 1385; x_wconf 88' lang='grc'><em>*</em></span> <span class='ocrx_word' id='word_1_289' title='bbox 1579 1357 1700 1398; x_wconf 91' lang='lat' dir='ltr'>Deus</span> <span class='ocrx_word' id='word_1_290' title='bbox 1724 1369 1852 1398; x_wconf 87' lang='lat' dir='ltr'>mane</span> 
     </span>
     <span class='ocr_line' id='line_1_66' title="bbox 1024 1413 1851 1465; baseline -0.001 -10"><span class='ocrx_word' id='word_1_291' title='bbox 1024 1414 1237 1465; x_wconf 74' lang='lat' dir='ltr'>dilacu103</span> <span class='ocrx_word' id='word_1_292' title='bbox 1273 1413 1561 1456; x_wconf 88' lang='lat' dir='ltr'>sanctificavit</span> <span class='ocrx_word' id='word_1_293' title='bbox 1596 1414 1851 1455; x_wconf 86' lang='lat' dir='ltr'>tabernacu-</span> 
     </span>
     <span class='ocr_line' id='line_1_67' title="bbox 1022 1471 1542 1513; baseline -0.002 -1"><span class='ocrx_word' id='word_1_294' title='bbox 1022 1472 1113 1513; x_wconf 93' lang='lat' dir='ltr'>lum</span> <span class='ocrx_word' id='word_1_295' title='bbox 1132 1485 1260 1513; x_wconf 92' lang='lat' dir='ltr'>suum</span> <span class='ocrx_word' id='word_1_296' title='bbox 1279 1471 1542 1512; x_wconf 90' lang='lat' dir='ltr'>Altissimus.</span> 
     </span>
    </p>
   </div>
   <div class='ocr_carea' id='block_1_20' title="bbox 1021 1535 1852 1691">
    <p class='ocr_par' dir='ltr' id='par_1_25' title="bbox 1021 1535 1852 1691">
     <span class='ocr_line' id='line_1_68' title="bbox 1077 1535 1852 1585; baseline -0.003 -7"><span class='ocrx_word' id='word_1_297' title='bbox 1077 1539 1174 1580; x_wconf 87' lang='lat' dir='ltr'>Ant.</span> <span class='ocrx_word' id='word_1_298' title='bbox 1198 1536 1406 1578; x_wconf 88' lang='lat' dir='ltr'>Gloriosa</span> <span class='ocrx_word' id='word_1_299' title='bbox 1424 1536 1447 1561; x_wconf 89' lang='lat'>*</span> <span class='ocrx_word' id='word_1_300' title='bbox 1467 1535 1585 1578; x_wconf 85' lang='lat' dir='ltr'>dicta</span> <span class='ocrx_word' id='word_1_301' title='bbox 1604 1541 1703 1577; x_wconf 91' lang='lat' dir='ltr'>sunt</span> <span class='ocrx_word' id='word_1_302' title='bbox 1723 1535 1778 1577; x_wconf 89' lang='lat' dir='ltr'>de</span> <span class='ocrx_word' id='word_1_303' title='bbox 1796 1540 1852 1585; x_wconf 86' lang='lat' dir='ltr'>te,</span> 
     </span>
     <span class='ocr_line' id='line_1_69' title="bbox 1023 1591 1850 1635; baseline -0.004 0"><span class='ocrx_word' id='word_1_304' title='bbox 1023 1593 1176 1635; x_wconf 84' lang='lat' dir='ltr'>civitas</span> <span class='ocrx_word' id='word_1_305' title='bbox 1204 1593 1302 1634; x_wconf 92' lang='lat' dir='ltr'>Dei:</span> <span class='ocrx_word' id='word_1_306' title='bbox 1340 1591 1539 1634; x_wconf 85' lang='lat' dir='ltr'>fundavit</span> <span class='ocrx_word' id='word_1_307' title='bbox 1565 1597 1609 1634; x_wconf 87' lang='lat' dir='ltr'>te</span> <span class='ocrx_word' id='word_1_308' title='bbox 1637 1592 1850 1633; x_wconf 91' lang='lat' dir='ltr'>Dominus</span> 
     </span>
     <span class='ocr_line' id='line_1_70' title="bbox 1021 1649 1499 1691; baseline -0.002 -1"><span class='ocrx_word' id='word_1_309' title='bbox 1021 1650 1065 1690; x_wconf 93' lang='lat' dir='ltr'>in</span> <span class='ocrx_word' id='word_1_310' title='bbox 1084 1649 1306 1691; x_wconf 90' lang='lat' dir='ltr'>montibus</span> <span class='ocrx_word' id='word_1_311' title='bbox 1326 1649 1499 1691; x_wconf 87' lang='lat' dir='ltr'>sanctis.</span> 
     </span>
    </p>
   </div>
   <div class='ocr_carea' id='block_1_21' title="bbox 1020 1712 1848 1880">
    <p class='ocr_par' dir='ltr' id='par_1_26' title="bbox 1020 1712 1848 1880">
     <span class='ocr_line' id='line_1_71' title="bbox 1075 1712 1848 1765; baseline -0.003 -9"><span class='ocrx_word' id='word_1_312' title='bbox 1075 1712 1124 1764; x_wconf 65' lang='lat' dir='ltr'>V.</span> <span class='ocrx_word' id='word_1_313' title='bbox 1148 1715 1199 1755; x_wconf 92' lang='lat' dir='ltr'>In</span> <span class='ocrx_word' id='word_1_314' title='bbox 1217 1714 1304 1756; x_wconf 92' lang='lat' dir='ltr'>hoc</span> <span class='ocrx_word' id='word_1_315' title='bbox 1323 1714 1528 1765; x_wconf 81' lang='lat' dir='ltr'>cognovi,</span> <span class='ocrx_word' id='word_1_316' title='bbox 1550 1714 1756 1765; x_wconf 92' lang='lat' dir='ltr'>quoniam</span> <span class='ocrx_word' id='word_1_317' title='bbox 1775 1726 1848 1755; x_wconf 96' lang='lat' dir='ltr'>vo-</span> 
     </span>
     <span class='ocr_line' id='line_1_72' title="bbox 1020 1770 1847 1827; baseline -0.001 -15"><span class='ocrx_word' id='word_1_318' title='bbox 1020 1771 1138 1813; x_wconf 91' lang='lat' dir='ltr'>luisti</span> <span class='ocrx_word' id='word_1_319' title='bbox 1156 1784 1237 1813; x_wconf 90' lang='lat' dir='ltr'>me.</span> <span class='ocrx_word' id='word_1_320' title='bbox 1272 1776 1321 1827; x_wconf 53' lang='lat' dir='ltr'>Rg.</span> <span class='ocrx_word' id='word_1_321' title='bbox 1346 1771 1563 1820; x_wconf 88' lang='lat' dir='ltr'>Quoniam</span> <span class='ocrx_word' id='word_1_322' title='bbox 1581 1783 1670 1811; x_wconf 93' lang='lat' dir='ltr'>non</span> <span class='ocrx_word' id='word_1_323' title='bbox 1689 1770 1847 1820; x_wconf 82' lang='lat' dir='ltr'>gaude-</span> 
     </span>
     <span class='ocr_line' id='line_1_73' title="bbox 1020 1828 1692 1880; baseline -0.004 -10"><span class='ocrx_word' id='word_1_324' title='bbox 1020 1828 1084 1870; x_wconf 94' lang='lat' dir='ltr'>bit</span> <span class='ocrx_word' id='word_1_325' title='bbox 1102 1828 1300 1869; x_wconf 91' lang='lat' dir='ltr'>inimicus</span> <span class='ocrx_word' id='word_1_326' title='bbox 1318 1840 1442 1868; x_wconf 92' lang='lat' dir='ltr'>meus</span> <span class='ocrx_word' id='word_1_327' title='bbox 1462 1840 1594 1880; x_wconf 92' lang='lat' dir='ltr'>super</span> <span class='ocrx_word' id='word_1_328' title='bbox 1611 1839 1692 1868; x_wconf 89' lang='lat' dir='ltr'>me.</span> 
     </span>
    </p>
   </div>
   <div class='ocr_carea' id='block_1_22' title="bbox 1018 1905 1898 2540">
    <p class='ocr_par' dir='ltr' id='par_1_27' title="bbox 1018 1905 1898 2540">
     <span class='ocr_line' id='line_1_74' title="bbox 1023 1905 1848 1959; baseline -0.005 -10"><span class='ocrx_word' id='word_1_329' title='bbox 1023 1910 1091 1949; x_wconf 87' lang='lat' dir='ltr'>Ex</span> <span class='ocrx_word' id='word_1_330' title='bbox 1104 1906 1232 1948; x_wconf 90' lang='lat' dir='ltr'>Bulla</span> <span class='ocrx_word' id='word_1_331' title='bbox 1247 1906 1497 1958; x_wconf 87' lang='lat' dir='ltr'>dogmatica</span> <span class='ocrx_word' id='word_1_332' title='bbox 1508 1906 1575 1947; x_wconf 91' lang='lat' dir='ltr'>Pii</span> <span class='ocrx_word' id='word_1_333' title='bbox 1587 1906 1720 1959; x_wconf 86' lang='lat' dir='ltr'>Papae</span> <span class='ocrx_word' id='word_1_334' title='bbox 1734 1905 1848 1947; x_wconf 90' lang='lat' dir='ltr'>noni.</span> 
     </span>
     <span class='ocr_line' id='line_1_75' title="bbox 1323 1977 1546 2017; baseline -0.004 0"><span class='ocrx_word' id='word_1_335' title='bbox 1323 1977 1474 2017; x_wconf 73' lang='lat' dir='ltr'>Lectio</span> <span class='ocrx_word' id='word_1_336' title='bbox 1496 1977 1546 2016; x_wconf 84' lang='lat' dir='ltr'>iv.</span> 
     </span>
     <span class='ocr_line' id='line_1_76' title="bbox 1025 2035 1846 2087; baseline -0.002 -9"><span class='ocrx_word' id='word_1_337' title='bbox 1025 2043 1049 2070; x_wconf 47' lang='lat'>2³</span> <span class='ocrx_word' id='word_1_338' title='bbox 1289 2041 1467 2085; x_wconf 87' lang='lat' dir='ltr'>norunt,</span> <span class='ocrx_word' id='word_1_339' title='bbox 1503 2040 1666 2087; x_wconf 88' lang='lat' dir='ltr'>quanto</span> <span class='ocrx_word' id='word_1_340' title='bbox 1699 2035 1846 2077; x_wconf 75' lang='lat' dir='ltr'>stadio</span> 
     </span>
     <span class='ocr_line' id='line_1_77' title="bbox 1045 2092 1846 2145; baseline -0.002 -10"><span class='ocrx_word' id='word_1_341' title='bbox 1045 2096 1107 2144; x_wconf 29' lang='grc' dir='ltr'>Χςςρζι</span> <span class='ocrx_word' id='word_1_342' title='bbox 1127 2139 1129 2143; x_wconf 64' lang='grc'>,</span> <span class='ocrx_word' id='word_1_343' title='bbox 1151 2094 1247 2135; x_wconf 83' lang='grc'>11300</span> <span class='ocrx_word' id='word_1_344' title='bbox 1268 2093 1322 2135; x_wconf 84' lang='grc'>(10</span> <span class='ocrx_word' id='word_1_345' title='bbox 1342 2092 1629 2134; x_wconf 89' lang='lat' dir='ltr'>Immaculata</span> <span class='ocrx_word' id='word_1_346' title='bbox 1640 2093 1846 2145; x_wconf 87' lang='lat' dir='ltr'>Deiparae</span> 
     </span>
     <span class='ocr_line' id='line_1_78' title="bbox 1026 2147 1845 2201; baseline -0.004 -9"><span class='ocrx_word' id='word_1_347' title='bbox 1026 2147 1033 2170; x_wconf 55' lang='lat'><em>²</em></span> <span class='ocrx_word' id='word_1_348' title='bbox 1152 2150 1345 2201; x_wconf 85' lang='lat' dir='ltr'>Virginis</span> <span class='ocrx_word' id='word_1_349' title='bbox 1367 2149 1666 2201; x_wconf 84' lang='lat' dir='ltr'>Conceptione</span> <span class='ocrx_word' id='word_1_350' title='bbox 1686 2147 1845 2190; x_wconf 88' lang='lat' dir='ltr'>doctri-</span> 
     </span>
     <span class='ocr_line' id='line_1_79' title="bbox 1018 2204 1845 2259; baseline -0.005 -10"><span class='ocrx_word' id='word_1_351' title='bbox 1018 2221 1074 2248; x_wconf 87' lang='lat' dir='ltr'>na</span> <span class='ocrx_word' id='word_1_352' title='bbox 1093 2221 1119 2248; x_wconf 91' lang='lat' dir='ltr'>a</span> <span class='ocrx_word' id='word_1_353' title='bbox 1137 2206 1470 2259; x_wconf 89' lang='lat' dir='ltr'>spectatissimis</span> <span class='ocrx_word' id='word_1_354' title='bbox 1490 2204 1706 2254; x_wconf 88' lang='lat' dir='ltr'>religiosis</span> <span class='ocrx_word' id='word_1_355' title='bbox 1726 2205 1845 2246; x_wconf 88' lang='lat' dir='ltr'>fami-</span> 
     </span>
     <span class='ocr_line' id='line_1_80' title="bbox 1018 2261 1898 2322; baseline -0.003 -17"><span class='ocrx_word' id='word_1_356' title='bbox 1018 2264 1097 2314; x_wconf 87' lang='lat' dir='ltr'>liis,</span> <span class='ocrx_word' id='word_1_357' title='bbox 1108 2268 1151 2305; x_wconf 91' lang='lat' dir='ltr'>et</span> <span class='ocrx_word' id='word_1_358' title='bbox 1162 2261 1478 2304; x_wconf 89' lang='lat' dir='ltr'>celebrioribus</span> <span class='ocrx_word' id='word_1_359' title='bbox 1488 2261 1748 2315; x_wconf 82' lang='lat' dir='ltr'>theologicis</span> <span class='ocrx_word' id='word_1_360' title='bbox 1760 2275 1848 2302; x_wconf 88' lang='lat' dir='ltr'>aca—</span> <span class='ocrx_word' id='word_1_361' title='bbox 1891 2289 1898 2322; x_wconf 47' lang='grc' dir='ltr'><strong><em>ἲ</em></strong></span> 
     </span>
     <span class='ocr_line' id='line_1_81' title="bbox 1019 2317 1897 2403; baseline -0.003 -42"><span class='ocrx_word' id='word_1_362' title='bbox 1019 2320 1190 2369; x_wconf 89' lang='lat' dir='ltr'>demiis‚</span> <span class='ocrx_word' id='word_1_363' title='bbox 1218 2331 1269 2360; x_wconf 87' lang='lat' dir='ltr'>ac</span> <span class='ocrx_word' id='word_1_364' title='bbox 1287 2317 1661 2371; x_wconf 79' lang='lat' dir='ltr'>praestantissimis</span> <span class='ocrx_word' id='word_1_365' title='bbox 1681 2317 1844 2359; x_wconf 91' lang='lat' dir='ltr'>divina·</span> <span class='ocrx_word' id='word_1_366' title='bbox 1891 2323 1897 2403; x_wconf 58' lang='grc' dir='ltr'>ξ</span> 
     </span>
     <span class='ocr_line' id='line_1_82' title="bbox 1018 2373 1897 2445; baseline -0.005 -27"><span class='ocrx_word' id='word_1_367' title='bbox 1018 2390 1114 2417; x_wconf 92' lang='lat' dir='ltr'>rum</span> <span class='ocrx_word' id='word_1_368' title='bbox 1133 2389 1280 2418; x_wconf 88' lang='lat' dir='ltr'>rerum</span> <span class='ocrx_word' id='word_1_369' title='bbox 1303 2374 1486 2415; x_wconf 80' lang='lat' dir='ltr'>scientia</span> <span class='ocrx_word' id='word_1_370' title='bbox 1505 2373 1764 2416; x_wconf 92' lang='lat' dir='ltr'>doctoribus</span> <span class='ocrx_word' id='word_1_371' title='bbox 1783 2374 1843 2415; x_wconf 82' lang='lat' dir='ltr'>fu·</span> <span class='ocrx_word' id='word_1_372' title='bbox 1890 2405 1897 2445; x_wconf 43' lang='grc' dir='ltr'>ᾖ</span> 
     </span>
     <span class='ocr_line' id='line_1_83' title="bbox 1018 2431 1844 2483; baseline -0.004 -9"><span class='ocrx_word' id='word_1_373' title='bbox 1018 2434 1100 2475; x_wconf 92' lang='lat' dir='ltr'>erit</span> <span class='ocrx_word' id='word_1_374' title='bbox 1113 2431 1288 2480; x_wconf 88' lang='lat' dir='ltr'>tradita,</span> <span class='ocrx_word' id='word_1_375' title='bbox 1307 2432 1474 2472; x_wconf 76' lang='lat' dir='ltr'>asserta</span> <span class='ocrx_word' id='word_1_376' title='bbox 1490 2443 1540 2472; x_wconf 91' lang='lat' dir='ltr'>ac</span> <span class='ocrx_word' id='word_1_377' title='bbox 1554 2433 1844 2483; x_wconf 90' lang='lat' dir='ltr'>propugnata.</span> 
     </span>
     <span class='ocr_line' id='line_1_84' title="bbox 1019 2488 1844 2540; baseline -0.004 -10"><span class='ocrx_word' id='word_1_378' title='bbox 1019 2490 1181 2530; x_wconf 91' lang='lat' dir='ltr'>Omnes</span> <span class='ocrx_word' id='word_1_379' title='bbox 1200 2488 1365 2540; x_wconf 88' lang='lat' dir='ltr'>pariter</span> <span class='ocrx_word' id='word_1_380' title='bbox 1379 2491 1551 2536; x_wconf 90' lang='lat' dir='ltr'>norunt,</span> <span class='ocrx_word' id='word_1_381' title='bbox 1573 2489 1844 2540; x_wconf 89' lang='lat' dir='ltr'>quantopere</span> 
     </span>
    </p>
   </div>
   <div class='ocr_carea' id='block_1_23' title="bbox 1019 2038 1132 2177">
    <p class='ocr_par' dir='ltr' id='par_1_28' title="bbox 1019 2038 1132 2177">
     <span class='ocr_line' id='line_1_85' title="bbox 1019 2038 1132 2177; baseline 0 767"><span class='ocrx_word' id='word_1_382' title='bbox 1019 2038 1132 2177; x_wconf 95' lang='lat' dir='ltr'> </span> 
     </span>
    </p>
   </div>
   <div class='ocr_carea' id='block_1_24' title="bbox 1010 2543 1843 2587">
    <p class='ocr_par' dir='ltr' id='par_1_29' title="bbox 1010 2543 1843 2587">
     <span class='ocr_line' id='line_1_86' title="bbox 1010 2543 1843 2587; baseline -0.005 0"><span class='ocrx_word' id='word_1_383' title='bbox 1010 2545 1193 2587; x_wconf 88' lang='lat' dir='ltr'>solliciti</span> <span class='ocrx_word' id='word_1_384' title='bbox 1212 2544 1371 2585; x_wconf 74' lang='lat' dir='ltr'>faerint</span> <span class='ocrx_word' id='word_1_385' title='bbox 1390 2545 1613 2585; x_wconf 89' lang='lat' dir='ltr'>sacrorum</span> <span class='ocrx_word' id='word_1_386' title='bbox 1629 2543 1843 2584; x_wconf 89' lang='lat' dir='ltr'>antistites</span> 
     </span>
    </p>
   </div>
   <div class='ocr_carea' id='block_1_25' title="bbox 1015 2598 1893 2756">
    <p class='ocr_par' dir='ltr' id='par_1_30' title="bbox 1015 2598 1893 2756">
     <span class='ocr_line' id='line_1_87' title="bbox 1016 2598 1893 2653; baseline -0.005 -11"><span class='ocrx_word' id='word_1_387' title='bbox 1016 2602 1086 2643; x_wconf 91' lang='lat' dir='ltr'>vel</span> <span class='ocrx_word' id='word_1_388' title='bbox 1105 2602 1148 2641; x_wconf 91' lang='lat' dir='ltr'>in</span> <span class='ocrx_word' id='word_1_389' title='bbox 1167 2601 1276 2653; x_wconf 92' lang='lat' dir='ltr'>ipsis</span> <span class='ocrx_word' id='word_1_390' title='bbox 1295 2599 1605 2641; x_wconf 85' lang='lat' dir='ltr'>ecclesiasticis</span> <span class='ocrx_word' id='word_1_391' title='bbox 1625 2598 1842 2640; x_wconf 78' lang='lat' dir='ltr'>conventi·</span> <span class='ocrx_word' id='word_1_392' title='bbox 1887 2619 1893 2643; x_wconf 58' lang='grc'>1</span> 
     </span>
     <span class='ocr_line' id='line_1_88' title="bbox 1015 2654 1893 2710; baseline -0.007 -11"><span class='ocrx_word' id='word_1_393' title='bbox 1015 2659 1098 2700; x_wconf 93' lang='lat' dir='ltr'>bus</span> <span class='ocrx_word' id='word_1_394' title='bbox 1139 2657 1285 2710; x_wconf 86' lang='lat' dir='ltr'>palam</span> <span class='ocrx_word' id='word_1_395' title='bbox 1325 2655 1589 2708; x_wconf 81' lang='lat' dir='ltr'>publiceque</span> <span class='ocrx_word' id='word_1_396' title='bbox 1626 2654 1840 2707; x_wconf 79' lang='lat' dir='ltr'>profiteri,</span> <span class='ocrx_word' id='word_1_397' title='bbox 1891 2654 1893 2659; x_wconf 61' lang='lat'><strong>⁴</strong></span> 
     </span>
     <span class='ocr_line' id='line_1_89' title="bbox 1016 2709 1840 2756; baseline -0.008 0"><span class='ocrx_word' id='word_1_398' title='bbox 1016 2714 1335 2756; x_wconf 90' lang='lat' dir='ltr'>sanctissimam</span> <span class='ocrx_word' id='word_1_399' title='bbox 1353 2713 1438 2754; x_wconf 90' lang='lat' dir='ltr'>Dei</span> <span class='ocrx_word' id='word_1_400' title='bbox 1461 2712 1727 2754; x_wconf 89' lang='lat' dir='ltr'>Genitricem</span> <span class='ocrx_word' id='word_1_401' title='bbox 1745 2709 1840 2750; x_wconf 91' lang='lat' dir='ltr'>Vir-</span> 
     </span>
    </p>
   </div>
  </div>
 </body>
</html>
