2040 2944
417 188 594 222 Officium
619 188 792 222 votivum
819 188 865 222 de
891 188 1138 222 Immaculata
1165 189 1347 232 Concept.
1374 191 1413 223 Β.
1441 190 1486 223 M.
1516 191 1554 224 Y.

132 281 404 334 designatam
430 281 728 324 beatissimam
755 284 846 336 ejus
871 283 960 324 Ma-

131 343 245 380 trem
270 338 498 390 Virginem
525 339 725 390 Mariam,
753 352 805 381 ac
834 339 962 381 simul

129 394 372 448 ipsissimas
392 395 620 448 utriusque
641 402 795 438 contra
809 395 960 438 diabo-

129 451 220 492 lum
251 451 499 493 inimicitias
530 452 758 504 insigniter
786 454 960 506 expres-

130 521 213 550 sas.
254 509 473 560 Quocirca
508 509 622 551 sicut
650 508 849 551 Christus
876 509 961 550 Dei

129 564 444 618 hominamque
486 564 721 615 mediator,
771 565 961 607 humana

130 624 358 676 assumpta
375 625 547 673 natura,
573 622 724 664 delens
745 622 866 675 quod
887 621 959 664 ad-

129 680 283 720 versus
305 692 387 721 nos
413 684 507 721 erat
527 679 867 732 chirographum
886 678 957 720 de-

130 735 256 786 creti,
279 735 388 778 illud
412 736 531 778 cruci
555 736 851 789 triumphator
870 735 957 777 affi-

128 791 203 842 xit,
222 793 286 834 sic
305 793 581 835 sanctissima
599 793 750 844 Virgo,
770 792 958 834 arctissi-

129 861 203 891 mo
224 854 268 891 et
286 849 581 892 indissolubili
595 849 770 892 vinculo
791 862 890 891 cum
905 861 957 891 eo

129 905 376 958 conjuncta,
403 919 490 948 una
515 920 614 949 cum
638 906 714 948 illo
741 911 785 948 et
810 919 890 959 per
911 906 956 946 il-

128 962 233 1013 lum,
271 963 561 1016 sempiternas
591 969 744 1006 contra
772 964 958 1004 veneno-

130 1033 227 1062 sum
267 1022 518 1073 serpentem
554 1020 802 1062 inimicitias
839 1021 956 1061 exer-

130 1089 233 1119 cens
258 1089 310 1119 ac
335 1076 391 1119 de
415 1077 514 1130 ipso
539 1077 792 1130 plenissime
809 1076 958 1118 trium-

129 1133 282 1186 phans,
300 1133 416 1175 illius
437 1139 570 1187 caput
587 1133 869 1176 immaculato
885 1146 958 1186 pe-

130 1189 186 1232 de
205 1191 423 1232 contrivit.

179 1246 231 1297 R.
258 1247 438 1298 Signum
460 1260 665 1299 magnum
688 1247 890 1300 apparuit
914 1247 959 1288 in

131 1302 261 1345 coelo:
287 1303 444 1345 Mulier
469 1306 628 1346 amicta
651 1304 762 1354 sole,
791 1309 836 1346 et
857 1304 960 1345 luna

130 1359 211 1401 sub
242 1359 432 1413 pedibus
464 1361 570 1413 ejus:
594 1359 615 1383 *
646 1361 703 1402 Et
734 1360 779 1402 in
812 1360 958 1414 capite

130 1417 221 1458 e‘us
252 1418 418 1458 corona
451 1416 678 1458 stellarum
714 1416 959 1459 duodecim.

169 1501 177 1508 ·
203 1472 351 1515 Induit
374 1485 471 1515 eam
489 1473 704 1515 Dominus
727 1474 958 1516 vestimen-

129 1529 186 1571 tis
214 1529 381 1580 salutis,
408 1529 665 1572 indumento
694 1530 886 1583 justitiae,
914 1534 958 1572 et

131 1585 256 1638 quasi
278 1598 487 1639 sponsam
510 1587 682 1629 ornavit
705 1600 803 1629 eam
823 1589 958 1628 moni-

129 1641 244 1684 libus
260 1641 362 1683 suis.
389 1643 457 1685 Et.
488 1642 637 1685 Gloria
654 1642 786 1685 Patri.
814 1643 881 1685 Et.

342 1714 390 1753 In
418 1715 488 1754 ΙΙΙ.
517 1716 740 1754 Nocturno.

180 1774 279 1815 Ant.
303 1774 599 1819 Sanctimonia
619 1782 662 1819 et
679 1775 955 1828 magnificen-

128 1832 190 1874 tia
203 1834 227 1860 *
241 1833 285 1874 in
297 1833 598 1886 Conceptione
613 1835 718 1886 ejus3
734 1832 958 1874 anuntiate

128 1888 173 1930 in
192 1888 393 1931 omnibus
411 1889 589 1943 populis
608 1890 793 1942 gloriam
813 1890 915 1941 ejus.

180 1950 278 1991 Ant.
311 1951 543 1994 Laetamini
575 1964 726 1993 omnes
753 1951 776 1976 *
800 1950 844 1991 in
867 1950 956 1991 Do-

127 2006 258 2057 mino,
277 2012 321 2050 et
338 2007 603 2050 confitemini
619 2007 846 2049 memoriae
861 2019 955 2047 san-

129 2063 292 2105 ctitatis
312 2064 412 2116 ejus.

182 2121 281 2162 Ant·
326 2121 490 2166 Notum
534 2125 637 2166 fecit
674 2126 698 2151 *
738 2124 955 2166 Dominus

129 2192 242 2232 opus
265 2193 407 2221 suum:
431 2181 475 2221 in
501 2183 742 2234 conspectu
761 2181 956 2232 gentium

127 2236 340 2278 revelavit
358 2236 542 2287 gloriam
563 2237 796 2279 Genitricis
815 2249 917 2278 suae.

178 2292 228 2343 V.
243 2297 462 2339 Exaltabo
476 2302 521 2340 te
531 2298 731 2348 Domine,
748 2298 956 2350 quoniam

128 2353 361 2417 suscepisti
388 2366 470 2395 me.
512 2354 563 2404 R1.
597 2354 693 2396 Nec
726 2353 956 2396 delectasti

126 2411 325 2451 1n1micos
343 2422 467 2451 meos
488 2423 620 2463 super
637 2424 718 2453 me.

123 2483 281 2528 Lectio
301 2487 442 2529 sancti
460 2487 689 2539 Evangelii
712 2487 955 2529 secundum

451 2543 627 2585 Lucam.

230 2574 263 2636 l
267 2597 378 2638 ectio
399 2599 467 2638 vii.
642 2598 744 2648 Cap.
765 2598 793 2635 1.
815 2608 847 2635 c.

173 2667 202 2694 n
220 2654 295 2696 illo
313 2657 527 2708 tempore:
545 2656 705 2697 Missus
726 2660 792 2697 est
812 2655 954 2705 Ange-

1749 187 1842 232 [245]

1015 283 1229 334 Galilaeae,
1255 285 1323 326 cui
1348 298 1507 327 nomen
1525 285 1763 335 Nazareth,
1786 284 1844 328 ad

1013 339 1240 391 Virginem
1274 340 1587 394 desponsatam
1623 342 1736 391 viro,
1774 342 1843 383 cui

1013 409 1173 438 nomen
1200 402 1294 439 erat
1313 398 1337 439 J
1340 398 1496 451 oseph‚
1522 397 1577 440 de
1604 397 1736 440 domo
1755 398 1841 440 Da-

1014 453 1103 550 vid,
1129 458 1172 495 et
1199 467 1360 496 nomen
1382 455 1576 506 Virginis
1598 455 1747 496 Maria.
1787 456 1844 497 Et

1014 522 1062 550 re
1081 522 1195 562 1qua.

1061 587 1247 629 Homilia
1266 589 1306 630 S.
1326 588 1562 641 Sophronii
1580 589 1804 643 Episcopi.

1102 657 1241 691 llomil.
1268 658 1305 691 in
1327 658 1506 701 Πείρεω-ω
1532 659 1753 692 Ᾰηηυηῒίιιῒ.

1061 725 1244 779 {fig-Uene
1267 718 1501 761 benedicta
1523 724 1572 761 tu
1595 719 1638 760 in
1656 720 1840 761 mulieri—

1025 784 1050 836 ξ(
1186 768 1283 825 bus,
1314 776 1520 828 quoniam
1547 776 1687 818 Hevae
1712 776 1841 818 male-

1161 838 1164 843 ⁴
1148 830 1450 873 dictionem
1438 846 1482 872 m
1492 831 1843 874 benedictionem

1014 889 1311 938 commutasti;
1341 889 1547 940 quoniam
1577 887 1738 939 Adam,
1769 889 1843 942 qui

1013 944 1135 997 prius
1154 944 1325 996 jacebat
1351 945 1653 987 exsecratione
1672 945 1841 998 percul-

1014 1014 1102 1050 sus,
1130 1005 1178 1042 ut
1196 1014 1276 1054 per
1296 1006 1340 1044 te
1363 1001 1712 1051 benediceretur,
1743 1001 1841 1044 effe-

1014 1058 1123 1100 cisti.
1158 1058 1277 1100 Vere
1303 1057 1536 1100 benedicta
1561 1063 1609 1100 tu
1632 1059 1676 1099 in
1695 1058 1841 1100 mulie-

1012 1114 1148 1163 ribus,
1186 1115 1393 1167 quoniam
1420 1114 1670 1157 benedictio
1698 1115 1842 1157 Patris

1012 1184 1093 1224 per
1120 1176 1165 1213 te
1190 1171 1354 1213 affulsit
1380 1171 1645 1222 hominibus,
1674 1174 1840 1224 eosque

1012 1241 1038 1269 a
1057 1228 1194 1270 veteri
1218 1227 1454 1270 maledicto
1477 1228 1689 1270 liberavit.
1722 1228 1840 1270 Vere

1011 1284 1245 1327 benedicta
1276 1290 1324 1326 tu
1355 1284 1398 1325 in
1431 1284 1701 1335 mulieribus,
1740 1285 1842 1336 quia

1011 1354 1092 1394 per
1127 1346 1172 1383 te
1209 1341 1516 1394 progenitores
1554 1341 1618 1383 tui
1654 1341 1840 1383 salutem
1886 1366 1888 1368 -

1011 1398 1251 1448 inveniunt3
1270 1403 1318 1440 tu
1337 1397 1555 1451 siquidem
1574 1398 1774 1449 genitura
1794 1411 1840 1439 es

1011 1454 1308 1504 servatorem,
1336 1455 1409 1507 qui
1434 1454 1626 1496 divinam
1649 1455 1756 1507 ipsis
1775 1467 1840 1495 sa-

1010 1510 1148 1553 lutem
1168 1511 1453 1565 comparabit.
1474 1511 1593 1553 Vere
1607 1510 1841 1553 benedicta

1011 1572 1060 1609 tu
1078 1568 1123 1609 in
1141 1567 1410 1617 mulieribus,
1441 1567 1647 1620 quoniam
1665 1568 1757 1609 sine
1777 1568 1840 1609 se-

1010 1624 1126 1666 mine
1156 1637 1256 1666 eum
1283 1623 1506 1677 protulisti
1532 1623 1737 1673 fructum,
1767 1624 1841 1676 qui

1010 1679 1363 1722 benedictionem
1380 1682 1597 1722 terrarum
1616 1679 1713 1722 orbi
1732 1679 1838 1721 elar-

1009 1738 1140 1788 gitur,
1188 1737 1421 1789 ipsumque
1464 1750 1490 1778 a
1530 1735 1839 1778 maledictione

1010 1793 1159 1846 spinas
1191 1793 1461 1844 germinante
1494 1792 1679 1834 redimit.
1719 1792 1839 1834 Vere

1008 1849 1243 1891 benedicta
1274 1854 1322 1891 tu
1357 1849 1402 1890 in
1432 1848 1701 1898 mulieribus,
1737 1849 1839 1901 quia

1009 1906 1165 1947 mulier
1183 1905 1370 1947 naturali
1386 1905 1638 1947 conditione
1654 1918 1753 1947 cum
1768 1905 1837 1955 sis,

1008 1963 1093 2004 Dei
1112 1967 1257 2004 tamen
1272 1962 1472 2004 Genitrix
1490 1963 1636 2015 reipsa
1655 1962 1745 2003 fies.
1764 1961 1836 2003 Et-

1011 2019 1126 2060 enim
1152 2019 1205 2069 si,
1234 2019 1308 2071 qui
1339 2031 1392 2060 ex
1415 2023 1459 2060 te
1485 2018 1729 2060 nasciturus
1755 2022 1836 2067 est,

1009 2073 1250 2117 secundum
1276 2074 1507 2116 veritatem
1534 2074 1655 2116 Deus
1684 2078 1750 2115 est
1777 2074 1836 2114 in-

1009 2134 1230 2182 carnatus,
1262 2131 1359 2184 ipsa
1385 2132 1475 2182 jure
1502 2130 1747 2182 meritoque
1776 2129 1836 2172 di-

1009 2188 1121 2230 ceris
1144 2189 1354 2241 Deipara,
1384 2188 1547 2240 quippe
1572 2199 1670 2239 quae
1693 2187 1836 2228 Deum

1008 2245 1234 2286 verissime
1254 2244 1382 2296 paris.

1061 2309 1111 2360 R·-
1136 2309 1304 2350 Hortus
1329 2307 1564 2349 conclusus
1588 2320 1715 2348 soror
1738 2321 1835 2349 mea

1008 2377 1186 2417 sponsa,
1212 2364 1366 2405 hortus
1386 2363 1637 2413 conclusus,
1662 2363 1761 2405 fons
1781 2364 1834 2405 si-

1007 2423 1178 2472 gnatus:
1206 2421 1228 2444 *
1253 2420 1523 2461 Emissiones
1548 2425 1637 2461 tuae
1662 2418 1833 2472 paradi-

1007 2490 1098 2527 sus,
1118 2491 1144 2518 o
1164 2477 1312 2518 Maria.
1344 2470 1391 2521 ,V
1412 2476 1548 2529 Aperi
1566 2475 1688 2526 mihi,
1708 2488 1834 2517 soror

1006 2546 1114 2584 mea,
1133 2535 1273 2574 amica
1287 2545 1395 2581 mea,
1411 2532 1616 2574 columba
1629 2545 1737 2582 mea,
1756 2532 1832 2572 im-

1006 2589 1225 2631 maculata
1244 2601 1352 2630 mea.
1379 2589 1661 2630 Emissiones.

1058 2650 1217 2691 Bened.
1267 2653 1400 2705 Cujus
1437 2654 1595 2696 festum
1632 2651 1813 2694 colimus

191 2710 258 2752 lus
283 2711 464 2754 Gabriel
488 2725 513 2753 a
539 2713 637 2754 Deo
663 2712 707 2753 in
733 2711 954 2753 civitatem
1006 2711 1104 2763 ipsa
1121 2710 1261 2761 Virgo
1281 2710 1505 2761 virginum.

279 2850 343 2874 Pars
359 2851 529 2874 Autumnalis.

1572 2835 1625 2875 Q..
