2028 2964
455 371 543 431 DE
582 366 775 429 ANNO
819 364 912 425 ET
957 359 1126 433 EJUS
1172 351 1550 418 PARTIBUS.

881 467 1022 482 ——w

145 679 194 698 sex
211 671 307 698 horas:
324 674 401 696 tanto
419 669 492 695 enim
507 667 640 701 temporis
653 665 798 692 intervallo
812 664 853 691 sol
868 663 965 691 Zodia-

146 722 207 741 cum
232 713 388 748 perlustrat.
432 711 537 744 Quater
560 714 652 737 autem
678 717 726 735 sex
750 709 827 735 horae
851 706 965 741 singulis

147 756 287 791 quaternis
311 755 390 782 annis
414 755 486 781 diem
512 753 695 779 constituunt:
719 751 784 777 hinc
807 758 897 777 annus
921 749 965 776 ille

146 800 326 833 intercalaris,
343 799 496 830 Bissextus,
515 797 558 823 vel
576 795 731 823 Bissextilis
749 794 858 821 dicitur.

155 864 200 893 l)e
223 862 297 892 unni
321 861 532 894 correctione,
554 860 687 897 eiusque
706 857 908 894 necess-itate,
932 865 968 886 ae

340 908 539 938 Kalendario
564 907 781 944 Gregoriano.

154 964 249 1037 Quod
274 967 377 994 dictum
405 969 460 999 est,
487 972 590 992 annum
614 963 755 990 continere
779 964 918 988 trecentos
941 963 968 987 et

208 1011 349 1044 sexaginta
363 1010 486 1043 quinque
500 1008 568 1039 dies,
585 1010 612 1033 et
627 1007 684 1032 fere
700 1013 748 1031 sex
761 1005 854 1034 horas.
872 1004 968 1031 intelli-

149 1056 268 1089 gendum
293 1056 334 1079 est
357 1060 405 1078 sex
427 1051 511 1077 horas
534 1057 590 1076 non
608 1056 668 1075 esse
687 1048 821 1082 integras,
845 1049 908 1074 'cum
933 1047 969 1074 ad

150 1105 245 1126 earum
263 1095 493 1129 complementum
512 1092 604 1126 aliqua
622 1092 728 1118 minuta
747 1091 883 1118 deficiant.

202 1145 244 1171 Ex
263 1150 382 1177 quorum
402 1141 571 1167 minutorum
585 1139 707 1172 neglectu
723 1146 901 1172 progressum
920 1141 970 1170 est,

151 1195 183 1215 ac
205 1186 228 1213 si
252 1193 342 1212 annus
363 1185 435 1211 ultra
458 1183 517 1209 dies
539 1182 590 1208 365
608 1182 762 1208 contineret
779 1181 900 1214 integras
922 1189 971 1207 sex

151 1232 250 1264 horas;
268 1233 295 1256 et
314 1229 417 1255 sactum
437 1231 486 1260 est,
506 1230 536 1254 ut
549 1226 663 1258 minuta,
681 1234 744 1259 quae
763 1225 835 1252 ultra
849 1225 971 1251 debitam

152 1273 334 1309 quantitatem
353 1271 432 1298 annis
447 1270 561 1304 singulis
575 1269 778 1301 tribuebantur,
797 1272 887 1295 tractu
906 1272 973 1294 tem-

152 1317 228 1351 poris
246 1317 284 1343 ita
299 1315 479 1346 excreverint,
498 1318 528 1340 ut
542 1313 659 1339 invicem
673 1313 764 1346 juncta
779 1311 972 1339 constituerint

153 1360 212 1386 dies
230 1360 337 1386 decem:
360 1358 408 1392 qui
426 1365 537 1384 causam
557 1356 692 1382 dederunt
715 1359 745 1382 ut
763 1355 972 1389 AEquinoctium

154 1410 271 1429 vernum
290 1402 382 1428 sedem
401 1409 479 1428 suam
498 1399 655 1427 mutaverit.

206 1451 258 1478 Cui
282 1450 354 1476 malo
376 1456 524 1476 occurrens
542 1447 695 1481 Gregorius
713 1447 791 1474 XIII.
811 1454 866 1473 non
885 1446 974 1473 solum

154 1493 363 1528 AEquinoctium
382 1500 499 1519 vernum
518 1491 637 1518 restituit
661 1491 689 1517 in
708 1490 853 1524 pristinam
872 1490 976 1525 sedem,

155 1545 171 1564 a
187 1545 241 1571 qua
257 1537 311 1570 jam
330 1544 346 1562 a
359 1535 482 1562 Concilio
496 1534 618 1567 Nicaeno,
637 1534 730 1560 decem
749 1533 858 1560 circiter
876 1532 975 1559 diebus

154 1580 183 1606 in
207 1586 279 1605 anno
303 1577 480 1604 correctionis
506 1577 586 1609 1582,
610 1577 792 1611 praecedendo
816 1579 975 1608 recesserat,

157 1623 231 1657 quod
250 1630 265 1648 a
284 1621 406 1648 Concilio
425 1621 459 1647 ad
474 1621 519 1647 xii.
534 1620 676 1647 Kalendas
689 1619 794 1654 Aprilis
809 1619 900 1646 fuerat
913 1627 975 1645 con-

156 1666 291 1698 stitutum,
309 1668 336 1691 et
350 1665 404 1691 xiv.
419 1665 527 1691 Lunam
542 1664 703 1690 Paschalem
717 1671 768 1690 suo
781 1663 809 1690 in
823 1663 883 1689 loco
898 1670 975 1696 repo-

156 1709 224 1743 suit;
248 1709 296 1735 sed
320 1709 393 1735 viam
417 1715 529 1742 quoque
552 1707 679 1740 tradidit,
703 1710 729 1733 et
748 1706 896 1736 rationem,
921 1713 976 1739 qua

158 1755 303 1779 caveretur
320 1755 350 1778 ut
368 1751 396 1777 in
414 1754 556 1785 posterum
579 1753 606 1776 et
624 1749 833 1784 AEquinoctium
852 1756 977 1782 vernum,

157 1799 184 1822 et
202 1796 256 1822 xiv.
275 1795 355 1822 Luna
369 1794 511 1821 Paschalis
529 1802 546 1821 a
562 1793 683 1828 propriis
701 1793 815 1819 sedibus
833 1799 977 1826 nunquam

157 1842 374 1866 removerentur.

210 1886 248 1914 Ut
267 1886 338 1912 enim
357 1886 566 1920 AEquinoctium
585 1893 702 1912 vernum
720 1886 756 1912 ad
774 1883 820 1910 xii.
835 1883 978 1910 Kalendas

160 1929 264 1963 Aprilis
282 1929 485 1962 restitueretur,
507 1930 603 1956 statuit
626 1934 656 1956 ut
675 1930 740 1957 dicti
759 1931 853 1958 decem
873 1931 932 1958 dies
950 1931 978 1957 in

161 1979 253 1998 mense
278 1971 406 1998 Octobris
429 1972 516 2006 ipsius
540 1973 605 1999 anni
630 1974 696 2000 1582
719 1974 920 2009 eximerentur,
949 1978 979 2001 ut

161 2014 224 2049 po'st
233 2020 361 2050 quartam
371 2017 444 2043 diem
454 2017 582 2044 Octobris
596 2021 692 2044 saneto
702 2018 849 2045 Francisco
863 2026 980 2052 sacram,

1014 534 1134 562 sequens
1158 526 1217 553 dies
1241 532 1298 551 non
1322 526 1395 550 esset
1419 522 1529 556 quinta,
1553 520 1603 548 sed
1621 520 1730 547 decima
1748 520 1846 555 quinta

1015 571 1152 599 Octobris.
1184 569 1220 597 Et
1238 568 1277 594 ita
1295 575 1383 600 error,
1402 566 1450 600 qui
1469 566 1498 592 in
1512 564 1688 599 praeteritum
1706 567 1749 591 tot
1761 571 1847 591 anno·

1015 622 1078 642 rum
1101 613 1212 640 circulis
1237 612 1401 646 irrepserat,
1426 609 1454 636 in
1473 611 1616 635 momento
1634 606 1770 642 temporis
1794 605 1848 633 tuit

1015 660 1166 685 correctus.

1072 713 1110 740 Ut
1128 715 1221 738 autem
1239 710 1269 736 in
1286 712 1430 743 posterum
1449 707 1524 733 idem
1542 713 1623 732 error
1640 704 1791 738 vitaretur,
1813 712 1850 732 ne

1017 758 1053 784 ad
1071 756 1118 783 xii.
1133 754 1276 782 Kalendas
1288 751 1395 786 Aprilis
1408 749 1620 784 AEquinoctium
1639 755 1758 775 vernum
1777 755 1851 775 rece-

1017 802 1110 833 deret,
1136 797 1234 825 statuit
1261 797 1335 823 idem
1363 793 1532 828 Gregorius,
1559 792 1721 819 Bissextum
1748 794 1850 826 quarto

1018 851 1131 879 quoque
1145 849 1219 869 anno
1233 840 1285 874 (uti
1300 847 1361 866 mos
1375 839 1428 871 est)
1443 835 1601 864 continuari
1611 835 1724 869 debere,
1736 838 1851 870 praeter-

1019 895 1104 922 quam
1122 886 1150 912 in
1169 883 1327 912 centesimis
1351 881 1445 908 annis:
1468 880 1517 914 qui
1540 878 1671 914 quamvis
1688 877 1852 906 Bissextiles

1018 934 1101 958 antea
1110 936 1221 963 semper
1230 927 1343 960 fuerint,
1357 924 1469 960 qualem
1483 923 1568 950 etiam
1578 930 1640 949 esse
1648 921 1738 949 voluit
1747 929 1852 949 annum

1020 975 1096 1007 1600,
1115 979 1188 999 anno
1203 969 1384 998 correctionis
1396 966 1566 1002 proximum,
1584 968 1649 1000 post
1667 973 1732 992 eum
1750 968 1854 998 tamen,

1021 1018 1069 1052 qui
1093 1016 1223 1049 deinceps
1247 1015 1468 1047 consequentur,
1491 1009 1651 1043 centesimi,
1674 1016 1732 1036 non
1755 1016 1854 1036 omnes

1021 1059 1183 1088 Bissextiles
1205 1059 1311 1089 essent,
1333 1055 1383 1081 sed
1406 1054 1435 1080 in
1458 1053 1671 1088 quadringentis
1694 1052 1855 1087 quibusque

1022 1103 1102 1131 annis
1125 1101 1209 1136 primi
1237 1100 1362 1134 quinque
1390 1101 1448 1124 tres
1472 1097 1616 1124 centesimi
1640 1097 1701 1124 sine
1724 1095 1855 1124 Bissexto

1023 1146 1256 1179 transigerentur,
1289 1145 1407 1176 quartus
1434 1148 1503 1167 vero
1534 1141 1656 1175 quisque
1686 1138 1856 1167 centesimus

1023 1193 1097 1217 esset
1110 1187 1275 1220 Bissextilis‚
1293 1186 1331 1212 ita
1350 1189 1381 1212 ut
1400 1193 1491 1212 annus
1511 1185 1587 1218 1700,
1607 1184 1684 1218 1800,
1702 1183 1780 1216 1900,
1797 1181 1858 1208 Bis-

1024 1233 1136 1260 sextiles
1150 1240 1207 1259 non
1221 1231 1285 1264 sint,
1304 1238 1378 1257 anno
1391 1237 1460 1256 vero
1474 1229 1543 1255 2000
1557 1235 1635 1255 more
1649 1230 1784 1254 consueto
1797 1225 1858 1253 dies

1025 1278 1170 1305 Bissextus
1187 1274 1375 1307 intercaletur,
1393 1272 1548 1299 Februario
1562 1271 1623 1298 dies
1636 1271 1670 1298 29
1684 1270 1858 1303 continente,

1025 1322 1155 1354 idemque
1174 1319 1244 1346 ordo
1263 1316 1466 1344 intermittendi
1490 1314 1731 1348 intercalandique
1747 1313 1858 1340 Bissex-

1026 1368 1085 1391 tum
1104 1363 1177 1390 diem
1196 1362 1225 1388 in
1244 1359 1456 1395 quadringentis
1474 1358 1635 1394 quibusque
1656 1356 1738 1384 annis
1761 1362 1859 1391 perpe-

1027 1412 1075 1435 tuo
1093 1408 1316 1434 conservaretur.

1269 1467 1420 1505 Quatuor
1443 1466 1620 1507 Tempora.

1032 1526 1175 1598 Quatuor
1185 1533 1327 1567 Tempora
1336 1532 1514 1560 celebrantur
1524 1535 1626 1566 quarta
1639 1535 1667 1559 et
1681 1534 1762 1559 sextu
1769 1530 1861 1565 Ikria,

1087 1585 1119 1603 ac
1142 1576 1266 1603 Sabbato
1289 1580 1353 1610 post
1376 1575 1487 1603 tertiam
1506 1575 1685 1602 Dominieam
1703 1573 1862 1606 Adventus,

1027 1624 1091 1655 post
1106 1621 1225 1655 primam
1242 1620 1419 1647 Dominicam
1429 1618 1668 1653 Quadragesimae,
1685 1620 1752 1653 post
1765 1616 1863 1644 Domi-

1028 1665 1119 1692 nicam
1129 1665 1316 1698 Pentecostes,
1326 1667 1390 1699 post
1399 1664 1514 1691 Festum
1524 1661 1711 1690 Exaltationis
1719 1659 1748 1689 S.
1754 1659 1862 1688 Crucis.

1030 1731 1159 1771 Nuptiae
1182 1729 1317 1770 quando
1342 1729 1501 1762 celebrari
1524 1738 1592 1760 non
1614 1729 1746 1770 possint
1768 1729 1863 1770 juxta

1164 1779 1341 1810 Decretum
1364 1778 1549 1810 Tridentini
1575 1776 1728 1809 Concilii.

1033 1838 1077 1898 A
1090 1842 1239 1870 Dominica
1261 1841 1353 1876 prima
1371 1840 1521 1868 Adventus
1542 1847 1634 1874 usque
1655 1839 1685 1866 in
1709 1839 1783 1866 diem
1802 1837 1867 1873 Epi·
1888 1848 1894 1852 *

1099 1886 1224 1921 phanioe,
1247 1889 1275 1912 et
1298 1893 1316 1912 a
1334 1883 1416 1911 Feria
1439 1887 1541 1918 quarta
1563 1883 1698 1910 Cinerum
1721 1889 1813 1916 usque
1835 1881 1866 1908 in

1032 1931 1166 1958 Octavam
1185 1929 1331 1956 Paschatis
1353 1927 1503 1961 inclusive,
1525 1929 1623 1953 sancta
1640 1925 1773 1960 Synodus
1795 1924 1864 1952 sole-

1032 1974 1162 2001 mnitates
1177 1973 1346 2008 Nuptiarum
1365 1971 1504 2007 prohibet.
1539 1971 1574 1997 In
1593 1969 1655 1996 aliis
1673 1977 1742 1996 vero
1760 1972 1866 2003 tempo-

1033 2019 1111 2045 ribus
1129 2018 1250 2051 Nuptias
1268 2015 1431 2045 solemniter
1448 2014 1585 2043 celebrari
1602 2012 1748 2048 permittit.
