2040 2944
493 180 669 213 Officium
697 179 870 213 votivum
897 179 944 211 de
970 180 1026 212 Ss.
1048 178 1306 211 Eucharistiae
1329 178 1588 211 Sacramento.

233 273 403 315 Memor
427 273 483 314 sit
502 273 643 315 omnis
668 273 872 314 sacrificii
890 274 968 314 tui:
992 275 1015 300 *

183 335 227 372 et
245 330 552 371 holocaustum
570 334 694 371 tuum
712 330 875 382 pingue
894 330 982 372 fiat.

234 386 419 428 Tribuat
434 385 513 427 tibi
529 385 774 427 secundum
787 399 864 427 cor
877 391 1016 428 tuum:

181 446 205 470 *
243 448 286 484 et
322 455 451 484 omne
489 442 719 484 consilium
757 448 881 484 tuum
917 456 1016 485 con-

182 500 336 541 firmet.

232 555 503 597 Laetabimur
528 556 572 596 in
598 556 779 597 salutari
802 561 896 597 tuo:
924 556 947 581 *
974 560 1017 597 et

180 613 223 653 in
250 612 426 653 nemine
444 613 529 654 Dei
556 613 697 654 nostri
719 611 1016 663 magnificabi-

181 682 290 709 mur.

235 725 424 778 Impleat
438 725 654 766 Deminus
674 738 828 767 omnes
843 725 1016 778 petitio-

182 795 260 823 nes
279 787 393 823 tuas:
418 782 442 807 *
464 795 579 823 nunc
600 782 789 833 cognevi
810 782 1017 834 queniam

182 838 353 879 salvum
372 838 477 880 fecit
495 839 591 879 Dfis
611 838 833 879 Christum
853 851 991 879 suum.

233 894 454 937 Exaudiet
481 895 603 937 iHum
631 894 686 936 de
716 895 831 936 coelo
862 900 1016 936 sancto

182 964 279 1000 suo:
308 953 331 976 *
359 952 403 992 in
431 951 736 1005 potentatibus
765 951 883 993 salus
914 951 1016 993 dex-

181 1012 289 1049 terae
309 1009 412 1060 ejus.

233 1065 293 1105 Hi
316 1065 360 1106 in
384 1065 601 1115 curribus,
626 1070 670 1107 et
692 1065 737 1106 hi
760 1066 804 1106 in
827 1066 969 1118 equis:
992 1067 1015 1092 *

180 1134 261 1162 nos
290 1127 436 1163 autem
463 1122 508 1163 in
535 1122 712 1163 nemine
734 1122 914 1164 Domini
931 1122 1017 1163 Dei

180 1178 319 1219 nostri
338 1178 655 1220 invocabimus.

232 1235 324 1287 Ipsi
346 1235 530 1286 obligati
548 1241 659 1285 sunt,
683 1240 727 1277 et
748 1234 1016 1276 ceciderunt:

179 1291 203 1315 *
230 1303 312 1332 nos
337 1296 485 1333 autem
512 1292 782 1333 surreximus
811 1296 855 1333 et
881 1292 1016 1333 erecti

180 1360 341 1388 sumus.

231 1403 420 1445 Demine
445 1404 615 1445 salvum
639 1405 707 1446 fac
733 1417 898 1455 regem:
923 1406 947 1431 *
971 1408 1016 1445 et

180 1460 340 1501 exaudi
362 1473 444 1502 nos
466 1461 510 1501 in
531 1460 612 1511 die,
636 1475 723 1514 qua
746 1461 1014 1502 invocaveri-

178 1529 276 1557 mus
297 1522 352 1558 te.

232 1588 332 1627 Ant.
361 1587 532 1629 Memor
560 1588 616 1629 sit
640 1587 858 1628 Deminus
885 1587 1014 1628 sacri-

178 1642 266 1683 ficii
303 1644 464 1693 nostri,
511 1649 554 1686 et
591 1644 901 1686 holocaustum
937 1656 1012 1685 no-

178 1703 317 1740 strum
337 1700 498 1752 pingue
517 1700 604 1742 fiat.

236 1770 333 1809 Ant.
362 1770 547 1812 Paratur
564 1771 704 1813 nobis.

455 1844 655 1884 Psalmus
676 1846 740 1884 22.

272 1910 444 1951 eminus
469 1910 582 1961 regit
599 1924 684 1960 me,
711 1916 754 1952 et
777 1911 885 1952 nihil
909 1911 1014 1953 mihi

286 1965 444 2008 deerit:
478 1967 502 1992 *
534 1967 577 2007 in
609 1967 710 2009 loco
741 1970 921 2020 pascuae
953 1968 1012 2011 ibi

178 2035 248 2063 me
272 2022 517 2064 collocavit.

230 2078 371 2130 Super
394 2092 554 2132 aquam
579 2080 829 2122 refectionis
855 2080 1012 2123 educa-

179 2135 242 2176 vit
259 2148 345 2176 me:
369 2136 392 2161 *
414 2137 603 2177 animam
621 2150 765 2178 meam
785 2139 1013 2180 convertit.

229 2191 425 2233 Deduxit
445 2205 515 2233 me
538 2205 671 2245 super
695 2194 873 2235 semitas
897 2195 1013 2246 justi-

179 2246 264 2295 tiae,
284 2249 308 2273 *
327 2253 513 2300 propter
532 2261 693 2290 nomen
714 2263 851 2291 suum.

231 2302 356 2352 Nam,
380 2309 423 2345 et
443 2305 478 2345 si
500 2304 782 2347 ambulavero
803 2306 846 2346 in
865 2306 1012 2348 medio

180 2358 349 2399 umbrae
368 2360 534 2409 mortis,
553 2374 641 2402 non
659 2361 825 2404 timebo
841 2363 970 2403 mala:
989 2365 1012 2389 *

182 2415 389 2465 queniam
406 2421 454 2457 tu
473 2430 645 2458 mecum
665 2431 724 2459 es.

233 2470 371 2521 Virga
386 2476 471 2521 tua,
489 2478 533 2514 et
546 2473 731 2515 baculus
747 2479 861 2516 tuus:
878 2476 901 2501 *
917 2476 1014 2528 ipsa

180 2539 251 2568 me
270 2527 500 2569 consolata
519 2535 629 2570 sunt.

232 2583 406 2624 Parasti
432 2584 476 2624 in
504 2588 743 2637 conspectu
770 2600 870 2628 meo
897 2600 1014 2628 men—

181 2653 296 2736 lsam,
333 2641 356 2666 *
393 2638 604 2682 adversus
637 2654 733 2692 eos,
773 2644 848 2695 qui
879 2643 1013 2684 tribu-

199 2701 273 2738 ant
296 2709 377 2737 me.

1119 271 1412 324 Impinguasti
1442 271 1487 311 in
1519 270 1619 312 eleo
1652 275 1788 322 caput
1818 283 1904 311 me-

1069 342 1157 369 um:
1173 330 1196 356 *
1213 334 1256 370 et
1271 328 1386 370 calix
1399 340 1523 369 meus
1537 326 1758 369 inebrians
1773 339 1907 379 quam

1069 385 1310 437 praeclarus
1332 384 1414 427 est!

1121 442 1178 483 Et
1196 440 1501 483 misericerdia
1517 445 1594 482 tua
1612 439 1906 492 subsequetur

1069 511 1139 539 me
1158 500 1181 525 *
1203 498 1407 540 omnibus
1428 496 1583 539 diebus
1601 496 1706 538 vitae
1725 509 1851 538 meae:

1122 554 1180 596 Et
1194 560 1242 596 ut
1256 554 1498 596 inhabitem
1510 554 1555 594 in
1571 551 1704 594 domo
1716 552 1909 602 Domini‚·

1070 612 1093 637 *
1112 612 1156 652 in
1175 610 1495 663 longitudinem
1514 609 1694 651 dierum.

1124 676 1224 716 Ant.
1259 675 1445 718 Paratur
1478 675 1606 716 nobis
1637 686 1790 715 mensa
1817 673 1906 714 Do-

1070 733 1176 774 mini
1208 732 1422 774 adversus
1455 745 1629 782 omnes,
1667 730 1742 783 qui
1772 729 1906 771 tribu-

1070 790 1162 831 lant
1182 803 1275 831 nos.

1122 854 1222 895 Ant.
1251 855 1303 895 In
1323 868 1433 896 voce
1454 854 1772 896 exsultationis.

1346 931 1548 972 Psalmus
1568 932 1628 971 41.

1071 975 1498 1099 Quemadmodum
1510 1002 1735 1046 desiderat
1749 1017 1906 1046 cervus

1174 1061 1230 1102 ad
1249 1062 1395 1103 fontes
1417 1063 1645 1113 aquarum:
1668 1062 1692 1087 *
1713 1061 1774 1102 ita
1794 1060 1905 1102 desi-

1071 1116 1197 1158 derat
1225 1118 1369 1159 anima
1395 1131 1495 1159 mea
1522 1117 1579 1159 ad
1606 1121 1651 1158 te
1678 1118 1813 1159 Deus.

1122 1173 1267 1216 Sitivit
1290 1175 1435 1216 anima
1456 1187 1556 1215 mea
1579 1172 1636 1215 ad
1654 1173 1799 1215 Deum
1821 1174 1905 1215 for-

1070 1236 1160 1272 tem
1187 1231 1354 1273 vivum:
1381 1231 1406 1257 *
1432 1230 1613 1283 quando
1642 1230 1835 1281 veniam,
1863 1235 1907 1273 et

1070 1287 1295 1339 apparebo
1325 1292 1426 1329 ante
1455 1287 1614 1328 faciem
1641 1286 1749 1328 Dei?

1122 1344 1316 1385 Fuerunt
1342 1343 1450 1384 mihi
1475 1343 1670 1384 lacrimae
1694 1345 1808 1384 meae'
1831 1356 1905 1396 pa-

1069 1412 1147 1440 nes
1180 1399 1250 1441 die
1283 1413 1335 1441 ac
1367 1404 1518 1441 nocte:
1553 1401 1576 1426 *
1610 1398 1715 1440 dum
1747 1398 1906 1441 dicitur

1067 1456 1174 1496 mihi
1195 1455 1410 1508 quotidie:
1438 1455 1525 1497 Ubi
1549 1459 1617 1497 est
1634 1455 1758 1498 Deus
1779 1454 1904 1497 tuus?

1120 1513 1232 1554 Haec
1259 1511 1520 1554 recordatus
1548 1525 1664 1561 sum,
1698 1515 1743 1553 et
1771 1510 1907 1553 effudi

1068 1568 1112 1609 in
1138 1581 1209 1610 me
1238 1569 1429 1610 animam
1455 1581 1617 1610 meam:
1645 1569 1669 1595 *
1699 1567 1906 1620 quoniam

1067 1624 1268 1667 transibo
1293 1626 1338 1666 in
1361 1625 1510 1667 locum
1533 1623 1808 1666 tabernaculi
1832 1623 1905 1666 ad-

1067 1681 1290 1732 mirabilis,
1318 1695 1460 1735 usque
1489 1681 1547 1723 ad
1575 1680 1757 1723 domum
1782 1680 1879 1722 Dei.

1119 1738 1171 1778 In
1195 1751 1306 1780 voce
1332 1738 1647 1787 exsultatienis,
1673 1741 1716 1779 et
1737 1736 1904 1778 confes-

1068 1794 1221 1835 sienis:
1250 1795 1274 1820 *
1302 1807 1437 1836 sonus
1466 1793 1695 1847 epulantis.

1120 1852 1266 1901 Quare
1298 1851 1436 1892 tristis
1469 1864 1517 1892 es
1550 1850 1695 1891 anima
1722 1847 1847 1891 mea?
1879 1849 1903 1875 *

1068 1912 1112 1949 et
1140 1920 1276 1960 quare
1305 1907 1545 1950 conturbas
1572 1904 1667 1948 me?

1120 1965 1258 2017 Spera
1290 1965 1334 2006 in
1362 1965 1480 2013 Deo,
1518 1962 1727 2015 quoniam
1758 1960 1903 2003 adhuc

1068 2021 1315 2063 confitebor
1352 2017 1432 2062 illi:
1468 2020 1492 2046 *
1529 2019 1722 2060 salutare
1756 2017 1903 2059 vultus

1067 2077 1165 2127 mei,
1194 2082 1238 2119 et
1265 2078 1387 2119 Deus
1414 2089 1550 2118 meus.

1120 2132 1194 2175 Ad
1212 2136 1431 2186 meipsum
1450 2133 1593 2174 anima
1610 2143 1710 2172 mea
1729 2134 1903 2171 contur-

1068 2190 1173 2231 bata
1202 2195 1287 2231 est:
1314 2190 1338 2215 *
1365 2191 1602 2242 propterea
1629 2199 1799 2229 memor
1827 2198 1903 2227 ero

1067 2246 1131 2287 tui
1159 2245 1215 2287 de
1242 2251 1362 2288 terra
1389 2246 1414 2287 J
1417 2244 1613 2294 ordanis,
1646 2248 1690 2285 et
1717 2243 1902 2284 Hermo-

1067 2302 1172 2343 niim
1201 2315 1226 2343 a
1253 2307 1404 2344 monte
1431 2301 1621 2343 medico.

1122 2359 1324 2411 Aby'ssus
1353 2358 1561 2410 abyssum
1588 2359 1782 2404 invocat,
1809 2355 1833 2381 *
1859 2353 1904 2395 in

1068 2429 1178 2457 voce
1208 2417 1530 2457 cataractarum
1556 2415 1742 2455 tuarum.

1121 2472 1278 2514 Omnia
1298 2471 1473 2513 excelsa
1491 2475 1578 2519 tua,
1597 2474 1642 2510 et
1661 2469 1820 2509 fluctus
1840 2468 1904 2508 tui

1068 2531 1092 2556 *
1121 2541 1254 2581 super
1281 2541 1351 2569 me
1378 2527 1655 2568 transierunt.

1120 2586 1171 2626 In
1197 2585 1267 2627 die
1290 2582 1517 2625 mandavit
1535 2582 1753 2623 Deminus
1775 2582 1902 2624 mise-

1068 2641 1305 2684 ricerdiam
1330 2652 1471 2681 suam:
1496 2640 1520 2665 *
1545 2644 1589 2681 et
1612 2643 1744 2680 nocte
1769 2639 1902 2680 canti-

1069 2712 1169 2740 cum
1197 2699 1298 2750 ejus.
1352 2720 1354 2722 ·
