2040 2944
180 173 259 208 400

183 268 477 311 desideratam
513 267 641 309 nobis
676 273 766 310 tuae
802 267 1011 321 propitia-

182 326 311 368 tionis
346 324 674 375 abundantiam,
710 324 1011 377 multiplicatis

182 380 547 424 intercessoribus
560 380 770 432 largiaris.
789 381 874 423 Per
885 381 1011 422 Dfim.

454 445 521 482 Ad
541 445 744 483 Tertiam.

234 502 332 540 Ant.
363 500 417 540 Et
438 511 591 540 omnes
611 499 781 550 Angeli.

235 561 371 624 Capit.
394 561 507 601 Ecce
528 573 622 611 ego.
641 561 734 601 399.

234 625 283 674 le.
315 623 374 663 br.
410 621 639 664 Laetamini
671 622 714 662 in
746 621 954 671 Domino,
989 626 1009 647 *

180 681 237 722 Et
253 681 470 722 exsultate
485 679 595 732 justi.
618 679 860 720 Laetamini.
888 674 939 727 Y.
955 679 1011 720 Et

181 737 427 788 gloriamini
452 749 605 778 omnes
629 735 738 777 recti
761 734 907 776 corde.
945 735 1010 777 Et.

183 794 334 835 Gloria
352 794 482 835 Patri.
510 792 754 834 Laetamini.

235 851 284 901 Y.
310 854 543 896 Exsultent
568 854 669 906 justi
696 854 740 894 in
769 855 1011 906 conspectu

182 912 275 953 Dei.
304 913 354 963 Rg.
372 911 429 953 Et
450 911 722 953 delectentur
740 910 783 950 in
802 909 965 952 laetitia.

459 976 527 1012 Ad
550 975 737 1012 Sextam.

234 1031 331 1070 Ant.
368 1027 609 1070 Redemisti
628 1041 719 1070 nos.

237 1091 498 1142 Capitulum.
710 1090 848 1142 Apoc.
869 1090 904 1129 7.
926 1103 958 1130 c.

181 1146 334 1254 Post
359 1151 455 1192 haec
480 1150 571 1192 vidi
595 1150 772 1192 turbam
798 1165 1011 1203 magnam,

293 1221 423 1260 quam
453 1207 729 1249 dinumerare
756 1221 886 1250 nemo
914 1211 1010 1261 pot-

182 1270 278 1307 erat
306 1278 360 1307 ex
389 1264 591 1306 omnibus
619 1265 837 1316 gentibus,
867 1271 911 1307 et
938 1268 1010 1307 tri-

180 1321 335 1371 bubus,
361 1327 404 1364 et
414 1321 615 1376 populis,
639 1326 683 1363 et
701 1323 870 1374 linguis,
896 1328 1009 1365 stan-

180 1384 248 1420 tes
276 1384 377 1420 ante
403 1379 612 1421 thronum
636 1379 731 1430 Dei,
757 1381 801 1420 in
829 1383 1010 1434 conspe-

182 1440 255 1477 ctu
292 1435 424 1486 Agni,
457 1436 603 1477 amicti
639 1436 764 1477 stolis
802 1436 930 1487 albis,
968 1443 1012 1479 et

181 1491 339 1544 palmae
368 1492 411 1532 in
438 1491 639 1533 manibus
668 1494 831 1534 eorum.

232 1557 282 1608 K.
308 1556 369 1596 br.
402 1553 636 1595 Exsultent
661 1554 763 1606 justi
784 1556 807 1580 *
835 1555 886 1595 In
911 1568 1010 1597 con-

181 1611 336 1662 spectu
353 1610 448 1651 Dei.
475 1610 720 1652 Exsultent.
748 1606 798 1658 V.
819 1612 876 1653 Et
897 1611 1011 1654 dele-

181 1668 353 1708 ctentur
371 1666 414 1706 in
429 1665 592 1708 laetitia.
620 1667 682 1707 In.
713 1667 865 1710 Gloria
880 1668 1011 1710 Patri.

181 1723 426 1765 Exsultent.

233 1780 285 1831 V.
302 1785 326 1825 J
328 1785 414 1826 usti
439 1789 586 1826 autem
605 1786 649 1826 in
666 1788 933 1839 perpetuum
951 1787 1010 1829 vi-

180 1847 293 1883 vent.
346 1843 396 1893 Ru
434 1843 491 1884 Et
524 1842 642 1894 apud
674 1843 911 1885 Dominum
945 1850 1011 1886 est

180 1911 348 1940 merces
377 1901 539 1942 eorum.

461 1964 528 2001 Ad
552 1965 736 2002 Nonam.

209 2074 218 2082 ·
238 2020 335 2058 Ant.
374 2020 574 2070 Hymnus
607 2019 810 2061 omnibus
838 2021 1008 2063 Sanctis

181 2086 282 2126 ejus.

234 2136 491 2188 Capitulum.
707 2137 845 2188 Apoc.
865 2137 901 2176 7.
922 2150 955 2177 c.

264 2196 497 2248 enedictio,
526 2202 570 2239 et
599 2197 790 2248 claritas,
823 2203 867 2240 et
895 2199 1008 2251 sapi-

288 2254 414 2305 entia,
443 2259 487 2296 et
512 2255 751 2306 gratiarum
777 2255 904 2305 actio,
932 2255 1007 2298 ho-

179 2322 276 2360 nor,
308 2311 461 2361 virtus,
495 2316 539 2353 et
566 2311 778 2354 fortitudo
806 2312 904 2354 Deo
932 2325 1007 2354 no-

181 2371 284 2416 stro,
307 2367 349 2407 in
373 2368 535 2409 saecula
554 2368 828 2410 saeculorum.
856 2369 1009 2411 Amen.

234 2424 283 2475 Ιζι.
309 2423 371 2463 br.
407 2423 519 2465 Justi
549 2430 694 2466 autem
723 2426 746 2450 *
776 2426 827 2466 In
854 2428 1008 2479 perpe-

180 2483 304 2520 tuum
334 2479 493 2522 vivent.
539 2481 663 2523 Justi.
718 2475 768 2526 V.
801 2482 858 2524 Et
891 2482 1009 2535 apud

181 2535 418 2578 Dominum
450 2542 516 2579 est
542 2550 712 2580 merces
745 2541 908 2581 eorum.
946 2540 1008 2580 In.

186 2592 336 2634 Gloria
363 2594 496 2636 Patri.
533 2595 656 2636 Justi.

235 2644 285 2695 V.
306 2649 600 2693 Exsultabunt
626 2653 765 2694 sancti
789 2652 833 2693 in
857 2652 1007 2703 gloria.

184 2706 233 2757 R:-
248 2707 535 2750 Laetabantur
553 2708 597 2748 in
616 2708 832 2751 cubilibus
853 2709 954 2750 suis.

596 175 667 208 Die
698 175 723 208 1.
750 175 993 208 Novembris.
1042 175 1218 208 omnium
1242 176 1478 209 Sanctorum.

1270 271 1332 312 In
1353 271 1414 312 Π.
1435 270 1686 322 Vesper-is.

1119 336 1205 369 Ant.
1223 341 1258 370 et
1275 335 1398 379 Capit.
1420 335 1465 369 dc
1484 335 1601 370 Laud.
1617 333 1696 369 399.
1722 336 1782 369 Ps.
1799 341 1839 369 ut
1856 335 1893 369 in

1069 385 1091 417 l.
1109 385 1220 427 vesp.
1238 384 1284 417 de
1298 384 1441 417 Comm.
1458 384 1594 426 Apost.
1611 381 1659 425 [2]
1675 388 1711 418 et
1724 385 1811 418 loco
1829 384 1892 418 ult.

1335 444 1528 483 l’sulmus
1552 444 1628 482 115.

1069 498 1306 605 Credidi,
1339 507 1523 557 propter
1562 502 1682 555 quod
1721 501 1895 544 loeutus

1162 574 1276 602 sum:
1307 561 1330 587 *
1360 573 1442 612 ego
1470 563 1616 601 autem
1643 558 1895 600 humiliatus

1066 631 1162 659 sum
1186 617 1325 658 nimis.

1117 675 1211 725 Ego
1225 673 1315 716 dixi
1329 674 1373 714 in
1384 674 1569 715 excessu
1582 672 1729 714 meo:*
1741 671 1894 713 Omnis

1065 730 1198 772 homo
1218 729 1418 772 mendax.

1118 787 1234 838 Quid
1261 786 1499 829 retribuam
1527 785 1735 835 Domino,
1761 785 1785 811 *
1811 797 1894 837 pro

1066 843 1278 893 omnibus,
1308 856 1406 896 quae
1426 841 1628 884 retribuit
1646 840 1774 882 mihi?

1119 899 1311 942 Calicem
1331 899 1533 941 salutaris
1553 898 1780 951 accipiam:
1804 898 1827 924 *
1851 902 1896 939 et

1065 969 1226 999 nomen
1243 956 1423 997 Domini
1441 954 1670 998 invocabo.

1116 1014 1235 1055 Vota
1266 1026 1365 1055 mea
1395 1013 1496 1054 Dfio
1530 1011 1714 1054 reddam
1746 1024 1894 1053 coram

1066 1070 1185 1112 omni
1217 1069 1384 1123 populo
1419 1070 1524 1122 ejus:
1563 1069 1588 1095 *
1621 1069 1818 1122 pretiosa
1849 1069 1894 1110 in

1066 1129 1307 1180 conspectu
1343 1126 1522 1168 Domini
1561 1138 1682 1167 mors
1723 1127 1892 1168 sancto-

1065 1197 1162 1225 rum
1192 1196 1298 1236 eJus:
1337 1200 1343 1208 ·

1118 1240 1155 1282 Ο
1174 1240 1364 1282 Domine
1385 1240 1485 1292 quia
1506 1252 1587 1290 ego
1607 1252 1760 1281 servus
1777 1243 1894 1281 tuus:

1064 1298 1087 1324 *
1111 1310 1192 1348 ego
1214 1309 1366 1338 servus
1386 1302 1496 1346 tuus,
1517 1301 1561 1338 et
1584 1295 1700 1337 filius
1724 1295 1893 1338 ancillae

1064 1359 1163 1395 tuae.

1115 1410 1331 1463 Dirupisti
1349 1409 1521 1451 vincula
1544 1422 1657 1451 mea:
1679 1409 1703 1435 *
1728 1408 1807 1450 tibi
1827 1421 1891 1450 sa-

1065 1467 1274 1509 crificabo
1289 1467 1479 1509 hostiam
1497 1466 1650 1516 laudis
1671 1471 1715 1508 et
1733 1479 1894 1508 nomen

1065 1524 1244 1566 Domini
1262 1523 1491 1565 invocabo.

1116 1581 1235 1622 Vota
1262 1593 1360 1622 mea
1384 1581 1485 1622 Dfio
1516 1579 1700 1622 reddam
1724 1579 1768 1620 in
1794 1591 1894 1620 con-

1065 1639 1219 1690 spectu
1234 1637 1376 1678 omnis
1390 1636 1545 1690 populi
1560 1637 1665 1688 ejus:
1678 1636 1757 1677 *in
1772 1635 1894 1676 atriis

1065 1694 1222 1736 domus
1237 1693 1334 1743 Dfii,
1345 1693 1390 1734 in
1403 1693 1550 1735 medio
1563 1693 1626 1734 tui
1639 1691 1894 1734 Jerusalem.

1119 1758 1318 1810 Hymnus
1338 1762 1386 1798 ut
1404 1757 1447 1797 in
1465 1757 1496 1797 I.
1516 1756 1651 1808 Vesp.
1667 1753 1769 1794 390.

1119 1818 1169 1869 V.
1190 1819 1488 1861 Exsultabunt
1511 1818 1651 1860 sancti
1673 1818 1718 1859 in
1743 1818 1892 1870 gloria.

1066 1876 1422 1931 R·.Laetab1'1ntur
1441 1876 1485 1917 in
1503 1875 1720 1917 cubilibus
1739 1874 1840 1916 suis.

1119 1947 1189 1988 Ad
1206 1947 1380 1998 Magnis.
1406 1947 1505 1987 Ant.
1531 1946 1568 1986 O
1586 1953 1717 1993 quam
1735 1939 1891 1991 glorio-

1063 2013 1159 2040 sum
1173 2001 1197 2025 *
1213 2004 1281 2042 est
1294 2011 1476 2050 regnum
1494 1998 1538 2039 in
1554 2010 1641 2050 quo
1657 2010 1757 2039 cum
1771 1996 1891 2039 Chri-

1063 2060 1132 2098 sto
1157 2055 1350 2108 gaudent
1375 2068 1528 2098 omnes
1555 2054 1717 2110 Sancti,
1745 2053 1893 2096 amicti

1063 2112 1187 2155 stolis
1206 2113 1317 2155 albis
1335 2115 1578 2166 sequuntur
1592 2113 1768 2162 Agnum
1786 2123 1890 2164 quo-

1063 2173 1250 2222 cumque
1268 2170 1378 2212 ierit.

1114 2237 1228 2271 Dicto
1254 2236 1535 2271 Benedicamus
1557 2233 1735 2269 Domino.
1764 2235 1896 2269 dicun-

1064 2290 1124 2319 tur
1140 2285 1255 2327 Vesp.
1278 2285 1465 2328 Defunet„
1491 2283 1714 2327 incipiendo
1737 2283 1785 2317 ab
1806 2283 1894 2318 Ant.

1065 2333 1231 2369 l'lacebo
1254 2333 1431 2368 Domino.
1462 2343 1549 2376 quae
1578 2332 1726 2374 integra
1754 2331 1895 2365 dicitur

1066 2386 1152 2415 ante
1174 2386 1210 2415 et
1224 2386 1314 2424 post
1332 2381 1537 2423 psalmum,
1559 2379 1736 2414 similiter
1753 2384 1789 2413 et
1807 2380 1894 2413 aliae

1065 2430 1152 2463 Ant.
1176 2429 1224 2463 ud
1240 2429 1396 2463 modum
1412 2429 1599 2473 Duplicis,
1616 2428 1677 2462 Ps.
1692 2426 1829 2462 Dilexi.
1856 2434 1892 2464 et

1066 2479 1213 2521 reliqua
1245 2478 1373 2512 omnia
1406 2483 1447 2512 ut
1479 2478 1517 2511 in
1543 2477 1727 2519 Vesperis
1753 2476 1894 2511 Defun-

1066 2532 1229 2560 ctorum.
1251 2526 1349 2560 infra
1364 2524 1474 2568 [158]‚
1499 2532 1661 2568 excepto
1682 2525 1742 2558 ΡΞ.
1754 2522 1891 2558 Lauda

1061 2574 1199 2609 anima.
1221 2574 1286 2617 qui
1310 2577 1398 2617 post
1414 2573 1525 2607 Pater
1544 2576 1678 2608 noster
1702 2583 1779 2607 non
1802 2572 1894 2607 dici—

1066 2627 1139 2655 tur:
1152 2621 1219 2656 sed
1229 2622 1369 2655 dieitur
1380 2626 1525 2655 tantum
1537 2621 1679 2655 Oratio.
1690 2620 1889 2656 Fidelium.

1066 2680 1150 2703 cum
1181 2680 1251 2703 suo
1280 2669 1444 2712 longiori
1474 2670 1724 2703 conclusione
1751 2673 1787 2702 et
1811 2667 1892 2702 suis

1065 2713 1147 2758 YV.
1174 2722 1210 2752 et
1233 2717 1324 2761 ΗΚ,
1349 2724 1390 2751 ut
1415 2718 1558 2751 ibidem
1584 2722 1748 2752 notatur.
