2040 2944
604 178 674 211 Die
699 179 728 211 4.
751 178 850 212 Nov.
897 179 932 212 S.
958 178 1089 213 Caroli
1114 179 1240 221 Episc.
1266 184 1302 212 et
1326 179 1433 212 (Ionf.

503 272 665 313 Oratio.

249 334 498 384 mnipotens
507 331 910 384 sempiterneDeus‚
920 330 994 382 qui

273 400 354 429 nos
388 388 582 429 omnium
609 388 868 429 Sanctorum
900 389 994 428 tuo-

165 458 262 486 rum
285 445 441 486 merita
465 444 546 487 sub
571 457 657 486 una
674 443 864 486 tribuisti
883 443 992 484 cele-

164 500 324 543 britate
339 501 556 543 venerari:
572 503 838 554 quaesumus3
856 505 905 541 ut
922 499 993 541 de-

165 557 402 600 sideratam
420 558 548 600 nobis
563 563 652 600 tuae
666 557 994 610 propitiationis

166 613 494 665 abundantiam,
531 613 833 667 multiplicatis
864 613 993 654 inter-

165 670 415 712 cessoribus
434 670 643 722 largiaris.

215 736 357 771 Postea
375 736 431 771 Ss.
448 736 555 770 Mart.
571 735 713 769 Vitalis
735 740 772 769 et
786 735 991 778 Agricolae.

216 789 315 830 Ant.
346 789 539 829 Istorum
571 791 638 828 est
666 786 782 828 enim
813 799 994 838 regnum

164 843 387 894 coelorum,
404 844 478 896 qui
489 845 848 896 contempserunt
859 843 991 884 vitam

164 900 326 951 mundi,
351 905 395 942 et
413 901 710 953 pervenerunt
735 899 792 941 ad
810 900 993 952 praemia

163 957 303 1008 regni,
339 962 384 998 et
414 956 615 998 laverunt
647 956 785 998 stolas
816 969 918 997 suas
949 956 992 996 in

163 1014 373 1065 sanguine
400 1013 526 1064 Agni.

215 1073 265 1124 V.
291 1074 522 1116 Laetamim'
545 1074 590 1115 in
615 1074 822 1123 Domino,
851 1079 894 1115 et
923 1087 992 1115 ex-

163 1130 322 1172 sultate
354 1131 464 1182 justi.
511 1136 561 1187 R.
591 1131 649 1173 Et
672 1131 919 1183 gloriamini
949 1143 992 1172 o-

163 1200 286 1229 mnes
314 1188 423 1229 recti
453 1187 599 1230 corde.

500 1256 662 1297 Oratio.

246 1317 393 1363 raesta,
430 1314 681 1365 quaesumus
714 1314 992 1365 omnipotens

273 1369 410 1411 Deus:
435 1373 493 1420 ut,
515 1370 589 1421 qui
608 1370 860 1410 sanctorum
879 1368 991 1409 Mar-

162 1431 308 1478 tyrum
332 1428 509 1467 tuorum
527 1426 687 1468 Vitalis
708 1430 751 1468 et
771 1425 992 1476 Agricolae

165 1482 375 1524 solemnia
402 1483 597 1534 colimus,
627 1485 779 1524 eorum
803 1482 922 1535 apud
947 1487 992 1524 te

163 1539 550 1582 intercessionibus
591 1540 854 1592 adjuvemur.
907 1539 992 1580 Per

164 1596 413 1637 Dominum.

214 1660 257 1694 In
290 1659 315 1693 I.
345 1659 545 1694 Nocturno
576 1659 780 1694 Lectiones
814 1661 860 1695 de
892 1661 989 1695 Scri-

162 1711 274 1750 ptura
300 1711 531 1741 occurrente.
982 1718 990 1723 ⁷

390 1782 439 1820 In
461 1781 512 1820 II.
537 1782 759 1821 Nocturno.

463 1846 616 1887 Lectio
639 1847 690 1886 iv.

171 1911 274 1966 2753<
286 1904 444 1955 arolus‚
467 1904 706 1946 Mediolani
727 1903 865 1945 nobili
883 1904 990 1945 Bor-

310 1964 576 2003 romaeorum
633 1960 796 2002 familia
852 1966 992 2011 natus,

173 2018 182 2033 ²
204 2036 216 2043 ἢ
236 2015 246 2020 ’
260 2037 275 2043 „
312 2023 474 2070 quanta
498 2018 669 2060 futurus
695 2022 812 2059 esset
835 2017 991 2059 sancti-

163 2077 254 2117 tate
283 2077 559 2128 conspicuus,
588 2074 735 2116 divina
758 2074 834 2115 lux
860 2087 992 2127 super

162 2131 371 2184 parientis
400 2131 554 2173 matris
583 2131 830 2173 cubiculum
857 2136 993 2172 noctu

164 2191 401 2229 coruscans
419 2188 713 2240 praesignavit.
746 2187 787 2228 A
805 2188 993 2240 pueritia

164 2243 355 2286 clericali
380 2244 546 2295 militiae
570 2243 835 2297 adscriptus,
862 2244 992 2285 abba-

163 2302 226 2341 tia
247 2300 533 2352 postmodum
556 2300 797 2351 insignitus,
820 2305 993 2352 patrem

165 2356 402 2407 admonuit,
427 2369 482 2398 ne
506 2356 672 2399 reditus
698 2357 742 2397 in
760 2369 854 2398 rem
872 2357 991 2397 fami-

164 2412 317 2454 liarem
333 2415 706 2455 converterentur:
728 2425 914 2465 quorum
930 2413 991 2466 ip-

166 2481 213 2510 se
236 2474 390 2511 nactus
411 2469 846 2520 administrationem,
871 2469 992 2521 quid-

166 2524 273 2576 quid
288 2527 527 2578 supererat,
542 2526 819 2579 expendebat
830 2527 873 2567 in
888 2529 992 2579 pau-

164 2594 305 2634 peres.
344 2581 619 2624 Adolescens
647 2583 901 2624 liberalibus
931 2582 992 2624 di-

166 2637 361 2690 sciplinis
413 2639 564 2691 Papiae
623 2642 803 2692 operam
861 2638 992 2680 dedit.

166 2694 424 2736 Castitatem
443 2695 555 2737 adeo
575 2696 722 2746 coluit,
741 2701 789 2738 ut
807 2695 992 2748 impudi-

1801 173 1877 209 405

1047 282 1122 310 cas
1147 269 1278 311 etiam
1301 269 1507 311 mulieres
1533 267 1589 310 ad
1612 268 1876 309 labefactan-

1048 325 1149 366 dam
1186 326 1276 377 ejus
1309 325 1565 378 pudicitiam
1601 324 1769 378 pluries
1801 324 1876 364 im·
1924 367 1927 370 ,

1046 384 1202 423 missas
1212 382 1374 424 invicta
1390 382 1637 423 constantia
1651 380 1877 432 fugaverit.

1046 438 1320 489 Vigesimum
1345 439 1524 480 tertium
1549 438 1693 479 aetatis
1718 451 1877 478 annum

1049 507 1192 545 agens,
1220 508 1245 535 a
1263 495 1342 536 Pio
1368 500 1525 546 quarto
1550 496 1641 546 ejus
1661 494 1877 535 avunculo

1046 551 1089 591 in
1122 564 1295 592 sacrum
1324 551 1619 592 Cardinalium
1646 550 1876 601 collegium

1047 610 1298 660 cooptatus,
1324 607 1483 658 insigni
1510 607 1688 660 pietatis
1716 620 1767 648 ac
1795 607 1877 648 vir-

1046 667 1189 705 tutum
1223 665 1416 706 omnium
1451 663 1688 716 splendore
1719 663 1877 716 praelu-

1047 720 1121 762 xit.
1153 720 1259 762 Mox
1283 720 1338 761 ab
1363 719 1520 761 eodem
1537 719 1877 760 Mediolanensis

1047 777 1409 829 archiepiscopus
1433 778 1617 825 creatus,
1641 777 1685 816 in
1710 789 1763 817 eo
1783 777 1877 828 plu-

1046 834 1200 874 rimam
1228 835 1409 886 operam
1438 831 1652 883 adhibuit,
1684 838 1732 874 ut
1759 833 1877 884 juxta

1047 893 1378 932 sacrosanctum
1404 888 1710 931 Tridentinum
1737 892 1876 930 conci-

1047 946 1163 996 lium,
1185 946 1304 999 quod
1324 947 1414 998 ejus
1428 946 1707 999 potissimum
1722 946 1877 987 sollici-

1047 1003 1198 1044 tudine
1224 1004 1308 1055 jam
1331 1008 1424 1044 tum
1447 1003 1589 1043 fuerat
1614 1002 1876 1051 absolutum,

1047 1059 1276 1100 ecclesiam
1295 1059 1379 1100 sibi
1399 1060 1679 1100 commissam
1700 1061 1876 1111 compo-

1046 1121 1183 1165 neret;
1208 1121 1340 1168 atque
1367 1120 1415 1157 ut
1440 1115 1707 1168 depravatos
1734 1115 1876 1167 plebis

1046 1184 1138 1213 suae
1156 1185 1303 1213 mores
1327 1172 1596 1220 reformaret,
1619 1175 1782 1223 praeter
1800 1171 1876 1212 ite-

1046 1230 1187 1269 ratam
1211 1229 1374 1281 saepius
1394 1228 1665 1281 synodorum
1687 1227 1876 1268 celebra-

1046 1284 1221 1334 tionem,
1237 1287 1433 1337 seipsum
1448 1284 1619 1326 eximiae
1631 1284 1876 1325 sanctitatis

1045 1340 1235 1393 praebuit
1255 1341 1489 1395 exemplar.
1518 1342 1569 1381 In
1588 1339 1876 1393 profligandis

1045 1396 1264 1439 haereticis
1290 1411 1313 1439 e
1332 1397 1533 1451 partibus
1552 1397 1812 1438 Rhaetorum
1834 1401 1877 1438 et

1044 1453 1361 1504 Helvetiorum,
1383 1467 1570 1506 quorum
1585 1453 1800 1506 plurimos
1820 1453 1876 1494 ad

1045 1510 1327 1552 christianam
1358 1510 1493 1553 fidem
1525 1510 1757 1559 convertit,
1788 1512 1874 1551 ma-

1045 1567 1160 1608 xime
1187 1567 1418 1609 laboravit.

1100 1627 1149 1676 Rz.
1172 1624 1325 1665 Inveni
1347 1624 1492 1666 David
1515 1636 1691 1665 servum
1719 1635 1875 1673 meum,

1045 1679 1145 1721 oleo
1190 1686 1343 1722 sancto
1388 1693 1488 1722 meo
1523 1680 1638 1721 'unxi
1686 1692 1798 1720 eum:
1851 1688 1872 1711 *

1044 1736 1199 1778 Manus
1231 1737 1346 1778 enim
1380 1750 1478 1779 mea
1506 1736 1787 1777 auxiliabitur
1822 1736 1872 1777 ei.

1046 1789 1095 1841 V.
1112 1792 1233 1834 Nihil
1251 1794 1455 1846 proficiet
1469 1793 1668 1834 inimicus
1683 1793 1727 1832 in
1747 1805 1812 1841 eo,
1830 1798 1873 1834 et

1044 1849 1159 1890 filius
1204 1850 1444 1902 iniquitatis
1484 1863 1573 1891 non
1609 1848 1786 1890 nocebit
1823 1849 1873 1889 ei.

1044 1906 1199 1947 Manus
1220 1907 1343 1948 enim.

1354 1964 1505 2004 Lectio
1527 1979 1562 2004 v.

1138 2020 1233 2071 ujus
1251 2020 1334 2061 viri
1357 2019 1517 2061 caritas
1540 2021 1764 2071 praecipue
1789 2020 1873 2059 eni-

1164 2077 1258 2126 tuit,
1283 2089 1392 2126 cum,
1415 2076 1600 2118 Uritano
1624 2074 1873 2127 principatu

1045 2132 1241 2182 vendito,
1287 2133 1479 2185 pretium
1522 2132 1775 2173 universum
1817 2130 1873 2171 ad

1046 2188 1335 2241 quadraginta
1361 2190 1593 2230 aureorum
1618 2187 1763 2237 millia,
1788 2200 1874 2228 una

1045 2245 1117 2287 die
1139 2246 1183 2286 in
1202 2248 1421 2298 pauperes
1442 2245 1648 2295 erogavit.
1682 2244 1776 2285 Nec
1798 2243 1874 2285 mi-

1045 2304 1153 2343 nore
1189 2302 1354 2354 pietate
1391 2301 1542 2352 viginti
1577 2300 1732 2350 millia,
1775 2313 1873 2352 quae
1920 2299 1922 2303 ’

1045 2357 1128 2399 sibi
1153 2358 1325 2399 fuerant
1347 2357 1504 2408 legata,
1529 2356 1760 2399 distribuit.
1794 2357 1873 2397 Ec-

1045 2414 1318 2455 clesiasticos
1345 2415 1601 2466 proventus,
1631 2413 1790 2465 quibus
1818 2412 1873 2454 ab

1045 2470 1262 2512 avunculo
1292 2470 1475 2522 copiose
1508 2470 1650 2512 fuerat
1682 2470 1871 2512 cumula-

1044 2532 1126 2576 tus,
1143 2526 1316 2574 dimisit,
1335 2526 1555 2568 nonnullis
1570 2526 1762 2575 retentis,
1783 2526 1872 2577 qui-

1044 2583 1127 2624 bus
1147 2581 1203 2624 ad
1222 2582 1427 2635 proprios
1447 2595 1552 2623 usus
1572 2588 1616 2624 et
1636 2584 1871 2634 egenorum

1044 2639 1330 2681 necessitates
1349 2638 1565 2680 utebatur.
1593 2639 1690 2688 Quo
1705 2640 1871 2689 tempo-

1045 2709 1093 2738 re
1129 2695 1269 2748 pestis
1304 2695 1546 2737 Mediolani
1580 2694 1871 2746 grassabatur,
