2040 2944
662 201 837 236 Officium
862 201 901 235 B.
928 201 1059 234 Maria:
1085 202 1122 234 in
1147 201 1327 235 Sabbato.

453 302 661 353 Hymnus.

298 356 491 407 gloriesa
509 356 734 407 virginum,

315 412 520 454 Sublimis
538 413 651 455 inter
670 413 823 465 sidera,

249 469 334 519 Qui
351 473 395 511 te
415 470 589 520 creavit,
607 470 839 523 parvulum

247 525 459 568 Lactente
476 526 616 568 nutris
634 526 779 569 ubere.

196 591 326 643 Quod
343 591 471 633 Heva
488 591 626 633 tristis
646 590 836 643 abstulit,

248 648 318 689 Tu
337 647 486 690 reddis
505 647 620 690 almo
638 649 847 699 germine:

247 704 416 746 Intrent
431 708 481 745 ut
499 708 616 746 astra
635 704 814 757 flebiles,

249 760 361 802 Coeli
379 760 569 802 recludis
588 760 800 803 cardines.

198 826 264 867 Tu
283 826 399 877 regis
418 825 494 868 alti
512 827 650 878 janua,

247 883 305 924 Et
323 882 422 924 aula
439 881 548 924 lucis
566 882 745 934 fulgida:

247 939 397 980 Vitam
416 938 563 981 datam
580 952 661 992 per
678 940 905 992 Virginem

248 995 414 1037 Gentes
432 994 674 1048 redemptae
692 996 900 1050 plaudite.

201 1063 225 1102 J
225 1073 312 1110 esu,
330 1060 409 1102 tibi
428 1061 484 1102 sit
502 1060 651 1111 gloria,

248 1117 332 1168 Qui
350 1122 478 1159 natus
497 1130 544 1159 es
564 1117 619 1159 de
637 1117 830 1168 Virgine,

250 1174 358 1215 Cum
375 1174 516 1224 Patre,
536 1178 579 1215 et
597 1173 713 1215 almo
733 1173 896 1227 Spiritu

246 1231 299 1271 In
317 1230 583 1283 sempiterna
602 1230 773 1272 saecula.

453 1286 605 1328 Amen.

197 1347 246 1396 V.
280 1346 521 1389 Benedicta
551 1351 601 1388 tu
630 1347 674 1388 in
705 1347 969 1391 mulieribus.

144 1406 194 1458 R.
245 1403 302 1446 Et
346 1402 604 1446 benedictus
653 1404 819 1446 fructus
870 1418 969 1448 ven-

143 1460 222 1502 tris
248 1460 324 1503 tui.
591 1515 594 1518 ἢ

196 1523 268 1564 Ad
282 1523 443 1564 Bened.
464 1522 563 1564 Ant.
582 1522 722 1563 Beata
737 1522 821 1564 Dei
840 1522 967 1564 Geni-

143 1577 229 1620 trix
245 1577 394 1627 Maria,
416 1576 440 1602 *
458 1576 598 1629 Virgo
617 1580 842 1631 perpetua,
863 1583 969 1620 tem-

143 1633 266 1687 plum
293 1632 490 1683 Domini,
519 1634 757 1675 sacrarium
783 1635 969 1687 Spiritus

145 1689 297 1732 sancti:
319 1688 414 1731 sola
433 1688 526 1731 sine
546 1690 748 1743 exemplo
767 1690 971 1743 placuisti

144 1746 336 1787 Demino
363 1750 515 1787 nostro
542 1745 567 1786 J
568 1758 646 1787 esu
674 1746 864 1789 Christo:
893 1760 971 1789 ora

144 1815 227 1856 pro
257 1801 445 1856 populo,
481 1802 695 1845 interveni
724 1816 807 1856 pro
841 1803 970 1855 clero,

145 1857 366 1901 intercede
377 1871 459 1912 pro
474 1857 637 1901 devoto
650 1859 837 1903 femineo
851 1873 969 1903 sexu.

479 1926 640 1967 Oratio.

146 1979 392 2088 Concede
413 1997 496 2026 nos
518 1984 703 2027 famulos
722 1990 833 2037 tuos,
853 1989 968 2039 quae-

244 2054 392 2106 sumus
406 2041 595 2106 Domine
608 2042 739 2093 Deus,
754 2045 970 2096 perpetua

145 2102 303 2140 mentis
340 2102 384 2140 et
416 2100 616 2151 corpons
649 2099 834 2142 sanitate
867 2112 967 2151 gau-

147 2153 268 2196 dere:
313 2159 356 2196 et
399 2154 590 2206 gloriosa
633 2154 777 2197 beatae
817 2155 979 2207 Mariae„

147 2223 319 2264 semper
346 2210 539 2262 Virginis
575 2211 905 2263 intercessione,
944 2225 970 2254 a

145 2268 354 2319 praesenti
371 2267 548 2309 liberari
570 2267 758 2318 tristitia,
782 2273 826 2310 et
846 2270 968 2311 aeter-

145 2335 201 2364 na
227 2324 392 2376 perfrui
418 2324 582 2366 laetitia.
624 2325 708 2366 Per
732 2325 968 2366 Deminum

146 2384 352 2422 nostrum.

196 2449 344 2484 Deinde
380 2451 473 2484 liunt
510 2450 892 2485 commemorationes
927 2455 967 2485 ut

147 2507 272 2540 supra.

378 2569 456 2611 Ad
476 2570 737 2620 vesperas.

198 2637 284 2671 Ant.
304 2640 340 2671 et
355 2637 499 2671 Psalmi
520 2637 687 2671 feriales:
715 2636 837 2679 Capit.
856 2640 891 2670 et
912 2646 967 2670 re-

146 2685 252 2728 liqua
276 2684 417 2727 omnia,
447 2685 481 2718 si
508 2695 585 2719 non
615 2689 788 2719 occurrat
812 2684 967 2718 Festum

146 2732 309 2775 Duplex,
334 2732 380 2766 de
401 2732 509 2766 Dom.

1073 297 1115 330 In
1133 297 1206 330 fine
1224 297 1616 331 Commemorationes
1638 300 1841 332 consuetae.

1020 349 1061 379 ut
1085 345 1123 378 in
1148 345 1263 379 Psalt.
1292 343 1363 378 125.

1073 397 1274 431 Lectiones
1315 408 1418 440 sequ.
1463 397 1639 431 dicuntur
1680 396 1841 438 singulis

1020 445 1217 479 mensibus
1248 445 1285 478 in
1315 444 1450 479 Ostieio
1480 444 1520 478 B.
1546 444 1591 478 M.
1615 444 1658 477 Y.
1689 445 1725 478 in
1751 444 1841 478 Sab—

1020 494 1121 536 bato,
1147 493 1280 527 ordine
1305 493 1533 536 subscripto.

1173 568 1348 609 Mense
1380 566 1691 619 Septembri.

1046 634 1115 674 Ex
1132 632 1332 686 Epistola
1350 632 1488 673 sancti
1505 631 1666 673 Lec'mis
1683 631 1817 683 Papae

1123 689 1179 731 ad
1197 689 1470 730 Pulcheriam
1488 689 1742 739 Augustam.

1150 755 1325 799 Epistola
1352 755 1399 789 13.
1425 758 1511 789 ante
1536 755 1712 789 medium.

1319 811 1471 852 Lectio
1493 811 1545 851 iii.

1022 873 1088 970 (Ξ
1093 869 1846 969 ειεῒηιῐῑιὲῃῖηῐῖιὲτεοοηοῦἰεὶἑίόηὴᾶᾳο-

1110 941 1130 968 5
1151 940 1212 969 rae
1236 940 1291 968 an
1314 939 1337 968 e
1401 939 1556 979 mpora
1579 939 1616 967 ae
1664 939 1741 967 rna
1790 939 1843 967 is-

1020 984 1230 1036 pesitum,
1258 982 1387 1024 nullae
1413 982 1651 1035 implebant
1677 982 1845 1034 figurae:

1022 1040 1123 1091 quia
1152 1038 1346 1082 nondum
1378 1040 1688 1092 supervenerat
1714 1039 1844 1091 Spiri-

1019 1101 1090 1138 tus
1109 1101 1283 1138 sanctus
1300 1096 1344 1136 in
1358 1095 1594 1146 Virginem,
1612 1108 1693 1137 nec
1707 1095 1844 1138 virtus

1020 1152 1234 1194 Altissimi
1266 1151 1604 1194 obumbraverat
1636 1151 1694 1202 ei,
1725 1157 1773 1193 ut
1802 1157 1845 1194 et

1019 1209 1131 1250 intra
1141 1209 1398 1251 intemerata
1408 1210 1587 1258 viscera,
1600 1206 1844 1250 aedificante

1021 1265 1103 1307 sibi
1118 1265 1338 1318 Sapientia
1355 1264 1543 1314 domum,
1561 1263 1758 1306 Verbum
1778 1277 1843 1306 ca-

1019 1334 1069 1363 ro
1097 1322 1241 1372 fieret,
1272 1326 1315 1363 et
1347 1321 1486 1363 forma
1514 1320 1597 1362 Dei
1629 1333 1679 1362 ac
1707 1321 1845 1362 forma

1020 1378 1135 1420 servi
1162 1378 1205 1419 in
1228 1391 1359 1419 unam
1388 1377 1671 1419 conveniente
1696 1380 1843 1430 perso-

1020 1447 1137 1485 nam,
1166 1434 1349 1476 Creator
1375 1435 1623 1486 temporum
1649 1435 1843 1475 nascere-

1019 1494 1090 1532 tur
1112 1490 1155 1531 in
1177 1492 1394 1543 tempore,
1418 1494 1462 1531 et
1481 1502 1560 1542 per
1584 1502 1714 1541 quem
1731 1490 1846 1531 facta

1020 1551 1120 1589 sunt
1135 1546 1289 1596 emnia,
1305 1546 1401 1599 ipse
1415 1546 1527 1588 inter
1542 1546 1687 1587 omnia
1700 1546 1843 1597 gigne-

1019 1605 1148 1645 retur.
1165 1603 1262 1644 Nisi
1275 1602 1389 1644 enim
1402 1615 1542 1644 novus
1557 1601 1689 1644 homo
1704 1602 1844 1643 factus

1019 1659 1063 1700 in
1082 1658 1407 1701 similitudinem
1426 1658 1566 1700 carnis
1583 1658 1754 1711 peccati
1769 1671 1843 1700 no·
1891 1660 1894 1680 '³

1020 1720 1155 1757 stram
1193 1718 1434 1769 susciperet
1474 1716 1755 1764 vetustatem,
1801 1718 1845 1756 et
1892 1715 1893 1718 ’

1020 1771 1401 1814 consubstantialis
1415 1770 1544 1820 Patri,
1562 1769 1842 1812 consubstan-

1018 1827 1134 1869 tialis
1157 1840 1253 1870 esse
1273 1827 1523 1879 dignaretur
1544 1831 1587 1868 et
1606 1826 1749 1876 matri,
1771 1839 1843 1867 na-

1018 1886 1249 1936 turamque
1264 1883 1347 1926 sibi
1361 1888 1556 1926 nostram
1571 1882 1690 1924 solus
1705 1896 1731 1924 a
1744 1895 1844 1936 pec·

1020 1942 1120 1983 cato
1142 1940 1253 1982 liber
1275 1942 1431 1991 uniret,
1456 1939 1536 1981 sub
1559 1940 1658 1991 jugo
1680 1938 1845 1981 diaboli

1020 1996 1280 2049 generaliter
1309 1997 1531 2039 teneretur
1560 1995 1749 2036 humana
1776 2008 1842 2037 ca-

1019 2053 1211 2106 ptivitas.
1264 2055 1328 2095 Te
1353 2053 1496 2094 Deum
1521 2051 1761 2093 laudamus.
1784 2052 1844 2092 14.

1214 2130 1389 2171 Mense
1421 2129 1650 2170 Octobri.

1052 2201 1205 2241 Sermo
1229 2199 1366 2241 sancti
1385 2197 1598 2241 Bernardi
1616 2197 1814 2240 Abbatis.

1021 2270 1079 2303 Ex
1103 2269 1219 2303 Serm.
1245 2269 1280 2302 in
1308 2279 1389 2311 cap.
1416 2268 1462 2301 12.
1489 2268 1607 2310 Apoe.
1634 2271 1719 2301 ante
1745 2267 1840 2300 med.

1320 2329 1471 2370 Lectio
1492 2329 1545 2368 iii.

1056 2391 1068 2417 s
1094 2419 1105 2443 Χ
1130 2384 1416 2438 mpleetamur
1454 2383 1604 2425 Mariae
1649 2386 1843 2437 vestigia,

1030 2419 1118 2472 s&
1150 2441 1305 2483 fratres
1340 2440 1444 2491 mei,
1483 2445 1526 2482 et
1563 2439 1843 2484 devotissima

1020 2497 1337 2551 supplicatione
1359 2496 1500 2539 beatis
1522 2496 1636 2539 illius
1657 2498 1842 2551 pedibus

1018 2553 1340 2607 provolvamur.
1372 2553 1618 2595 Teneamus
1638 2567 1743 2604 eam,
1762 2566 1842 2595 nec

1020 2609 1298 2660 dimittamus,
1320 2609 1460 2652 donec
1478 2609 1749 2652 benedixerit
1766 2622 1839 2651 no-

1018 2666 1102 2708 bis:
1129 2671 1287 2719 potens
1312 2671 1378 2708 est
1401 2666 1524 2708 enim.
1561 2666 1730 2718 Nempe
1753 2664 1838 2706 vel-

983 2783 985 2786 Ι
1019 2722 1086 2764 lus
1106 2728 1172 2765 est
1189 2721 1380 2764 medium
1397 2723 1509 2766 inter
1526 2735 1670 2764 rorem
1687 2726 1730 2763 et
1749 2722 1838 2763 are-
