2040 2944
799 226 998 259 Dominica
1027 226 1049 258 Ι.

259 327 304 376 lxff.
332 323 471 386 Super
495 332 644 361 muros
667 325 768 361 tuos
787 319 1029 361 Jerusalem

203 378 411 419 constitui
440 375 664 418 custodes:
689 378 711 401 *
743 376 859 417 Tota
887 376 958 418 die
986 382 1029 418 et

202 440 331 476 nocte
350 447 437 475 non
452 433 659 475 tacebunt
673 432 854 474 laudare
869 445 1029 474 nomen

201 491 387 532 D6mini.
432 483 478 533 Υ.
510 489 821 531 Praedicabunt
851 490 1028 542 p6pulis

200 546 499 589 fortitudinem
530 559 690 596 meam,
724 551 767 588 et
802 547 1027 588 annuntia-

200 603 308 645 bunt
363 603 579 645 Gentibus
636 603 821 654 glOriam
874 615 1028 644 meam.

199 659 313 701 Tota
337 659 418 701 die.

506 713 655 753 Lectio
679 727 712 751 ν.

197 764 324 871 Sed
347 773 489 826 prima
514 773 702 825 quaestio
724 772 852 814 nobis
879 773 1026 823 Oritur,

286 843 362 872 cur
387 830 424 871 is
449 830 523 882 qui
546 829 652 870 nihil
676 828 819 871 adhuc
843 828 1026 879 dixerat,

197 886 259 928 ita
279 889 463 928 exarsus
484 891 565 937 est,
594 886 759 928 dicens:
787 886 844 928 Et
864 886 1028 928 factum

199 949 266 985 est
292 944 336 984 in
363 944 589 995 trigesimo
618 956 744 984 anno.
805 943 878 993 Et,
910 956 1027 984 nam-

199 1013 284 1052 que
323 1013 467 1042 sermo
504 999 820 1052 conjunctismis
860 1004 942 1042 est:
984 1006 1028 1042 et

199 1058 375 1107 scimus,
405 1057 506 1110 quia
533 1069 621 1098 non
646 1057 922 1108 conjungitur
941 1069 1026 1098 ser-

197 1127 270 1155 mo
289 1113 577 1165 subsequens,
601 1113 682 1154 nisi
704 1113 895 1154 serm6ni
917 1126 1026 1165 prae—

199 1170 383 1211 cedenti.
426 1170 511 1220 Qui
542 1170 675 1221 igitur
705 1169 812 1210 nihil
845 1169 1026 1220 dixerat,

198 1241 275 1268 cur
295 1226 417 1277 dicit,
444 1227 502 1268 Et
525 1227 687 1268 factum
711 1232 792 1268 est:
821 1239 919 1267 cum
939 1239 1026 1268 non

197 1284 252 1325 sit
286 1296 446 1333 sermo,
486 1284 556 1324 cui
589 1283 674 1324 hoc
710 1282 831 1335 quod
863 1283 1025 1335 incipit,

197 1339 450 1392 subjungat?
493 1341 588 1390 Qua
618 1340 662 1381 in
694 1352 741 1381 re
769 1339 1026 1381 intuendum

196 1403 279 1446 est,
307 1397 408 1449 quia
434 1397 546 1438 sicut
568 1410 650 1438 nos
669 1396 935 1449 corporalia,
963 1397 1026 1438 sic

195 1453 432 1506 Prophetae
479 1467 611 1495 sensu
656 1453 872 1506 spiritalia
912 1455 1024 1506 aspi-

196 1510 329 1551 ciunt:
362 1512 513 1563 eisque
545 1515 588 1551 et
612 1509 685 1550 illa
709 1514 809 1551 sunt
833 1512 1023 1562 praesen-

195 1567 271 1616 tia,
292 1580 390 1619 quae
409 1572 573 1609 nostrae
594 1567 852 1617 ignorantiae
873 1566 1024 1608 absen-

194 1623 255 1664 tia
275 1623 488 1665 videntur.
516 1622 643 1666 Unde
662 1623 726 1673 fit,
750 1628 798 1664 ut
816 1623 859 1663 in
878 1628 1024 1665 mente

194 1680 517 1732 Prophetarum
559 1680 619 1722 ita
663 1680 895 1732 conjuncta
939 1680 1025 1721 sint

195 1737 486 1778 exterioribus
531 1737 757 1787 intericra,
809 1739 1024 1789 quatenus

194 1793 321 1834 simul
352 1797 538 1846 atraque
571 1793 765 1835 videant:
805 1793 1022 1845 simulque

193 1849 236 1889 in
273 1849 444 1891 eis'fiat
475 1855 518 1891 et
545 1850 661 1891 intus
689 1849 873 1891 verbum
902 1849 1023 1901 quod

194 1904 386 1954 audiunt,
406 1911 449 1947 et
468 1906 574 1947 foris
595 1906 715 1958 quod
735 1905 897 1947 dicunt.

249 1966 298 2014 117.
328 1962 456 2003 Muro
483 1967 559 2003 tuo
587 1962 915 2015 inexpugnabili
942 1963 1020 2004 cir-

195 2021 420 2069 cumcinge
452 2031 533 2060 nos
568 2019 774 2068 Damine,
810 2025 855 2061 et
890 2019 1022 2060 armis

194 2079 282 2116 tuae
301 2075 514 2128 potentiae
534 2078 720 2128 pretege
737 2088 819 2117 nos
834 2088 1022 2128 semper:

195 2137 216 2158 *
236 2131 396 2173 Libera
418 2133 606 2173 Damine
630 2132 751 2174 Deus
777 2132 913 2173 Israel
939 2132 1022 2174 cla-

193 2189 363 2229 mantes
388 2188 444 2230 ad
469 2194 524 2230 te.
565 2186 612 2236 N.
639 2189 755 2230 Erue
779 2201 861 2230 nos
884 2189 929 2229 in
946 2189 1022 2230 mi-

193 2243 402 2286 rabilibus
416 2245 513 2294 tuis,
529 2251 572 2287 et
588 2245 644 2286 da
661 2245 846 2296 glcriam
859 2245 1023 2287 nomini

191 2305 280 2341 tuo.
307 2300 466 2342 Libera
485 2301 685 2343 Damine.

499 2365 647 2405 Lectio
667 2366 719 2404 vi.

276 2422 366 2458 atet
389 2418 519 2469 igitur
544 2431 693 2469 causa,
720 2431 797 2460 cur
822 2419 897 2470 qui
916 2418 1022 2460 nihil

288 2473 472 2524 dixerat,
504 2475 741 2525 inchoavit,
769 2475 935 2516 dicens:
966 2475 1023 2517 Et

194 2530 357 2571 factum
377 2536 444 2571 est
463 2531 505 2571 in
524 2532 747 2573 tricesimo
767 2544 895 2572 anno:
922 2532 1023 2584 quia

192 2586 279 2627 hoc
311 2585 493 2627 verbum
530 2588 650 2639 quod
682 2588 788 2629 foris
822 2587 1022 2640 pretulit,

193 2642 255 2683 illi
270 2641 408 2683 verbo
426 2642 547 2695 quod
561 2643 676 2684 intus
691 2644 901 2693 audierat,
921 2656 1020 2685 con-

192 2699 342 2750 junxit.
363 2699 640 2740 Continuavit
656 2712 760 2751 ergo
773 2700 907 2741 verba
922 2712 1021 2751 quae

192 2754 376 2807 pretulit
396 2755 553 2796 visis'mi
576 2755 758 2806 intimae,
786 2761 830 2797 et
853 2755 1020 2797 idcirco

1079 226 1318 258 Novembris.

1080 320 1243 372 incipit,
1264 318 1431 362 dicens:
1450 320 1507 362 Et
1521 320 1683 362 factum
1697 325 1776 362 est.
1802 321 1909 363 Sub·

1080 376 1218 427 junxit
1244 376 1358 418 enim
1382 375 1468 418 hoc
1493 376 1614 428 quod
1638 377 1829 419 exterius
1848 378 1909 419 lo-

1083 432 1156 484 qui
1174 432 1365 474 inchoat:
1391 445 1443 474 ac
1467 433 1503 474 si
1528 438 1571 474 et
1589 432 1698 476 illud
1716 433 1823 476 foris
1843 435 1909 484 sit,

1081 489 1203 540 quod
1220 489 1336 531 intus
1355 489 1476 531 vidit.
1505 490 1605 531 Hoc
1625 494 1770 532 autem
1790 490 1910 543 quod

1081 543 1249 595 dicitur,
1270 546 1372 597 quia
1390 546 1434 586 in
1453 545 1676 587 tricesimo
1694 559 1808 588 anno
1824 549 1909 600 spi-

1080 601 1211 643 ritum
1228 602 1476 655 prophetiae
1497 603 1728 655 acceperit,
1745 602 1910 645 indicat

1081 657 1249 710 aliquid
1275 659 1403 700 nobis
1432 658 1817 701 considerandum.
1849 660 1908 701 vi-

1081 713 1241 756 delicet
1274 715 1375 768 quia
1407 716 1526 767 juxta
1557 715 1740 757 ratidnis
1771 729 1909 782 usum,

1080 770 1293 812 doetrinae
1313 785 1458 814 sermo
1477 784 1565 813 non
1588 772 1802 825 suppetit,
1827 773 1909 814 nisi

1079 827 1123 867 in
1155 830 1288 869 aetate
1320 829 1527 881 perfecta.
1580 828 1708 871 Unde
1741 834 1785 871 et
1813 829 1909 882 ipse

1080 883 1296 926 D6minus
1323 898 1438 927 anno
1471 884 1736 927 duodecimo
1765 886 1909 928 aetatis

1080 953 1172 981 suae
1190 940 1235 981 in
1255 941 1402 983 medio
1428 941 1659 984 doct6rum
1678 942 1722 983 in
1741 942 1908 995 templo

1081 995 1255 1048 sedens,
1287 1010 1377 1039 non
1405 997 1586 1048 docens,
1620 998 1700 1040 sed
1726 999 1909 1041 interro-

1079 1067 1186 1105 gans
1206 1053 1345 1096 vdluit
1363 1055 1558 1095 inveniri.

1132 1113 1180 1162 K.
1216 1111 1508 1152 Sustinuimus
1541 1123 1716 1164 pacem,
1749 1115 1793 1153 et
1820 1123 1909 1153 non

1079 1167 1213 1209 venit:
1252 1167 1534 1219 quaesivimus
1565 1167 1698 1217 bona,
1729 1172 1773 1209 et
1805 1180 1909 1210 ecce

1078 1223 1286 1265 turbatio:
1303 1224 1590 1274 cogn6vimus
1605 1224 1794 1266 Domine
1809 1237 1909 1277 pec-

1079 1282 1178 1322 cata
1206 1285 1373 1321 nostra:
1397 1283 1419 1305 *
1442 1280 1544 1321 Non
1573 1281 1616 1321 in
1643 1282 1908 1334 perpetuum

1081 1336 1355 1378 obliviscaris
1387 1350 1480 1378 nos.
1524 1334 1571 1384 δ”.
1605 1337 1908 1388 Peccavimus,

1077 1394 1211 1446 impie
1239 1393 1471 1443 gessimus,
1503 1393 1780 1446 iniquitatem
1807 1394 1907 1436 fe'ci-

1077 1463 1174 1490 mus
1202 1450 1391 1491 D6mine
1427 1450 1470 1490 in
1500 1462 1674 1492 omnem
1700 1451 1905 1502 justitiam

1077 1511 1207 1547 tuam.
1236 1506 1347 1548 Non.
1378 1506 1529 1547 Glaria
1546 1506 1678 1548 Patri.
1704 1506 1818 1548 Non.

1130 1570 1179 1621 R«.
1207 1569 1273 1608 vii.
1329 1566 1583 1610 Laudabilis
1630 1567 1838 1621 populus,
1883 1570 1906 1594 *

1078 1624 1218 1674 Quem
1237 1624 1453 1665 D6minus
1481 1627 1752 1667 exercituum
1778 1624 1907 1667 bene-

1078 1680 1202 1730 dixit,
1225 1680 1392 1723 dicens:
1422 1681 1546 1734 Opus
1565 1683 1773 1722 manuum
1792 1684 1906 1723 mea-

1078 1751 1174 1778 rum
1200 1743 1249 1780 tu
1277 1750 1345 1788 es,
1372 1738 1608 1781 haereditas
1635 1750 1734 1779 mea
1759 1737 1907 1779 Israel.

1078 1790 1127 1841 δ”.
1151 1794 1292 1835 Beata
1311 1806 1434 1845 gens,
1463 1796 1584 1847 cujus
1605 1800 1671 1837 est
1689 1794 1908 1837 Dominus

1076 1850 1215 1900 Deus,
1246 1850 1439 1903 p6pulus
1468 1850 1634 1893 electus
1654 1852 1699 1892 in
1723 1850 1906 1893 haeredi-

1077 1909 1226 1948 tatem.
1255 1907 1406 1957 Quem.

1130 1964 1179 2015 R.
1211 1963 1292 2003 viii.
1339 1964 1441 2005 Duo
1479 1963 1709 2018 Se'raphim
1749 1964 1906 2006 clama-

1077 2019 1183 2061 bant
1211 2019 1322 2061 alter
1350 2018 1407 2061 ad
1435 2019 1634 2062 alterum:
1656 2022 1679 2046 *
1708 2021 1907 2072 Sanctus,

1078 2082 1273 2125 sanctus,
1320 2082 1497 2118 sanctus
1532 2077 1748 2119 DOminus
1783 2078 1906 2119 Deus

1077 2132 1287 2175 sabaoth:
1312 2134 1335 2157 *
1361 2132 1495 2174 Plena
1524 2139 1590 2175 est
1618 2135 1760 2175 omnis
1787 2139 1906 2176 terra

1075 2189 1216 2240 gldria
1235 2189 1336 2241 ejus.
1371 2188 1418 2237 Y.
1441 2189 1554 2231 Tres
1573 2196 1674 2232 sunt
1694 2191 1768 2244 qui
1786 2191 1905 2233 testi-

1075 2245 1270 2286 m6nium
1289 2244 1396 2287 dant
1414 2246 1459 2286 in
1480 2246 1611 2297 coelo,
1632 2247 1777 2297 Pater,
1797 2247 1904 2289 Ver-

1075 2302 1191 2351 bum,
1212 2307 1255 2343 et
1271 2302 1459 2355 Spiritus
1480 2308 1670 2345 sanctus:
1690 2309 1734 2346 et
1751 2303 1795 2345 hi
1813 2310 1904 2346 tres

1075 2371 1211 2399 unum
1231 2364 1341 2400 sunt.
1374 2358 1570 2401 Sanctus.
1604 2359 1755 2401 Gldria
1773 2360 1904 2402 Patri.

1075 2414 1219 2456 Plena.

1130 2476 1232 2509 Infra
1270 2476 1566 2510 Hebdomadam
1603 2475 1713 2509 Feria
1751 2475 1812 2509 IV.
1850 2475 1904 2509 di-

1077 2531 1214 2558 cuntur
1239 2525 1502 2568 Responsoria
1534 2525 1587 2558 ibi
1618 2525 1831 2565 assignata:
1868 2524 1902 2557 in

1077 2574 1247 2606 Subbato
1266 2580 1393 2606 autem
1411 2573 1550 2606 dicitur
1568 2573 1730 2615 primum
1753 2572 1792 2615 Ιῷ.
1805 2571 1902 2606 Lau-

1076 2621 1230 2656 dabilis.
1251 2620 1461 2654 secundum
1485 2626 1521 2654 ct
1543 2620 1693 2654 tertium
1715 2620 1836 2653 Feriae
1859 2619 1903 2652 11.

1077 2669 1284 2712 sequentis.

1132 2717 1207 2760 Ιζ-Ιζν.
1245 2716 1357 2754 huius
1393 2715 1609 2749 Dominicae
1648 2715 1827 2749 dicuntur
1863 2714 1901 2749 in

1076 2765 1162 2797 aliis
1194 2764 1408 2797 Dominicis
1438 2775 1558 2806 usquc
1595 2764 1640 2797 ad
1672 2764 1901 2797 Adventum.
