2040 2944
559 190 672 224 Feria
696 190 760 223 ΠΙ.
788 189 885 223 infra
911 189 990 224 Oct.
1016 189 1051 224 S.
1078 189 1218 232 Angcli
1243 189 1437 224 Custodis.

1758 189 1849 233 [263]

137 287 356 337 vulorum,
385 286 460 339 qui
486 286 601 328 lacte
625 286 760 328 modo
787 289 967 328 vescun-

136 349 219 394 tur,
243 348 287 386 et
312 342 509 385 nondum
535 341 679 384 solido
705 342 816 392 cibo,
839 343 967 395 perfi-

135 400 292 455 cienda
317 405 385 442 est
410 399 506 441 laus
533 399 607 441 illa
635 400 878 451 majestatis
907 399 967 441 di-

137 460 270 507 vinae,
320 457 440 507 cujus
489 455 702 498 habentes
751 456 968 509 primitias

138 514 322 565 angelici
345 513 536 566 spiritus,
559 513 690 555 beata
715 512 967 556 delectatio-

138 584 194 613 ne
212 571 429 613 fruantur:
453 569 534 611 sed
553 575 678 612 tanto
699 569 870 612 avidius
886 583 968 612 nos

139 629 413 681 exspectant,
440 632 604 678 quanto
631 627 967 668 consummatio-

137 685 205 726 nis
238 685 330 737 ejus
363 683 694 736 exspectatione
729 688 773 725 et
805 683 968 736 expeti·

138 742 257 784 tione
285 740 589 783 sollicitantur.

191 804 240 856 R.
259 797 383 840 Vivit
401 797 498 850 ipse
516 797 742 838 Dominus.
761 796 865 849 [261]

450 859 601 901 Lectio
623 874 659 899 v.
687 888 691 892 «

225 924 294 953 uae
314 924 414 953 cum
431 911 492 953 ita
511 911 609 960 sint,
632 911 819 962 pensate
840 910 970 952 etiam

142 898 225 1025 Q
235 973 398 1020 quanta
408 967 536 1009 nobis
547 966 845 1009 sollicitudine
857 979 970 1019 opus

141 1030 223 1076 est3
246 1029 295 1067 ut
318 1024 476 1076 dignos
495 1037 576 1066 nos
596 1023 880 1065 exhibeamus
900 1025 970 1065 eo-

140 1095 238 1124 rum
263 1081 524 1134 frequentia,
556 1086 599 1123 et
626 1093 679 1122 eo
706 1079 842 1122 modo
871 1093 969 1122 con-

139 1140 365 1181 versemur
411 1138 455 1179 in
501 1139 745 1191 conspectu
781 1137 970 1188 Angelo-

140 1209 252 1245 rum,
276 1208 332 1238 ne
356 1195 469 1237 forte
493 1200 670 1236 sanctos
696 1194 971 1238 offendamus

141 1251 335 1295 obtntus.
366 1252 450 1294 Vae
475 1251 590 1293 enim
614 1251 754 1302 nobiS,
781 1253 819 1293 si
839 1265 970 1304 quan-

141 1308 200 1351 do
221 1309 455 1363 provocati
472 1308 668 1361 peccatis
688 1314 732 1350 et
752 1309 970 1360 negligen-

140 1365 212 1407 tiis
230 1365 406 1416 nostris,
428 1364 633 1416 indignos
652 1377 735 1406 nos
753 1364 970 1418 judicave-
1027 1363 1065 1387 ²
1105 1350 1165 1415 35²5

140 1422 227 1465 rint
257 1422 493 1476 praesentia
524 1427 568 1464 et
600 1422 851 1464 visitatione
881 1435 971 1472 sua,

140 1484 190 1521 ut
218 1480 305 1532 iam
335 1480 517 1521 necesse
549 1478 789 1521 habeamus
816 1484 860 1521 et
887 1492 970 1521 nos

140 1535 359 1589 plangere,
384 1540 427 1578 et
446 1534 593 1578 dicere
613 1548 713 1577 cum
730 1535 971 1589 Propheta:

141 1592 285 1634 Amici
311 1593 397 1635 mei
425 1597 468 1635 et
494 1592 685 1645 proximi
709 1593 795 1634 mei
819 1592 970 1634 adver-

142 1661 239 1690 sum
251 1662 323 1691 me
337 1649 811 1703 appropinquaverunt,
827 1654 871 1691 et
886 1654 970 1691 ste-

140 1707 301 1748 terunt:
330 1711 374 1748 et
401 1706 476 1759 qui
502 1706 623 1758 juxta
649 1718 720 1747 me
748 1710 887 1757 erant,
915 1705 970 1748 de

140 1762 272 1814 longe
299 1765 531 1805 steterunt:
559 1767 603 1805 et
627 1762 715 1803 vim
740 1762 971 1813 faciebant,

142 1820 218 1871 qui
267 1819 524 1872 quaerebant
577 1819 767 1861 animam
817 1832 971 1862 meam.

140 1876 370 1928 Elongatis
409 1877 615 1919 nimirum
659 1876 741 1926 eis,
784 1888 971 1928 quorum

141 1933 377 1986 praesentia
403 1935 639 1987 protegere
666 1946 765 1983 nos,
801 1938 845 1975 et
871 1946 971 1986 pro-

141 1989 320 2042 pulsare
347 1992 524 2043 poterat
551 1990 786 2031 inimicum.

196 2050 247 2101 Rz.
262 2046 458 2098 Angelus
477 2047 667 2089 Domini.
687 2046 792 2099 [261]

446 2105 598 2147 Lectio
618 2106 671 2146 vi.

227 2159 318 2202 uod
343 2160 380 2201 si
402 2165 494 2202 tam
519 2160 815 2202 necessariam
842 2159 971 2201 habe-

258 2230 355 2258 mus
386 2217 728 2259 familiaritatem
760 2215 971 2267 dignatio-

142 2274 209 2315 nis
241 2274 472 2325 angelicae,
508 2274 706 2316 cavenda
740 2273 869 2315 nobis
906 2276 973 2314 est

143 2332 295 2372 eorum
324 2330 507 2381 offensa,
541 2335 584 2372 et
614 2331 658 2372 in
686 2330 754 2371 his
782 2330 972 2371 maxime

143 2387 449 2438 exercendum,
479 2387 638 2439 quibus
667 2400 743 2429 eos
771 2386 971 2428 novimus

144 2443 366 2486 oblectari.
393 2445 502 2486 Sunt
521 2444 636 2485 enim
654 2444 852 2497 phirima,
873 2455 972 2494 quae

144 2500 206 2542 eis
225 2500 414 2553 placent,
440 2506 483 2543 et
510 2513 609 2553 quae
633 2501 678 2541 in
704 2499 831 2541 nobis
856 2499 971 2540 inve-

143 2559 236 2599 nire
256 2555 460 2607 delectat,
483 2562 531 2599 ut
556 2562 624 2599 est
647 2556 878 2605 sobrietas,
903 2557 971 2596 ca·
1010 2563 1012 2567 ’

143 2613 280 2664 stitas‚
298 2615 536 2666 paupertas
555 2612 812 2662 voluntaria,
831 2610 973 2652 crebri

144 2670 187 2710 in
198 2669 359 2711 coelum
372 2670 572 2721 gemitus,
588 2675 631 2711 et
642 2668 862 2710 orationes
874 2679 973 2708 cum

143 2725 334 2767 lacrimis
361 2731 406 2767 et
432 2725 579 2768 cordis
606 2724 858 2767 intentione.
894 2722 970 2764 At-

1020 291 1167 328 tamen
1192 300 1324 340 super
1349 286 1494 328 omnia
1519 286 1616 328 haec
1639 285 1850 327 unitatem

1021 348 1066 385 et
1091 356 1246 396 pacem
1277 358 1303 386 a
1332 345 1459 387 nobis
1489 343 1666 394 exigunt
1693 341 1851 393 Angeli

1020 400 1154 452 pacis.
1196 401 1233 441 E
1267 407 1421 443 contra
1448 413 1554 442 vero
1586 398 1691 440 nihil
1724 411 1851 450 aeque

1023 456 1216 507 offendit,
1240 462 1284 499 et
1309 457 1366 500 ad
1384 456 1729 508 indignationem
1751 456 1850 507 pro-

1021 518 1153 554 vocat
1180 525 1272 563 eos,
1301 513 1525 566 quomodo
1556 511 1856 564 dissensiones

1022 574 1066 611 et
1086 569 1303 611 seandala.
1361 573 1411 624 R.
1437 571 1488 611 In
1508 570 1636 611 omni.
1656 568 1760 622 [261]

1244 647 1292 685 In
1315 647 1385 686 ΙΙΙ.
1411 647 1633 686 Nocturno.

1026 706 1177 747 Lectio
1202 706 1342 748 sancti
1361 705 1587 756 Evangelii
1612 706 1852 748 seei'mdum

1298 763 1569 805 Matthaeum.

1101 827 1253 868 Lectio
1275 827 1342 867 vii.
1598 826 1699 877 Cap.
1716 826 1773 864 18.

1021 880 1099 987 In
1122 885 1197 926 illo
1223 886 1438 937 tempore:
1466 884 1764 926 Accesserunt
1792 883 1852 926 di-

1089 941 1246 994 scipuli
1261 940 1317 982 ad
1332 941 1355 981 J
1359 953 1492 989 esum,
1508 940 1717 982 dicentes:
1734 941 1852 991 Quis,

1024 1004 1173 1052 putaS,
1208 999 1345 1050 major
1377 1002 1444 1039 est
1476 998 1520 1038 in
1552 1010 1688 1048 regno
1722 997 1852 1039 coelo-

1023 1054 1142 1097 rum?
1180 1055 1238 1096 Et
1260 1054 1440 1106 reliqua.

1155 1123 1347 1166 Homilia
1375 1123 1514 1165 sancti
1541 1123 1566 1164 J
1570 1123 1724 1164 oannis

1282 1180 1597 1233 Chrysostomi.

1024 1246 1083 1279 Ex
1098 1256 1121 1278 1
1126 1245 1217 1279 ariis
1232 1245 1271 1277 in
1285 1240 1851 1277 Δ11111111ε61111110615,11011111.18.

1036 1320 1038 1323 -
1066 1304 1111 1351 155²?
1111 1311 1164 1359 271
1181 1309 1218 1337 ae
1232 1293 1397 1336 mundo
1413 1294 1468 1335 ab
1485 1293 1713 1336 scandalis.
1732 1295 1853 1336 Mun-

1198 1352 1302 1394 dum
1316 1352 1458 1400 istum,
1474 1352 1694 1393 terrenum
1707 1351 1854 1393 locum

1072 1411 1080 1429 ⁸
1198 1408 1318 1458 dicit,
1350 1420 1492 1460 neque
1520 1420 1625 1448 vero
1655 1407 1709 1449 de
1738 1408 1851 1449 coelo

1025 1472 1069 1509 et
1093 1472 1209 1508 terra
1233 1465 1476 1516 intelligere
1503 1463 1713 1506 debemus
1733 1478 1851 1506 mun-

1024 1522 1139 1574 dum,
1155 1522 1234 1564 sed
1248 1521 1458 1564 mundum
1474 1520 1545 1562 hic
1559 1520 1852 1571 intelligamus

1022 1582 1261 1622 terrenum:
1288 1578 1389 1620 ideo
1419 1577 1540 1630 quod
1568 1576 1677 1619 dixit
1703 1577 1851 1618 Domi-

1024 1650 1121 1679 nus:
1157 1637 1358 1686 Regnum
1393 1647 1540 1675 meum
1574 1646 1662 1674 non
1698 1637 1765 1674 est
1797 1631 1852 1674 de

1023 1694 1109 1735 isto
1141 1690 1321 1735 mundo:
1355 1690 1391 1732 si
1422 1702 1565 1732 essem
1593 1689 1648 1731 de
1675 1688 1851 1739 mundo,

1024 1752 1191 1792 amaret
1216 1761 1286 1790 me
1305 1746 1504 1789 mundus.
1539 1746 1595 1788 Et
1619 1745 1777 1788 dicitur
1795 1744 1852 1787 ad

1024 1805 1284 1860 Apostolos:
1295 1804 1390 1846 Vos
1399 1815 1488 1844 non
1499 1803 1603 1845 estis
1613 1802 1668 1844 de
1676 1801 1851 1844 mundo.

1079 1865 1131 1916 R.
1143 1860 1435 1903 Machabaeus.
1454 1859 1558 1912 [261]

1314 1922 1464 1963 Lectio
1487 1922 1569 1961 viii.

1030 1976 1154 2082 Vae
1115 1981 1311 2032 aeigitur
1338 1978 1519 2028 mundo,
1546 1977 1633 2018 hoc
1658 1980 1740 2025 est,
1767 1980 1850 2017 ter-

1140 2039 1246 2079 reno
1279 2036 1398 2086 loco,
1431 2034 1485 2077 ab
1514 2032 1748 2075 scandalis:
1779 2044 1850 2073 ne-

1025 2097 1148 2137 cesse
1182 2093 1295 2135 enim
1331 2097 1398 2134 est
1435 2096 1483 2133 ut
1518 2090 1694 2132 veniant
1729 2090 1849 2129 scan-

1025 2151 1140 2194 dala:
1168 2163 1256 2192 non
1283 2149 1386 2201 quia
1412 2148 1611 2195 necesse,
1640 2144 1720 2186 sed
1749 2144 1851 2196 quia

1023 2207 1187 2250 mundo
1205 2208 1386 2248 necesse
1405 2209 1453 2246 ut
1471 2204 1657 2245 veniant.
1690 2201 1850 2243 Videte

1025 2263 1145 2333 quod
1173 2263 1373 2311 dicimus,
1407 2260 1565 2303 subtile
1598 2264 1680 2300 est:
1711 2258 1749 2299 si
1779 2270 1849 2299 ne-

1024 2323 1147 2363 cesse
1167 2325 1234 2362 est
1252 2324 1300 2361 ut
1314 2318 1492 2359 veniant
1509 2314 1724 2364 scandala,
1745 2326 1848 2365 ergo

1024 2378 1191 2429 absque
1211 2375 1340 2428 culpa
1359 2379 1425 2416 est
1442 2373 1515 2415 ille
1533 2385 1613 2425 per
1634 2384 1764 2424 quem
1778 2383 1847 2412 ve-

1024 2435 1088 2476 nit
1107 2432 1373 2475 scandalum.

1080 2493 1131 2543 R.
1146 2490 1215 2531 Tu
1233 2487 1433 2529 Domine.
1457 2485 1566 2552 [262]

1329 2545 1511 2586 Lectio'
1502 2558 1555 2584 lx.

1031 2600 1152 2708 Sed
1170 2618 1251 2647 nos
1271 2603 1466 2653 dicimus,
1488 2600 1742 2644 scandalum
1756 2609 1847 2638 non

1134 2663 1253 2705 venit
1279 2661 1363 2702 nisi
1392 2661 1436 2701 in
1467 2660 1642 2701 terreno
1673 2652 1847 2696 mundo.

1024 2722 1104 2764 Vis
1140 2719 1220 2761 tibi
1261 2730 1349 2760 non
1384 2718 1532 2759 venire
1568 2707 1846 2756 scandalum?
