2040 2944
191 242 253 278 126

846 237 904 270 Ad
931 235 1243 278 Completorium.

188 289 1892 310 „——-——-——————-—-——-——————-——-——-—-—-

191 339 319 379 stium
344 336 511 378 sublata
538 331 783 379 formidine,
810 332 1011 382 tempora

190 395 274 435 sint
288 399 361 434 tua
376 389 648 445 protectione
663 386 908 439 tranquilla.
926 386 1012 427 Per

190 450 433 491 Dominum.
465 448 511 498 Ru
534 446 685 486 Amen.

246 503 290 553 Y.
330 503 541 545 Dominus
580 500 817 542 vobiscum.
874 501 919 551 R».
955 499 1011 539 Et

190 575 287 604 cum
314 560 468 613 spiritu
494 564 583 600 tuo.

244 615 288 665 δ”.
303 615 620 658 Benedicamus
632 613 834 654 Domino.
858 611 1010 664 l{·.Deo

187 674 359 726 gratias.

241 726 288 776 Y.
315 728 530 770 Fidelium
557 727 712 768 {mimae
742 738 821 778 per
848 724 1011 766 miseri-

188 786 382 828 cordiam
406 785 489 826 Dei
516 783 792 835 requiescant
819 781 862 822 in
890 793 1011 834 pace.

193 845 237 895 lx'f.
261 843 413 883 Amen.

244 903 390 937 Deinde
417 903 487 936 die.
514 912 605 935 seer.
636 903 745 935 Pater
767 902 908 934 noster.

244 952 304 985 Sic
331 952 555 984 terminatur
579 951 702 984 ostie..
736 950 799 983 ubi
831 950 905 983 alia
937 960 1012 983 non

191 1006 373 1043 sequntur
400 1000 517 1034 [lora.
551 1005 589 1032 ut
621 999 759 1032 dicitur
786 999 819 1031 in
851 998 1012 1032 leubrieu

191 1049 235 1081 tle
262 1048 441 1081 oratione
471 1047 680 1080 Dmninien.

245 1096 365 1129 Dictae
399 1097 603 1129 nominem.
638 1107 705 1129 seu
737 1095 925 1137 Suffragia
960 1095 1012 1128 di-

191 1151 324 1178 cuntur
360 1145 406 1177 ab
440 1144 585 1177 Octava
622 1144 771 1177 l’entec.
806 1155 927 1186 usquc
965 1143 1012 1176 ad

193 1193 427 1226 Adventum.
473 1193 643 1235 exeeptis
687 1191 933 1234 Duplicitms.
979 1197 1013 1225 ct

193 1241 285 1274 infru
312 1244 487 1274 Metam&

245 1289 406 1328 Quando
432 1290 571 1323 dieitur
589 1289 693 1323 Offic,
713 1289 752 1322 Β.
772 1289 913 1322 Mariae.
938 1299 1011 1321 non

191 1338 227 1370 tit
254 1338 327 1370 alia
354 1339 559 1371 Continent.
586 1338 631 1371 de
658 1348 711 1371 etl.

344 1481 423 1522 Ad
450 1479 856 1531 completorium.

245 1550 400 1589 Lector
430 1550 594 1600 incipit:
637 1543 685 1595 Y.
711 1546 823 1588 Jube
854 1545 1013 1588 domne

188 1603 460 1647 benedicere.

247 1666 506 1707 Benedictio.
538 1666 722 1706 Noctem
747 1664 948 1716 quietam,
971 1668 1014 1705 et

189 1721 319 1763 finem
356 1721 597 1774 perfectum
635 1720 850 1762 concedat
886 1719 1014 1762 nobis

188 1778 402 1818 Dominus
424 1779 712 1830 omnipotens.
747 1780 790 1831 [ἐς.
809 1778 962 1818 Amen.

245 1844 391 1883 Lectio
415 1845 567 1885 brevis.
695 1847 719 1883 1.
745 1845 852 1885 l'etr.
872 1846 909 1883 Γ).
929 1858 962 1884 c.

198 1928 201 1931 v
226 1910 281 1961 ’,Ι-ς
308 1907 460 1944 ratres:
488 1902 631 1944 Sobrii
659 1905 815 1952 estote,
843 1907 887 1945 et
910 1903 1013 1954 vigi-

241 1957 293 2016 ζἓξ-
325 1958 426 2000 late:
452 1959 552 2011 quia
573 1958 1014 2001 adversariusvester

229 2023 249 2041 *³
265 2040 279 2041 ἡ
295 2039 297 2041 ·
326 2014 831 2067 diabolustamquamleo
840 2017 1014 2067 rugiens

191 2071 354 2120 circuit,
375 2084 574 2124 quaerens
591 2084 719 2123 quem
735 2071 931 2114 devoret:
947 2073 1015 2114 cui

191 2128 378 2169 resistite
406 2127 542 2168 fortes
569 2127 612 2167 in
641 2127 740 2170 fide.
776 2130 843 2170 Tu
870 2133 1015 2170 autem

192 2184 378 2225 Domine
397 2184 604 2225 miserere
623 2184 760 2226 nobis.

246 2243 292 2294 R*-
312 2241 408 2282 Deo
426 2241 602 2291 gratias.

245 2298 292 2348 Y.
331 2301 607 2352 Adjutorium
640 2306 838 2343 nostrum
870 2302 913 2342 in
941 2305 1015 2343 no—

192 2356 306 2398 mine
328 2358 513 2398 Domini.
553 2361 601 2412 R».
626 2359 709 2408 Qui
733 2358 835 2400 fecit
856 2358 1015 2400 coelum

193 2418 237 2454 et
254 2418 426 2454 terram.

251 2475 360 2509 Pater
382 2479 523 2510 noster.
550 2479 688 2513 dieitur
711 2484 831 2514 totum
856 2486 1013 2515 secreto.

294 2536 440 2571 Deinde
466 2538 802 2575 Hebdomadurius
828 2542 918 2576 facit

456 2587 757 2623 Conse—monem.

271 2638 458 2679 onfiteor
484 2639 580 2680 Deo
610 2641 913 2694 omnipotenti,
945 2641 1016 2683 be·

279 2697 364 2736 atae
383 2695 534 2736 Mariae
556 2709 728 2749 semper
750 2697 927 2748 Virgini,
946 2697 1016 2739 be-

195 2752 267 2792 ato
307 2750 507 2792 Michaeli
544 2752 841 2804 Archangelo,
885 2753 1016 2795 beato

1062 329 1087 369 J
1090 328 1221 369 oanni
1239 327 1464 380 Baptistae,
1485 325 1646 367 sanctis
1662 323 1892 378 Apostolis

1063 386 1195 426 Petro
1225 389 1268 425 et
1294 383 1449 432 Paulo,
1479 380 1681 423 omnibus
1708 381 1891 430 Sanctis,

1064 446 1107 483 et
1120 440 1246 482 vobis
1261 440 1432 482 fratres:
1453 439 1554 491 quia
1568 438 1751 491 peccavi
1763 437 1892 478 nimis

1064 497 1346 549 cogitatione,
1374 495 1510 537 verbo
1538 500 1581 537 et
1612 497 1762 548 opere:
1793 505 1893 535 mea

1064 554 1194 607 culpa
1207 586 1216 604 ,
1255 566 1354 595 mea
1385 552 1534 605 culpa,
1570 563 1669 592 mea
1702 550 1893 591 maxima

1064 611 1203 664 culpa.
1231 609 1339 652 Ideo
1353 621 1512 663 precor
1521 607 1698 650 beatam
1708 606 1893 648 Mariam

1064 679 1238 720 semper
1251 667 1490 718 Virginem,
1507 664 1686 706 beatum
1705 663 1892 705 Michae-

1063 723 1149 765 lem
1176 722 1519 774 Archangelum,
1554 721 1734 763 beatum
1762 720 1787 761 J
1790 721 1892 761 oan-

1063 793 1163 821 nem
1178 780 1434 833 Baptistam,
1455 783 1632 820 sanctos
1647 775 1894 830 Apostolos

1063 837 1241 878 Petrum
1260 841 1304 878 et
1316 835 1510 885 Paulum,
1531 847 1683 876 omnes
1697 834 1894 882 sanctos,

1065 898 1108 935 et
1137 906 1218 935 vos
1250 893 1426 942 fratres,
1457 894 1586 934 orare
1619 903 1702 945 pro
1733 903 1804 932 me
1836 888 1894 930 ad

1063 950 1301 991 Dominum
1319 949 1463 991 Deum
1481 953 1691 990 nostrum.

1283 1021 1434 1054 Chorus
1460 1020 1683 1064 respondet:

1069 1064 1384 1171 Misereatur
1398 1067 1461 1108 tui
1472 1068 1750 1119 omnipotens
1761 1065 1893 1114 Deus,

1189 1129 1233 1166 et
1252 1124 1442 1165 dimissis
1461 1123 1658 1177 peccatis
1678 1122 1779 1172 tuis,
1797 1134 1893 1175 per-

1065 1181 1198 1223 ducat
1215 1186 1259 1222 te
1279 1180 1335 1222 ad
1354 1181 1489 1222 vitam
1509 1181 1729 1221 aeternam.

1122 1246 1169 1297 Rg.
1195 1242 1349 1284 Amen.

1124 1308 1272 1342 Deinde
1291 1308 1428 1351 repetit
1447 1306 1759 1342 Confessionem:
1777 1308 1813 1339 et
1830 1303 1897 1339 ubi

1070 1354 1335 1391 dieiturvobis
1352 1354 1502 1398 fratres,
1524 1360 1560 1389 et
1572 1364 1646 1389 vos
1664 1353 1813 1397 fratres,
1842 1353 1896 1387 di-

1070 1410 1176 1439 catur
1189 1403 1261 1438 tibi
1276 1403 1402 1447 Pater,
1416 1409 1450 1438 ct
1469 1406 1507 1438 te
1523 1402 1648 1438 Pater.

1180 1470 1294 1503 Facta
1319 1468 1574 1504 Confessione
1600 1478 1620 1501 a
1646 1467 1786 1503 Choro.

1248 1516 1587 1552 Hebdomadarius
1612 1514 1720 1549 dicit:

1173 1573 1386 1614 isereAtur
1429 1572 1564 1614 vestri
1613 1574 1893 1625 omnipotens

1185 1630 1317 1678 Deus,
1337 1634 1380 1671 et
1399 1629 1590 1671 dimissis
1608 1629 1804 1682 peccatis
1823 1641 1893 1670 ve-

1067 1686 1183 1737 stris,
1203 1685 1420 1739 perducat
1438 1698 1519 1727 vos
1539 1685 1596 1727 ad
1613 1685 1748 1727 vitam
1770 1686 1893 1726 aeter-

1065 1756 1177 1784 nam.
1211 1743 1427 1796 RgsAmen.

1069 1805 1436 1910 Indulgentiam,
1485 1806 1807 1849 absolutionem
1851 1811 1896 1848 et

1136 1865 1439 1909 remissionem
1486 1865 1772 1917 peccatorum
1819 1876 1895 1906 no-

1067 1923 1258 1963 strorum
1280 1920 1444 1963 tribuat
1463 1920 1591 1963 nobis
1616 1922 1895 1974 omnipotens

1068 1983 1110 2019 et
1132 1978 1382 2019 misericors
1402 1978 1628 2019 Dominus.
1669 1980 1719 2032 R'·
1741 1977 1896 2020 Amen.

1126 2046 1169 2079 Et
1196 2046 1294 2079 facta
1323 2045 1578 2079 Absolutione
1603 2044 1674 2079 dic.
1701 2039 1745 2086 Y.

1069 2097 1323 2207 Converte
1345 2116 1427 2145 nos
1450 2104 1571 2146 Deus
1595 2103 1798 2146 salutaris
1820 2116 1895 2145 no-

1159 2165 1258 2202 ster.
1291 2162 1341 2214 R.
1356 2161 1413 2202 Et
1432 2162 1580 2202 averte
1599 2161 1708 2202 iram
1729 2165 1850 2202 tuam
1871 2173 1897 2201 a

1067 2216 1206 2258 nobis.

1122 2275 1172 2326 V.
1188 2278 1309 2320 Deus
1328 2279 1371 2319 in
1391 2278 1653 2330 adjutorium
1670 2291 1817 2320 meum
1836 2277 1895 2318 in-

1068 2333 1210 2376 tende.
1243 2335 1293 2387 R.
1318 2335 1507 2377 Domine
1526 2335 1583 2377 ad
1602 2333 1897 2386 adjuvendum

1068 2404 1138 2432 me
1155 2391 1322 2432 festina.

1123 2447 1273 2489 Gloria
1289 2449 1418 2490 Patri.
1446 2449 1567 2490 Sicut
1589 2452 1693 2490 erat.

1123 2515 1221 2554 Ant.
1251 2514 1469 2555 Miserere.

1354 2582 1554 2623 Psalmus
1575 2582 1612 2620 4.

1122 2655 1261 2699 „gum
1291 2642 1544 2684 invocarem
1575 2642 1797 2684 exaudivit
1827 2655 1898 2684 me

1074 2698 1079 2740 ζ
1104 2700 1125 2746 ‘7'
1144 2692 1181 2734 l
1204 2698 1326 2740 Deus
1352 2699 1527 2751 justitiae
1553 2712 1679 2740 meae:
1703 2700 1727 2725 *
1754 2700 1798 2740 in
1825 2700 1898 2741 tri·

1116 2744 1169 2758 &¹211

1113 2760 1152 2769 w
1204 2755 1427 2797 bulatione
1447 2754 1638 2797 dilatasti
1657 2756 1773 2797 mihi·
