2040 2944
744 230 850 263 Feria
878 235 1011 270 quan-ta
1040 228 1087 260 ad
1116 226 1350 259 Matutinum.

303 336 374 376 Ad
394 332 687 376 confitendum
707 330 935 380 surgimus,

303 392 535 442 Morasque
554 388 694 429 noctis
715 386 968 438 rumpimus.

253 468 418 507 Mentes
437 464 678 512 manusque
697 459 901 507 tollimus,

302 519 520 571 Propheta
540 518 652 558 sicut
671 515 873 557 noctibus

301 574 438 616 Nobis
457 573 695 625 gerendum
714 571 925 624 praecipit,

302 630 548 682 Paulusque
568 629 703 683 gestis
723 627 900 669 censuit.

254 703 386 744 Vides
406 702 568 743 malum
590 701 709 754 quod
730 700 924 742 fecimus:

302 759 486 800 Occulta
506 763 654 799 nostra
674 756 920 810 pandimus:

301 816 460 855 Preces
479 816 701 865 gementes
721 811 951 860 fundimus,

302 871 482 912 Dimitte
503 870 621 923 quod
640 869 930 922 peccavimus.

254 948 427 993 l'raesta,
446 945 576 985 Pater
596 943 800 996 piissime,

304 1002 507 1052 Patrique
528 1012 707 1052 compar
726 998 873 1046 Unice,

303 1058 411 1098 Cum
431 1056 593 1108 Sp1'ritu
611 1055 828 1096 Paraclito

306 1114 508 1162 Regnans
528 1125 607 1164 per
626 1124 754 1152 omne
774 1110 994 1151 saeculum.

508 1169 661 1209 Amen.

253 1239 350 1276 Ant,
388 1233 551 1276 Avertit
569 1232 794 1273 Dominus.

473 1312 666 1352 l‘salmus
695 1313 757 1351 52.

238 1374 411 1428 ςζῖῗχιιῒ
430 1371 638 1423 insipiens
663 1371 705 1411 in
731 1370 864 1412 corde
890 1384 983 1412 suo:
1003 1371 1025 1395 *

240 1426 282 1479 μζ
302 1437 303 1441 ’
323 1430 327 1462 ὲ
351 1428 451 1469 Νοιι
479 1433 546 1469 est
573 1428 705 1468 Deus.

322 1502 326 1503 ⁷
388 1483 593 1536 Corrupti
612 1489 721 1532 sunt,
743 1488 787 1524 et
806 1483 1026 1524 abomina-

206 1544 313 1585 biles
342 1545 443 1586 facti
472 1549 570 1585 sunt
598 1544 640 1584 in
663 1544 977 1596 iniquitatibus:
1004 1544 1027 1568 *

204 1614 291 1642 non
320 1606 386 1642 est
414 1601 487 1653 qui
515 1600 644 1641 faciat
670 1600 845 1641 bonum.

256 1662 375 1702 Deus
408 1661 463 1702 de
491 1660 605 1702 coelo
637 1661 865 1713 prospexit
895 1674 1028 1713 super

206 1717 318 1758 filios
346 1717 583 1758 hominum:
602 1718 624 1741 *
649 1723 696 1758 ut
723 1717 870 1758 videat
898 1717 934 1758 si
962 1722 1030 1758 est

204 1773 458 1824 intelligens,
487 1779 560 1815 aut
587 1775 813 1825 requirens
841 1774 994 1815 Deum.

251 1834 413 1875 Omnes
442 1833 782 1883 declinaverunt,
815 1834 943 1875 simul
970 1835 1030 1875 in-

207 1890 334 1931 utiles
362 1890 464 1931 facti
484 1895 596 1931 sunt:
614 1891 637 1916 *
658 1903 746 1931 non
774 1896 842 1931 est
871 1891 944 1943 qui
972 1891 1031 1932 fa-

209 1946 292 1987 ciat
307 1945 479 1995 bonum,
490 1959 576 1987 non
588 1952 655 1988 est
665 1960 804 1998 usque
822 1946 879 1988 ad
889 1961 1032 1988 unum.

259 2006 414 2047 Nonne
432 2007 569 2048 scient
588 2020 740 2048 omnes
759 2008 832 2059 qui
851 2010 1033 2060 operan-

209 2067 278 2104 tur
293 2062 574 2114 iniquitatem,
585 2064 608 2088 *
625 2064 698 2115 qui
714 2063 928 2106 devorant
944 2063 1033 2116 ple-

209 2118 308 2159 bem
336 2132 476 2160 meam
501 2124 547 2160 ut
575 2118 719 2160 cibum
746 2119 895 2172 panis?

261 2178 402 2220 Deum
430 2192 515 2220 non
542 2179 871 2222 invocaverunt:
896 2181 921 2218 .*
947 2180 1035 2222 illic

179 2254 188 2261 ·
210 2234 536 2298 trepidaverunt
558 2236 726 2284 timore,
746 2235 819 2277 ubi
836 2250 922 2277 non
943 2242 1036 2279 erat

211 2296 351 2332 timor.

265 2352 476 2401 Quoniam
514 2353 632 2394 Deus
670 2353 900 2406 dissipavit
936 2367 1036 2395 ossa

214 2409 363 2448 eorum
402 2408 473 2459 qui
510 2408 758 2450 hominibus
794 2410 984 2462 placent:
1013 2412 1035 2436 *

214 2462 383 2503 confusi
410 2469 519 2513 sunt,
547 2465 749 2516 quoniam
769 2466 889 2507 Deus
918 2480 1036 2519 spre-

214 2519 275 2560 vit
303 2531 390 2560 eos.

267 2575 373 2624 Quis
402 2574 522 2616 dabit
549 2588 603 2616 ex
630 2576 733 2617 Sion
760 2578 949 2619 salutare
977 2580 1037 2619 Is-

215 2629 326 2671 rael?
355 2631 377 2655 *
407 2643 504 2672 cum
532 2634 795 2675 converterit
822 2634 942 2675 Deus
971 2648 1037 2675 ca-

215 2686 461 2738 ptivitatem
495 2686 635 2739 plebis
663 2701 768 2738 suae,
804 2690 1039 2732 exsultabit

214 2742 363 2793 Jacob,
392 2749 435 2784 et
462 2742 680 2785 laetabitur
704 2746 849 2786 Israel.

1343 319 1542 360 Psalmus
1571 319 1636 358 54.

1076 373 1291 478 Exaudi
1319 380 1441 421 Deus
1477 378 1722 420 orationem
1755 389 1911 426 meam,

1178 442 1222 478 et
1254 449 1308 478 ne
1343 435 1599 488 despexeris
1636 433 1908 486 deprecatio-

1076 507 1176 535 nem
1203 493 1399 534 meamz*
1416 490 1593 533 intende
1620 489 1736 540 mihi,
1766 494 1810 530 et
1838 502 1910 530 ex-

1077 550 1180 591 audi
1202 562 1284 590 me.

1130 606 1425 647 Contristatus
1436 617 1532 645 sum
1543 603 1586 643 in
1596 601 1911 644 exercitatione

1076 675 1189 703 mea:
1208 663 1231 687 *
1257 666 1301 702 et
1320 660 1608 702 conturbatus
1636 672 1733 700 sum
1752 671 1778 699 a
1798 669 1910 699 voce

1076 719 1248 768 inimici,
1265 723 1308 759 et
1319 731 1344 759 a
1358 716 1641 759 tribulatione
1652 714 1911 768 peccatoris.

1129 775 1345 827 Quoniam
1356 773 1686 815 declinaverunt
1699 771 1743 812 in
1753 783 1825 812 me
1835 770 1911 811 ini-

1079 832 1284 883 quitates:
1306 831 1328 855 *
1348 835 1392 871 et
1418 830 1462 871 in
1490 829 1554 870 ira
1582 827 1759 870 molesti
1786 831 1912 869 erant

1076 887 1192 928 mihi.

1131 944 1217 985 Cor
1251 956 1399 984 meum
1427 941 1738 984 conturbatum
1773 946 1840 982 est
1867 940 1912 981 in

1077 1013 1164 1041 me:
1198 1001 1224 1025 *
1257 1005 1300 1041 et
1334 998 1524 1040 formido
1559 998 1715 1040 mortis
1753 995 1912 1038 cecidit

1078 1069 1210 1109 super
1236 1069 1317 1097 me.

1129 1113 1282 1154 Timor
1303 1117 1346 1153 et
1366 1117 1532 1154 tremor
1546 1112 1760 1152 venerunt
1779 1122 1912 1163 super

1077 1182 1164 1210 me:
1183 1170 1206 1195 *
1230 1174 1273 1210 et
1301 1169 1590 1210 contexerunt
1607 1179 1679 1208 me
1703 1166 1913 1208 tenebrae.

1130 1226 1186 1267 Et
1214 1225 1319 1267 dixi:
1348 1225 1455 1274 Quis
1476 1223 1599 1266 dabit
1618 1222 1724 1264 mihi
1743 1236 1912 1276 pennas

1016 1328 1017 1331 Ἴ
1078 1282 1190 1323 sicut
1218 1281 1485 1331 columbae,*
1506 1285 1550 1322 et
1577 1279 1751 1330 volabo,
1780 1284 1824 1321 et
1847 1292 1913 1321 re-

1080 1336 1325 1391 quiescam?

1131 1396 1247 1436 Ecce
1265 1394 1469 1445 elongavi
1484 1393 1672 1445 fugiens:
1682 1394 1705 1418 *
1719 1398 1764 1435 et
1772 1392 1915 1434 mansi

1079 1452 1122 1493 in
1151 1450 1399 1493 solitudine.

1132 1507 1458 1560 Exspectabam
1487 1519 1604 1556 eum,
1638 1506 1713 1558 qui
1745 1505 1916 1547 salvum

1079 1577 1150 1606 me
1165 1564 1301 1606 fecit*
1312 1577 1338 1605 a
1358 1563 1715 1616 pusillanimitate
1735 1562 1915 1614 spin'tus

1081 1626 1125 1663 et
1151 1622 1428 1673 tempestate.

1132 1677 1367 1729 Praecipita
1377 1676 1577 1725 Domine,
1588 1674 1736 1717 divide
1744 1675 1916 1726 linguas

1082 1736 1252 1775 eorum:
1267 1734 1291 1758 *
1306 1733 1513 1785 quoniam
1531 1731 1623 1773 vidi
1640 1732 1917 1784 iniquitatem

1083 1796 1126 1832 et
1154 1788 1548 1832 contradictionem
1572 1788 1617 1829 in
1645 1788 1833 1830 civitate.

1134 1847 1218 1888 Die
1252 1859 1304 1887 ac
1337 1850 1468 1887 nocte
1496 1843 1787 1886 circumdabit
1819 1857 1918 1886 eam

1084 1915 1216 1955 super
1251 1915 1402 1944 muros
1441 1902 1532 1953 ejus
1568 1901 1790 1954 iniquitas:
1819 1901 1843 1927 *
1875 1905 1920 1943 et

1084 1959 1210 2000 labor
1237 1959 1281 1999 in
1307 1958 1454 2000 medio
1483 1959 1584 2010 ejuS,
1614 1963 1658 2000 et
1684 1957 1903 2010 injustitia.

1136 2016 1192 2056 Et
1219 2028 1307 2056 non
1335 2014 1496 2056 defecit
1524 2014 1580 2056 de
1606 2014 1765 2067 plateis
1794 2011 1919 2066 ejuS*

1085 2075 1228 2121 usura,
1258 2076 1302 2113 et
1329 2070 1469 2112 dolus.

1138 2128 1355 2178 Quoniam
1374 2128 1411 2168 si
1429 2127 1628 2169 inimicus
1648 2139 1773 2169 meus
1789 2126 1920 2168 male-

1087 2184 1269 2225 dixisset
1283 2183 1398 2234 mihi,
1409 2185 1432 2209 *
1444 2184 1748 2225 sustinuissem
1757 2183 1921 2236 utique.

1140 2241 1196 2282 Et
1227 2241 1263 2281 si
1290 2241 1344 2290 is,
1384 2241 1458 2293 qui
1486 2239 1642 2282 oderat
1670 2252 1756 2290 me,
1787 2252 1921 2292 super

1087 2310 1157 2338 me
1185 2309 1344 2347 magna
1370 2296 1545 2338 locutus
1572 2297 1740 2338 fuisset:
1772 2297 1796 2322 *
1824 2296 1922 2343 abs2

1089 2353 1338 2395 condissem
1365 2366 1436 2395 me
1464 2353 1647 2395 forsitan
1674 2352 1730 2395 ab
1759 2365 1824 2394 eo.

1141 2410 1210 2451 Tu
1238 2422 1344 2451 vero
1368 2409 1502 2451 homo
1530 2409 1762 2451 unanimis:
1788 2409 1812 2435 *
1832 2408 1941 2464 dux¹

1089 2479 1222 2516 meus,
1253 2472 1296 2508 et
1324 2472 1455 2508 notus
1483 2479 1618 2507 meus.

1142 2523 1226 2573 Qui
1246 2523 1374 2564 simul
1400 2535 1574 2564 mecum
1601 2521 1753 2563 dulces
1781 2520 1922 2574 capie-

1090 2578 1168 2620 bas
1198 2579 1335 2621 cibos:
1363 2580 1387 2604 *
1412 2579 1457 2619 in
1491 2578 1625 2620 domo
1658 2577 1743 2618 Dei
1774 2576 1922 2618 ambu-

1091 2635 1276 2677 lavimus
1305 2649 1404 2677 cum
1429 2636 1656 2677 consensu.

1142 2692 1303 2733 Veniat
1342 2704 1462 2734 mors
1500 2703 1632 2744 super
1667 2689 1783 2730 illos:
1820 2690 1843 2715 *
1880 2694 1924 2731 et

1092 2747 1362 2789 descendant
1394 2748 1438 2788 in
1466 2748 1682 2788 infernum
1710 2746 1924 2788 viventes:
