2028 2964
714 207 959 263 SUMMA
990 213 1372 265 BULLARUM

435 292 973 339 SUMMORUM
1038 291 1645 341 PONTIFICUM.

713 352 790 380 PRO
809 353 997 381 EDITIONE
1016 354 1142 382 HUJUS
1161 354 1373 383 BREVIARII.

372 422 415 449 ius
429 423 462 450 V.
477 422 571 455 Bulla,
589 430 654 456 quae
672 422 781 456 incipit:
801 422 883 455 Quod
897 430 913 449 a
927 423 1017 457 nobis,

386 462 452 488 data
461 462 561 488 Romae
571 461 689 496 septimo
700 462 768 488 Idus
778 462 796 488 J
797 461 846 488 ulii
856 469 929 488 anno
941 462 1016 495 1568,

364 532 365 535 ¹
384 501 521 535 significat
533 508 648 528 causam
662 500 763 527 edendi
776 500 858 534 hujus
872 501 1016 534 Breviarii,

345 568 348 569 γ
364 546 365 563 ³
385 548 485 574 nempe
503 540 540 567 ad
558 540 711 567 tollendam
731 539 831 566 orandi
844 540 1015 567 varietatem.

182 568 304 606 Enarrat
322 587 363 614 ea,
383 587 447 613 quae
465 579 494 606 in
507 580 560 606 hac
573 587 604 606 re
618 579 774 613 praestitere
788 579 894 605 Paulus
909 582 935 606 et
949 579 1017 605 Pius

182 618 295 645 nomine
309 618 416 652 Quarti,
435 622 462 645 et
480 626 565 652 quam
582 618 643 652 ipse
661 618 788 645 adhiberi
805 625 919 652 operam
938 626 1017 645 cura-

182 657 231 691 vit,
249 666 284 684 ex
302 658 423 684 Decreto
442 657 559 685 Concilii
578 657 743 684 Tridentini.
771 657 858 684 Tollit
877 661 904 684 et
922 657 1017 684 abolet

183 696 297 724 omnino
318 696 508 730 Breviarium,
531 704 547 723 a
566 696 715 723 Cardinale
737 696 764 723 S.
785 697 883 724 Crucis
904 704 1016 730 compo-

183 736 280 769 situm,
299 737 376 770 quod
394 739 454 763 erat
473 736 679 763 brevissimum.
711 737 782 763 Item
800 737 854 763 alia
871 736 1016 763 Breviaria

183 775 325 809 Romana,
348 779 375 802 et
398 776 465 809 alia,
488 783 552 809 quae
572 784 607 802 ex
626 776 812 810 institutione,
834 776 880 802 vel
902 783 1017 803 consue-

182 814 279 841 tudine
297 814 420 848 legitima
437 823 494 841 non
514 818 648 849 superant
667 815 803 842 ducentos
821 823 918 842 annos.
951 816 1017 842 Per-

182 853 267 880 mittit
290 856 384 880 tamen
410 858 442 881 ut
468 854 627 888 antiquiora
653 854 780 881 ducentis
807 854 886 880 annis
909 855 1018 888 possint

182 892 286 919 mutari
303 892 332 919 in
349 893 404 919 hoc
417 893 605 927 Breviarium,
624 893 658 920 iis
676 893 795 927 omissis,
814 893 837 920 si
852 893 1016 928 Episcopus,

182 935 210 959 et
224 931 388 958 universum
402 932 563 966 Capitulum
576 933 759 959 consentiant.
780 933 906 959 Revocat
921 940 1017 959 omnes

182 971 388 1006 permissiones,
401 972 627 1005 consuetudines,
641 975 754 1005 statuta,
768 971 920 1005 privilegia,
935 971 1017 998 licen-

182 1010 247 1043 tias,
267 1007 301 1036 ef
316 1009 425 1036 indulta
443 1010 588 1044 precandi,
609 1014 636 1037 et
656 1011 794 1045 psallendi
813 1018 892 1037 more
913 1014 940 1038 et
960 1011 1016 1037 ritu

182 1049 382 1084 praedictorum
400 1049 610 1076 Breviariorum
630 1057 854 1084 suppressorum.
886 1049 1018 1084 Praecipit

183 1088 329 1115 observari
354 1088 408 1115 hoc
430 1089 605 1115 Breviarium
632 1089 661 1115 in
686 1092 746 1116 toto
773 1089 855 1122 orbe,
882 1096 945 1115 cum
973 1097 1017 1115 ex-

219 1156 482 1193 ,''2«÷le‹=12111sVIlI.
497 1157 580 1184 Bulla
594 1166 657 1192 quae
672 1158 782 1192 incipit·
796 1158 867 1185 Cum
881 1159 910 1185 in
924 1159 1018 1186 Eccle-

274 1223 275 1227 ,
302 1196 351 1230 sia,
365 1197 431 1223 data
445 1197 546 1224 Romae
560 1197 605 1223 die
620 1198 660 1223 10
675 1197 739 1231 Maji
754 1205 827 1224 anno
843 1198 911 1224 1602
928 1198 1018 1225 decla-

188 1237 190 1246 ’
209 1257 216 1259 .
262 1243 270 1247 “
301 1239 354 1270 rat,
373 1244 403 1263 se
421 1243 472 1270 per
486 1236 562 1262 viros
576 1236 638 1270 pios
656 1239 683 1263 et
702 1236 828 1263 eruditos
842 1237 1017 1263 Breviarium

183 1275 344 1301 Romanum
358 1283 375 1301 a
388 1275 440 1302 Pio
454 1275 487 1302 V.
507 1275 621 1309 editum,
635 1278 662 1302 et
676 1283 827 1310 progressu
841 1276 975 1310 temporis
989 1276 1018 1302 in

182 1313 278 1340 multis
296 1314 489 1349 depravatum,
508 1315 692 1349 examinasse,
711 1319 739 1342 et
757 1315 786 1341 in
804 1318 908 1342 statum
927 1315 1018 1350 pristi

182 1361 250 1380 num
263 1353 432 1380 restituisse:
452 1354 579 1388 illudque
597 1354 637 1381 sic
651 1355 811 1381 restitutum
830 1355 859 1381 in
874 1355 1018 1389 Typogra-

181 1392 248 1427 phia
258 1393 393 1420 Vaticana
406 1393 537 1427 imprimi,
552 1397 579 1421 et
593 1394 731 1427 divulgari
744 1394 865 1428 jussisse.
885 1394 1019 1421 Prohibet

182 1439 218 1458 ne
232 1429 299 1458 alibi
312 1431 490 1466 imprimatur
498 1432 552 1459 nisi
565 1433 642 1467 juxta
653 1433 796 1467 exemplar
806 1433 981 1467 Vaticanum,
991 1436 1018 1460 et

182 1470 279 1497 habita
292 1470 506 1498 Ordinariorum
519 1471 643 1506 licentia,
662 1472 715 1498 sub
728 1480 812 1506 poena
830 1472 1016 1499 excommuni-

182 1509 300 1536 cationis
309 1510 375 1537 latae
387 1509 540 1537 sententiae.
559 1509 705 1538 Interdicit
716 1519 799 1538 usum
808 1511 1017 1538 Breviariorum

188 1591 202 1614 Ἰ·
217 1580 394 1606 ΤΗιιιειιιιει
403 1580 481 1607 VIII.
496 1580 578 1606 Bulla
592 1588 657 1614 quae
670 1581 778 1615 incipit:
793 1581 926 1609 Divinam
939 1581 1017 1608 Psal-

188 1593 283 1673 '';[5131
301 1619 434 1653 modiam,
444 1619 510 1646 data
517 1619 616 1646 Romae
626 1620 671 1646 die
681 1620 722 1646 25.
730 1620 748 1647 J
750 1620 857 1646 anuarii
868 1627 941 1646 anno
950 1621 1016 1647 1631

251 1646 277 1681 ff.
301 1658 426 1685 declarat
439 1666 477 1691 se,
491 1658 602 1693 piorum
616 1659 820 1693 doctorumque
830 1659 956 1686 virorum
971 1659 1018 1685 ad-

182 1696 270 1723 hibita
288 1704 369 1730 cura,
387 1697 564 1726 Breviarium
582 1705 599 1724 a
616 1698 669 1724 Pio
683 1698 717 1725 V.
736 1698 857 1731 editum,
877 1702 904 1725 et
923 1706 939 1725 a
958 1698 1017 1725 Cle-

182 1739 276 1762 mente
293 1736 372 1763 VIII.
393 1736 579 1770 recognitum,
603 1744 619 1763 a
641 1737 769 1771 pluribus
789 1737 898 1763 mendis
917 1745 1018 1771 expur-

182 1782 276 1808 gasse:
294 1775 427 1809 Hymnus
445 1775 482 1802 ad
501 1775 591 1809 metri,
609 1779 637 1802 et
655 1776 801 1802 latinitatis
815 1776 925 1810 regulas
939 1784 1018 1803 revo-

182 1820 275 1840 casse:
299 1814 334 1840 In
350 1814 484 1848 Psalmis,
504 1817 532 1841 et
551 1814 673 1841 Canticis
692 1815 944 1849 interpunctionem
963 1815 1018 1842 edi-

183 1851 268 1879 tionis
291 1852 413 1887 vulgatae
434 1853 603 1880 restituisse:
630 1853 793 1887 Sermones,
815 1854 968 1886 Homilias,
992 1857 1019 1881 et

182 1890 351 1918 Sanctorum
369 1891 510 1926 historias,
523 1892 632 1920 collatis
649 1893 792 1920 veteribus
811 1893 1019 1927 manuscn'ptis,

1069 424 1196 458 ceptione
1220 425 1271 451 200
1293 432 1444 459 annorum,
1471 425 1506 452 de
1533 432 1589 458 quo
1612 433 1705 459 supra.
1743 426 1846 453 Statuit
1872 427 1900 454 in

1070 471 1103 489 eo
1130 463 1198 489 nihil
1224 464 1404 497 mutandum,
1431 464 1606 497 addendum,
1634 468 1661 491 et
1689 465 1899 492 detrahendum.

1071 502 1182 536 Obligat
1201 510 1341 537 quosque,
1359 503 1407 536 qui
1426 506 1556 529 tenentur
1573 503 1667 530 Horas
1686 504 1842 531 Canonicas
1860 513 1900 531 re-

1070 542 1170 575 citare,
1197 545 1227 568 ut
1250 542 1303 568 hoc
1325 545 1440 568 utantur
1462 542 1620 575 Breviario,
1647 543 1716 569 alias
1743 551 1799 570 non
1823 544 1901 570 satis-

1070 581 1174 607 faciant
1201 581 1310 607 muneri
1337 589 1395 607 suo.
1432 581 1518 608 Jubet
1547 581 1675 608 omnibus
1703 583 1844 616 Praelatis,
1871 586 1902 609 ut

1070 620 1123 646 hoc
1140 620 1319 646 introducant
1339 623 1396 646 tam
1414 620 1442 646 in
1461 620 1555 653 choro,
1573 628 1657 654 quam
1676 624 1756 647 extra
1776 622 1900 648 chorum.

1071 659 1156 685 Tollit
1176 659 1282 693 peccati
1302 659 1513 692 obligationem,
1536 667 1600 692 quae
1623 663 1696 693 erat,
1719 660 1854 687 recitandi
1873 660 1901 687 in

1070 698 1156 725 choro
1180 698 1311 725 Officium
1335 706 1453 732 parvum
1474 699 1504 725 B.
1526 699 1562 724 M.
1583 699 1615 725 V.
1640 702 1667 726 et
1687 699 1901 733 Defunctorum,

1071 737 1199 764 Psalmos
1213 737 1424 764 Poenitentiales
1443 741 1470 764 et
1488 737 1653 771 Graduales,
1672 738 1748 771 juxta
1762 738 1902 765 Rubrieas

1070 776 1216 803 Breviarii.
1248 777 1393 810 Hortatur,
1412 780 1443 803 ut
1461 777 1612 803 recitentur
1630 777 1735 810 eadem,
1749 777 1902 811 propositis

1070 816 1249 849 indulgentiis
1259 816 1368 842 dierum
1382 819 1494 843 centum
1507 816 1688 843 recitantibus
1699 816 1830 843 Officium
1839 824 1902 851 par-

1070 863 1137 882 vum
1152 855 1183 881 B.
1199 855 1235 881 M.
1250 855 1283 882 V.
1296 858 1324 881 et
1338 855 1558 882 Defunctorum:
1572 855 1772 888 quinquaginta
1786 856 1902 882 recitan-

1070 894 1146 920 tibus
1166 894 1294 920 Psalmos
1314 894 1525 920 Poeniteutiales
1547 898 1574 920 et
1594 893 1765 927 Graduales,
1788 895 1901 928 quando

1070 933 1202 959 Rubricae
1225 941 1258 959 ea
1280 933 1472 967 praescribant.
1509 934 1572 961 Non
1595 937 1687 959 tamen
1711 933 1782 959 tollit
1808 934 1902 960 lauda-

1070 972 1154 998 bilem
1168 972 1407 1006 consuetudinem,
1421 973 1470 998 ubi
1483 976 1533 1006 est,
1547 972 1682 999 recitandi
1698 972 1828 998 Officium
1842 980 1903 1006 par-

1071 1020 1138 1038 vum
1158 1011 1189 1038 B.
1204 1012 1240 1038 M.
1254 1012 1287 1038 V.
1307 1011 1335 1037 in
1354 1012 1453 1045 choro,
1472 1012 1528 1038 imo
1548 1011 1675 1038 eamdem
1694 1011 1856 1044 confirmat,
1876 1015 1903 1038 et

1070 1051 1183 1077 tandem
1203 1054 1313 1084 tempus
1334 1051 1458 1077 decernit
1478 1050 1654 1084 obligationis
1677 1050 1713 1076 ad
1736 1058 1817 1076 usum
1837 1051 1902 1076 Bre-

1070 1089 1150 1116 viarii
1169 1093 1233 1123 post
1251 1090 1375 1123 ejusdem
1394 1089 1621 1124 publicationem.

1070 1159 1271 1193 impressorum
1282 1160 1387 1193 absque
1398 1159 1445 1185 tali
1456 1159 1668 1186 Ordinariorum
1678 1159 1787 1186 licentia
1799 1160 1827 1186 in
1837 1159 1902 1186 scri-

1070 1198 1134 1232 ptis,
1149 1207 1212 1232 quae
1227 1198 1309 1225 fidem
1321 1198 1405 1225 faciat
1416 1199 1450 1225 de
1464 1198 1611 1225 collatione
1622 1198 1694 1225 facta
1704 1199 1902 1233 praedictorum

1071 1238 1279 1264 Breviariorum
1294 1245 1357 1264 cum
1377 1237 1503 1271 originali
1518 1238 1661 1264 Romano:
1680 1238 1758 1272 cujus
1776 1238 1859 1264 etiam
1873 1238 1903 1263 li-

1071 1276 1169 1303 centiae
1189 1276 1269 1310 copia
1290 1276 1382 1309 initio,
1405 1277 1450 1303 vel
1472 1276 1500 1302 in
1520 1276 1594 1303 calce
1614 1277 1748 1310 cujusque
1767 1276 1903 1303 Breviarii

1072 1324 1182 1350 semper
1205 1316 1389 1350 imprimatur.
1426 1316 1571 1342 Praedietis
1592 1316 1747 1343 Ordinariis
1766 1316 1902 1350 prohibet,

1071 1363 1106 1381 ne
1125 1355 1230 1388 aliquid
1250 1355 1315 1380 addi
1331 1355 1374 1381 vel
1393 1355 1502 1382 detrahi
1515 1354 1684 1389 permittant.
1717 1356 1753 1381 Et
1772 1355 1831 1382 haec
1851 1355 1903 1381 sub

1071 1402 1155 1427 poena
1174 1394 1476 1427 excommunicationis,
1496 1394 1686 1428 suspensionis
1707 1402 1722 1420 a
1742 1394 1851 1427 divinis,
1870 1401 1902 1421 ac

1071 1433 1211 1460 interdicti
1230 1434 1265 1459 ab
1280 1433 1406 1467 ingressu
1421 1433 1561 1460 Ecclesiae.
1587 1433 1787 1460 Verumtamen
1801 1433 1829 1459 in
1843 1440 1902 1466 gra-

1070 1472 1137 1498 tiam
1160 1480 1331 1506 pauperum,
1358 1472 1501 1498 Breviaria
1524 1472 1658 1499 hactenus
1682 1472 1817 1506 impressa
1839 1479 1904 1498 ven-

1070 1511 1145 1545 dere,
1161 1511 1236 1545 apud
1249 1519 1279 1538 se
1293 1511 1420 1545 retinere,
1435 1519 1468 1537 ac
1481 1511 1535 1537 illis
1549 1511 1588 1538 uti
1602 1511 1744 1546 permittit.

1070 1581 1273 1615 recognovisse.
1311 1581 1500 1613 Quamobrem
1527 1580 1655 1613 mandat,
1682 1584 1713 1607 ut
1735 1581 1810 1614 iuxta
1832 1581 1904 1607 hanc

1070 1621 1272 1647 correctionem
1290 1621 1390 1647 Romae
1411 1620 1601 1654 imprimatur,
1621 1620 1685 1646 alibi
1705 1620 1781 1653 juxta
1802 1620 1904 1646 Roma-

1070 1667 1138 1686 num
1158 1659 1301 1693 exemplar
1320 1659 1489 1692 excudatur,
1512 1658 1630 1685 servatis
1649 1658 1854 1685 conditionibus
1875 1659 1903 1685 in

1071 1699 1262 1732 suprascripta
1279 1698 1431 1725 Clementis
1450 1697 1531 1724 Bulla
1552 1697 1733 1730 enumeratis,
1754 1705 1824 1730 quas
1846 1697 1904 1724 fere

1070 1737 1169 1764 iisdem
1180 1737 1273 1764 verbis
1287 1737 1395 1771 repetit.
1419 1737 1590 1770 Adjungens,
1605 1736 1717 1762 easdem
1731 1736 1903 1763 conditiones

1070 1776 1224 1803 servandas
1244 1776 1272 1802 in
1295 1776 1478 1810 impressione
1499 1783 1611 1809 eorum,
1633 1783 1697 1808 quae
1721 1783 1737 1801 a
1759 1775 1903 1802 Breviario

1072 1815 1201 1842 Romano
1229 1818 1321 1841 ortum
1348 1815 1465 1847 habent,
1496 1814 1652 1848 cujusmodi
1683 1816 1748 1840 sunt
1774 1813 1903 1847 Missaha,

1072 1854 1234 1888 Diurnalia,
1260 1854 1360 1881 Officia
1382 1861 1471 1888 parva
1490 1853 1522 1880 B.
1542 1853 1578 1880 M.
1599 1853 1647 1886 V.,
1671 1853 1772 1880 Officia
1791 1853 1904 1887 majoris

1072 1893 1275 1925 Hebdomadas,
1289 1896 1317 1920 et
1331 1892 1385 1919 alia
1399 1892 1428 1919 id
1441 1900 1536 1927 genus.

616 2022 703 2064 EX
728 2022 1143 2066 DECRETORUM
1170 2022 1470 2065 REGISTRO

462 2089 701 2140 SAGRAE
735 2089 1002 2140 RITUUM
1035 2085 1626 2139 GONGREGATIONIS

586 2162 676 2190 HAEC
706 2162 762 2189 AD
793 2161 1041 2190 BREV'IARIUM
1071 2162 1266 2190 ROMANUM
1295 2162 1504 2190 ATTINENT.

263 2262 288 2293 ἢ,
332 2270 397 2289 acra
415 2262 534 2288 Rituum
549 2260 734 2294 Congregatio
753 2260 906 2287 declaravit
925 2264 954 2287 et
972 2261 1017 2287 de-

237 2326 243 2333 ,
263 2320 280 2333 n
297 2298 312 2314 ι’
344 2301 441 2335 crevit,
459 2308 517 2327 non
534 2299 659 2334 potuisse
678 2303 742 2334 post
759 2299 870 2326 Bullam
886 2299 914 2326 S
929 2299 1016 2326 PiiV.

199 2332 217 2361 '⁴-
247 2335 317 2363 ‘·'‘.»
344 2341 379 2367 de
397 2339 544 2367 Breviario
563 2339 706 2372 Romano,
729 2346 822 2372 neque
846 2346 929 2372 posse
947 2338 1018 2364 loco-

183 2387 247 2406 rum
272 2379 452 2412 Ordinarios,
480 2381 538 2404 tam
562 2377 717 2404 Saeculares
745 2384 830 2411 quam
855 2377 1018 2410 Regulares‚

183 2419 288 2445 addere
297 2399 486 2451 Kalendariis,
496 2417 579 2443 etiam
590 2416 721 2451 propriis
731 2415 898 2443 Sanctorum
909 2415 1018 2448 Officia,

182 2457 237 2484 nisi
260 2465 293 2484 ea
317 2458 464 2484 dumtaxat
487 2464 551 2490 quae
574 2455 713 2482 Breviarii
736 2455 857 2481 Romani
877 2453 1017 2487 Rubricis,

183 2496 228 2523 vel
252 2496 345 2523 Sacrae
369 2496 487 2522 Rituum
506 2494 750 2528 Congregationis,
774 2501 824 2520 seu
842 2492 923 2520 Sedis
942 2492 1017 2526 Apo-

183 2535 289 2562 stolicae
307 2535 419 2562 licentia
437 2534 641 2561 conceduntur:
660 2540 751 2567 neque
766 2531 882 2566 propria
900 2531 1018 2558 auctori-

183 2577 249 2608 tate,
268 2574 370 2608 quovis
387 2576 536 2608 praetextu,
554 2575 664 2598 mutare
680 2572 765 2598 ritum
784 2570 832 2604 qui
851 2570 971 2596 habetur
989 2569 1018 2595 in

183 2612 356 2640 Kalendario
369 2613 499 2639 Romano
517 2619 567 2638 seu
582 2611 714 2638 Rubricis
727 2609 875 2642 Breviarii,
893 2609 921 2634 in
940 2608 1018 2635 altio-

184 2659 244 2678 rem
263 2652 358 2686 ritum,
375 2659 467 2685 neque
481 2650 632 2677 extendere
645 2657 778 2677 concessa
793 2647 893 2675 Officia
907 2647 942 2673 de
955 2647 1016 2673 loco

185 2690 222 2716 ad
235 2691 411 2756 issecffiemit
424 2732 452 2756 et
465 2728 610 2763 prohibuit
624 2726 760 2754 celebrari
775 2733 826 2760 per
840 2727 928 2752 totam
943 2723 1016 2750 Civi-

339 2854 403 2878 Pars
418 2852 590 2877 Autumnalis.

1071 2262 1156 2285 tatem
1180 2257 1225 2284 vel
1243 2257 1410 2290 Dioecesim,
1433 2255 1517 2283 etiam
1541 2256 1576 2282 de
1598 2255 1797 2288 cuiuscumque
1821 2253 1900 2281 Ordi-

1071 2297 1143 2323 narii
1161 2296 1339 2329 auctoritate,
1364 2296 1477 2322 Festum
1501 2302 1564 2321 cum
1583 2294 1696 2327 Officio,
1721 2301 1754 2320 eo
1778 2293 1853 2327 quod
1872 2293 1900 2318 in

1070 2336 1132 2363 loco
1157 2335 1230 2362 adsit
1253 2334 1378 2361 Ecclesia
1396 2333 1581 2367 Parocffialis,
1605 2333 1650 2359 vel
1672 2332 1832 2366 Regularis,
1857 2331 1900 2361 vel

1071 2373 1238 2407 Abbatialis,
1257 2376 1306 2400 aut
1319 2373 1413 2407 aliqua
1426 2372 1564 2406 Reliquia,
1578 2372 1628 2398 sed
1642 2374 1750 2398 tantum
1769 2370 1798 2397 in
1812 2369 1900 2404 ipsius

1071 2413 1165 2440 Sancti
1183 2411 1308 2439 Ecclesia
1326 2411 1446 2445 titulari,
1469 2419 1519 2437 seu
1541 2410 1591 2437 ubi
1613 2413 1774 2436 asservatur
1798 2416 1900 2443 corpus

1072 2455 1119 2478 aut
1138 2451 1253 2484 insignis
1273 2450 1412 2484 Reliquia,
1428 2453 1456 2476 et
1474 2457 1530 2476 non
1550 2449 1624 2476 alibi.

1123 2489 1248 2523 Insignes
1272 2492 1364 2516 autem
1384 2488 1529 2522 Reliquias
1552 2486 1704 2514 declaravit
1728 2493 1789 2513 esse
1807 2487 1900 2521 caput,

1071 2528 1229 2562 brachium,
1253 2535 1330 2561 cruS,
1354 2530 1403 2554 aut
1426 2527 1503 2553 illam
1520 2530 1629 2560 partem
1648 2525 1774 2559 corporis
1791 2525 1820 2551 in
1843 2530 1899 2557 qua

1071 2575 1171 2602 passus
1190 2570 1232 2593 est
1248 2567 1369 2600 Martyr,
1388 2566 1472 2593 modo
1491 2565 1528 2591 sit
1545 2565 1664 2599 integra,
1682 2567 1710 2591 et
1728 2571 1784 2590 non
1802 2569 1899 2597 parva,

1071 2610 1099 2632 et
1116 2605 1237 2639 legitime
1255 2606 1292 2631 ab
1310 2604 1466 2632 Ordinariis
1485 2603 1648 2638 approbata.

1122 2645 1165 2670 De
1183 2644 1287 2670 sanctis
1305 2643 1451 2677 Episcopis
1469 2643 1604 2675 locorum,
1622 2640 1806 2675 Martyribus,
1824 2638 1897 2666 Civi-

1069 2684 1131 2716 bus,
1149 2686 1176 2709 et
1190 2682 1251 2709 aliis
1264 2682 1362 2715 Festis,
1376 2682 1411 2708 de
1425 2681 1550 2715 quibus'
1541 2689 1571 2707 m
1584 2679 1755 2707 Kalendario
1768 2678 1897 2705 Romano

1069 2730 1119 2748 seu
1138 2721 1269 2748 Rubricis
1287 2720 1425 2747 Breviarii
1448 2719 1517 2746 nihil
1539 2719 1671 2751 habetur,
1693 2717 1734 2744 uti
1756 2717 1840 2743 etiam
1862 2715 1898 2742 de

1651 2833 1692 2862 a*
